4070 6186
530 274 635 334 443

1540 268 1636 324 AD
1675 265 1913 324 OPERA
1949 263 2006 322 S.
2048 261 2381 321 AMBROSII
2417 259 2799 319 APPENDIX.
2930 310 2951 326 ,
3718 255 3813 315 ibi.

599 400 784 474 (Vers.
834 397 949 470 10.)
1017 420 1036 444 ε
1095 395 1329 454 Gavisus
1387 409 1507 451 sum
1557 402 1740 450 autem
1791 393 1851 449 in
1883 392 2124 451 Domino
2152 394 2203 454 Α
2238 391 2385 448 enim
2417 407 2529 446 non
2557 388 2828 463 improbet
2853 387 3081 454 factum,
3104 383 3198 442 sed
3224 382 3496 458 signiﬁcet
3523 381 3821 443 devotiores

527 489 816 564 magniﬁce
851 533 864 558 ,
929 486 1079 562 quod
1132 487 1353 545 tandem
1421 489 1566 548 262
1619 483 1917 557 aliquando
1971 483 2126 541 reﬂo-

525 586 716 643 ruistis
768 585 835 641 ad
898 583 1024 654 hoc,
1079 593 1142 642 ut
1190 601 1289 657 pro
1338 599 1426 640 me
1475 581 1746 651 sentiatis,
1803 581 1862 638 in
1919 598 2027 655 quo
2076 589 2129 637 et

525 673 883 742 sentiebatis;
947 675 1063 746 (67)
1124 673 1376 745 occupati
1451 671 1601 728 enim
1651 671 1835 728 eratis.
1890 696 1909 720 ι
1971 672 2130 728 Nunc

523 764 863 822 alacritatem
909 779 1063 818 suam
1117 760 1530 834 propensiorem
1591 761 1798 818 factum
1850 759 2124 827 ostendit;

523 854 652 929 quia
689 853 747 910 in
800 869 910 926 quo
949 850 1378 923 negligentiores
1420 850 1552 907 facti
1597 851 1836 919 fuerant,
1879 849 2131 906 adhibita

522 942 764 1010 solertia,
815 956 954 1012 opus
1009 940 1305 1013 pristinum
1359 941 1651 1009 iterarunt,
1683 957 1954 996 memores
1997 939 2128 995 facti

521 1028 772 1103 Apostoli
821 1028 945 1097 sui;
994 1036 1057 1084 ut
1101 1029 1313 1085 fructus
1367 1045 1495 1086 suos
1543 1030 1611 1086 ad
1671 1045 1795 1085 eum
1847 1028 2129 1085 mitterent

519 1117 839 1176 condendos
866 1117 924 1172 in
956 1117 1154 1174 horreo
1183 1118 1415 1187 caelesti,
1449 1117 1545 1175 ubi
1595 1133 1775 1190 neque
1813 1117 1985 1186 tinea,
2038 1133 2126 1173 ne-

520 1222 626 1281 que
657 1204 854 1277 rubigo
887 1206 1262 1262 exterminant
1293 1207 1506 1278 (Matth.
1539 1224 1619 1274 v1,
1651 1206 1768 1278 20).

594 1294 776 1367 (Vers.
812 1294 899 1363 11,
929 1294 1014 1363 12,
1052 1295 1166 1368 13.)
1212 1319 1229 1342 ι
1258 1295 1380 1352 Non
1413 1294 1567 1368 quasi
1599 1304 1822 1369 propter
1841 1295 2126 1368 penuriam

518 1384 664 1452 dico;
687 1399 786 1456 ego
806 1383 954 1440 enim
974 1383 1209 1457 cognovi
1240 1384 1298 1440 in
1320 1383 1520 1457 quibus
1539 1401 1660 1441 sum
1688 1385 1969 1442 suﬂiciens
1990 1401 2124 1441 esse.

520 1473 645 1532 Scio
667 1480 720 1529 et
739 1470 1037 1542 abundare,
1063 1473 1179 1531 scio
1200 1481 1255 1530 et
1280 1473 1570 1531 humiliari
1591 1473 1823 1547 (ubique
1861 1482 1914 1530 et
1935 1474 1993 1529 in
2014 1490 2126 1529 om-

519 1564 684 1621 nibus
723 1561 972 1621 imbutus
1007 1565 1154 1638 sum)
1188 1572 1242 1621 et
1262 1565 1518 1634 saturari,
1552 1573 1606 1621 et
1626 1565 1855 1633 esurire,
1883 1574 1935 1621 et
1956 1564 2125 1620 abun-

517 1649 665 1720 dare,
689 1658 743 1707 et
772 1651 1058 1724 penuriam
1081 1651 1197 1725 pati
1224 1670 1235 1708 :
1272 1652 1460 1708 omnia
1489 1667 1710 1725 possum
1742 1651 1798 1706 in
1821 1667 1885 1708 eo
1915 1651 2010 1725 qui
2040 1667 2126 1707 me

2239 480 2364 538 illos
2389 489 2515 538 ante
2545 481 2601 536 in
2633 497 2796 553 opere
2838 479 2944 536 hoc
2978 477 3186 544 fuisse;
3219 483 3403 532 tamen
3448 483 3660 548 gratum
3692 492 3817 545 esse,

2238 577 2291 626 et
2320 578 2544 642 accepto
2587 570 2727 626 ferre
2755 571 2928 625 Deum
2965 567 3105 640 (68),
3137 565 3294 639 quasi
3345 565 3676 622 sacriﬁcium
3706 566 3820 638 pla-

2238 659 2429 732 citum.
2462 659 2710 731 Denique
2735 657 3006 714 Dominus
3033 657 3140 712 ait:
3172 654 3377 711 «Facite
3403 654 3818 728 eleemosynam,

2239 755 2292 804 et
2335 763 2458 804 ecce
2488 747 2675 802 omnia
2720 746 2926 802 munda
2972 744 3130 801 vobis
3172 750 3301 800 sunt
3328 743 3488 815 (Luc.
3532 761 3614 812 χι,
3652 743 3808 817 41).»

2239 836 2412 905 Quam
2447 842 2658 908 gratum
2701 851 2829 908 ergo
2881 851 3017 906 opus
3062 841 3164 903 est,
3195 840 3256 890 ut
3294 848 3514 890 omnem
3560 833 3816 894 maculam

2239 925 2483 985 hominis
2513 934 2567 981 et
2596 925 2784 982 sordes
2809 924 3106 981 emundetl

2314 1018 2495 1088 (Vers.
2558 1016 2669 1090 19.)
2737 1041 2754 1063 ι
2807 1017 2952 1072 Deus
2998 1031 3128 1072 vero
3185 1030 3338 1071 meus
3395 1013 3621 1086 impleat
3671 1031 3822 1073 omne

2238 1106 2574 1165 desiderium
2631 1115 2876 1164 vestrum
2949 1103 3250 1161 secundum
3290 1103 3518 1160 divitias
3583 1120 3709 1160 suas
3765 1105 3820 1162 in

2239 1196 2411 1269 gloria
2458 1198 2515 1252 in
2561 1195 2782 1254 Christo
2829 1196 2976 1252 Iesu.
3011 1220 3029 1243 ι
3081 1193 3209 1250 Ideo
3255 1191 3540 1260 discrevit,
3591 1191 3815 1250 dicens:

2253 1311 2271 1334 ε
2300 1287 2446 1342 Deus
2474 1301 2654 1353 meus;
2689 1309 2706 1333 ι
2745 1292 2809 1340 ut
2835 1282 3137 1341 secundum
3168 1297 3230 1339 ea
3255 1297 3375 1356 quas
3405 1281 3698 1354 praestabat
3723 1297 3820 1338 me.

2238 1376 2361 1433 ritis
2405 1376 2544 1449 ejus,
2604 1377 2814 1433 auxilia
2871 1376 3142 1444 adessent,
3191 1383 3246 1430 et
3283 1373 3576 1430 desideriis
3617 1389 3818 1443 eorum,

2239 1466 2296 1522 in
2351 1465 2509 1538 copia
2571 1464 2969 1539 magnitudinis
3022 1463 3288 1520 bonitatis
3353 1479 3466 1520 suae
3531 1462 3590 1519 in
3652 1465 3818 1537 gloria

2239 1554 2445 1612 Christi
2488 1555 2634 1611 Iesu.
2694 1554 2883 1612 Gloria
2934 1561 3014 1611 est
3069 1552 3276 1612 Christi
3333 1553 3478 1621 Iesu,
3541 1568 3666 1610 cum
3724 1554 3823 1611 Dei

2235 1652 2377 1701 nutu
2404 1644 2842 1703 Christianorum
2883 1644 3184 1716 implentur
3220 1640 3490 1700 desideria
3518 1642 3821 1702 secundum

518 1741 843 1799 confortat.»
871 1742 990 1799 Non
1014 1759 1069 1798 se
1090 1743 1177 1798 sui
1199 1759 1364 1800 causa
1378 1742 1437 1799 in
1456 1742 1564 1800 hoc
1587 1758 1776 1799 eorum
1804 1759 1966 1815 Opere
1983 1758 2126 1815 gau-
2153 1756 2200 1818 Β
2234 1736 2608 1808 evangelicam
2639 1735 3013 1807 disciplinam.

515 1833 664 1902 dere,
688 1831 782 1888 sed
812 1831 871 1887 in
902 1831 1151 1904 profectu
1181 1848 1370 1889 eorum
1404 1833 1648 1906 ipsorum
1687 1849 1743 1888 se
1780 1839 1907 1888 ante
1935 1831 2124 1887 omnia

517 1930 860 1990 contentum,
901 1923 1015 1979 Deo
1060 1922 1380 1996 adjuvante,
1403 1929 1690 1990 testatur;
1728 1930 1790 1979 ut
1833 1938 2010 1995 neque
2053 1922 2121 1981 de

517 2011 748 2087 penuria
795 2012 1239 2082 contristaretur,
1303 2011 1490 2086 neque‘
1527 2012 1594 2069 de
1643 2011 1982 2069 abundantia
2029 2027 2120 2067 ex-

515 2105 765 2173 sultaret,
799 2102 978 2161 sciens
1029 2103 1160 2178 quia
1209 2111 1264 2160 et
1306 2103 1646 2160 abundantia
1674 2103 1991 2178 frequenter
2027 2117 2118 2158 ex-

516 2193 687 2262 tollit,
709 2199 765 2250 et
798 2194 1031 2250 tolerata
1059 2193 1292 2268 penuria
1321 2192 1550 2274 divitias
1587 2193 1832 2251 caelestes
1860 2190 2117 2266 acquirit.

517 2283 725 2342 Horum
751 2290 934 2340 tamen
981 2299 1146 2357 opera
1175 2283 1232 2339 in
1270 2299 1326 2340 se
1375 2282 1615 2356 benigna
1655 2281 1929 2348 declarat;
1977 2281 2118 2337 mul-

517 2381 700 2431 torum
731 2371 881 2430 enim
911 2372 1327 2431 necessitatibus
1356 2372 1583 2445 profuit.

588 2463 773 2536 (Vers.
819 2463 905 2531 15,
951 2461 1036 2529 16,
1080 2463 1194 2534 17.)
1235 2484 1254 2509 ι
1296 2461 1462 2518 Scitis
1508 2468 1690 2516 autem
1726 2468 1780 2516 et
1825 2475 1946 2528 vos,
1991 2457 2119 2514 Phi-

517 2551 818 2625 lippenses,
869 2550 1001 2624 quia
1056 2550 1114 2606 in
1155 2549 1432 2624 principio
1488 2548 1799 2622 Evangelii,
1832 2565 1958 2605 cum
1999 2565 2118 2621 pro-

514 2641 693 2698 fectus
720 2657 842 2698 sum
893 2657 925 2696 a
950 2640 1288 2710 Macedonia,
1331 2641 1485 2697 nulla
1522 2639 1662 2695 mihi
1689 2639 1938 2696 Ecclesia
1962 2656 2116 2696 com-

515 2729 882 2788 municaverit
929 2729 988 2786 in
1048 2730 1260 2787 ratione
1315 2729 1484 2787 dandi
1539 2736 1592 2785 et
1639 2729 1966 2802 accipiendi,
2008 2730 2117 2787 nisi

513 2839 612 2878 vos
638 2821 774 2883 soli;
808 2821 936 2893 quia
987 2820 1046 2877 in
1094 2821 1480 2879 Thessalonica
1537 2838 1662 2878 cum
1699 2837 1894 2890 essem,
1949 2824 2116 2879 semel

512 2919 567 2968 et
620 2909 820 2966 iterum
865 2909 1062 2966 usibus
1094 2911 1232 2967 meis
1273 2909 1505 2967 misistis
1534 2929 1545 2966 :
1572 2927 1684 2966 non
1738 2911 1865 2983 quia
1916 2928 2117 2967 munus

514 3000 776 3071 quaeram,
828 2997 922 3054 sed
971 2998 1192 3072 requiro
1250 2998 1493 3056 fructum
1541 3007 1877 3056 crescentem
1925 3001 1984 3056 in
2034 3017 2113 3057 ra-

513 3086 722 3142 tionem
761 3092 1021 3142 vestram.
1067 3112 1086 3135 ι

513 3174 800 3232 audientes
855 3175 916 3233 in
968 3177 1237 3234 memoria
1298 3185 1351 3234 et
1409 3178 1569 3234 laude
1615 3194 1732 3235 esse
1779 3195 1944 3252 opera
1993 3195 2108 3249 sua,

512 3281 625 3321 non
669 3264 929 3323 dubitent
971 3267 1069 3322 illa
1107 3276 1329 3341 accepto
1375 3267 1508 3324 ferri
1564 3268 1709 3341 apud
1762 3270 1959 3338 Deum,
2018 3268 2113 3325 sed

511 3355 686 3429 magis
713 3355 960 3413 studium
990 3357 1120 3414 ﬁdei
1149 3357 1469 3414 adhibeant.

583 3446 766 3517 (Vers.
819 3447 933 3518 18.)
988 3471 1006 3494 ι
1035 3447 1256 3518 Percepi
1285 3455 1471 3502 tamen
1519 3445 1725 3515 omnia,
1772 3453 1827 3503 et
1855 3447 2109 3517 abundo;

511 3534 751 3606 repletus
776 3551 897 3592 sum
925 3535 1162 3606 acceptis
1187 3535 1255 3591 ab
1282 3533 1682 3607 Epaphrodito,
1727 3551 1848 3608 quae
1886 3553 1917 3593 a
1956 3537 2114 3596 vobis

509 3621 679 3678 missa
726 3630 857 3678 sunt
907 3623 966 3678 in
1023 3623 1246 3680 odorem
1297 3623 1456 3680 bona:
1520 3623 1828 3694 suavitatis,
1875 3625 2110 3683 hostiam

509 3709 921 3782 acceptabilem,
954 3713 1260 3786 placentem
1291 3715 1425 3770 Deo.
1467 3737 1484 3760 ι
1551 3713 1674 3770 Non
1732 3715 1905 3772 otiose
1951 3733 2114 3773 com-

510 3805 697 3855 monet
742 3797 937 3858 debere
993 3800 1137 3872 ﬁeri,
1186 3818 1287 3860 nec
1344 3802 1570 3859 aliunde
1633 3802 1905 3875 hortatur,
1961 3805 2109 3880 quod

507 3892 714 3950 factum
771 3893 1097 3968 proﬁtetur;
1131 3893 1241 3950 nisi
1277 3894 1408 3968 quia
1460 3903 1555 3951 aut
1594 3897 1982 3969 negligentius,
2016 3905 2111 3954 aut

507 3982 694 4040 minus
743 3983 1000 4057 copiose,
1059 3982 1202 4042 sicut
1261 3983 1489 4040 solitum
1537 3993 1652 4040 erat
1709 3985 1777 4041 ab
1833 3985 1913 4042 eis
1964 3986 2108 4056 ﬁeri,

506 4072 711 4132 factum
734 4073 1044 4142 videbatur;
1060 4081 1124 4130 ut
1144 4074 1560 4131 reminiscentes
1587 4074 1834 4146 priorum
1854 4091 2105 4149 operum,

505 4163 709 4222 scirent
762 4182 821 4223 se
873 4167 1059 4223 minus
1111 4165 1305 4224 fecisse
1367 4182 1532 4239 quam
1595 4175 1889 4240 cmperant.
1954 4169 2110 4226 Licet

581 4272 699 4344 (67)
729 4273 886 4330 Rom.
917 4274 1440 4356 edit.,.magnopere,
1464 4275 1726 4356 quod..."
1764 4275 2104 4349 reﬂoruistis,

505 4349 566 4398 ut
584 4359 688 4415 pro
711 4361 791 4400 me
817 4346 1060 4401 sentiatis
1087 4347 1163 4414 id,
1197 4346 1337 4417 quod
1364 4346 1679 4404 sentiebatis.

1147 3088 1274 3144 Haec
1328 3087 1535 3145 idcirco
1583 3099 1995 3158 commemorat,
2054 3098 2116 3146 ut
2145 3119 2188 3180 ο

2308 1825 2489 1899 (Vers.
2515 1825 2630 1898 20.)
2676 1850 2694 1873 ι
2722 1826 2834 1882 Deo
2880 1832 3062 1882 autem
3115 1830 3169 1880 et
3225 1821 3373 1880 Patri
3425 1829 3614 1879 nostro
3660 1822 3823 1896 gloria

2232 1914 2291 1971 in
2347 1915 2544 1972 saecula
2597 1915 2948 1983 saeculorum,
2971 1929 3150 1970 amen.
3181 1938 3200 1961 ι
3244 1913 3346 1972 Hic
3389 1929 3501 1969 non
3539 1912 3816 1983 discrevit,

2232 2004 2326 2062 sed
2353 2004 2679 2078 generaliter
2707 2005 2786 2060 ait
2816 2021 2828 2060 :
2875 2026 2894 2051 α
2922 2004 3035 2060 Deo
3073 2011 3126 2060 et
3171 2003 3318 2060 Patri
3348 2010 3538 2059 nostro
3569 2003 3757 2076 gloria.
3785 2026 3806 2052 ι

2229 2094 2376 2150 Deus
2426 2101 2507 2150 est
2554 2103 2775 2168 propter
2822 2093 3100 2162 timorem,
3151 2093 3310 2148 Pater
3363 2100 3546 2148 autem
3602 2091 3823 2148 honoris

2230 2198 2412 2252 causa,
2480 2193 2536 2240 et
2591 2182 2720 2257 quia
2776 2183 2844 2239 ab
2901 2183 3021 2256 ipso
3085 2191 3166 2240 est
3223 2181 3408 2238 omnis
3461 2181 3650 2255 origo;
3711 2180 3822 2254 ipse

2229 2273 2377 2329 enim
2407 2259 2554 2329 dixit
2591 2271 2649 2328 in
2695 2270 2965 2329 Malachia
2996 2269 3261 2344 propheta
3304 2288 3317 2326 :
3375 2295 3393 2318 ι
3436 2270 3494 2327 Si
3540 2271 3683 2327 Deus
3725 2285 3825 2342 ego

2229 2379 2372 2432 sum,
2418 2363 2514 2419 ubi
2561 2371 2642 2420 est
2687 2361 2856 2418 timor
2900 2361 3102 2417 meus?
3141 2368 3196 2416 et
3232 2362 3278 2416 si
3335 2360 3496 2417 Pater
3531 2375 3630 2433 ego
3679 2376 3820 2428 sum,

2229 2452 2326 2508 ubi
2355 2459 2436 2508 est
2465 2451 2643 2508 honor
2672 2465 2826 2507 meus
2858 2451 3112 2522 (Malach.
3148 2466 3188 2519 ι,
3219 2449 3275 2522 6)
3300 2449 3328 2506 ?
3357 2473 3376 2498 ι

2303 2541 2484 2613 (Vers.
2517 2540 2633 2612 21.)
2675 2566 2692 2588 ε
2721 2540 2963 2596 Salutate
2993 2554 3213 2596 omnem
3244 2545 3495 2595 sanctum
3518 2538 3576 2594 in
3607 2537 3825 2597 Christo

2227 2631 2354 2688 Iesu
2401 2630 2542 2702 (69).
2581 2655 2599 2679 ι
2645 2631 2804 2687 Hunc
2849 2631 3081 2687 salutate
3132 2629 3189 2684 in
3248 2628 3464 2686 Christo
3517 2629 3672 2697 Iesu,
3731 2631 3826 2703 qui

2227 2735 2284 2777 se
2328 2718 2679 2786 sanctiﬁcat;
2738 2726 2801 2775 ut
2855 2718 3077 2777 Christo
3129 2717 3329 2790 dignus
3382 2716 3673 2786 habeatur,
3729 2719 3827 2791 qui

2225 2808 2407 2867 dixit:
2457 2834 2474 2858 ι
2503 2807 2689 2866 Sancti
2732 2816 2945 2876 estote;
2979 2809 3241 2882 quoniam
3299 2824 3398 2880 ego
3429 2815 3652 2866 sanctus
3678 2824 3827 2878 sum,
3904 2817 3908 2820 '

2225 2900 2496 2956 Dominus
2515 2901 2660 2955 Deus
2689 2909 2868 2956 vester
2903 2898 3092 2970 (Leuit.
3126 2915 3248 2967 xxx,
3278 2897 3360 2969 2.)
3392 2921 3411 2946 ο

2299 2998 2481 3070 (Vers.
2529 2997 2645 3070 22.)
2717 3021 2736 3044 ι
2792 2997 3043 3054 Salutant
3099 3013 3198 3054 vos
3263 2996 3358 3070 qui
3413 3011 3628 3053 mecum
3692 3003 3828 3052 sunt

2225 3087 2442 3144 fratres.
2502 3113 2520 3136 ι
2598 3087 2867 3144 Salutatio
2935 3087 3169 3143 fratrum
3243 3085 3502 3142 solatium
3578 3083 3822 3142 invicem

2222 3185 2462 3251 praestat,
2503 3178 2658 3250 quasi
2689 3177 2954 3250 imagines
2999 3176 3147 3232 enim
3178 3175 3403 3232 exhibet
3445 3174 3819 3232 divulsornm.

2235 3291 2254 3313 ι
2302 3266 2555 3323 Salutant
2609 3283 2706 3323 vos
2765 3283 2956 3324 omnes
3012 3266 3229 3332 sancti,
3283 3263 3525 3320 maxime
3596 3263 3692 3336 qui
3748 3263 3822 3319 de

2221 3354 2450 3412 Caesaris
2492 3354 2656 3411 domo
2696 3363 2844 3412 sunt.
2872 3380 2890 3402 ι
2935 3355 3045 3411 Hos
3087 3353 3363 3427 signiﬁcat
3402 3351 3823 3432 propensiorem

2221 3443 2478 3502 aﬁ'ectum
2529 3444 2729 3501 habere
2755 3445 2902 3502 circa
2950 3460 3062 3513 eos,
3115 3444 3209 3517 qui
3260 3443 3328 3500 de
3370 3441 3535 3498 domo
3586 3440 3823 3500 Caesaris

2221 3544 2369 3604 sunt,
2400 3536 2534 3592 istos
2587 3545 2641 3593 et
2691 3535 2931 3608 potiores
2987 3551 3152 3608 supra
3203 3531 3520 3590 memoratis
3569 3529 3823 3588 ostendit

2223 3625 2522 3692 fratribus;
2555 3625 2683 3698 quia
2712 3624 2812 3681 hos
2839 3631 2892 3681 et
2920 3631 3137 3682 sanctos
3174 3623 3434 3695 appellat.

2295 3715 2476 3787 (Vers.
2507 3714 2622 3786 23.)
2669 3739 2686 3762 ι
2717 3714 2901 3771 Gratia
2947 3711 3170 3770 Domini
3225 3709 3400 3768 nostri
3439 3710 3566 3766 Iesu
3606 3707 3824 3767 Christi

2219 3820 2346 3861 cum
2368 3804 2568 3877 spiritu
2596 3811 2800 3872 vestro,
2831 3818 3010 3860 amen.
3044 3827 3063 3851 ι
3106 3801 3377 3870 Quoniam
3411 3799 3480 3856 de
3511 3798 3825 3855 Salvatoris

2219 3911 2449 3967 persona
2500 3894 2827 3968 quaestiones
2880 3893 3158 3962 oriuntur,
3213 3891 3308 3947 hic
3363 3897 3427 3947 ut
3472 3887 3823 3946 soliditatem

2217 3982 2277 4039 in
2329 4000 2394 4040 eo
2446 3983 2756 4040 divinitatis
2802 3983 3087 4056 approbet,
3139 3980 3433 4039 tuitionem
3475 3976 3662 4052 gratias
3695 3976 3826 4051 ejus

2216 4072 2437 4146 spiritui
2467 4081 2655 4130 nostro
2682 4081 2924 4146 exoptat.

2312 4277 2404 4352 68)
2437 4279 2597 4352 Rom.
2628 4277 2788 4352 edit.,
2819 4283 2868 4334 et
2893 4283 3156 4350 acceptum
3187 4277 3307 4352 ﬁeri
3334 4276 3482 4352 apud
3511 4275 3704 4352 Deum.

2312 4278 2404 4352 68)
2437 4279 2597 4335 Rom.
2628 4278 2788 4348 edit.,
2819 4283 2868 4334 et
2893 4283 3156 4350 acceptum
3187 4278 3307 4350 ﬁeri
3334 4278 3482 4348 apud
3511 4278 3704 4332 Deum.

2285 4278 2402 4422 (69)
2434 4351 2591 4408 Rom.
2625 4351 2785 4420 edit.,
2815 4352 2914 4409 Ille
2942 4353 3213 4407 salutatur
3242 4351 3297 4405 in
3329 4346 3539 4406 Christo
3571 4345 3718 4402 Iesu.

660 4650 792 4738 IN
860 4649 1640 4739 EPISTOLAM
1709 4657 1827 4747 B.
1903 4655 2298 4742 PAULI
2366 4657 2528 4742 AD
2603 4658 3622 4748 COLOSSENSES.

1017 4903 1162 4964 263
1205 4901 1589 4960 PROLOGUS.

570 4994 917 5056 Colossenses
963 4999 1406 5075 pseudoapostoli
1459 5009 1702 5059 evertere
1753 4999 2095 5072 nitebantur,

500 5093 563 5142 ut
608 5095 731 5160 post
761 5087 1205 5160 praedicationem
1237 5091 1505 5166 Epaphras
1533 5093 1649 5149 sive
1673 5091 1941 5165 Archippi
1975 5091 2096 5164 phi-

499 5175 798 5250 losophicis
851 5179 1317 5252 disputationibus
1366 5181 1647 5239 irretirent
1683 5181 2093 5255 simplicitatem

2130 4909 2181 4969 D

2723 4907 2952 4966 CAPUT
2990 4909 3284 4967 PRIMUM.

2281 5001 2463 5075 (Vers.
2498 5004 2549 5074 1,
2579 5004 2634 5074 2,
2665 5004 2745 5079 3.)
2786 5007 3008 5064 «Paulus
3027 5008 3310 5080 apostolus
3331 5004 3540 5067 Christi
3561 5005 3691 5064 Iesu
3714 5023 3830 5080 per

2207 5093 2550 5150 voluntatem
2578 5095 2697 5164 Dei,
2731 5104 2783 5152 et
2826 5097 3150 5156 Timotheus
3188 5097 3377 5166 frater,
3411 5096 3500 5155 his
3541 5095 3639 5170 qui
3678 5105 3833 5154 sunt

2205 5183 2443 5244 Colossis
2496 5188 2698 5243 sanctis
2756 5195 2811 5244 et
2865 5187 3122 5244 ﬁdelibus
3169 5187 3435 5245 fratribus
3481 5187 3541 5242 in
3583 5184 3831 5245 Christo

497 5268 701 5326 mentis
752 5285 944 5326 eorum
979 5287 990 5325 :
1033 5285 1101 5328 ne
1153 5279 1477 5343 spernerent
1513 5273 1754 5328 rationes
1781 5273 2094 5328 elemento-
2203 5274 2348 5330 Iesu.
2381 5274 2570 5331 Gratia
2631 5276 2789 5332 vobis
2843 5285 2898 5332 et
2947 5293 3054 5349 pax
3091 5293 3124 5332 a
3152 5279 3264 5333 Deo
3293 5278 3453 5334 Patre
3503 5283 3726 5346 nostro,
3764 5285 3832 5334 et

497 5373 644 5427 rum,
675 5357 876 5432 quibus
906 5360 1062 5435 quasi
1094 5359 1430 5434 gubernatur
1443 5359 1559 5415 vita
1587 5359 1848 5418 humana.
1881 5361 2094 5419 Idcirco
2203 5363 2440 5420 Domino
2467 5365 2594 5421 Iesu
2637 5365 2875 5424 Christo.
2909 5391 2928 5415 ι
2971 5366 3147 5439 Caput
3176 5367 3425 5440 epistola
3453 5367 3622 5424 solito
3656 5383 3833 5425 more

496 5446 601 5504 hos
622 5449 921 5520 Apostolus
938 5449 1193 5508 hortatur
1211 5467 1307 5524 per
1333 5449 1644 5524 epistolam,
1665 5457 1720 5506 et
1741 5450 1999 5510 admonet
2023 5469 2091 5508 ne
2200 5452 2394 5510 scribit
2413 5453 2481 5510 ad
2509 5469 2620 5524 eos,
2645 5454 2702 5511 in
2731 5472 2840 5530 quo
2868 5465 2921 5512 et
2944 5456 3150 5514 sanctis
3176 5466 3230 5514 et
3249 5457 3510 5514 ﬁdelibus
3538 5457 3830 5515 fratribus

495 5538 661 5596 alicui
688 5550 884 5612 praeter
913 5540 1192 5598 Christum
1221 5542 1465 5618 aliquam
1485 5559 1602 5601 esse
1636 5559 1788 5616 spem
1809 5552 2089 5617 putarent,

496 5635 544 5684 et
582 5626 987 5702 deciperentur.

2201 5542 2411 5600 litteras
2459 5561 2516 5601 se
2571 5544 2825 5601 ordinare
2882 5546 3253 5621 prosequitur,
3305 5546 3508 5621 quibus
3577 5553 3831 5622 exoptat

2197 5633 2299 5692 Dei
2328 5634 2557 5708 gratiam
2585 5649 2806 5693 manere
2834 5651 2931 5709 per
2957 5635 3264 5696 Christum.
