4108 6184
253 368 358 428 445

1297 323 1658 424 COMMENT.
1699 361 1773 420 IN
1808 360 2027 419 EPIST.
2070 361 2168 417 AD
2206 358 2489 420 COLOSS.

3441 362 3548 420 446

327 494 508 566 (Vers.
541 493 593 563 4,
623 494 678 563 5,
711 494 792 566 6.)
829 515 850 541 ε
877 491 1091 552 Gratias
1119 491 1330 564 agimus
1348 493 1462 548 Deo
1488 499 1542 547 et
1564 489 1711 547 Patri
1734 491 1842 547 Do-
1877 492 1929 551 A
1955 488 2088 546 tatis
2118 486 2218 545 Dei
2249 486 2306 542 in
2334 486 2634 560 patientia;
2666 495 2728 544 ut
2757 489 2920 560 longa
2948 488 3356 560 exspectatione
3383 489 3546 547 susti-

250 583 386 640 mini
414 583 591 641 nostri
617 585 745 641 Iesu
765 582 996 650 Christi,
1029 597 1244 655 semper
1271 598 1371 654 pro
1401 580 1563 638 vobis
1595 588 1837 648 orantes,

247 673 438 730 audita
484 673 594 730 ﬁde
640 681 824 730 vestra
867 673 927 729 in
973 671 1193 731 Christo
1241 671 1390 740 Jesu,
1439 679 1494 728 et
1543 670 1845 727 dilectione

242 779 405 837 quam
443 762 660 820 habetis
704 763 765 819 in
807 778 997 820 omnes
1045 768 1264 819 sanctos
1289 768 1514 834 propter
1541 775 1694 832 spem
1725 776 1846 832 quae

240 854 484 926 reposita
528 860 615 908 est
655 852 813 909 vobis
856 852 917 909 in
948 852 1122 919 caelis,
1157 867 1322 924 quam
1353 859 1480 906 ante
1509 849 1741 906 audistis
1787 849 1845 904 in

238 943 411 1001 verbo
431 942 683 1000 veritatis
705 941 996 1015 Evangelii
1017 941 1166 1014 quod
1190 941 1444 1013 pervenit
1463 940 1532 997 ad
1559 956 1680 1008 vos,
1701 938 1846 996 sicut

235 1041 292 1090 et
355 1034 416 1089 in
489 1031 815 1088 universum
864 1031 1161 1088 mundum.
1214 1055 1232 1079 ι
1285 1029 1559 1098 Quoniam
1613 1028 1843 1101 dignum

235 1121 438 1180 habuit
486 1122 636 1178 Deus
676 1120 900 1178 credere
945 1120 1068 1177 istis
1101 1119 1304 1177 Filium
1339 1135 1524 1187 suum,
1554 1117 1755 1191 gratias
1792 1117 1843 1174 ei

235 1212 410 1270 refert
452 1211 511 1267 in
559 1209 905 1268 orationibus
932 1209 1068 1267 suis.
1099 1209 1308 1267 Deinde
1339 1216 1562 1280 propter
1593 1207 1845 1264 charita-

233 1309 353 1358 tem
397 1303 562 1374 quam
611 1299 888 1357 habebant
922 1299 983 1354 in
1024 1307 1263 1367 sanctos,
1311 1297 1410 1354 ﬁdi
1452 1297 1583 1370 quia
1611 1313 1710 1369 pro
1741 1296 1845 1354 hac

237 1405 367 1463 spes
410 1389 571 1446 ﬁrma
626 1389 742 1460 (70)
774 1396 855 1445 est
898 1386 1044 1460 apud
1087 1389 1286 1455 Deum,
1317 1401 1426 1460 qua
1453 1392 1843 1442 remuneratu-

234 1495 334 1536 rus
380 1478 629 1536 creditur
687 1477 972 1535 credentes
1015 1484 1072 1533 et
1124 1476 1416 1550 diligentes
1463 1491 1522 1532 se
1575 1475 1842 1544 invicem,

235 1575 460 1624 auctore
507 1565 749 1634 Christo,
791 1564 952 1638 cujus
988 1581 1192 1622 nomen
1240 1566 1496 1639 pervenit
1540 1563 1611 1622 ad
1653 1579 1845 1622 omnes

237 1663 445 1730 gentes,
473 1663 537 1712 ut
561 1655 1008 1728 multiplicantur
1036 1655 1098 1712 in
1123 1655 1233 1713 ﬁde
1257 1656 1396 1729 ejus.

309 1755 495 1824 (Vers.
547 1754 602 1821 7,
648 1754 731 1825 8.)
793 1777 813 1801 ι
865 1755 939 1810 Et
987 1762 1070 1812 est
1115 1753 1456 1812 fructiﬁcans
1484 1762 1539 1811 et
1572 1767 1844 1820 crescens,

1950 585 2078 634 neat
2122 576 2430 634 humanum
2479 592 2666 648 genus,
2705 577 2851 650 quod
2893 577 3251 635 irreverentia
3295 595 3394 634 sua
3432 595 3545 637 non

1953 670 2131 725 solum
2157 667 2392 740 negligit
2413 666 2747 734 Creatorem,
2771 684 2963 724 verum
2993 667 3340 743 persequitur
3363 685 3545 726 aman-

1952 767 2035 816 tes
2081 774 2208 815 eum
2259 775 2272 814 :
2321 765 2385 813 ut
2432 766 2488 814 et
2529 757 2638 829 ipsi
2695 757 2950 814 similiter
2999 759 3270 831 patientes
3316 759 3448 827 sint,
3487 766 3550 815 ut

1952 854 2279 921 supportent
2331 845 2531 919 probra
2586 854 2642 902 et
2697 846 2988 903 maledicta
3032 853 3179 910 264
3214 847 3546 916 inﬁdelium,

1954 945 2042 1001 vel
2091 944 2138 1001 si
2179 944 2336 1000 illata
2363 943 2532 1000 fuerit
2561 957 2834 1015 pressura,
2870 953 3249 1016 exspectantes
3273 946 3546 1020 judicium

1953 1034 2074 1102 Dei,
2107 1049 2210 1089 nec
2252 1032 2568 1088 dubitantes
2601 1031 2671 1088 de
2717 1048 2803 1101 eo,
2835 1033 3008 1104 magis
3043 1041 3225 1090 autem
3257 1035 3550 1106 gaudentes

1953 1122 2012 1178 in
2059 1121 2327 1195 promissa
2373 1119 2493 1176 vita
2537 1137 2664 1178 cum
2709 1121 3008 1193 gratiarum
3057 1123 3372 1180 actionibus
3414 1125 3548 1192 Deo,

1952 1212 2048 1287 qui
2093 1211 2349 1284 dignatus
2402 1219 2484 1267 est
2538 1209 2804 1267 advocare
2847 1217 2902 1266 et
2947 1210 3209 1268 inducere
3271 1221 3456 1284 gentes
3492 1213 3550 1269 in

1952 1301 2374 1375 promissionem
2403 1299 2740 1369 Iudaeorum,
2772 1315 2893 1374 quae
2917 1308 2998 1357 est
3028 1301 3216 1356 lumen
3255 1308 3546 1371 aeternum,

1954 1393 2012 1450 id
2040 1400 2142 1461 est,
2174 1391 2291 1448 vita
2327 1399 2552 1460 aeterna,
2581 1390 2782 1447 veritas
2811 1398 3093 1464 perpetua.
3124 1389 3368 1448 Liberati
3399 1391 3549 1448 enim

1913 1481 2022 1547 7-de
2050 1481 2375 1540 conditione
2403 1479 2779 1548 tenebrarum,
2799 1481 2908 1538 hoc
2930 1487 3032 1549 est,
3054 1481 3199 1537 eruti
3221 1482 3288 1538 de
3309 1482 3548 1550 inferno,

1954 1572 2014 1628 in
2053 1587 2163 1644 quo
2209 1568 2533 1628 tenebamur
2568 1586 2600 1626 a
2639 1570 2860 1628 diabolo
2889 1579 3001 1629 tam
3029 1585 3100 1628 ex
3135 1570 3359 1644 proprio
3385 1587 3548 1644 quam

1953 1677 2024 1717 ex
2055 1659 2262 1718 delicto
2290 1660 2447 1728 Adae,
2475 1659 2570 1733 qui
2608 1667 2690 1716 est
2717 1667 2870 1732 pater
2895 1661 3145 1718 omnium
3180 1660 3548 1733 peccantium,

1953 1748 2206 1806 translati
2251 1763 2442 1805 sumus
2480 1762 2578 1821 per
2622 1745 2787 1804 ﬁdem
2832 1749 2892 1805 in
2922 1765 3150 1822 regnum
3175 1751 3396 1808 caeleste
3421 1751 3552 1808 Filii

234 1845 386 1903 sicut
415 1853 470 1902 et
509 1842 570 1900 in
597 1843 782 1910 vobis,
812 1860 883 1900 ex
912 1859 1022 1916 qua
1049 1843 1140 1900 die
1167 1844 1400 1902 audistis
1429 1853 1482 1900 et
1509 1843 1849 1916 cognovistis
1880 1852 1926 1913 Β
1954 1839 2055 1896 Dei
2087 1856 2099 1895 :
2130 1845 2194 1894 ut
2237 1837 2548 1896 ostenderet
2586 1837 2746 1894 nobis
2790 1839 2937 1895 Deus
2987 1855 3096 1912 quo
3143 1855 3327 1896 amore
3368 1841 3552 1913 diligit

233 1936 474 2006 gratiam
502 1934 603 1991 Dei
634 1933 692 1989 in
722 1933 975 2002 veritate,
999 1943 1164 2007 prout
1192 1933 1468 1992 didicistis
1487 1932 1556 1990 ab
1584 1933 1843 2008 Epaphra

232 2023 448 2080 dilecto
494 2038 763 2081 conservo
813 2030 1022 2093 nostro,
1055 2024 1153 2097 qui
1198 2031 1281 2080 est
1323 2023 1505 2081 ﬁdelis
1553 2040 1652 2097 pro
1684 2024 1845 2082 vobis

234 2113 501 2171 minister
548 2113 776 2184 Christi,
809 2114 905 2188 qui
935 2114 1099 2170 etiam
1130 2123 1318 2172 notam
1363 2115 1496 2172 fecit
1523 2115 1684 2172 nobis
1711 2131 1844 2172 ves—

233 2210 383 2262 tram
412 2202 770 2261 dilectionem
802 2204 860 2260 in
890 2203 1110 2277 spiritu.
1136 2230 1155 2253 ›
1198 2205 1260 2261 In
1282 2205 1597 2277 exemplum
1627 2211 1843 2263 caetera-

238 2310 370 2351 rum
403 2293 651 2367 gentium
683 2310 785 2349 nos
825 2310 1066 2351 crescere
1104 2301 1158 2351 et
1190 2293 1433 2351 fructum
1468 2293 1585 2366 (71)
1617 2294 1842 2352 vitalem

237 2383 422 2441 facere
471 2381 639 2440 alacri
687 2398 938 2440 sermone
985 2384 1370 2456 prosequitur;
1411 2391 1476 2440 ut
1504 2399 1574 2440 ex
1600 2400 1664 2440 eo
1693 2382 1844 2458 quod

235 2474 333 2531 Dei
388 2473 621 2546 gratiam
659 2481 1041 2546 perceperunt,
1073 2473 1401 2546 proﬁcerent
1446 2480 1501 2530 et
1529 2490 1763 2531 numero
1789 2482 1845 2532 et

237 2578 429 2636 opere,
483 2561 847 2635 adjungentes
901 2561 1031 2619 ﬁdei
1078 2579 1190 2620 sua;
1245 2564 1341 2636 qui
1397 2563 1592 2621 ﬁerent
1645 2564 1844 2620 fratres

236 2665 434 2710 eorum
479 2650 539 2708 in
587 2649 828 2709 Christo.
861 2652 1136 2724 Exemplo
1179 2652 1329 2709 enim
1377 2651 1650 2709 bonorum
1701 2667 1845 2726 ope-

241 2756 367 2797 rum
423 2740 648 2797 illorum
690 2740 809 2813 (72)
858 2740 1075 2798 attracti
1124 2749 1255 2798 sunt
1307 2742 1492 2810 multi,
1545 2749 1684 2799 teste
1731 2742 1846 2797 illis

239 2827 522 2902 Epaphra,
565 2829 661 2904 qui
705 2831 785 2887 eis
832 2829 1171 2888 ministravit
1218 2830 1448 2902 gratiam
1487 2829 1696 2888 Christi
1725 2830 1848 2886 vice

242 2917 521 2990 Apostoli,
553 2935 716 2991 quam
748 2921 935 2976 statim
966 2917 1308 2975 imbiberunt
1339 2926 1400 2974 ut
1435 2927 1627 2990 potum
1671 2917 1849 2990 spiri-

237 3007 408 3064 talem
452 3007 512 3064 in
557 3008 782 3065 Domini
811 3008 1104 3075 charitate,
1135 3023 1258 3080 quae
1297 3022 1412 3063 non
1455 3005 1515 3062 in
1551 3021 1715 3064 carne
1743 3013 1844 3077 est,

240 3094 341 3154 sed
371 3097 431 3154 in
459 3095 682 3171 spiritu.

1951 1946 2071 1998 nos,
2100 1930 2322 2004 quando
2351 1930 2609 1987 attollens
2639 1944 2740 1985 nos
2771 1929 2838 1986 de
2867 1929 2982 1986 imo
3008 1930 3221 2000 tartari,
3245 1929 3472 1988 induxit
3491 1931 3550 1988 in

1951 2021 2120 2079 oculos
2146 2037 2274 2078 cum
2304 2036 2436 2076 vero
2465 2019 2610 2076 Filio
2639 2035 2760 2076 suo.
2795 2020 2913 2076 Jam
2935 2021 3081 2076 enim
3110 2037 3302 2078 omnes
3328 2022 3550 2079 creden-

1951 2118 2053 2179 tes,
2085 2109 2182 2184 qui
2207 2109 2320 2165 ﬁxa
2339 2117 2521 2166 mente
2550 2109 2739 2166 devoti
2768 2118 2915 2178 sunt,
2938 2119 3199 2167 exeuntes
3229 2111 3297 2168 de
3325 2114 3548 2180 saeculo,

1951 2202 2090 2259 duce
2140 2201 2349 2259 dextrae
2400 2201 2578 2258 Patris
2621 2202 2854 2274 Angelo,
2899 2201 3240 2259 inducuntur
3270 2203 3329 2259 in
3358 2204 3546 2272 caelos,
3656 2269 3658 2272 ,

1952 2291 2099 2366 quod
2125 2299 2252 2348 ante
2281 2289 2555 2348 devictam
2583 2299 2816 2348 mortem
2846 2307 3165 2349 concessum
3198 2309 3308 2350 non
3339 2301 3475 2351 erat.

2026 2384 2208 2456 (Vers.
2247 2382 2361 2454 14.)
2409 2405 2428 2430 ι
2463 2383 2523 2439 In
2555 2399 2666 2457 quo
2714 2382 2979 2441 habemus
3011 2384 3465 2458 redemptionem,
3495 2391 3551 2442 et

1952 2473 2333 2530 remissionem
2355 2481 2724 2546 peccatorum.
2747 2499 2767 2523 ι
2800 2475 2863 2532 Ιιι
2884 2474 3050 2548 hujus
3067 2475 3196 2532 Filii
3216 2475 3303 2532 sui
3319 2491 3547 2548 regnum

1952 2564 2238 2620 transtulit
2266 2579 2368 2619 nos
2393 2565 2563 2631 Deus,
2586 2579 2684 2636 per
2704 2579 2864 2634 quem
2886 2581 2988 2620 nos
3009 2564 3263 2633 redemit,
3287 2573 3340 2621 et
3360 2582 3550 2622 manu-

1954 2653 2140 2721 misit;
2187 2653 2444 2709 remissio
2463 2651 2612 2708 enim
2632 2658 2978 2723 peccatorum
3009 2653 3212 2708 liberos
3232 2653 3384 2722 facit,
3406 2661 3468 2709 ut
3490 2655 3552 2710 li-

1953 2740 2130 2797 berati
2158 2740 2383 2807 debitis,
2414 2739 2594 2796 teneri
2622 2738 2854 2794 obnoxii
2881 2755 2990 2793 non
3013 2738 3244 2810 possint.
3267 2741 3404 2795 Nam
3433 2741 3552 2796 sine

1955 2828 2064 2885 ﬁde
2111 2827 2321 2886 Christi
2369 2828 2556 2883 nullus
2612 2842 2859 2899 egressus
2904 2826 2972 2883 de
3001 2825 3220 2883 inferno
3263 2836 3381 2894 est;
3423 2828 3551 2900 quia

1957 2917 2230 2989 obligatus
2271 2917 2508 2990 peccatis
2553 2916 2705 2973 exire
2743 2915 2939 2989 januas
2968 2917 3178 2973 Tartari
3208 2933 3319 2974 non
3349 2925 3548 2991 potest.

1970 3031 1990 3056 ι
2012 3007 2118 3076 Qui
2140 3015 2223 3065 est
2239 3007 2420 3081 imago
2440 3005 2743 3065 invisibilis
2763 3006 2907 3064 Dei.»
2925 3005 3234 3065 Invisibilis
3252 3009 3352 3065 Dei
3371 3010 3551 3083 imago

1954 3097 2195 3157 visibilis
2211 3115 2326 3156 esse
2342 3115 2451 3156 non
2474 3105 2653 3170 potest
2675 3097 2817 3172 (74),
2838 3097 3086 3171 alioquin
3108 3113 3208 3156 nec
3226 3099 3406 3172 imago
3427 3109 3508 3157 est
3531 3119 3545 3169 ;

313 3194 500 3269 (Vers.
532 3195 587 3262 9,
619 3192 736 3264 10.)
783 3213 803 3238 ε
833 3187 1046 3248 Idcirco
1067 3197 1122 3247 et
1149 3205 1252 3247 nos
1279 3206 1348 3247 ex
1380 3207 1488 3265 qua
1516 3190 1606 3250 die
1633 3192 1845 3250 audivi-
1879 3212 1923 3274 ο
1955 3191 2104 3266 quod
2133 3191 2280 3248 enim
2306 3188 2589 3247 invisibile
2607 3197 2710 3258 est,
2732 3187 2884 3261 pingi
2910 3204 3020 3244 non
3044 3196 3252 3262 potest;
3277 3206 3380 3248 nec
3398 3191 3547 3248 enim

236 3300 389 3351 mus,
429 3299 545 3338 non
588 3296 863 3338 cessamus
897 3297 998 3354 pro
1026 3280 1186 3337 vobis
1212 3289 1429 3340 orantes
1465 3288 1520 3339 et
1550 3283 1843 3356 postulan-

236 3379 366 3435 tes;
417 3376 482 3425 ut
537 3368 880 3441 impleamini
936 3368 1216 3443 agnitione
1270 3371 1573 3428 voluntatis
1621 3370 1738 3443 ejus
1785 3371 1844 3428 in

238 3457 402 3516 omni
456 3458 726 3532 sapientia
772 3467 827 3517 et
877 3459 1166 3516 intellectu
1211 3459 1445 3532 spiritali
1497 3461 1555 3516 in
1601 3459 1728 3530 hoc,
1781 3469 1844 3518 ut

235 3547 539 3606 ambuletis
565 3548 730 3622 digne
757 3565 821 3605 eo
835 3548 905 3605 ad
933 3565 1096 3606 omne
1123 3548 1388 3622 placitum
1418 3549 1475 3605 in
1504 3550 1658 3606 omni
1679 3566 1842 3623 opere

234 3637 407 3695 bono.
450 3662 469 3686 ι
529 3637 776 3695 Audiens
816 3638 1115 3712 Apostolus
1158 3637 1414 3695 devotam
1443 3654 1507 3696 ac
1531 3646 1840 3712 promptam

239 3727 584 3784 voluntatem
607 3726 829 3785 illorum
860 3728 1006 3785 circa
1025 3727 1189 3784 ﬁdem
1213 3726 1442 3797 Christi,
1465 3737 1584 3806 orat
1603 3745 1704 3801 pro
1724 3728 1802 3785 eis
1824 3748 1838 3798 ;

240 3824 299 3871 ut
357 3817 688 3890 propensius
748 3817 935 3891 agnita
989 3818 1279 3874 voluntate
1337 3818 1458 3886 Dei,
1523 3818 1841 3875 rationabili

243 3921 399 3977 opere
415 3907 705 3979 explerent
724 3908 1100 3976 devotionem,
1117 3924 1282 3981 quam
1303 3907 1492 3964 audita
1510 3908 1618 3965 ﬁde
1634 3908 1841 3968 Christi

242 3992 572 4062 didicerant,
616 4011 685 4050 ne
740 4002 852 4050 tam
907 3994 1018 4050 ﬁda
1071 3994 1275 4051 mentis
1328 3995 1536 4053 dicatio
1590 3997 1731 4068 (73),
1788 4005 1843 4053 et

243 4082 410 4140 robur
461 4084 614 4154 ﬁdei,
669 4084 804 4141 dum
859 4084 1169 4142 inconsulte
1217 4085 1428 4160 aliquid
1478 4093 1532 4143 et
1589 4086 1842 4159 imperite

240 4175 558 4245 conﬁceret,
592 4176 798 4233 laboris
825 4176 909 4233 sui
942 4175 1185 4234 fructum
1216 4177 1513 4233 amitteret.
1547 4179 1662 4235 Hoc
1691 4178 1840 4234 enim

243 4262 480 4321 libenter
521 4273 744 4339 accepto
795 4265 990 4336 fertur,
1023 4265 1172 4339 quod
1213 4266 1413 4322 devoto
1456 4265 1522 4323 ﬁt
1549 4267 1755 4336 animo,
1787 4275 1843 4324 et

242 4353 559 4424 prudenter.

310 4454 500 4527 (Vers.
537 4455 622 4525 11,
663 4455 750 4526 12,
783 4456 896 4529 13.)
942 4479 962 4504 ο
993 4454 1412 4514 Fructiﬁcantes
1453 4464 1509 4515 et
1538 4468 1842 4518 crescentes

1953 3281 2195 3339 visibilis
2222 3287 2402 3353 potest
2431 3278 2773 3335 invisibilem
2809 3277 3031 3348 videre;
3065 3284 3160 3334 aut
3173 3278 3322 3335 enim
3348 3296 3549 3353 corpus

1953 3382 2056 3440 est,
2093 3372 2241 3445 quod
2271 3370 2514 3440 videtur,
2545 3376 2639 3426 aut
2678 3367 2875 3442 ﬁgura,
2904 3377 2999 3426 aut
3041 3369 3227 3442 aliqua
3254 3368 3551 3426 informata

1952 3461 2278 3530 substantia,
2312 3477 2477 3534 quam
2517 3459 2625 3517 fert
2651 3458 2793 3516 acies
2823 3459 3132 3527 oculorum,
3157 3465 3336 3514 totum
3362 3467 3548 3516 tamen

1951 3569 2152 3626 corpus
2175 3559 2258 3608 est
2296 3570 2307 3608 :
2340 3553 2486 3608 Deus
2515 3558 2720 3619 autem,
2744 3549 2838 3623 qui
2868 3549 2936 3606 ab
2968 3549 3038 3606 iis
3058 3549 3316 3606 omnibus
3336 3549 3549 3606 alienus

1951 3650 2052 3711 est,
2103 3640 2381 3716 quomodo
2421 3647 2600 3712 potest
2649 3639 2946 3711 imaginem
2993 3637 3193 3696 habere
3223 3638 3549 3698 visibilem?

1951 3732 2056 3790 Sed
2077 3731 2201 3788 ideo
2222 3731 2300 3788 sic
2328 3729 2554 3799 dicitur,
2583 3736 2646 3786 ut
2671 3728 2798 3786 talis
2821 3728 2996 3785 Filius
3026 3728 3392 3800 intelligatur,
3416 3745 3547 3802 qua-

1951 3825 2021 3881 lis
2049 3832 2130 3881 est
2159 3825 2354 3893 Pater;
2401 3831 2463 3880 ut
2494 3823 2624 3897 quia
2651 3821 2718 3879 de
2748 3822 2868 3896 ipso
2893 3829 2995 3892 est,
3023 3830 3077 3878 et
3105 3821 3250 3878 nihil
3283 3823 3451 3880 distat
3479 3822 3549 3879 ab

1949 3930 2015 3971 eo
2035 3916 2093 3971 in
2114 3914 2409 3972 divinitate
2431 3921 2666 3982 naturae,
2688 3913 2867 3985 imago
2887 3911 3004 3984 ejus
3023 3912 3242 3970 dicatur
3261 3920 3314 3968 et
3335 3913 3512 3967 forma
3531 3929 3546 3978 ;

1951 4021 2020 4061 ne
2045 4004 2188 4061 alius
2216 4006 2361 4061 Deus
2388 4020 2420 4059 a
2446 4002 2670 4076 perﬁdis
2690 4002 3024 4070 crederetur,
3050 4001 3303 4075 quamvis
3322 3998 3548 4056 nomine

1951 4095 2071 4169 ipso
2112 4094 2219 4153 hoc
2265 4095 2652 4162 contineatur;
2702 4095 2826 4151 ideo
2868 4094 3018 4149 enim
3048 4108 3215 4147 verus
3241 4090 3343 4147 Dei
3372 4089 3549 4146 Filius

1949 4185 2176 4256 dicitur,
2233 4193 2295 4241 ut
2361 4186 2428 4242 de
2482 4186 2603 4258 ipso
2657 4199 2773 4240 esse
2833 4182 3110 4254 credatur.
3169 4177 3274 4234 Sed
3327 4186 3548 4252 propter

1951 4277 2151 4333 malam
2197 4275 2620 4349 intelligentiam
2670 4273 2837 4329 etiam
2896 4269 3004 4325 hoc
3045 4267 3296 4326 additum
3342 4277 3444 4339 est,
3485 4278 3550 4328 ut

1950 4373 2004 4422 et
2049 4365 2228 4437 imago
2271 4363 2390 4435 ejus
2435 4363 2684 4427 dicatur;
2731 4367 2795 4416 ut
2846 4375 2974 4416 cum
3021 4365 3264 4432 apparet,
3317 4359 3447 4419 licet
3486 4359 3546 4418 in

1949 4453 2124 4528 ﬁgura
2167 4454 2428 4521 humana,
2476 4457 2570 4507 aut
2615 4457 2764 4507 certe
2809 4448 2868 4504 in
2912 4449 3055 4523 igne,
3107 4458 3169 4506 ut
3209 4449 3278 4508 ad
3318 4451 3546 4525 Moysen

241 4540 296 4599 iu
322 4544 670 4619 agnitionem
701 4546 824 4613 Dei,
855 4547 912 4602 in
941 4546 1096 4603 omni
1126 4546 1335 4602 virtute
1372 4545 1543 4603 robur
1570 4549 1844 4621 capientes
1871 4573 1921 4634 D
1953 4543 2157 4634 (Εφοά.
2199 4559 2284 4610 ιιι,
2315 4543 2398 4612 2),
2428 4557 2540 4634 non
2575 4538 2876 4634 ipsePater
2912 4537 3255 4634 intelligatur
3282 4539 3545 4634 esse,_sed

243 4634 546 4692 secundum
584 4636 888 4707 potentiam
919 4635 1108 4710 glorias
1136 4633 1253 4708 ejus
1285 4636 1342 4691 in
1373 4652 1592 4692 omnem
1624 4638 1846 4710 patien-

242 4722 366 4781 tiam
426 4731 480 4780 et
526 4723 1026 4797 longanimitatem,
1063 4741 1189 4782 cum
1217 4724 1416 4798 gaudio
1443 4726 1643 4799 gratias
1669 4743 1845 4799 agen-

244 4823 319 4873 tes
362 4821 485 4876 Deo
531 4825 584 4874 et
631 4816 799 4886 Patri,
833 4819 928 4890 qui
955 4817 1178 4874 vocavit
1205 4834 1302 4873 vos
1345 4818 1403 4874 in
1440 4827 1648 4891 partem
1679 4819 1844 4876 sortis
1882 4888 1883 4891 η

246 4912 563 4961 sanctorum
611 4903 671 4960 in
715 4903 948 4972 lumine,
979 4904 1074 4979 qui
1103 4902 1360 4960 liberavit
1391 4921 1492 4962 nos
1519 4923 1550 4962 a
1577 4913 1842 4978 potestate

246 4993 618 5062 tenebrarum,
655 5000 708 5049 et
737 4993 1020 5049 transtulit
1050 4993 1110 5048 in
1139 5007 1366 5064 regnum
1397 4993 1530 5049 Filii
1554 4993 1843 5051 charitatis

246 5096 398 5140 suae»
434 5083 839 5141 Incremeutum
862 5098 1090 5155 operum
1111 5097 1300 5138 eorum
1323 5098 1449 5139 cum
1472 5083 1702 5140 scientia
1721 5085 1842 5140 vult

248 5168 379 5244 ﬁeri,
431 5179 494 5228 ut
539 5189 652 5229 non
691 5171 949 5246 ignorent
989 5169 1118 5226 ﬁdei
1156 5187 1266 5226 suae
1309 5188 1499 5244 spem;
1533 5181 1666 5230 tunc
1692 5173 1838 5229 enim

248 5257 386 5318 ﬁrmi
438 5269 494 5319 et
532 5261 759 5318 stabiles
806 5268 955 5329 sunt,
1003 5259 1049 5315 si
1095 5257 1382 5316 advertant
1437 5277 1558 5336 quae
1595 5279 1695 5336 pro
1734 5261 1842 5319 ﬁde

252 5349 516 5418 promissa
542 5358 694 5420 sunt,
725 5357 783 5408 et
808 5355 1013 5424 quanta
1038 5347 1111 5405 sit
1140 5348 1387 5421 potentia
1417 5350 1604 5422 gloriae
1635 5350 1844 5425 majes-

321 5515 437 5588 (70)
477 5516 637 5574 Rom.
674 5513 808 5572 edit.
841 5513 976 5582 sola,
1007 5513 1269 5570 credentes
1296 5511 1424 5583 quia
1447 5529 1546 5585 per
1567 5513 1702 5570 hanc
1720 5531 1841 5589 spes

253 5583 438 5806 ~37?)
627 5657 858 5742 aliquot,
899 5657 992 5714 hos
1019 5673 1258 5713 recreare
1286 5660 1334 5710 et
1358 5653 1614 5738 fructum,
1645 5665 1760 5715 etc.

346 5729 414 5787 72
467 5730 735 5791 Nonnulli
766 5745 897 5788 mss.
905 5772 922 5803 ,
952 5729 1208 5787 bonorum
1235 5744 1452 5805 operum
1478 5728 1732 5787 alterum.

346 5728 438 5805 72)
467 5728 738 5791 Nonnulli
766 5745 897 5788 mss.
905 5772 922 5803 ,
952 5729 1208 5787 bonorum
1235 5744 1452 5805 operum
1478 5728 1732 5787 aliorum.

1952 4632 2131 4690 Filius
2165 4650 2176 4687 :
2213 4640 2265 4688 et
2307 4649 2404 4705 per
2432 4631 2490 4687 id
2518 4629 2666 4704 quod
2693 4629 2873 4705 imago
2897 4628 3017 4702 ejus
3044 4629 3272 4700 dicitur,
3304 4629 3448 4687 nihil
3477 4628 3546 4686 ab

1950 4740 2014 4779 eo
2066 4722 2271 4779 distare
2326 4721 2597 4778 credatur.
2658 4720 2812 4777 Unde
2865 4719 3004 4776 dicit
3047 4719 3116 4776 ad
3159 4719 3477 4793 Philippum
3529 4735 3541 4774 :

1966 4839 1984 4864 ι
2014 4811 2291 4884 Philippe,
2315 4811 2409 4883 qui
2430 4827 2517 4866 me
2540 4809 2716 4877 videt,
2735 4809 2889 4866 videt
2917 4818 2971 4867 et
2993 4809 3231 4866 Patrem.
3257 4807 3545 4878 Quomodo

1949 4913 2013 4962 tu
2059 4903 2200 4961 dicis
2234 4920 2246 4958 :
2280 4901 2518 4958 Ostende
2565 4900 2727 4957 nobis
2754 4900 2969 4958 Patrem
2989 4900 3018 4958 ?
3053 4900 3174 4958 Non
3211 4901 3390 4959 credis
3418 4901 3547 4976 quia

1951 5011 2049 5067 ego
2077 4994 2137 5050 in
2168 4992 2347 5061 Patre,
2379 4997 2433 5048 et
2460 4991 2620 5048 Pater
2647 4989 2706 5046 in
2735 5006 2823 5046 me
2843 4997 2924 5047 est
2951 4990 3131 5061 (Joan.
3160 4989 3352 5059 xrv,9,
3387 4989 3531 5063 10)?-

1951 5083 2079 5141 Hzec
2125 5092 2206 5141 est
2247 5080 2516 5140 unitas‘et
2550 5081 2986 5140 substantialitas
3013 5079 3191 5138 Patris
3223 5087 3279 5136 et
3303 5078 3453 5148 Filii,
3484 5085 3547 5134 ut

1950 5175 2192 5232 invicem
2215 5175 2327 5231 sint
2348 5193 2360 5241 ;
2393 5181 2455 5230 ut
2476 5174 2570 5247 qui
2592 5171 2745 5229 videt
2763 5171 2992 5240 Filium,
3015 5170 3203 5227 videat
3222 5177 3276 5226 et
3305 5169 3540 5224 Patrem.

1949 5265 2109 5322 Nunc
2138 5263 2424 5321 videamus
2452 5261 2728 5336 quomodo
2755 5261 2910 5319 visus
2938 5266 3019 5318 est
3048 5259 3259 5325 Filius;
3302 5264 3364 5313 ut
3405 5270 3544 5326 pro-

1951 5353 2081 5412 inde
2128 5353 2502 5428 intelligamus
2547 5367 2657 5427 qua
2705 5352 2920 5410 ratione
2964 5349 3256 5422 Philippus
3303 5341 3543 5400 videndo

2023 5515 2140 5592 (A73)
2173 5516 2378 5592 Omnes
2407 5513 2660 5592 Aedit._‘_et
2704 5511 3118 5592 quidamess”
3148 5501 3336 5592 tuentis
3363 5499 3544 5574 adiﬁ-

1948 5583 2084 5642 catio
2118 5583 2132 5656 ξ
2163 5588 2489 5645 concinnius
2517 5586 2613 5643 alii
2642 5583 2772 5642 mss.
2799 5584 2989 5657 mentis
3019 5583 3268 5657 ᾀὶιξαιίῼοη

2025 5644 2142 5730 (74)
2176 5644 2455 5718 Nonnulli
2501 5674 2656 5724 mss.,
2709 5657 2892 5732 Imago
2943 5652 3043 5711 Dei
3086 5644 3376 5705 invisibilis
3435 5663 3544 5710 esse

1948 5737 2257 5804 nonpotest.
