4108 6184
570 337 672 394 447

1574 314 1671 393 An
1707 335 1942 415 opaea
1979 335 2035 392 s.
2080 335 2417 394 AMBROSII
2451 335 2832 392 APPENDIX.

3768 339 3879 398 448

571 463 797 532 Filium,
828 461 1014 518 videat
1057 467 1112 516 et
1157 460 1394 518 Patrem.
1421 460 1712 517 Intellectu
1749 466 1894 517 certe
1937 476 2163 533 operum
2193 465 2244 525 Α
2279 461 2377 518 ﬁat
2415 461 2474 518 in
2511 461 2770 518 omnibus
2814 461 2930 534 ipse
2977 460 3275 532 primatum
3303 467 3516 516 tenens.
3553 485 3572 508 ι
3614 460 3880 522 Ecclesiae

569 552 889 609 divinorum
919 549 1180 607 viderunt
1220 551 1446 619 Filium,
1482 566 1594 606 non
1624 550 1937 607 carnalibus
1965 551 2161 608 oculis.

571 643 703 710 Qum
731 649 987 714 operatus
1014 649 1095 698 est
1132 640 1328 709 Filius,
1360 639 1506 696 dixit
1531 657 1647 697 esse
1675 639 1886 708 Patris;
1920 650 1982 697 ut
2028 643 2166 698 uni-

570 741 739 790 tatem
788 731 1013 789 virtutis
1058 732 1386 788 ostenderet.
1423 731 1630 788 Eodem
1676 747 1869 804 genere
1906 732 2060 789 visus
2087 742 2167 790 est

571 836 625 884 et
647 843 681 883 a
707 826 910 893 Iacob;
947 827 1089 882 unde
1116 841 1318 882 nomen
1337 825 1552 897 accepit
1581 826 1767 894 Israel,
1791 825 1846 882 id
1875 833 1978 894 est,
1999 826 2166 882 homo

583 942 603 965 ι
634 917 828 974 videns
852 918 1027 972 Deum
1061 915 1216 986 (Gen.
1249 932 1431 984 xxxu,
1455 913 1549 987 28)
1581 940 1597 962 ι
1621 959 1632 971 .
1662 916 1888 986 Propter
1907 915 2012 973 hoc
2039 932 2166 988 ergo

571 1005 751 1077 imago
779 1011 863 1060 est
888 1003 1074 1061 dictus
1103 1003 1405 1060 invisibilis
1440 1005 1538 1061 Dei
1564 1025 1578 1072 ;
1612 1013 1674 1060 ut
1703 1004 1818 1078 ipse
1846 1022 1961 1062 esse
1990 1006 2167 1062 intel-

573 1094 850 1166 ligeretur,
909 1092 1003 1166 qui
1064 1109 1162 1164 per
1218 1093 1559 1148 intellectum
1616 1093 1769 1149 visus
1825 1101 1908 1150 est
1952 1095 2096 1150 Deus
2149 1113 2161 1151 :

569 1185 785 1241 Patrem
841 1189 1023 1238 autem
1084 1197 1368 1240 nunauam
1428 1182 1545 1238 ullo
1600 1183 1765 1239 modo
1826 1185 2162 1256 apparuisse,

568 1271 714 1329 sicut
749 1270 959 1327 dictum
990 1279 1073 1326 est
1100 1269 1159 1325 in
1189 1269 1492 1342 Evangelio
1522 1287 1534 1325 :
1583 1293 1601 1316 ι
1628 1271 1805 1326 Deum
1832 1286 1994 1326 nemo
2023 1270 2166 1328 vidit

567 1375 809 1432 unquam
845 1359 1026 1429 (Joan.
1061 1376 1099 1426 ι,
1144 1358 1256 1428 18).
1297 1383 1316 1406 ι

643 1449 825 1521 (Vers.
877 1447 991 1518 16.)
1041 1469 1059 1492 ι
1093 1447 1500 1519 Primogenitus
1530 1447 1802 1505 universae
1821 1457 2104 1506 creaturas.
2131 1475 2150 1499 ι

567 1539 713 1596 Ante
741 1553 960 1594 omnem
990 1545 1320 1607 creaturam,
1354 1537 1601 1610 genitum
1630 1538 1834 1594 Filium
1866 1555 1978 1596 non
2007 1558 2168 1598 crea-

568 1635 708 1698 tum,
764 1633 1033 1696 testatur;
1092 1634 1156 1683 ut
1211 1637 1518 1684 secerneret
1573 1628 1920 1686 nativitatem
1975 1631 2093 1703 ejus
2135 1649 2166 1688 a

566 1725 830 1776 creaturae
880 1715 1094 1774 factura
1147 1734 1159 1772 :
1219 1723 1274 1772 et
1328 1724 1408 1772 ut'
1441 1715 1548 1775 hoc
1605 1718 1823 1790 penitus
1879 1721 2163 1790 clarescat,

568 1804 802 1877 subjecit
833 1823 846 1862 :

652 1917 671 1941 ι
716 1895 853 1963 Quia
883 1895 940 1951 in
987 1895 1107 1969 ipso
1145 1895 1368 1954 condita
1392 1902 1522 1952 sunt
1551 1897 1738 1952 omnia
1766 1897 1825 1954 in
1847 1899 2002 1956 cmlis
2025 1907 2080 1956 et
2106 1900 2166 1957 in

567 1994 730 2043 terra.
777 1985 1036 2043 Visibilia
1091 1993 1146 2043 et
1201 1985 1527 2055 invisibilia,
1584 1987 1702 2044 sive
1759 1987 1989 2058 Throni,
2049 1990 2167 2047 sive

565 2074 1004 2145 Dominationes,
1068 2075 1187 2132 sive
1239 2076 1610 2149 Principatus,
1668 2077 1787 2134 sive
1841 2078 2161 2150 Potestates,

567 2164 756 2220 omnia
800 2180 896 2237 per
938 2165 1116 2238 ipsum
1170 2172 1224 2221 et
1271 2165 1330 2220 in
1379 2164 1500 2238 ipso
1544 2165 1770 2222 condita
1801 2175 1950 2224 sunt.
1984 2193 2002 2216 ι
2044 2171 2164 2226 Non

566 2253 747 2308 solum
807 2253 867 2309 in
909 2270 974 2310 eo
1023 2253 1375 2325 magniﬁcum
1432 2263 1488 2310 et
1542 2254 1841 2326 gloriosum
1891 2257 2166 2329 signiﬁcat

567 2341 886 2409 Christum;
920 2343 1050 2416 quia
1073 2351 1367 2416 antequam
1397 2343 1593 2400 ﬁerent
1611 2345 1818 2415 omnia,
1849 2355 2009 2403 natus
2035 2356 2119 2405 est
2147 2368 2159 2406 :

565 2431 660 2488 sed
676 2439 731 2488 et
749 2433 808 2488 in
829 2431 949 2504 ipso
967 2432 1106 2490 dicit
1120 2435 1306 2489 omnia
1325 2432 1568 2502 condita,
1586 2433 1693 2491 hoc
1711 2443 1814 2504 est,
1830 2445 1892 2492 ut
1909 2437 2160 2494 omnium

565 2521 812 2596 potentia
850 2520 905 2576 in
951 2537 1016 2578 eo
1061 2537 1177 2578 esse
1205 2523 1480 2592 credatur,
1507 2531 1562 2580 et
1590 2523 1714 2580 ideo
1743 2525 1987 2597 profecta
2019 2527 2160 2600 (75),

564 2611 695 2670 dum
744 2609 931 2667 omnia
977 2610 1119 2668 ﬁunt
1147 2628 1244 2684 per
1277 2611 1458 2684 ipsum
1494 2632 1506 2669 :
1541 2612 1646 2670 hoc
1675 2621 1757 2670 est
1785 2624 1968 2672 autem
2000 2623 2165 2689 caput

563 2716 678 2757 esse
708 2700 879 2758 totius
919 2709 1219 2770 creaturae;
1264 2702 1394 2776 quia
1423 2703 1542 2776 ipso
1572 2712 1633 2760 ut
1661 2704 1793 2773 sint,
1823 2720 1940 2761 esse
1973 2721 2164 2777 ccepe—

562 2797 711 2846 runt.
735 2789 864 2846 Ideo
892 2797 1074 2847 autem
1105 2807 1226 2864 quae
1251 2791 1320 2848 ab
1346 2791 1466 2864 ipso
1496 2793 1637 2850 facta
1668 2801 1817 2862 sunt,
1854 2811 1950 2865 per
1981 2795 2161 2867 ipsum

564 2878 708 2936 facta
727 2878 1010 2947 dicuntur,
1039 2879 1168 2951 quia
1187 2881 1256 2936 ad
1282 2880 1387 2937 hoc
1411 2888 1573 2938 natus
1593 2893 1674 2940 est
1697 2887 1842 2945 265
1871 2891 1932 2939 ut
1961 2883 2164 2940 faceret

562 2983 866 3033 creaturam
901 2995 912 3032 :
948 2976 1054 3033 hoc
1081 2985 1182 3046 est,
1215 2978 1407 3034 fecisse
1438 2979 1497 3034 in
1528 2996 1592 3036 eo
1637 2982 1777 3054 (76),
1808 2989 1862 3038 et
1892 2999 1986 3055 per
2011 2999 2159 3039 eum.

561 3064 672 3121 Nec
700 3063 848 3119 enim
879 3063 985 3121 sibi
1009 3065 1272 3123 nativitas
1291 3082 1389 3122 sua
1413 3067 1650 3139 proficit,
1681 3070 1775 3126 sed
1808 3069 1967 3126 nobis
1991 3089 2004 3138 ;
2033 3071 2161 3143 quia

564 3167 678 3209 non
724 3152 876 3225 eguit
904 3153 1074 3223 nasci,
1109 3155 1203 3229 qui
1233 3155 1290 3211 in
1335 3155 1424 3213 bis
1461 3163 1576 3212 erat
1606 3158 1745 3230 (77).
1779 3157 2064 3226 Quomodo
2092 3167 2155 3215 ut
2185 3191 2234 3254 Ο

564 3243 762 3300 unicus
789 3243 890 3300 Dei
936 3244 1115 3302 Patris
1157 3245 1354 3314 Filius,
1387 3246 1664 3318 quomodo
1704 3248 1818 3320 ipse
1847 3247 2004 3304 novit
2035 3265 2156 3320 quas

562 3331 808 3408 ingenita
835 3342 965 3390 sunt
983 3334 1081 3392 Dei
1103 3335 1324 3392 Patris?
1353 3337 1486 3393 Erat
1505 3337 1655 3393 enim
1681 3337 1738 3393 in
1765 3339 1900 3406 Deo,
1919 3337 2014 3411 qui
2033 3354 2156 3410 pro-

2188 1825 2236 1887 B

2273 559 2440 624 caput
2466 560 2548 608 est
2593 551 2864 618 Christus,
2905 550 2950 606 si
2991 557 3176 606 tamen
3213 564 3404 605 omnes
3431 565 3604 605 unum
3635 553 3882 611 sentiant

2273 643 2523 698 cmlestes
2534 651 2587 697 et
2601 642 2824 708 terreni;
2841 649 2902 696 ut
2912 639 3022 696 sint
3034 638 3301 706 Ecclesia,
3310 638 3414 694 hoc
3428 640 3705 705 est,unius
3724 642 3879 713 ﬁdei,

2275 729 2322 786 si
2351 730 2649 802 quominus
2693 729 2933 786 truncati
2964 729 3141 802 capite
3179 730 3353 785 totius
3381 729 3650 801 corporis,
3685 731 3743 788 id
3773 740 3883 803 est,

2275 835 2308 874 a
2330 817 2584 875 Creatore
2615 836 2714 875 suo
2742 819 2997 891 sejuncti,
3036 818 3276 874 amentia
3303 817 3540 892 quadam
3565 828 3621 876 et
3649 822 3884 880 vanita-

2279 917 2328 964 te
2347 907 2709 965 bacchantur.
2746 932 2764 954 σ
2787 907 2892 975 Qui
2912 917 2994 965 est
3014 908 3372 980 principium,
3388 907 3791 982 primogenitus
3809 931 3885 972 ex

2275 999 2537 1066 mortuis;
2569 1007 2631 1055 ut
2656 999 2751 1054 ﬁat
2781 999 2840 1054 in
2871 998 3129 1055 omnibus
3150 999 3265 1070 ipse
3294 999 3595 1070 primatum
3627 1007 3867 1060 tenens.-

2274 1091 2545 1158 Quoniam
2585 1091 2773 1148 omnia
2816 1108 2912 1163 per
2942 1092 3122 1163 ipsum
3151 1098 3308 1158 sunt;
3341 1106 3438 1162 per
3466 1090 3649 1162 ipsum
3693 1091 3882 1151 denuo

2274 1182 2605 1254 negligentia
2649 1181 2884 1254 quadam
2915 1181 3060 1238 facto
3100 1180 3326 1248 caduca,
3355 1179 3707 1238 reformanda
3747 1183 3882 1241 fue—

2275 1279 2441 1338 runt;
2494 1287 2561 1326 ne
2607 1271 2673 1326 ad
2721 1269 2981 1342 injuriam
3011 1269 3132 1342 ejus
3162 1269 3480 1342 pertineret,
3508 1270 3556 1326 si
3595 1287 3733 1344 Opus
3759 1271 3881 1344 ejus

2275 1376 2371 1432 per
2398 1361 2632 1416 alterum
2663 1367 3027 1416 restauratum
3069 1360 3300 1427 fuisset;
3334 1367 3396 1414 ut
3431 1361 3712 1433 quomodo
3751 1372 3882 1420 ante

2275 1465 2466 1505 omnes
2497 1457 2659 1506 natus
2687 1459 2791 1518 est,
2821 1451 2904 1506 sic
2933 1450 3134 1505 iterum
3169 1457 3296 1504 ante
3322 1465 3515 1506 omnes
3543 1451 3758 1522 primus
3781 1468 3883 1508 es-

2275 1547 2357 1595 set
2403 1555 2472 1594 ex
2521 1539 2922 1595 resurrectione
2961 1544 3329 1606 mortuorum,
3378 1539 3597 1595 reddita
3644 1539 3884 1613 pristina

2275 1627 2423 1695 vita;
2457 1636 2583 1684 ante
2623 1627 2808 1684 omnia
2849 1627 2997 1684 enim
3028 1636 3190 1683 natus
3217 1635 3300 1683 est
3329 1627 3397 1684 de
3424 1629 3557 1696 Deo,
3585 1636 3649 1684 ut
3676 1637 3884 1688 cuncta

2274 1726 2501 1787 crearet,
2525 1735 2645 1792 quae
2673 1734 2787 1774 non
2816 1726 2991 1775 erant.
3014 1719 3220 1774 Iterum
3255 1725 3440 1773 autem
3465 1725 3682 1790 accepta
3705 1733 3886 1777 carne

2273 1807 2342 1863 de
2389 1807 2604 1880 virgine
2643 1815 2804 1864 natus
2832 1815 2932 1877 est,
2966 1816 3029 1864 ut
3055 1815 3340 1880 peccatum
3372 1807 3517 1880 quod
3545 1823 3615 1864 ex
3653 1807 3885 1882 virgine

2276 1897 2394 1952 Eva
2436 1897 2739 1953 intraverat
2785 1897 2843 1952 in
2889 1897 3179 1966 mundum,
3209 1897 3474 1954 aboleret.
3516 1897 3689 1955 Natus
3724 1915 3877 1972 ergo,

2275 1994 2329 2044 et
2385 1995 2636 2044 mortuus
2687 1986 3008 2054 resurrexit,
3075 1995 3138 2043 ut
3191 2003 3313 2060 quae
3364 1987 3608 2059 primum
3653 1987 3877 2058 fecerat,

2275 2084 2462 2149 postea
2507 2078 2708 2133 iterum
2752 2083 3056 2142 recrearet;
3109 2076 3240 2148 quia
3263 2091 3359 2150 per
3387 2093 3629 2133 errorem
3658 2078 3880 2135 fuerant

2275 2167 2432 2222 velut
2460 2175 2700 2235 mortua,
2728 2173 2791 2223 ut
2819 2182 3034 2240 semper
3061 2166 3121 2222 in
3149 2167 3303 2222 omni
3335 2167 3451 2224 vita
3479 2167 3553 2223 sit
3581 2167 3798 2241 primus
3825 2177 3881 2226 et

2273 2257 2548 2330 princeps.

2347 2347 2530 2417 (Vers.
2556 2345 2576 2401 l
2589 2346 2670 2418 9.)
2708 2372 2726 2394 ε
2745 2345 2887 2414 Quia
2909 2344 2965 2400 in
2988 2344 3107 2418 ipso
3127 2347 3463 2419 complacuit
3480 2348 3626 2404 Patri
3648 2365 3875 2407 omnem

2273 2436 2680 2510 plenitudinem
2720 2436 3048 2493 inhabitare.
3094 2460 3112 2483 ι
3166 2437 3460 2494 Plenitudo
3507 2439 3567 2495 in
3617 2439 3737 2511 ipso
3792 2447 3877 2497 est

2273 2533 2328 2581 et
2370 2533 2593 2593 manet;
2643 2526 2773 2599 quia
2800 2525 2988 2582 omnia
3019 2533 3197 2598 potest
3226 2543 3462 2599 semper,
3494 2535 3556 2584 ut
3590 2528 3735 2585 nihil
3764 2544 3875 2585 ex-

2273 2623 2492 2688 ceptum
2537 2615 2629 2682 sit,
2674 2615 2822 2687 quod
2866 2631 2978 2670 non
3015 2631 3262 2695 per_eum
3297 2617 3468 2688 possit
3494 2617 3781 2688 praestari;
3815 2624 3878 2672 ut

2273 2713 2328 2761 et
2375 2704 2597 2771 faceret,
2629 2712 2682 2758 et
2726 2703 3069 2773 reformaret,
3101 2713 3154 2761 et
3183 2705 3332 2777 lapsa
3359 2706 3603 2777 erigeret,
3637 2714 3697 2762 et
3732 2723 3876 2762 mor-

2271 2803 2367 2852 tua
2393 2793 2722 2850 viviﬁcaret.
2757 2793 2911 2849 Unde
2940 2793 3019 2848 ait
3043 2812 3054 2849 :
3093 2817 3112 2840 ι
3133 2793 3290 2850 Sicut
3319 2794 3482 2851 habet
3509 2795 3666 2851 Pater
3696 2795 3875 2853 vitam

2271 2884 2331 2940 in
2380 2883 2706 2955 semetipso;
2762 2882 2839 2936 ita
2884 2882 3039 2938 dedit
3085 2890 3139 2938 et
3180 2883 3324 2939 Filio
3371 2884 3542 2940 vitam
3578 2883 3788 2942 habere
3818 2885 3874 2942 in

2273 2975 2568 3045 semetipso
2592 2973 2775 3045 (Joan.
2799 2988 2856 3040 ν,
2874 2971 2991 3042 26),
3026 2998 3044 3020 ›
3085 2980 3140 3028 et
3173 2990 3185 3028 :
3230 2997 3248 3020 ι
3276 2971 3431 3028 Sicut
3460 2974 3620 3030 Pater
3643 2974 3878 3031 suscitat

2273 3071 2523 3120 mortuos
2561 3071 2615 3118 et
2654 3061 2924 3129 viviﬁcat,
2966 3061 3047 3116 sic
3075 3068 3130 3116 et
3161 3061 3335 3116 Filius
3381 3078 3522 3135 quos
3559 3063 3683 3119 vult
3713 3063 3872 3120 vivi-

2269 3151 2419 3209 ﬁcat.
2468 3152 2578 3208 Nec
2619 3149 2767 3206 enim
2817 3151 2977 3206 Pater
3003 3148 3218 3222 judicat
3247 3167 3602 3225 quemquam,
3631 3153 3727 3210 sed
3755 3169 3874 3210 om-

2266 3257 2335 3297 ne
2377 3239 2654 3313 judicium
2685 3238 2838 3296 dedit
2884 3237 3027 3294 Filio
3056 3239 3219 3311 (Ibid.
3247 3239 3336 3308 2f,
3368 3241 3484 3313 22).
3518 3266 3536 3290 ι
3575 3242 3726 3310 Quid
3751 3250 3869 3298 tam

2260 3329 2496 3402 justum,
2520 3328 2628 3384 nisi
2649 3335 2712 3384 ut
2732 3327 2932 3383 borum
2954 3345 3074 3400 quae
3095 3329 3228 3385 fecit
3248 3346 3344 3402 per
3363 3331 3544 3400 illum,
3574 3331 3681 3402 ipsi
3712 3331 3871 3388 daret

561 3425 726 3482 cessit
754 3425 822 3482 de
852 3428 985 3496 Deo,
1017 3426 1095 3483 ita
1134 3435 1196 3483 ιιι
1224 3444 1370 3484 unus
1398 3435 1538 3485 esset
1568 3430 1713 3484 Deus
1746 3446 1758 3483 ε
1791 3443 1855 3484 ac
1881 3428 1961 3484 sic
1981 3428 2062 3495 ﬁt,
2095 3426 2159 3482 ﬁt
2261 3418 2560 3491 judicium,
2593 3426 2656 3473 ut
2684 3418 2866 3474 omnis
2893 3418 3178 3490 plenitudo
3209 3419 3518 3476 divinitatis
3550 3421 3668 3491 (79)
3705 3421 3865 3478 habi-

562 3530 740 3587 neque
771 3515 1071 3573 diminutio
1120 3517 1194 3573 sit
1239 3516 1435 3585 Patris,
1467 3533 1642 3589 neque
1679 3517 1954 3588 profectus
2002 3517 2153 3587 Filii,

559 3601 693 3658 dum
742 3606 1006 3661 nascitur.
1037 3607 1109 3660 Et
1141 3613 1203 3660 ut
1230 3604 1473 3676 apertius
1503 3605 1679 3661 tradat
1715 3622 1834 3678 quas
1867 3613 1920 3661 et
1953 3615 2159 3680 quanta

559 3691 632 3748 sit
683 3692 928 3764 potentia
980 3693 1131 3762 Filii,
1181 3692 1424 3748 ostendit
1478 3710 1599 3766 qua:
1648 3711 1744 3766 per
1791 3695 1969 3766 ipsum
2021 3696 2154 3767 sint,

558 3797 754 3855 nempe
781 3782 1010 3851 Throni,
1041 3782 1459 3840 Dominationes
1486 3790 1541 3839 et
1567 3783 1934 3856 Principatus,
1965 3802 2030 3843 ac
2057 3787 2156 3843 Po-

560 3879 818 3940 testatas;
851 3880 912 3928 ut
941 3872 1172 3946 proinde
1201 3873 1432 3930 omnino
1457 3873 1645 3931 minus
1681 3873 1825 3931 nihil
1857 3876 1916 3932 in
1943 3893 2010 3933 eo
2040 3893 2157 3935 esse

556 3963 810 4020 credatur
837 3978 1000 4036 quam
1025 3962 1083 4018 in
1113 3963 1290 4020 Patre.

632 4053 816 4125 (Vers.
847 4053 960 4126 17.)
997 4078 1016 4100 ‹
1039 4053 1112 4109 Et
1134 4052 1249 4125 ipse
1269 4059 1349 4110 est
1369 4060 1494 4108 ante
1514 4070 1724 4111 omnes.
1750 4074 1777 4107 »
1801 4056 1944 4112 Ante
1966 4072 2157 4114 omnes

556 4143 650 4201 hic
681 4151 797 4211 est;
831 4143 961 4218 quia
993 4142 1087 4200 hic
1132 4143 1282 4200 solus
1310 4143 1378 4200 de
1407 4145 1521 4200 Deo
1551 4144 1709 4199 Patre
1745 4151 1906 4200 natus
1951 4155 2051 4213 est,
2088 4145 2154 4202 de

560 4233 801 4306 ingenita
840 4235 1031 4307 utique
1077 4231 1387 4289 substantia
1427 4233 1547 4288 Dei.
1582 4234 1708 4290 Haec
1735 4242 1919 4290 autem
1950 4234 2155 4292 virtute

557 4322 697 4394 ejus,
725 4340 888 4396 quam
922 4340 1016 4396 per
1054 4323 1460 4396 generationem
1500 4321 1665 4380 habet
1709 4340 1741 4378 a
1785 4324 1962 4392 Patre,
2014 4325 2156 4382 sub-

555 4414 855 4483 stiterunt;
885 4432 997 4472 non
1029 4424 1089 4471 ut
1117 4416 1436 4472 communio
1469 4415 1548 4472 eis
1576 4415 1897 4472 substantiae
1927 4416 1999 4472 sit
2034 4418 2151 4488 (78)

554 4520 679 4560 cum
709 4519 795 4572 eo,
821 4503 917 4560 sed
946 4521 1014 4558 ex
1045 4503 1225 4559 nihilo
1269 4513 1410 4560 nutu
1450 4505 1546 4560 Dei
1579 4505 1755 4560 Patris
1785 4506 1928 4562 Filio
1961 4515 2154 4578 agente

553 4600 857 4666 cmperunt.
900 4615 919 4639 ι
952 4593 1024 4648 Et
1051 4600 1251 4649 cuncta
1289 4591 1345 4648 in
1397 4593 1512 4665 ipso
1550 4602 1821 4651 constant.
1854 4618 1872 4641 ι
1924 4597 1986 4651 In
2032 4596 2152 4667 ipso

553 4690 828 4751 constant,
862 4681 993 4754 quia
1042 4680 1161 4738 sine
1203 4697 1268 4738 eo
1312 4681 1456 4738 nihil
1500 4692 1666 4750 sunt;
1703 4684 1810 4740 nisi
1839 4683 1987 4741 enim
2020 4684 2151 4743 huic

553 4773 764 4829 fuerint
790 4772 1035 4840 subdita,
1065 4787 1249 4830 errore
1296 4771 1476 4843 devia,
1507 4774 1661 4848 quasi
1691 4774 1990 4847 perditioni
2016 4775 2151 4832 ﬁent

552 4860 814 4918 obnoxia.

626 4953 808 5025 (Vers.
850 4951 966 5023 18.)
1002 4975 1020 4999 ι
1051 4950 1125 5006 Et
1151 4949 1267 5023 ipse
1294 4959 1375 5008 est
1403 4958 1567 5024 caput
1591 4951 1839 5024 corporis
1863 4952 2146 5019 Ecclesia),

551 5041 648 5116 qui
687 5051 770 5100 est
815 5041 1175 5116 principium,
1223 5041 1625 5116 primogenitus
1657 5055 1727 5096 ex
1765 5041 2038 5111 mortuis;
2088 5049 2150 5099 ut

623 5268 741 5340 (75)
774 5267 900 5346 Yet.
927 5266 1058 5346 edit.
1097 5283 1170 5346 ac
1189 5282 1318 5323 mss.
1341 5265 1573 5346 aliquot,
1593 5269 1640 5321 et
1656 5264 1777 5346 pec
1797 5263 2105 5346 sopor/lecta
2127 5284 2148 5331 ;

549 5336 728 5399 Βοὴ).⁷
755 5339 914 5409 edit.,
953 5345 1003 5396 et
1045 5357 1082 5395 α
1123 5339 1232 5395 Deo
1261 5336 1533 5411 perfecta;
1564 5336 1764 5392 melius
1795 5336 1892 5392 alii
1921 5352 2052 5393 mss.
2086 5346 2148 5395 ut

551 5412 608 5470 in
638 5418 924 5472 contextu.

623 5483 741 5556 (76)
784 5484 942 5540 Rom.
993 5478 1151 5556 edit.,
1197 5481 1382 5556 et_hoc
1427 5486 1503 5535 est
1534 5481 1702 5556 Deum
1744 5479 1927 5556 fecisse
1967 5479 2028 5556 in
2051 5498 2146 5548 eo;

549 5551 670 5610 aliae
703 5551 768 5611 ac
793 5571 924 5612 mss.
955 5551 1222 5624 omittunt
1247 5553 1437 5617 Deum,
1468 5559 1523 5608 et
1548 5567 1647 5624 pro
1671 5552 1729 5608 in
1755 5569 1812 5608 eo
1843 5552 2069 5611 Amerb.
2092 5559 2149 5610 et

549 5625 772 5696 quidam
802 5642 934 5684 mss.
967 5623 1224 5692 efferunt,
1253 5624 1311 5679 in
1332 5639 1469 5680 eum.

621 5696 740 5768 (77)
772 5696 979 5755 Eadem
1009 5697 1170 5755 Rom.
1201 5696 1337 5756 edit.
1367 5696 1506 5764 sola,
1525 5694 1619 5768 qui
1647 5701 1781 5753 erat.

2180 4548 2228 4608 D

2266 3515 2408 3564 taret
2428 3508 2485 3563 in
2507 3508 2626 3580 ipso
2647 3524 2741 3580 per
2763 3507 2819 3563 id
2839 3509 2986 3581 quod
3002 3508 3269 3577 diximus,
3293 3526 3514 3566 omnem
3537 3510 3698 3567 illum
3720 3518 3865 3583 pote-

2265 3605 2460 3654 statem
2490 3597 2548 3652 in
2580 3613 2636 3653 se
2662 3596 2861 3654 habere
2887 3617 2899 3655 :
2924 3598 3031 3656 hoc
3058 3609 3160 3666 est,
3182 3601 3356 3655 Deum
3387 3617 3504 3656 esse
3525 3601 3863 3672 perfectum;

2266 3688 2361 3762 qui
2387 3687 2536 3744 enim
2567 3686 2684 3744 haec
2711 3689 2900 3744 omnia
2927 3705 3041 3746 non
3071 3688 3258 3758 habet,
3285 3706 3398 3746 non
3417 3698 3499 3746 est
3528 3693 3694 3748 Deus.

2340 3777 2522 3850 (Vers.
2556 3776 2672 3848 20.)
2719 3801 2736 3823 ι
2763 3777 2835 3832 Et
2873 3794 2970 3849 per
3019 3794 3144 3834 eum
3189 3779 3547 3835 reconciliare
3585 3779 3772 3836 omnia
3809 3779 3866 3836 in

2264 3867 2467 3939 ipsum,
2520 3865 2814 3938 paciﬁcans
2862 3882 2958 3938 per
2995 3867 3318 3939 sanguinem
3365 3868 3549 3924 crucis
3579 3867 3714 3939 ejus,
3749 3869 3869 3926 sive

2265 3972 2385 4028 quae
2421 3955 2480 4010 in
2510 3955 2665 4010 ccelis
2713 3963 2842 4010 sunt
2892 3954 3035 4027 (80),
3071 3955 3189 4012 sive
3230 3972 3350 4028 quas
3395 3956 3455 4012 in
3481 3955 3654 4012 terris.
3687 3981 3706 4003 ι
3751 3957 3869 4013 Hoc

2265 4053 2348 4101 est
2383 4045 2531 4118 quod
2561 4059 2723 4116 supra
2753 4044 3104 4113 memoravit,
3138 4043 3269 4118 quia
3306 4052 3368 4100 ut
3415 4061 3479 4101 ea
3507 4044 3712 4113 omnia,
3744 4062 3867 4118 qua

2264 4135 2416 4202 fecit,
2450 4150 2544 4206 per
2592 4133 2753 4189 illum
2805 4142 3154 4205 restauraret,
3212 4151 3338 4192 cum
3390 4151 3575 4190 errore
3627 4134 3862 4208 quodam

2263 4222 2574 4294 discrepare
2600 4219 2712 4294 jam
2746 4223 3040 4295 cmpissent
3063 4222 3132 4278 ab
3161 4221 3426 4291 invicem,
3457 4239 3559 4280 nec
3588 4240 3699 4280 non
3719 4232 3773 4280 et
3796 4223 3864 4280 ab

2263 4321 2484 4369 auctore
2526 4315 2632 4383 (est
2678 4312 2825 4368 enim
2865 4312 3047 4370 adhuc
3074 4328 3226 4368 error
3255 4311 3312 4367 in
3342 4313 3654 4370 carnalibus
3683 4315 3860 4386 cmlis)

2264 4400 2583 4458 humiliavit
2617 4418 2764 4469 eum,
2797 4401 3137 4458 incarnando
3176 4401 3358 4469 illum,
3388 4409 3452 4457 ut
3477 4400 3644 4457 homo
3688 4403 3865 4460 factus

2263 4491 2573 4548 ostenderet
2610 4508 2673 4549 ac
2715 4491 2935 4548 doceret
2964 4491 3241 4562 quomodo
3271 4497 3492 4562 possent
3527 4507 3611 4556 ea,
3651 4507 3774 4564 quae
3805 4491 3863 4547 in

2259 4583 2609 4639 ﬁrmamento
2638 4590 2786 4650 sunt,
2817 4584 2870 4638 et
2900 4597 3063 4653 super
3092 4589 3294 4638 terram
3326 4583 3672 4641 reconciliari
3704 4582 3862 4640 Crea-

2261 4672 2388 4729 tori.
2439 4673 2596 4739 Quod
2643 4680 2703 4727 ut
2749 4671 2817 4726 ad
2865 4671 3168 4744 perfectum
3217 4672 3560 4745 perduceret,
3597 4672 3780 4730 occidi
3807 4689 3864 4730 se

2259 4781 2448 4839 passus
2494 4773 2575 4820 est
2617 4770 2839 4836 propter
2879 4763 3160 4832 homines;
3196 4771 3258 4820 ut
3288 4781 3426 4837 quos
3453 4764 3598 4837 apud
3635 4781 3864 4838 superos

2257 4855 2540 4922 docuerat,
2563 4862 2831 4910 exeuntes
2861 4853 2991 4910 hinc
3019 4870 3050 4909 a
3080 4861 3256 4909 morte
3283 4853 3522 4911 secunda
3551 4853 3727 4910 teneri
3748 4869 3860 4910 non

2257 4943 2504 5016 possint;
2553 4950 2616 4999 ut
2663 4941 2915 4999 doctrina
2963 4940 3082 5012 ejus
3129 4942 3372 5000 fructum
3414 4942 3638 4998 haberet
3669 4942 3862 5015 primae

2257 5031 2650 5102 institutionis,
2690 5041 2744 5088 et
2788 5031 2973 5088 omnia
3003 5030 3146 5088 facta
3173 5048 3270 5104 per
3299 5031 3482 5105 ipsum
3510 5031 3770 5089 viverent
3799 5031 3859 5087 in

2330 5263 2448 5338 (78)
2478 5264 2645 5338 Rom1
2669 5259 2830 5338 edit.,
2861 5275 2967 5316 non
2995 5260 3129 5338 quid
3155 5259 3387 5338 eiusdem
3403 5261 3702 5338 communio
3728 5263 3866 5338 sub-

2255 5333 2455 5410 stantia
2501 5335 2589 5390 sit.
2624 5333 2782 5410 Infra
2816 5347 2953 5410 vero
2981 5349 3080 5410 pro
3108 5333 3167 5388 in
3197 5333 3311 5403 ipso
3339 5340 3602 5403 constant,
3635 5333 3696 5392 in
3721 5335 3864 5410 qui-

2255 5409 2487 5466 busdam
2520 5422 2648 5462 mss.
2682 5403 2902 5476 legitur,
2932 5403 3039 5476 ipsi
3064 5411 3326 5461 constant.

2329 5481 2446 5552 (79)
2492 5479 2572 5534 Ita
2606 5474 2756 5552 Avetf
2785 5474 2916 5552 edit.
2951 5474 3022 5552 ‘ac
3054 5492 3203 5552 mss.
3221 5494 3236 5544 ;
3268 5476 3404 5552 edit.
3456 5486 3642 5534 autem
3672 5480 3862 5552 Rom,

2255 5559 2303 5608 et
2331 5547 2388 5607 nt
2416 5547 2533 5623 ipsa
2556 5547 2922 5623 plenitudo....
2956 5548 3156 5623 injpso
3181 5550 3208 5604 ?
3254 5554 3302 5603 et
3330 5549 3385 5605 id
3410 5556 3509 5616 est,
3536 5552 3679 5620 quod
3700 5547 3862 5609 dici;

2255 5619 2461 5680 mus”;
2493 5619 2630 5677 in'se
2658 5619 2864 5685 habere,
2881 5619 3036 5689 quod
3061 5626 3158 5689 est,
3189 5625 3295 5677 etc.

2328 5695 2444 5770 (80)
2476 5694 2604 5755 Mss.
2638 5686 2919 5760 nonnulli;
2946 5691 3056 5748 sive
3081 5686 3199 5764 quis
3223 5690 3282 5747 in
3308 5687 3526 5746 excelsis
3552 5692 3703 5762 sunt.
