4108 6184
225 293 325 360 449

1270 277 1631 359 COMMENT.
1674 299 1746 357 IN
1781 277 2001 355 EPIST.
2044 297 2140 355 AD
2179 275 2456 356 coLoss.

3410 281 3514 360 £30

209 446 306 502 pso
332 429 483 502 quasi
513 428 570 484 iu
604 439 848 497 auctore,
879 428 1025 485 sicut
1042 427 1235 484 Petrus
1259 428 1462 484 fatetur
1487 427 1547 482 in
1570 425 1803 483 Actibus
1833 431 1884 490 Α
1915 432 1995 480 est
2023 432 2077 480 et
2105 423 2390 491 colendus,
2423 441 2524 481 nec
2567 424 2634 481 ad
2673 425 2823 483 hunc
2850 426 3207 485 astimaudus
3236 434 3320 483 est
3347 427 3514 499 quis-

205 521 570 596 apostolorum
602 520 750 590 (Act.
783 536 924 586 xvn,
957 517 1061 584 28;
1095 536 1178 586 in,
1212 519 1325 588 15).

275 608 452 678 (Vers.
482 608 573 677 21,
605 607 722 679 22.)
769 632 786 654 ι
814 607 886 662 Et
915 623 1014 663 vos
1028 607 1304 680 quondam
1334 605 1599 662 alienatos
1619 613 1673 660 et
1691 603 1796 658 ini-

202 699 372 756 micos
422 701 786 757 consiliorum
822 697 941 770 ejus
992 699 1050 754 in
1089 699 1348 771 operibus
1387 697 1614 770 iniquis,
1651 712 1800 750 nunc

200 801 377 849 autem
411 792 798 850 reconciliatos
832 790 888 845 in
920 807 1148 863 corpore
1177 791 1360 848 carnis
1388 791 1506 861 ejus
1535 805 1631 861 per
1661 804 1800 844 mor-

198 895 326 955 tem,
359 886 626 946 exhibere
663 896 877 959 oportet
919 904 1018 942 vos
1066 893 1285 943 sanctos
1329 893 1382 942 et
1422 883 1803 940 immaculatos

196 985 246 1033 et
279 976 698 1049 irreprehensos
726 978 784 1033 in
832 984 1132 1049 conspectu
1162 992 1282 1031 suo.
1315 1000 1332 1021 -
1387 973 1556 1039 Quale
1594 973 1799 1028 donum

193 1068 292 1124 Dei
320 1069 393 1125 sit
432 1085 559 1141 erga
601 1078 786 1140 gentes
817 1075 1108 1135 memorat,
1144 1075 1206 1122 ut
1238 1066 1486 1122 ostendat
1515 1080 1608 1119 eos
1637 1061 1803 1117 debi-

191 1162 362 1225 tores,
391 1165 447 1212 et
479 1157 704 1230 quidem
741 1157 999 1224 multum,
1041 1156 1099 1210 in
1145 1155 1454 1227 gratiarum.
1489 1150 1802 1209 actionibus

189 1245 292 1301 Dei
325 1265 339 1314 ;
363 1246 459 1319 qui
481 1263 606 1301 cum
635 1243 849 1300 inimici
870 1252 1046 1300 essent
1066 1242 1423 1299 consiliorum
1441 1238 1578 1311 ejus,
1602 1237 1804 1310 quibus

188 1333 442 1391 decrevit
471 1335 695 1390 visitare
711 1349 879 1405 genus
902 1331 1205 1386 humanum
1225 1347 1319 1402 per
1335 1329 1604 1384 famulum
1638 1342 1800 1380 suum

185 1423 442 1494 Moysen,
484 1421 642 1493 cujus
671 1422 984 1478 doctrinam
1030 1426 1084 1474 et
1131 1426 1452 1490 potestatem
1495 1432 1608 1470 non
1639 1429 1805 1470 rece-

188 1518 412 1584 perunt,
456 1509 642 1567 devoti
699 1510 864 1566 idolis
908 1508 1044 1576 suis,
1093 1506 1207 1563 imo
1259 1504 1520 1578 operibus
1551 1504 1799 1578 iniquis;

192 1601 565 1658 adoraverunt
607 1600 754 1656 enim
795 1615 960 1672 opera
1001 1615 1121 1664 sua,
1157 1614 1277 1670 qua
1324 1596 1618 1652 fecerunt:
1656 1599 1803 1658 266

191 1697 573 1754 misericordia
622 1703 806 1753 autem
855 1705 909 1752 et
955 1693 1308 1767 providentia
1353 1692 1454 1748 Dei
1510 1691 1806 1766 requisivit

187 1803 317 1843 eos:
369 1799 433 1846 ut
480 1786 719 1862 gratuito
746 1786 849 1842 Dei
892 1783 1123 1856 gratiam
1169 1791 1656 1855 consequerentur,
1705 1797 1803 1836 re-
1829 1791 1877 1852 Β

187 1876 426 1936 deuntes
474 1879 542 1936 ad
576 1895 704 1935 eum
753 1878 813 1933 in
852 1874 1189 1934 conscientia
1217 1873 1468 1941 munda;
1520 1879 1581 1928 ut
1621 1871 1678 1928 in
1712 1871 1802 1927 die

178 1968 392 2041 judicii
422 1968 556 2024 dum
587 1968 730 2024 nihil
762 1967 963 2024 erroris
993 1964 1195 2022 veteris
1226 1965 1573 2021 inveniretur
1604 1964 1660 2019 in
1692 1963 1799 2031 his,

181 2059 686 2131 adcorporarentur
713 2057 958 2114 Creatori
988 2072 1108 2124 suo,
1142 2054 1238 2128 qui
1277 2062 1340 2110 ut
1371 2053 1654 2127 prodesset
1687 2051 1802 2106 bu-

185 2162 362 2203 mano
389 2148 595 2219 generi,
634 2147 950 2202 incarnatus
980 2145 1147 2200 homo
1171 2144 1350 2200 factus
1375 2151 1479 2211 est,
1506 2151 1569 2199 ut
1596 2141 1655 2197 in
1686 2157 1800 2198 car-

185 2253 252 2294 ne
280 2253 388 2293 sua
413 2237 661 2292 vinceret
691 2243 946 2291 mortem.

256 2325 452 2397 (Vers.
498 2325 588 2394 23,
619 2325 735 2397 24.)
803 2351 820 2373 ι
852 2325 910 2381 Si
955 2323 1179 2398 quidem
1207 2320 1569 2395 perseveratis
1603 2320 1660 2376 in
1691 2319 1799 2376 ﬁde

187 2417 436 2486 fundati,
468 2415 693 2472 stabiles
716 2424 770 2472 et
791 2415 1103 2471 immobiles
1131 2431 1163 2470 a
1191 2431 1283 2486 spe
1317 2413 1624 2487 Evangelii,
1652 2412 1801 2487 quod

190 2507 456 2575 audistis,
486 2506 633 2579 quod
661 2505 1018 2578 pradicatum
1047 2512 1132 2560 est
1159 2506 1216 2559 in
1246 2505 1504 2560 universa
1524 2512 1795 2573 creatura,

194 2613 313 2671 qua
369 2595 472 2651 sub
519 2597 658 2652 calo
701 2603 802 2653 est.
838 2594 1009 2668 Cujus
1054 2596 1234 2652 factus
1280 2611 1402 2652 sum
1450 2610 1548 2668 ego
1596 2595 1800 2651 Paulus

194 2685 473 2752 minister,
503 2686 598 2757 qui
623 2701 772 2742 nunc
792 2684 1002 2758 gaudeo
1025 2684 1084 2740 in
1114 2683 1464 2757 passionibus
1495 2700 1594 2757 pro
1614 2682 1798 2751 vobis,

194 2785 248 2832 et
275 2776 512 2848 suppleo
558 2775 819 2850 reliquias
863 2792 1240 2848 pressurarum
1289 2775 1497 2834 Christi
1544 2775 1605 2830 in
1633 2789 1804 2830 carne

195 2880 318 2922 mea
362 2883 463 2938 pro
501 2882 728 2940 corpore
755 2865 894 2938 ejus,
925 2866 1072 2941 quod
1119 2875 1201 2924 est
1228 2865 1496 2922 Ecclesia.
1531 2891 1549 2913 ι
1602 2865 1666 2921 In
1693 2864 1802 2919 tri-

199 2952 603 3025 bulationibus,
636 2973 772 3030 quas
799 2957 1130 3029 patiebatur,
1159 2957 1438 3012 exsultare
1466 2970 1524 3009 se
1552 2953 1756 3009 fatetur
1787 2969 1802 3019 ;

198 3048 331 3120 quia
352 3049 660 3121 profectum
690 3065 853 3105 suum
873 3047 1028 3104 videt
1065 3049 1126 3103 in
1154 3046 1263 3102 ﬁde
1297 3044 1660 3102 credentium.
1679 3041 1802 3097 Non

194 3146 278 3194 est
327 3139 478 3194 enim
527 3138 710 3193 inanis
759 3137 1070 3204 tribulatio,
1115 3134 1337 3206 quando
1379 3149 1505 3189 eum
1559 3149 1656 3204 pro
1697 3147 1806 3205 quo
1839 3156 1884 3218 ρ

193 3229 430 3299 patitur,
477 3227 717 3299 acquirit
755 3227 824 3282 ad
861 3227 1056 3282 vitam.
1099 3225 1245 3293 Quas
1284 3227 1559 3299 passiones
1589 3225 1808 3283 Christo

192 3315 343 3374 dicit
374 3315 593 3383 inferri,
623 3313 780 3386 cujus
809 3317 1001 3389 utique
1029 3315 1337 3372 doctrinam
1369 3323 1803 3388 persequuntur;

188 3411 260 3460 ut
291 3410 351 3457 et
386 3401 623 3474 perﬁdos
658 3413 846 3476 gravet
875 3404 1178 3476 impietatis
1227 3421 1337 3460 sua
1367 3404 1714 3472 credulitate,
1755 3410 1808 3459 et

191 3491 464 3548 ﬁdelibus
492 3494 590 3550 Dei
615 3495 874 3566 pradicet
903 3493 1254 3563 cbaritatem,
1275 3494 1432 3566 cujus
1454 3494 1630 3550 Filius
1658 3509 1808 3550 nunc

193 3600 378 3658 usque
410 3583 643 3656 injurias
674 3588 886 3658 patitur
915 3602 1014 3658 pro
1040 3586 1220 3642 nobis.
1252 3585 1412 3641 Nunc
1441 3585 1610 3657 igitur
1637 3584 1804 3641 intel-

200 3676 296 3748 ligi
345 3675 470 3731 vult
503 3691 608 3749 qua
640 3692 803 3733 causa
844 3677 1039 3733 scribit
1078 3676 1147 3732 ad
1178 3693 1290 3745 eos,
1330 3692 1456 3732 cum
1487 3675 1652 3732 dicit:
1702 3701 1720 3723 ι
1750 3674 1809 3731 Si

201 3775 386 3823 tamen
418 3768 779 3838 perseveratis
806 3769 866 3824 in
886 3767 994 3824 ﬁde
1015 3766 1231 3823 fundati
1258 3786 1310 3834 ;ι
1353 3774 1416 3822 ut
1443 3765 1650 3822 scirent
1676 3775 1810 3825 tunc

207 3855 465 3928 prodesse
512 3857 618 3914 sibi
648 3859 959 3930 passionem
1000 3856 1233 3925 Christi,
1278 3857 1324 3913 si
1357 3857 1416 3912 in
1445 3865 1666 3930 accepta
1700 3857 1809 3914 ﬁde

153 4013 162 4027 '
208 3953 510 4002 manerent.
543 3947 756 4004 Idcirco
787 3947 934 4004 enim
968 3945 1370 4019 omnipotentia
1407 3946 1808 4018 magnitudinis

207 4043 408 4106 quanta
447 4035 522 4092 sit
571 4034 804 4104 Christi,
833 4043 889 4092 et
919 4052 1085 4108 quam
1116 4034 1358 4103 inﬁnita,
1403 4035 1471 4091 ab
1511 4035 1674 4090 initio
1702 4034 1810 4090 de—

206 4124 459 4192 claravit,
504 4133 567 4181 ut
591 4125 812 4182 doceret
852 4124 911 4179 in
951 4123 1072 4196 ipso
1101 4124 1219 4180 solo
1250 4138 1402 4194 spem
1449 4121 1760 4194 ponendam
1792 4141 1806 4192 ;

207 4217 330 4291 quia
382 4217 562 4290 ipsius
613 4226 744 4274 sunt
789 4215 1000 4286 omnia,
1057 4224 1111 4272 et
1160 4214 1290 4288 quia
1334 4214 1478 4270 nihil
1525 4219 1645 4269 sine
1691 4214 1810 4288 ipso

209 4315 384 4380 potest
419 4307 628 4376 vivere,
660 4321 838 4378 neque
868 4306 928 4360 in
958 4305 1133 4373 calis,
1168 4319 1347 4376 neque
1370 4303 1427 4357 in
1456 4303 1636 4359 terris.
1668 4303 1812 4357 Ante

210 4413 398 4456 omnes
436 4399 587 4456 enim
621 4407 722 4469 est,
755 4406 810 4455 et
837 4403 1036 4456 cuncta
1064 4396 1122 4450 in
1152 4394 1271 4467 ipso
1301 4403 1574 4463 constant,
1605 4394 1733 4467 quia
1753 4394 1811 4448 in

211 4490 473 4547 omnibus
499 4488 614 4561 ipse
645 4489 946 4562 primatum
970 4493 1117 4544 tenet
1143 4503 1157 4554 ;
1191 4494 1253 4542 ut
1284 4485 1331 4540 si
1362 4484 1485 4558 quis
1514 4483 1680 4541 alicui
1709 4485 1813 4539 ele-

213 4596 530 4643 mentorum
559 4592 656 4641 aut
685 4586 1028 4658 angelorum,
1060 4583 1150 4640 vel
1177 4583 1516 4638 Potestatum
1550 4579 1812 4637 devotum

214 4696 266 4738 se
301 4682 507 4739 debere
556 4696 672 4737 esse
729 4687 900 4753 putet,
957 4694 1137 4736 errare
1192 4693 1249 4734 se
1305 4676 1459 4734 sciat.
1522 4675 1624 4731 Hic
1668 4673 1816 4730 enim

216 4778 350 4824 unus
413 4775 496 4822 est
550 4768 729 4823 Filius
781 4767 901 4834 Dei,
951 4773 1117 4838 caput
1163 4763 1348 4821 omnis
1385 4763 1726 4837 principatus
1763 4772 1817 4820 et

216 4849 498 4938 principii,
528 4863 688 4936 cujus
720 4863 1083 4935 Evangelium
1110 4863 1469 4935 pradicatum
1503 4872 1584 4920 est
1613 4863 1670 4918 in
1700 4869 1818 4918 toto

219 4962 445 5029 mundo,
477 4960 750 5035 incipiens
770 4977 801 5016 a
829 4961 1035 5031 Moyse,
1070 4960 1167 5033 qui
1195 4959 1342 5015 dixit
1362 4959 1566 5015 Judais
1592 4977 1603 5014 :
1645 4957 1820 5025 «Quia

219 5049 544 5126 Prophetam
575 5052 734 5108 vobis
760 5051 1050 5108 suscitabit
1076 5053 1350 5108 Dominus
1372 5053 1517 5108 Deus
1547 5059 1725 5108 vester
1749 5067 1819 5107 ex

223 5138 484 5199 fratribus
512 5143 732 5211 vestris,
763 5149 1024 5214 tanquam
1055 5158 1162 5198 me.
1203 5144 1385 5212 Ipsum
1419 5141 1681 5208 audietis;
1713 5140 1820 5197 erit

225 5232 388 5301 enim,
440 5232 756 5306 quicunque
803 5247 915 5287 nou
975 5229 1211 5286 audierit
1259 5231 1581 5303 prophetam
1634 5231 1816 5299 illum,

226 5321 685 5377 exterminabitur
725 5321 794 5377 de
834 5319 992 5392 plebe
1041 5319 1220 5391 (Deut.
1261 5321 1454 5389 κνιιῇ
1488 5322 1576 5388 15,
1630 5319 1743 5391 19).
1789 5345 1808 5368 ι

227 5404 374 5465 Unde
426 5409 699 5466 Dominus
738 5409 816 5464 ait
863 5407 1102 5465 Judais:
1150 5432 1168 5455 ι
1197 5406 1337 5473 Quia
1375 5409 1592 5482 Moyses
1636 5409 1704 5465 de
1734 5424 1821 5463 me

230 5499 444 5572 scripsit
475 5500 658 5572 (Joan.
691 5517 750 5568 v,
795 5498 914 5571 46).
946 5523 965 5548 ι
1005 5499 1196 5570 Itaque
1224 5495 1317 5552 hic
1345 5513 1488 5554 unus
1516 5497 1822 5555 audiendus

260 5674 270 5684 .
300 5605 654 5684 (81)”0mues
680 5605 818 5684 edit.
860 5612 914 5661 et
942 5604 1164 5684 quidam
1200 5619 1378 5684 mss.,_
1401 5604 1510 5684 pitu
1538 5604 1820 5679 inﬁdelita‘

235 5676 335 5742 (ἐκ
365 5676 460 5734 alii
489 5679 673 5752 plures
706 5676 1079 5751 potioresque,
1110 5677 1251 5735 victa
1283 5676 1589 5749 inﬁdelitas.

1838 4535 1886 4593 D

1912 528 2076 586 quam
2109 531 2122 577 ;
2157 513 2287 586 quia
2317 511 2410 584 qui
2442 520 2606 584 caput
2630 522 2800 584 tenet,
2833 515 3100 588 reliquam
3132 523 3338 587 partem
3370 514 3513 570 sub-

1901 607 2109 680 jectam
2140 601 2323 657 habet.
2355 603 2491 657 Nam
2523 602 2619 674 qui
2667 620 2724 660 se
2747 604 3008 676 subjectis
3049 604 3328 672 bumiliat,
3361 611 3512 660 totus

1908 699 2089 758 errat;
2137 693 2266 764 quia
2313 708 2424 747 non
2474 700 2666 749 tenens
2714 704 2874 766 caput
2906 703 3136 752 truncus
3165 702 3267 762 est,
3303 708 3372 747 ex
3401 708 3510 765 quo

1911 786 2093 835 totum
2125 797 2322 852 corpus
2351 781 2672 837 continetur
2699 783 2766 838 ad
2793 783 2985 840 vitam.

1986 870 2168 941 (Vers.
2213 871 2302 940 25,
2350 872 2464 943 26.)
2509 896 2526 918 ε
2560 871 2730 943 Cujus
2760 873 2937 929 factus
2966 856 3084 928 suin
3132 890 3229 947 ego
3258 872 3514 928 minister

1912 959 2213 1014 secundum
2245 960 2709 1032 dispensationem
2740 962 2861 1029 Dei,
2887 979 3007 1034 qua
3035 961 3162 1016 data
3183 971 3264 1018 est
3285 961 3423 1016 mihi
3455 961 3514 1016 in

1911 1063 2031 1114 vos,
2063 1047 2131 1102 ad
2181 1049 2526 1120 implendum
2557 1049 2786 1106 verbum
2836 1050 2934 1105 Dei
2975 1050 3034 1105 in
3075 1050 3339 1122 mysterio
3368 1048 3515 1120 quod

1911 1134 2295 1192 absconditum
2327 1139 2436 1194 fuit
2469 1155 2500 1192 a
2527 1140 2743 1195 saculis
2769 1139 3122 1207 saculorum,
3153 1147 3206 1194 et
3234 1155 3267 1194 a
3295 1152 3514 1209 genera-

1911 1223 2179 1280 tionibus.
2202 1250 2220 1272 ι
2264 1227 2580 1283 Ministrum
2603 1228 2810 1284 factum
2831 1244 2888 1284 se
2911 1244 3028 1284 esse
3054 1225 3343 1299 Evangelii
3371 1225 3515 1280 inter

1913 1323 2098 1385 gentes
2126 1332 2157 1370 a
2184 1317 2299 1372 Deo
2328 1332 2423 1387 per
2447 1316 2728 1374 Christum
2759 1333 2886 1373 cum
2917 1315 3122 1373 ﬁducia
3153 1313 3421 1388 loquitur,
3457 1322 3513 1369 ut

1912 1403 2242 1474 mysterium
2271 1414 2512 1476 captum
2553 1421 2586 1460 a
2623 1405 2860 1462 Domino
2890 1422 2985 1477 per
3012 1405 3273 1460 idoneum
3303 1411 3358 1458 et
3387 1402 3517 1457 eﬁi-

1913 1506 2094 1547 cacem
2125 1509 2346 1549 servum
2392 1495 2567 1567 possit
2614 1494 2854 1567 impleri,
2895 1493 3042 1567 quod
3070 1494 3320 1566 ignotum
3349 1490 3456 1547 fuit
3483 1507 3518 1548 a

1913 1580 2150 1638 saeculis.

1987 1669 2170 1740 (Vers.
2190 1671 2281 1741 27,
2313 1672 2429 1745 28.)
2466 1696 2485 1720 ι
2511 1673 2672 1730 Nunc
2692 1689 2824 1730 vero
2843 1673 3178 1730 declaratum
3201 1681 3284 1730 est
3310 1673 3519 1730 sanctis

1915 1757 2050 1830 ejus,
2083 1762 2284 1833 quibus
2317 1764 2497 1820 voluit
2541 1765 2688 1820 Deus
2717 1763 3093 1821 demonstrare
3130 1780 3251 1837 qua
3279 1763 3392 1819 sint
3420 1761 3518 1817 di-

1913 1850 2064 1905 vitia
2099 1851 2397 1924 majestatis
2451 1853 2701 1927 mysterii
2736 1854 2836 1910 Dei
2884 1854 2943 1910 in
2995 1853 3336 1921 nationibus,
3367 1850 3515 1924 quod

1911 1945 1992 1993 est
2026 1939 2280 1999 Christus
2311 1944 2370 1999 in
2400 1944 2558 2000 vobis
2587 1961 2710 2016 spes
2741 1942 2948 2016 gloria,
2982 1959 3141 2015 quem
3174 1958 3273 1998 nos
3303 1956 3515 1996 annun-

1911 2026 2135 2088 tiamus.
2169 2057 2188 2080 ι
2241 2032 2566 2103 Mysterium
2601 2033 2748 2105 quod
2794 2031 2955 2088 latuit
2995 2048 3027 2087 a
3073 2031 3314 2098 saeculis,
3350 2028 3514 2085 modo

1911 2120 2215 2178 l'evelatum
2231 2121 2442 2191 asserit,
2461 2120 2519 2176 id
2539 2129 2639 2190 est,
2663 2129 2908 2194 tempore
2928 2122 3299 2194 apostolorum
3321 2127 3514 2176 osten-

1911 2226 2066 2278 sum;
2118 2212 2248 2284 quia
2290 2218 2344 2266 et
2391 2218 2576 2284 gentes
2624 2209 2978 2266 admittenda
3027 2218 3206 2266 essent
3261 2208 3381 2264 sine
3409 2208 3513 2264 cir-

1910 2299 2252 2356 cumcisione
2290 2298 2471 2356 carnis
2511 2299 2580 2356 ad
2610 2298 2775 2355 fidem
2817 2297 3046 2367 Christi,
3078 2298 3173 2371 qui
3213 2297 3515 2370 promissus

1911 2397 2029 2444 erat
2070 2388 2293 2445 Judais.
2338 2387 2497 2444 Prius
2541 2387 2690 2444 enim
2735 2395 2863 2444 ante
2909 2386 3356 2462 pradicatiouem
3386 2383 3515 2442 ﬁdei

1911 2480 2238 2537 circumcidi
2265 2479 2586 2536 mandatum
2617 2489 2700 2537 est
2745 2480 2994 2553 gentiles,
3026 2481 3075 2536 si
3103 2478 3412 2535 voluissent
3447 2476 3517 2533 ad

1913 2570 2090 2642 legem
2133 2570 2425 2627 accedere:
2460 2588 2610 2627 nunc
2636 2578 2822 2625 autem
2865 2569 3246 2626 misericordia
3281 2567 3404 2635 Dei,
3437 2567 3516 2622 ita

1912 2671 1973 2718 ut
1999 2672 2149 2732 sunt,
2181 2661 2384 2734 suscipi
2398 2662 2539 2733 jussi
2570 2668 2700 2717 sunt
2733 2660 2801 2716 ad
2831 2659 3015 2715 ﬁdem.
3038 2660 3197 2727 Quod
3224 2658 3516 2730 indignum

1913 2752 2210 2824 putabatur
2253 2751 2475 2818 Judais,
2535 2759 2599 2806 ut
2652 2751 2904 2808 Christus
2933 2739 3018 2804 'in
3064 2765 3172 2821 quo
3228 2765 3350 2820 spes
3404 2755 3519 2803 erat

1914 2839 2252 2911 Iudaeorum,
2307 2837 2473 2900 etiam
2523 2846 2712 2915 gentes
2758 2835 3051 2914 participes
3078 2837 3284 2895 faceret
3329 2834 3516 2908 gloria

1913 2949 2047 2990 8118.
3413 2942 3418 2948 ’

1994 3022 2180 3093 (Vers.
2213 3022 2328 3096 29.)
2374 3047 2393 3072 ι
2421 3023 2706 3082 Monentes
2733 3039 2953 3082 omnem
2985 3018 3290 3092 hominem,
3319 3029 3374 3078 et
3402 3015 3517 3077 do-

1915 3119 2101 3167 centes
2147 3111 2206 3168 in
2254 3111 2406 3169 omni
2457 3115 2744 3186 sapientia,
2794 3125 2857 3172 ut
2908 3115 3267 3172 exbibeamus
3295 3129 3516 3170 omnem

1917 3199 2201 3257 hominem
2257 3203 2560 3275 perfectum
2603 3205 2664 3260 in
2710 3204 2932 3261 Christo
2975 3223 2986 3260 :
3041 3204 3102 3260 in
3145 3220 3256 3278 quo
3303 3202 3514 3271 laboro,

1916 3297 2134 3346 certans
2158 3291 2462 3347 secundum
2483 3294 2856 3365 operationem
2885 3293 3079 3364 ipsius,
3110 3310 3232 3366 qua
3259 3299 3517 3364 operatur

1916 3380 1976 3436 in
2007 3397 2096 3438 me
2142 3383 2202 3438 in
2232 3383 2459 3440 virtute.
2493 3409 2511 3433 ι
2556 3385 2710 3442 Hanc
2749 3386 2888 3442 dicit
2916 3401 3101 3441 veram
3148 3400 3263 3440 esse
3291 3383 3516 3454 sapien-

1916 3473 2072 3543 tiam,
2105 3491 2225 3548 qua
2255 3485 2339 3534 est
2367 3477 2423 3533 in
2455 3477 2750 3549 disciplina
2777 3478 3089 3546 Dominica,
3119 3492 3245 3533 cum
3274 3477 3516 3550 agnosci-

1917 3569 2008 3618 tur
2037 3561 2312 3624 Christus.
2350 3567 2510 3635 Quod
2529 3585 2586 3625 se
2605 3568 2788 3641 ipsum
2806 3568 3134 3641 Apostolum
3164 3583 3360 3641 magna
3386 3584 3511 3624 cum

1917 3673 2049 3714 cura
2090 3673 2246 3731 agere
2289 3666 2560 3729 testatur;
2604 3669 2666 3716 ut
2694 3659 2953 3717 erudiens
2985 3676 3203 3716 omnem
3234 3659 3515 3716 hominem

1917 3747 1976 3803 in
2006 3745 2111 3805 hac
2136 3749 2424 3821 sapientia,
2475 3757 2922 3806 consummatum
2951 3766 3078 3807 eum
3106 3750 3367 3807 exhibeat
3403 3751 3516 3806 Deo

1918 3843 1977 3898 in
2019 3843 2360 3900 intellectum
2400 3843 2627 3914 Christi,
2653 3853 2713 3900 ut
2743 3846 3067 3918 mysterium
3117 3844 3423 3902 nativitatis
3447 3859 3518 3899 ex

1917 3934 2050 4000 Deo,
2104 3942 2157 3989 et
2193 3933 2501 3990 nativitatis
2546 3951 2616 3991 ex
2657 3935 2826 3992 Maria
2872 3943 2927 3991 et
2972 3935 3148 3992 totius
3174 3933 3354 4006 operis
3398 3931 3517 4002 ejus

1917 4022 2223 4080 calestium
2253 4031 2307 4078 et
2334 4023 2676 4079 terrestrium
2716 4033 3054 4097 assequatur.
3086 4021 3255 4094 Cujus
3284 4022 3362 4076 rei
3402 4035 3514 4075 cer-

1918 4118 2102 4168 tamen
2132 4122 2325 4169 contra
2349 4113 2587 4185 perﬁdos
2616 4113 2816 4171 habere
2843 4129 2901 4168 se
2932 4112 3201 4184 loquitur,
3231 4107 3513 4178 adjuvan-

1921 4205 2071 4263 tibus
2097 4207 2270 4279 signis
2312 4207 2583 4263 virtutum
2617 4225 2629 4262 :
2663 4214 2724 4261 ut
2755 4220 2848 4277 per
2878 4203 2996 4258 hac
3021 4203 3170 4256 victa
3214 4197 3513 4253 inﬁdelitas

1924 4298 2040 4371 (81)
2073 4300 2485 4372 comprimatur.
2510 4298 2617 4365 Qui
2645 4297 2794 4352 enim
2827 4294 3010 4350 verbis
3039 4290 3344 4348 subtilitate
3371 4306 3517 4364 qua-

1920 4378 2045 4444 dam
2071 4389 2360 4445 diabolica
2389 4387 2644 4443 versutia
2673 4401 2838 4441 ausus
2872 4393 2954 4442 est
2980 4383 3376 4453 contradicere,
3409 4397 3513 4454 pu-

1921 4479 2053 4537 dore
2081 4491 2378 4551 correctus,
2408 4495 2627 4537 necesse
2656 4485 2737 4536 est
2764 4477 2923 4535 cedat
2947 4476 3168 4535 virtuti.

2473 4640 2616 4701 267
2645 4631 2874 4695 CAPUT
2902 4631 2972 4693 II.

1999 4765 2181 4839 (Vers.
2216 4763 2266 4832 1,
2315 4763 2370 4831 2,
2409 4763 2489 4833 3.)
2541 4789 2559 4810 ι
2587 4763 2730 4819 Volo
2760 4762 2909 4817 enim
2938 4777 3038 4817 vos
3066 4760 3228 4830 scire,
3258 4766 3516 4834 quantum

1926 4853 2355 4913 sollicitudinem
2401 4851 2629 4908 habeam
2682 4868 2781 4924 pro
2834 4850 3013 4922 vobis,
3054 4859 3108 4907 et
3153 4867 3254 4924 pro
3303 4849 3391 4906 his
3421 4849 3518 4923 qui

1926 4937 2204 5003 Laodicea
2257 4951 2405 5011 sunt,
2461 4951 2514 4998 et
2560 4950 2830 5016 quotquot
2874 4957 2986 4997 non
3026 4939 3286 4996 viderunt
3325 4938 3520 4994 faciem

1926 5053 2102 5093 meam
2145 5037 2203 5092 in
2249 5050 2448 5103 carne;
2496 5043 2558 5090 ut
2588 5032 3018 5090 consolationem
3056 5029 3330 5102 accipiant
3356 5026 3523 5084 corda

1929 5142 2138 5193 eorum,
2165 5141 2292 5182 cum
2322 5125 2528 5182 fuerint
2556 5122 2816 5179 instructi
2851 5121 2909 5177 in
2937 5120 3204 5178 charitate
3241 5117 3301 5172 in
3330 5132 3522 5172 omnes

1928 5215 2152 5272 divitias
2183 5214 2543 5286 plenitudinis
2572 5213 2907 5282 intellectus,
2936 5212 3005 5268 ad
3034 5209 3371 5282 agnitionem
3405 5221 3521 5276 my-

1925 5311 2076 5369 sterii
2107 5310 2205 5367 Dei
2255 5310 2312 5366 in
2343 5309 2563 5366 Christo
2593 5308 2733 5380 (82),
2768 5309 2824 5366 in
2853 5326 2964 5382 quo
3005 5315 3135 5364 sunt
3177 5320 3368 5362 omnes
3409 5299 3521 5355 the-

1926 5403 2074 5460 sauri
2120 5401 2402 5476 sapientia
2455 5408 2510 5457 et
2557 5400 2801 5457 scientia
2852 5398 3183 5456 absconditi.
3219 5420 3236 5445 ι
3301 5392 3422 5447 Non
3466 5402 3522 5443 se

1927 5498 2113 5553 minus
2148 5495 2450 5554 sollicitum
2479 5511 2578 5568 pro
2616 5493 2705 5550 his
2737 5510 2874 5567 quos
2903 5493 2961 5548 in
2986 5506 3148 5548 carne
3183 5485 3412 5543 minime
3443 5483 3520 5538 vi-

2002 5605 2120 5678 (82)
2156 5605 2314 5663 Rom.
2347 5602 2481 5661 edit.
2511 5601 2748 5678 mysterii
2775 5601 2952 5678 Qeiget
2984 5595 3167 5654 Patris
3197 5593 3254 5648 in
3289 5589 3519 5649 Christo.

1933 5669 2017 5734 Et
2036 5669 2204 5746 infra,
2230 5674 2547 5735 sacramenti
2568 5669 2677 5731 Dei
2709 5679 2758 5728 et
2786 5669 3004 5728 Patris.
