2054 3092
272 118 323 155 tat

784 115 833 149 ΑΙ)
852 119 969 149 ΟΡΕΒΑ
988 120 1016 148 S.
1037 113 1205 148 AMBROSII
1223 115 1414 147 ΑῬΡΕΝΒῘΧ.

1870 112 1927 145 452

273 192 324 225 dit,
341 198 422 227 quam
437 197 487 225 pro
502 189 558 216 illis
574 191 632 216 erat
647 186 748 224 quibus
761 193 880 222 praesens
894 184 1069 221 praedicabat,
1088 190 1112 219 Α
1128 183 1224 212 mundi
1238 187 1296 212 arte
1310 183 1426 220 quadam
1451 186 1479 210 et
1501 181 1627 227 minutiis
1649 180 1872 227 disputationum
1893 181 1929 209 ir-

273 239 389 265 testatur
402 243 408 267 ;
426 238 457 262 ut
470 233 573 261 scirent
589 240 645 260 non
666 232 772 260 minore
786 231 889 259 aﬂ'ectu
902 230 981 266 diligi
995 238 1024 258 se
1037 230 1072 258 ab

273 290 316 316 eo,
332 281 396 317 quia
410 288 456 307 eos
474 287 531 307 non
546 278 662 312 viderat,
680 285 761 314 quam
777 280 890 305 caeteros
911 276 985 313 apud
1004 284 1072 313 quos

273 329 340 360 erat,
357 324 509 361 diligebat;
523 328 554 353 ut
575 324 681 352 foveret
704 323 811 350 animos
830 330 924 350 eorum
940 321 969 349 in
984 321 1071 349 chari-

272 375 338 406 tate,
354 375 381 399 et
396 370 518 407 prompti
528 370 626 398 ﬁerent
636 377 683 405 per
693 367 848 404 epistolam,
863 371 890 395 et
903 366 1072 403 agnitionem

272 418 427 454 acciperent
447 416 610 446 sacramenti
629 415 679 444 Dei
702 415 731 443 in
755 414 875 448 Christo,
900 413 1072 442 advertentes

273 462 322 491 has
336 471 394 491 esse
409 463 549 498 sapientiae
573 465 600 490 et
623 462 745 490 scientia
759 460 882 495 divitias,
907 459 930 487 si
945 466 1072 495 agnosca-

272 513 317 537 tur
332 509 458 538 Christus
472 509 501 537 in
520 508 631 537 deitatis
645 516 701 536 sua;
715 506 888 543 plenitudine
903 504 1071 534 adorandus.

272 554 359 583 Omne
374 554 460 592 igitur
474 554 637 591 mysterium
662 552 825 583 sacramenti
839 552 890 581 Dei
912 552 941 579 in
962 550 1072 580 Christo

271 604 321 628 est.
339 601 391 629 Hic
405 604 445 628 est
460 600 534 628 enim
556 608 639 634 unus,
657 600 686 628 in
705 608 759 636 quo
774 598 865 627 omnis
879 602 1003 627 creatura
1018 596 1072 625 nisi

272 646 433 681 speraverit,
454 645 575 681 peribit;
592 649 623 673 ut
644 646 769 673 omnium
785 644 909 680 potentia
928 643 958 671 in
979 651 1011 671 eo
1026 642 1071 676 sit,

271 694 303 718 ut
317 689 364 726 qui
380 690 520 726 cognoscit
533 690 629 724 istum,
638 693 802 718 cunctorum
814 696 983 726 quaecunque
996 691 1072 721 sunt,

271 736 458 772 cognitionem
487 736 616 765 videatur
639 736 749 770 habere,
775 743 826 763 nec
848 735 981 765 colendus
1003 734 1073 762 alius

271 786 370 819 praeter
384 782 459 810 hunc
474 782 631 819 requiratur
645 792 651 815 ;
668 783 733 819 quia
747 782 872 810 omnium
887 780 1072 818 potentiarum

272 828 362 856 virtus
378 828 407 856 in
422 836 454 856 eo
477 832 537 862 est;
555 837 589 856 ex
612 829 672 864 ipso
685 828 760 856 enim
775 827 876 855 habent
891 835 986 855 omnes
1001 826 1072 862 (83).

274 876 351 905 Unus
366 876 440 904 enim
455 884 518 904 cum
542 876 590 909 sit,
607 876 700 904 omnia
715 879 805 912 potest
821 884 827 904 :
844 883 927 912 quare
949 879 977 903 et
992 877 1074 910 caput
1088 875 1112 905 B

272 922 396 949 omnium
413 920 526 955 dicitur,
542 925 573 949 ut
587 929 635 957 per
649 921 739 957 ipsum
755 928 850 949 omnes
864 920 1010 949 subsistere
1025 920 1074 947 vi—

272 965 398 994 deantur.
424 966 512 1002 Digne
534 974 597 1003 ergo
622 975 717 995 omnes
738 966 862 994 thesauri
887 965 1027 1001 sapientiae
1047 969 1074 993 et

272 1012 393 1041 scientiae
415 1013 444 1040 in
470 1021 503 1041 eo
530 1012 662 1042 dicuntur
685 1012 852 1041 absconditi.
881 1011 977 1040 Omnis
1000 1010 1072 1039 enim

271 1057 393 1086 scientiae
414 1058 485 1085 ratio
509 1058 595 1086 totius
618 1061 750 1086 creaturae
775 1064 900 1093 superna;
917 1060 944 1084 et
959 1060 1074 1084 terrenae

272 1103 301 1131 in
315 1112 347 1132 eo
362 1104 398 1132 sit
412 1107 528 1140 oportet,
544 1104 592 1141 qui
603 1104 728 1132 omnium
742 1112 838 1132 eorum
853 1106 935 1139 caput
949 1107 1000 1137 est,
1015 1102 1074 1130 sive

272 1150 441 1185 angelorum,
459 1149 516 1177 sive
531 1149 607 1184 solis,
623 1150 681 1177 sive
694 1150 777 1183 lunae,
793 1148 851 1177 sive
863 1148 1015 1182 stellarum,
1028 1152 1075 1176 aut

271 1198 431 1223 ceterarum
449 1203 552 1229 rerum,
566 1195 657 1223 omnis
671 1194 793 1223 scientias
804 1194 903 1230 peritia
918 1194 947 1221 in
963 1196 1074 1221 auctore

272 1239 383 1267 illorum
401 1242 458 1273 est;
474 1243 504 1267 ut
528 1239 576 1276 qui
592 1239 667 1268 hunc
690 1239 824 1275 agnoscit,
848 1238 919 1266 nihil
938 1238 1012 1266 ultra
1034 1246 1073 1265 re-

271 1283 373 1320 quirat,
395 1292 446 1312 nec
461 1283 634 1320 sapientiam,
649 1292 700 1313 nec
713 1284 857 1318 virtutem,
879 1283 945 1320 quia
959 1284 1073 1320 agnovit

274 1340 348 1366 eum,
364 1332 394 1359 in
415 1341 470 1369 quo
495 1332 615 1368 perfecta
629 1332 728 1367 virtus,
745 1332 918 1369 perfectaque
940 1332 1074 1368 sapientia

271 1381 321 1406 est.
350 1376 491 1415 Quidquid
521 1377 595 1406 enim
624 1377 691 1406 alibi
719 1386 747 1405 se
769 1377 908 1413 putaverit
936 1377 1073 1412 invenire,

271 1423 351 1458 plene
375 1423 405 1450 in
419 1426 446 1450 et
454 1423 507 1451 hoc
521 1423 629 1451 abunde
646 1422 780 1451 inveniet.
796 1423 864 1451 Nam
886 1422 953 1459 quid
969 1422 1073 1459 sapien-

271 1469 328 1496 tius
351 1468 498 1496 Salomone
510 1468 524 1496 7
548 1468 614 1504 quid
638 1468 802 1503 prudentius
822 1468 960 1496 Daniele?
974 1469 1074 1505 quibus

272 1513 377 1541 idcirco
400 1514 474 1541 Deus
497 1521 552 1548 pra:
567 1513 672 1541 caeteris
695 1513 857 1549 sapientiam
877 1514 963 1549 dedit,
980 1519 1010 1543 ut
1025 1523 1072 1543 no-

1126 228 1209 256 retire
1223 228 1344 264 gestiunt
1357 227 1526 264 simplicium
1540 226 1647 254 animos
1661 234 1668 259 ;
1680 229 1712 253 ut
1726 225 1834 253 ratione
1849 233 1932 253 mun-

1126 272 1259 301 danarum
1282 281 1374 301 rerum
1399 271 1560 300 abstrahant
1578 278 1624 298 eos
1644 278 1659 297 a
1675 277 1734 305 spe,
1752 277 1813 306 quae
1838 273 1881 298 est
1901 270 1931 298 in

1126 318 1246 347 Christo.
1262 317 1340 346 Unde
1354 318 1504 354 Apostolus
1518 316 1617 353 spiritu
1632 324 1660 343 se
1671 315 1730 343 illic
1744 314 1838 343 adesse
1849 314 1930 350 dicit,

1126 366 1158 390 ut
1179 362 1361 390 reverentiam
1388 361 1447 397 ejus
1470 365 1532 389 ante
1555 361 1650 389 oculos
1672 359 1815 394 habentes,
1839 359 1933 388 absti-

1126 410 1224 435 nerent
1239 415 1268 434 se
1280 406 1314 434 ab
1329 405 1489 441 hujusmodi
1504 405 1674 434 hominibus.
1687 404 1715 432 Si
1725 405 1800 432 enim
1815 405 1934 441 spiritus

1126 451 1219 480 ΕΠδωὶ
1234 451 1373 488 prophetae
1393 451 1464 479 vidit
1479 450 1604 478 fraudem
1618 449 1693 478 Giezi
1707 449 1799 478 euntis
1814 449 1849 478 ad
1863 450 1933 478 Naa-

1128 504 1191 524 man
1216 496 1328 532 Syrum,
1344 498 1375 523 ut
1389 495 1524 531 acciperet
1539 494 1590 522 sub
1605 493 1716 522 nomine
1731 493 1801 530 ejus,
1817 502 1878 531 quae
1889 494 1933 523 illi

1127 540 1256 569 mandata
1279 548 1336 568 non
1365 539 1484 574 fuerant,
1509 542 1536 567 et
1563 538 1775 567 descendentem
1803 543 1933 576 prompto

1127 585 1220 613 animo
1240 585 1362 613 Naaman
1376 584 1402 612 ei
1417 584 1480 620 plus
1497 583 1616 618 dedisse,
1632 591 1713 620 quam
1729 583 1820 611 fuerat
1838 587 1932 620 postu-

1128 631 1199 658 latus
1214 631 1268 667 (IV
1286 631 1348 667 Reg.
1364 639 1393 664 v,
1409 630 1456 666 26)
1471 639 1477 664 ;
1503 633 1608 666 quanto
1623 629 1709 666 magis
1723 630 1875 666 Apostolus
1889 638 1932 665 ea,

1127 683 1188 712 quat
1215 675 1297 709 dixit,
1319 679 1425 711 poterat
1450 674 1479 702 in
1498 674 1598 711 spiritu
1625 673 1737 702 viderel
1754 673 1842 711 Major
1856 674 1932 703 enim

1128 719 1215 756 gratia
1229 719 1283 747 fuit
1307 719 1336 747 in
1351 719 1492 756 apostolis,
1515 727 1597 755 quam
1618 718 1648 746 in
1671 718 1824 755 prophetis.
1842 718 1879 748 Et
1901 723 1933 748 ut

1127 765 1310 801 promptiores
1324 764 1388 792 illos
1408 765 1510 792 faceret
1523 763 1598 792 circa
1617 763 1794 792 traditionem
1814 772 1931 800 evange-

1129 809 1220 843 licam,
1252 809 1368 845 gaudere
1391 816 1419 837 se
1443 808 1513 837 dicit
1537 808 1566 836 in
1593 807 1772 844 dispositione
1786 817 1932 837 conversa-

1128 853 1214 881 tionis
1229 852 1341 881 illorum
1357 862 1364 887 ;
1382 857 1414 881 ut
1435 853 1553 881 scientes
1571 852 1645 880 unde
1663 853 1720 881 Deo
1733 853 1882 889 placeatur,
1901 853 1933 881 in

1128 907 1160 926 eo
1176 898 1273 926 ﬁerent
1288 897 1434 932 ﬁrmiores,
1448 906 1495 934 per
1510 896 1583 934 quod
1598 897 1676 933 digni
1695 897 1782 925 effecti
1794 897 1828 926 ad
1842 897 1933 927 utili-

1128 942 1193 971 tatis
1208 943 1361 980 profectum
1377 943 1441 971 ﬁdei
1454 951 1510 971 suae
1523 942 1697 971 addiscerent
1713 951 1833 971 sensum.

1165 1006 1257 1042 (Vers.
1281 1006 1308 1041 6,
1327 1006 1365 1043 7.)
1398 1018 1408 1031 ι
1422 1005 1661 1040 Quemadmodum
1681 1005 1767 1042 igitur
1788 1006 1933 1043 accepistis

1129 1052 1269 1081 Christum
1293 1052 1385 1080 Jesum
1406 1051 1567 1085 Dominum,
1588 1051 1618 1079 in
1642 1051 1702 1087 ipso
1717 1051 1866 1087 ambulate,
1890 1061 1933 1081 ra-

1130 1097 1213 1126 dicati
1230 1100 1256 1124 et
1270 1096 1399 1124 aediﬁcati
1423 1096 1454 1124 in
1469 1096 1540 1132 ipso,
1562 1101 1590 1125 et
1604 1095 1760 1124 conﬁrmati
1775 1095 1839 1130 ﬁde,
1861 1097 1935 1126 sicut

1128 1145 1156 1170 et
1168 1141 1244 1170 docti
1254 1141 1330 1176 estis,
1344 1141 1517 1169 ambulantes
1532 1141 1561 1168 in
1573 1140 1622 1169 illa
1633 1140 1692 1177 (86)
1708 1149 1773 1169 cum
1783 1141 1933 1177 gratiarum

1129 1187 1250 1216 actione.
1269 1199 1278 1211 -
1299 1186 1357 1215 Hoc
1371 1190 1466 1214 monet
1479 1190 1507 1214 et
1519 1186 1646 1214 hortatur
1660 1194 1694 1214 ne
1710 1185 1822 1215 devotio
1835 1194 1932 1215 eorum

1128 1232 1311 1266 minueretur,
1341 1236 1368 1259 et
1396 1231 1556 1260 recederent
1583 1239 1600 1259 a
1626 1230 1680 1259 ﬁde
1708 1239 1790 1268 quam
1824 1231 1935 1260 fuerant

1129 1277 1258 1311 assecuti,
1282 1279 1310 1304 et
1329 1276 1423 1313 pravis
1443 1276 1544 1304 fabulis
1567 1276 1667 1310 eversi,
1692 1275 1773 1304 aliter
1788 1275 1930 1305 Christum

1128 1322 1295 1358 acciperent,
1310 1329 1393 1358 quam
1415 1321 1582 1349 didicerant.
1595 1323 1668 1352 268
1682 1320 1761 1349 Multi
1776 1321 1853 1349 enim
1868 1329 1934 1350 cor-

1130 1375 1255 1407 ruptores
1270 1370 1336 1399 tidei
1351 1370 1537 1399 circumibant
1550 1369 1585 1398 ad
1599 1369 1766 1398 seducendos
1776 1369 1933 1406 simplices,

1129 1415 1224 1444 dolose
1237 1419 1264 1443 et
1286 1423 1350 1443 cum
1364 1414 1541 1443 simulatione
1565 1415 1760 1444 annuntiantes
1775 1414 1932 1448 Christum,

1128 1469 1196 1498 quos
1219 1461 1317 1489 evitari
1338 1465 1431 1489 monet
1454 1468 1553 1497 magna
1577 1461 1703 1495 cautela;
1719 1464 1751 1489 ut
1770 1460 1884 1489 stabiles
1906 1464 1932 1489 et

1128 1505 1202 1534 ﬁrmi
1217 1514 1300 1543 supra
1314 1506 1526 1535 fundamentum
1538 1505 1693 1541 Trinitatis,
1708 1513 1755 1542 spe
1770 1505 1930 1534 futurorum

271 1561 331 1584 tum
347 1557 450 1586 faceret
465 1557 625 1586 inﬁdelibus
640 1558 725 1586 totius
736 1567 764 1586 se
780 1559 921 1595 sapientiae
935 1567 991 1588 esse
1010 1569 1071 1589 auc-
1086 1563 1107 1593 C
1128 1551 1229 1587 gratias
1242 1551 1339 1580 “heres
1352 1555 1463 1588 δεετθηι
1478 1558 1560 1587 super
1572 1550 1763 1579 misericordia
1776 1549 1838 1579 Dei-

272 1606 369 1630 torem.
406 1602 530 1639 Denique
561 1603 815 1632 Nabuchodonosor
854 1605 923 1633 dicit
952 1606 1069 1641 Danieli,

271 1648 411 1678 admirans
431 1657 512 1686 super
527 1649 690 1686 sapientiam
715 1651 791 1687 ejus:
822 1663 830 1675 ‹
844 1651 914 1680 Vere
939 1654 1011 1681 Deus
1026 1663 1070 1681 ve-

271 1698 327 1723 ster
341 1695 399 1732 ipse
422 1699 463 1724 est
486 1696 559 1724 Deus
574 1697 656 1725 vivus
672 1697 742 1733 (84),
758 1703 784 1726 et
801 1699 925 1734 aperiens
941 1701 1070 1735 mysteria

272 1740 356 1775 (Dan.
375 1749 407 1775 II,
423 1740 480 1776 47).
506 1754 513 1765 ι
536 1742 614 1774 Quod
637 1742 747 1778 quidem
771 1751 879 1771 omnem
896 1744 1069 1773 incredulum

270 1785 337 1813 latet
360 1785 388 1812 iu
407 1785 517 1814 Christo
532 1795 589 1814 esse
612 1795 721 1815 omnem
747 1788 908 1823 sapientiam
931 1793 957 1816 et
976 1790 1070 1817 scien—

271 1829 354 1863 tiam;
371 1830 436 1866 quia
451 1839 506 1858 non
532 1831 625 1867 legunt
648 1833 678 1859 in
701 1832 860 1868 Evangeliis
883 1834 1068 1870 astrologiam,

271 1874 364 1902 nonin
378 1875 511 1911 Apostolo
522 1876 708 1912 geometriam,
724 1885 779 1904 non
791 1877 818 1905 in
831 1877 970 1913 prophetis
985 1879 1069 1906 arith-

270 1918 399 1947 meticam
424 1927 475 1948 nec
498 1921 631 1948 musicam
646 1930 651 1949 :
669 1930 728 1957 quae
744 1921 847 1950 idcirco
862 1922 989 1958 despecta
1007 1929 1069 1952 sunt

268 1974 285 1994 a
304 1966 417 2001 nostris,
434 1967 498 2003 quia
523 1967 556 1994 ad
579 1967 693 1995 salutem
709 1976 764 1996 non
786 1969 935 2004 pertinent,
953 1968 999 1996 sed
1015 1978 1068 1996 ina-

269 2010 310 2048 gis
328 2011 445 2040 mittunt
460 2012 489 2039 in
504 2020 636 2046 errorem,
660 2016 685 2040 et
699 2018 816 2041 avocant
834 2021 849 2040 a
866 2014 940 2047 Deo;
957 2017 988 2041 ut
1002 2013 1068 2042 dum

268 2055 312 2085 his
326 2056 438 2085 student
453 2056 694 2086 ratiocinationum
711 2057 954 2094 disputationibus,
970 2059 1068 2087 animae

267 2110 322 2130 sua
338 2111 432 2131 curam
449 2111 504 2131 non
529 2106 620 2139 agant.
636 2101 702 2137 Qure
717 2103 791 2131 enim
807 2107 863 2131 tam
878 2112 942 2132 vera
957 2104 1049 2140 sapien

268 2146 306 2173 tia
329 2151 380 2181 est,
396 2155 478 2183 quam
493 2147 654 2184 cognovisse
671 2148 743 2185 quod
759 2148 855 2184 prosit,
872 2153 898 2177 et
912 2147 1067 2184 despexisse

267 2189 342 2227 quod
356 2191 456 2219 obsit?
469 2192 553 2220 Obest
569 2193 642 2221 enim
658 2202 663 2226 ;
682 2193 746 2229 quia
761 2193 876 2229 impedit
891 2193 1021 2227 animam,
1034 2202 1067 2221 ne

1163 1609 1255 1644 (Vers.
1279 1609 1307 1644 8,
1333 1610 1374 1645 9.)
1405 1621 1415 1633 ε
1429 1609 1528 1639 Videte
1549 1616 1584 1637 ne
1603 1608 1665 1645 quis
1681 1616 1731 1636 vos
1757 1607 1930 1644 depredetnr

1126 1663 1174 1691 per
1189 1655 1405 1691 philosophiam,
1426 1659 1453 1683 et
1468 1655 1578 1683 inanem
1592 1654 1730 1683 fallaciam
1748 1654 1807 1690 (87)
1822 1662 1926 1682 secun—

1126 1699 1191 1727 dum
1216 1699 1394 1727 traditionem
1424 1698 1581 1733 hominum,
1610 1698 1761 1727 secundum
1789 1699 1927 1727 elementa

1127 1743 1209 1779 hujus
1224 1743 1333 1778 mundi,
1357 1748 1384 1773 et
1398 1752 1455 1773 non
1469 1744 1620 1773 secundum
1636 1743 1776 1773 Christum
1789 1752 1796 1778 ;
1813 1744 1879 1780 quia
1898 1744 1926 1771 in

1126 1788 1184 1825 ipso
1206 1789 1343 1817 inhabitat
1366 1789 1457 1818 omnis
1478 1789 1621 1825 plenitudo
1646 1788 1806 1817 divinitatis
1832 1796 1926 1825 corpo-

1125 1834 1228 1863 raliter.
1245 1847 1255 1859 ι
1288 1834 1495 1870 Philosophiam
1517 1834 1586 1863 dicit
1609 1838 1757 1868 terrenam,
1781 1841 1830 1870 per
1843 1841 1924 1870 quam

1125 1879 1214 1907 solent
1241 1878 1346 1914 seduci,
1373 1879 1421 1915 qui
1440 1878 1557 1915 cupiunt
1580 1878 1728 1915 prudentes
1749 1877 1869 1914 judicari
1895 1877 1923 1905 in

1125 1924 1238 1952 mundo.
1264 1924 1328 1952 Haec
1343 1923 1512 1960 argumentis
1526 1928 1554 1952 et
1572 1922 1727 1952 subtilitate
1741 1922 1922 1951 minutiarum

1124 1968 1303 2006 quarumdam
1324 1968 1509 2005 componitur,
1526 1968 1604 2005 quasi
1620 1968 1750 2005 physicas
1766 1967 1924 2003 investiga-

1124 2013 1195 2042 verit
1209 2014 1339 2047 rationes,
1355 2013 1480 2050 quaadam
1493 2013 1596 2041 habens
1611 2013 1741 2046 admista,
1755 2020 1814 2049 qua;
1829 2010 1922 2040 horta-

1124 2061 1216 2086 menta
1230 2058 1287 2086 sint
1300 2058 1379 2087 bonae
1394 2058 1459 2086 vitae
1474 2058 1518 2094 yel
1533 2058 1708 2092 documenta,
1724 2056 1875 2094 aliquando
1888 2056 1922 2085 de

1123 2102 1269 2138 mensuris,
1296 2110 1347 2131 nec
1370 2111 1426 2131 non
1449 2106 1477 2131 et
1500 2103 1534 2131 de
1558 2102 1691 2137 numeris,
1717 2101 1866 2138 aliquando
1887 2100 1922 2128 de

1123 2148 1318 2177 elementorum
1335 2148 1514 2186 qualitatibus
1528 2152 1554 2176 et
1569 2147 1770 2185 quantitatibus
1784 2146 1920 2176 ordinata.

1122 2194 1153 2222 In
1168 2194 1246 2231 cujus
1261 2194 1496 2231 disputationibus
1519 2194 1567 2231 qui
1582 2193 1721 2228 inciderit,
1739 2193 1789 2221 vix
1811 2197 1838 2221 et
1858 2199 1921 2220 raro

267 2242 361 2263 curam
383 2236 426 2263 sui
449 2240 519 2272 agat.
539 2237 599 2264 Non
624 2237 762 2265 immerito
776 2245 841 2273 ergo
865 2238 912 2274 qui
927 2237 1066 2266 Christum
1082 2245 1106 2275 Β
1121 2240 1219 2268 evadet
1246 2240 1320 2278 (88);
1346 2240 1486 2269 detinetur
1507 2240 1581 2268 enim
1603 2238 1804 2267 verisimilibus
1818 2238 1918 2272 musis,

266 2279 389 2316 agnovit,
415 2279 523 2308 invenit
545 2280 706 2309 thesaurum
721 2281 861 2318 sapientiae
883 2286 910 2310 et
924 2283 1063 2317 scientiae;

266 2325 379 2361 agnovit
394 2326 468 2354 enim
483 2325 557 2363 quod
571 2325 596 2354 ei
612 2326 648 2354 sit
663 2326 741 2355 utile.

302 2370 393 2406 (Vers.
410 2370 437 2405 4,
457 2371 496 2407 5.)
519 2382 528 2394 ι
544 2371 601 2400 Hoc
615 2371 688 2406 dico,
705 2375 735 2400 ut
750 2380 831 2401 nemo
845 2381 893 2401 vos
908 2373 1063 2402 circumve-

265 2415 324 2444 niat
337 2415 366 2443 in
388 2416 542 2444 subtilitate
566 2418 710 2445 sermonis.
726 2417 793 2446 Nam
810 2418 861 2446 etsi
882 2427 995 2455 corpore
1010 2418 1064 2445 ab-

265 2468 327 2488 sens
351 2468 423 2495 sum,
450 2461 550 2496 spiritu
572 2465 665 2489 tamen
684 2461 827 2491 vobiscum
848 2470 919 2498 sum,
944 2462 1064 2499 gaudens

264 2511 292 2536 et
313 2507 411 2536 videns
434 2507 637 2536 ordinationem
654 2512 773 2537 vestram
790 2508 859 2544 (85),
884 2512 911 2536 et
933 2509 1063 2544 supplens

264 2552 293 2580 id
316 2553 389 2590 quod
408 2553 483 2582 deest
496 2554 612 2582 utilitati
635 2554 699 2582 fidei
714 2558 811 2583 vestrae
826 2554 855 2582 in
879 2553 1029 2583 Christum.
1046 2567 1055 2579 ι

264 2597 427 2627 Commonet
441 2607 476 2627 ne
490 2598 520 2627 in
543 2600 678 2627 malorum
695 2599 842 2636 colloquiis
854 2603 880 2628 et
894 2599 995 2628 astutia
1010 2600 1061 2628 ini-

263 2643 378 2681 quitatis
387 2652 484 2673 sensus
490 2652 584 2673 eorum
596 2644 818 2673 transduoeretur
828 2653 836 2678 ;
852 2644 918 2680 quia
926 2645 1061 2680 sapientes

311 2702 358 2738 83)
375 2702 453 2731 Rom.
469 2702 548 2737 edit.,
565 2703 658 2730 habent
671 2711 758 2730 omnes
770 2702 799 2730 id
813 2702 882 2738 quod
896 2703 998 2732 habent.

311 2738 359 2774 84)
376 2738 478 2767 Eadem
492 2739 572 2767 Rom.
589 2738 667 2772 edit.,
683 2738 736 2774 ipse
752 2741 789 2766 est
802 2738 873 2766 Deus
887 2747 975 2768 verus.

311 2774 359 2809 85)
374 2774 438 2804 Mss.
455 2774 570 2809 aliquot,
584 2777 609 2802 et
624 2774 712 2802 viden:
723 2774 842 2803 ordinem
854 2778 979 2805 vestrum.

311 2809 360 2845 86)
375 2809 456 2840 Rom.
472 2809 551 2846 edit.,
564 2810 728 2840 abundantes
741 2810 839 2840 inille.

1120 2289 1147 2315 et
1161 2286 1360 2315 commentitiis
1379 2286 1472 2320 rebus,
1493 2285 1565 2314 nihil
1579 2289 1635 2314 tam
1654 2293 1751 2313 verum
1769 2283 1917 2317 assumens,

1119 2338 1200 2367 quam
1215 2329 1288 2366 quod
1306 2329 1476 2365 conspicitur
1490 2333 1518 2357 et
1532 2329 1699 2365 intelligitur
1713 2328 1743 2356 in
1762 2326 1917 2355 elementis.

1118 2375 1154 2403 Et
1168 2376 1233 2411 quia
1247 2382 1308 2411 quae
1322 2374 1356 2403 ad
1373 2382 1491 2410 praesens
1506 2378 1581 2408 sunt,
1596 2379 1624 2403 et
1646 2376 1798 2402 cernuntur
1816 2371 1918 2406 oculis,

1118 2419 1213 2447 suavia
1222 2423 1248 2447 et
1256 2419 1431 2447 oblectabilia
1441 2419 1585 2453 videntur;
1602 2419 1757 2456 aliquantos
1770 2416 1916 2451 seducunt,

1118 2464 1165 2501 qui
1186 2463 1338 2500 spiritalem
1361 2464 1496 2493 rationem
1511 2463 1714 2501 despiciendam
1729 2467 1756 2492 et
1772 2462 1916 2491 ridendum

1117 2513 1214 2546 putant
1228 2509 1417 2545 desperatione
1431 2509 1529 2545 futuri,
1546 2517 1656 2538 omnem
1678 2508 1736 2536 vim
1754 2507 1837 2536 astris
1850 2506 1917 2535 usi-

1116 2558 1230 2591 gnantes
1244 2555 1348 2583 carnali
1362 2554 1463 2583 rationi
1477 2555 1608 2590 obnoxii;
1625 2563 1659 2583 ne
1673 2553 1767 2591 gravia
1779 2551 1916 2582 credenda

1116 2599 1172 2628 sint
1194 2599 1302 2628 sustolli
1325 2599 1354 2627 in
1373 2600 1474 2629 coelum
1498 2608 1587 2636 posse,
1610 2600 1654 2629 vel
1675 2599 1748 2628 levia
1770 2597 1865 2626 venire
1879 2596 1916 2625 ad

1114 2648 1211 2679 terras,
1238 2648 1285 2673 aut
1311 2644 1418 2682 quuid
1437 2653 1599 2682 corporeum
1622 2645 1682 2673 sine
1708 2651 1801 2673 rerum
1826 2642 1916 2671 adrni-

1150 2702 1210 2775 ἱ87)
1227 2702 1330 2731 Eadem
1344 2703 1423 2738 edit.,
1438 2706 1463 2731 et
1477 2703 1582 2731 inanem
1591 2703 1775 2732 reductionin.

1162 2738 1210 2775 88)
1224 2739 1305 2767 Rom.
1320 2739 1398 2774 edit.,
1422 2740 1613 2775 disputationes
1639 2739 1687 2775 qui
1708 2738 1775 2768 (add

1162 2735 1210 2775 88)
1224 2739 1305 2767 Rom.
1320 2739 1398 2776 edit.,
1416 2735 1613 2776 disputationes
1639 2739 1687 2776 qui
1708 2737 1841 2773 inciderit,
1864 2735 1916 2766 οἵω

1114 2777 1163 2803 aut
1177 2783 1315 2812 nunquam
1327 2775 1425 2805 evadet.
