4070 6186
217 218 309 293 iss
1247 195 1608 290 COMMENT.
1652 233 1722 290 IN
1761 230 1982 289 EPIST.
2026 233 2122 313 An
2161 225 2442 291 cotoss.

3403 229 3512 302 tet

209 364 382 420 stione
396 359 660 434 generari,
685 367 1056 432 repugnantes
1077 359 1338 432 potentiae
1358 376 1421 416 ac
1441 359 1806 432 providentiae
1833 363 1884 422 A
1912 367 2104 416 tenens
2135 359 2332 433 pignus
2353 361 2671 434 exemplum
2718 361 3041 433 Salvatoris,
3077 363 3174 438 qui
3203 369 3510 425 resurrexit

210 453 319 512 Dei.
353 450 542 508 Sciunt
568 450 720 506 enim
750 449 858 524 legi
897 450 954 506 in
999 449 1210 506 divinis
1241 451 1520 508 veteribus
1550 451 1801 508 Hebrao-

208 560 318 602 rum
349 541 745 599 voluminibus
773 542 948 598 multa
975 549 1125 614 gesta
1149 558 1245 614 per
1272 543 1519 615 Moysen,
1553 560 1672 616 quae
1700 543 1800 600 hu-

206 649 353 691 mana
403 631 556 688 ratio
599 646 717 687 non
771 630 950 702 capit:
1002 631 1176 688 simili
1223 631 1388 688 modo
1421 640 1476 688 et
1532 633 1588 688 in
1640 635 1800 689 novis

204 721 350 779 libris
377 720 533 778 facta
561 736 594 776 a
624 719 886 788 Domino,
920 727 1015 776 aut
1047 735 1143 792 per
1179 721 1476 792 apostolos,
1524 737 1644 794 qua
1677 729 1800 778 tra-

203 819 372 870 ctatus
427 811 669 868 carnalis
713 808 970 882 prohibet
997 809 1168 866 credi.
1199 809 1352 867 Hanc
1376 826 1504 883 ergo
1533 811 1798 868 traditio-

201 919 316 960 nem
339 901 432 958 vel
462 897 874 974 philosophiam
905 898 1155 956 fallacem
1184 907 1238 955 et
1265 899 1485 956 inanem
1511 902 1751 973 appellat
1779 919 1792 968 ;

199 991 313 1066 quia
348 1005 462 1047 non
497 1005 530 1044 a
579 987 841 1064 potentia’
875 987 974 1043 Dei
1003 986 1256 1044 ordinata
1284 995 1384 1056 est,
1416 986 1483 1043 ed
1513 987 1582 1043 ab
1612 987 1796 1043 imbe-

200 1080 419 1139 cillitate
447 1075 896 1134 ratiocinationis
920 1076 1198 1147 humanae,
1228 1093 1349 1152 quae
1372 1077 1674 1150 potentiam
1695 1077 1795 1133 Dei

199 1170 337 1227 intra
389 1167 677 1226 scientiam
726 1182 884 1222 suam
928 1175 1190 1237 coarctat,
1237 1183 1305 1224 ne
1351 1167 1514 1223 aliter
1542 1165 1796 1224 credatur

200 1259 394 1328 facere,
431 1273 588 1330 quam
634 1256 875 1313 carnalis
925 1273 983 1314 se
1011 1258 1260 1314 continet
1304 1257 1484 1324 ratio;
1531 1255 1625 1330 qui
1667 1256 1794 1312 sin—

200 1347 339 1421 gulis
369 1345 652 1404 elementis
681 1344 995 1402 divinitatis
1024 1346 1398 1403 diversitatem
1427 1345 1694 1418 deputant
1724 1343 1794 1401 ad

197 1438 483 1505 culturam,
519 1441 582 1491 ut
611 1433 863 1506 obligent
899 1435 1114 1492 animos
1161 1435 1586 1508 imperitorum;
1638 1450 1706 1490 ne
1735 1451 1791 1494 se

196 1524 256 1582 ad
280 1526 456 1582 Deum
488 1540 684 1581 verum
733 1523 1056 1582 extendant.
1091 1524 1458 1593 Quamobrem
1488 1523 1788 1581 cavendam

199 1621 371 1672 monet
420 1613 780 1671 traditionem
823 1612 1024 1682 istam;
1053 1614 1182 1688 quia
1209 1614 1405 1670 mundi
1437 1614 1646 1672 cultrix
1686 1621 1788 1682 est,

1911 466 1980 507 ex
2001 451 2253 506 mortuis.
2290 451 2418 507 Haec
2447 450 2618 522 igitur
2636 462 2974 518 commonet,
2999 460 3060 509 ut
3081 463 3432 526 perseverent
3452 456 3511 514 in

1910 539 2391 597 abrenuntiatione
2422 557 2634 614 pompae
2665 549 2719 597 et
2766 542 3058 616 praestigiis
3111 542 3345 602 Satana.
3403 545 3510 614 Qui

1910 628 2136 686 idcirco
2187 629 2582 686 elementorum
2637 631 2828 688 suadet
2882 634 3178 703 culturam,
3228 641 3290 690 ut
3337 650 3370 690 a
3396 636 3511 694 Deo

1907 735 2119 796 avocet,
2153 723 2295 782 269
2339 728 2633 801 participes
2671 731 2960 802 apostasiae
2989 748 3101 788 sua
3146 731 3339 788 volens
3381 732 3512 791 eiii-

1906 836 2028 877 cere
2061 821 2334 878 homines.
2365 822 2504 890 Quia
2535 823 2683 879 enim
2713 823 2816 881 sub
2843 825 3068 882 nomine
3097 842 3198 882 suo
3231 828 3508 885 culturam

1906 910 2134 967 suadere
2181 928 2293 968 non
2335 919 2534 983 potest,
2574 912 2833 969 horretur
2880 913 3027 970 enim
3080 914 3200 988 ipso
3243 917 3468 974 nomine
3491 962 3505 986 ,

1905 1001 2006 1057 sub
2037 1003 2267 1060 alterius
2311 1002 2537 1060 nomine
2567 1020 2722 1061 suam
2768 1013 2998 1064 conatur
3040 1005 3269 1080 implere
3311 1009 3506 1064 volun-

1905 1097 2097 1148 tatem.

1977 1180 2158 1252 (Vers.
2195 1181 2282 1252 13,
2318 1183 2403 1252 14,
2445 1183 2560 1255 15.)
2605 1207 2625 1231 ι
2653 1184 2724 1240 Et
2750 1200 2851 1240 vos
2892 1199 3020 1242 cum
3061 1184 3269 1239 mortui
3316 1184 3507 1243 essetis

1902 1271 1961 1328 in
1991 1271 2230 1342 delictis,
2261 1281 2315 1330 et
2342 1273 2610 1346 praeputio
2630 1273 2813 1331 carnis
2843 1280 3060 1341 vestrae,
3084 1273 3506 1332 convivificavit

1900 1360 2068 1417 simul
2097 1379 2224 1419 cum
2247 1363 2366 1431 illo,
2399 1363 2610 1419 donans
2650 1363 2810 1420 nobis
2847 1363 3036 1420 omnia
3073 1363 3296 1433 delicta,
3326 1364 3507 1421 deleto

1898 1452 2286 1526 chirographo,
2338 1453 2485 1526 quod
2529 1453 2825 1510 adversum
2875 1471 2977 1510 nos
3037 1462 3156 1510 erat
3197 1454 3505 1524 decretum,

1898 1542 2050 1616 quod
2079 1543 2422 1599 contrarium
2448 1550 2563 1600 erat
2591 1542 2787 1600 nobis:
2812 1551 2866 1599 et
2889 1542 3030 1599 illud
3058 1542 3190 1600 tulit
3209 1542 3276 1601 de
3297 1543 3502 1614 medio,

1896 1639 1954 1688 et
1987 1631 2171 1688 aﬂixit
2209 1632 2383 1701 cruci,
2414 1639 2467 1687 et
2497 1648 2707 1688 exuens
2732 1632 3075 1704 principatus
3105 1640 3160 1689 et
3188 1640 3504 1705 potestates,

195 1721 311 1797 {lfm
338 1704 483 1797 θεῖ»Δ
514 1703 638 1797 (ἰαί-
669 1719 816 1797 Tum?
861 1711 978 1761 θεῖε
1031 1704 1262 1797 neadd
1292 1703 1730 1797 (Σητίθιιξπεθά
1758 1719 1789 1758 ³
1821 1727 1868 1787 Β
1902 1723 2204 1779 ostentavit
2235 1723 2292 1778 in
2321 1723 2672 1791 auctoritate,
2721 1703 3071 1795 triumphans
3117 1703 3245 1779 illos
3293 1722 3350 1779 in
3385 1723 3505 1797 ipso

193 1794 410 1854 Christo
439 1793 731 1864 abstrahit,
774 1794 833 1850 in
879 1811 990 1869 quo
1038 1795 1305 1868 perfectio
1341 1794 1653 1852 divinitatis
1682 1801 1781 1849 est.

191 1884 393 1942 Omnia
411 1883 560 1940 enim
591 1901 708 1958 qua
728 1883 896 1940 habet
911 1885 1090 1954 Pater,
1114 1884 1268 1942 dedit
1289 1885 1454 1954 Filio,
1476 1900 1602 1941 cum
1624 1883 1784 1938 illum

189 1973 248 2031 in
290 1973 658 2048 plenitudinis
707 1975 898 2048 genuit
945 1973 1242 2032 divinitate
1297 1973 1788 2046 corporaliter;ut

189 2063 320 2136 quia
365 2064 482 2136 ipse
535 2071 697 2136 caput
753 2071 856 2132 est,
888 2071 1136 2120 creatura
1180 2073 1363 2120 autem
1419 2063 1538 2136 ejus
1588 2080 1787 2136 corpus

187 2163 280 2223 est,
329 2152 602 2228 quidquid
650 2161 876 2227 putatur
921 2171 1080 2228 posse
1120 2155 1356 2213 caelestis
1383 2162 1652 2222 creatura,
1681 2153 1786 2211 hoc

187 2251 360 2301 totum
410 2245 572 2318 plene
620 2243 680 2300 in
727 2242 950 2301 Christo
1003 2259 1119 2301 esse
1161 2243 1457 2312 credatur;
1505 2251 1567 2299 ut
1597 2244 1785 2301 nullus

185 2333 483 2391 arbitretur
529 2348 860 2407 quemquam
918 2333 1090 2388 alium
1137 2332 1451 2389 colendum.
1501 2331 1785 2406 Quidquid

182 2425 334 2482 enim
365 2425 425 2480 in
455 2425 643 2497 aliquo
670 2439 923 2496 magnum
948 2423 1245 2496 putaverit,
1279 2425 1402 2496 plus
1425 2423 1482 2478 in
1504 2422 1604 2479 illo
1634 2422 1784 2479 inve-

182 2513 342 2580 niet;
393 2511 528 2586 quia
565 2527 750 2568 omnes
792 2528 862 2568 ex
908 2511 1029 2585 ipso
1069 2512 1294 2580 habent,
1327 2512 1470 2568 sicut
1500 2527 1570 2567 ex
1607 2511 1784 2586 capite

181 2603 472 2662 membra:
505 2602 621 2677 ipse
643 2610 823 2660 autem
854 2605 1053 2677 plenus
1078 2611 1159 2661 est
1188 2619 1425 2676 semper.

247 2713 437 2786 (Vers.
463 2712 577 2786 10.)
625 2736 644 2760 ι
674 2714 747 2771 Et
766 2713 898 2771 estis
927 2713 986 2770 in
1015 2713 1116 2770 illo
1137 2712 1352 2786 repleti,
1381 2713 1476 2787 qui
1507 2721 1589 2770 est
1618 2722 1784 2786 caput

177 2805 356 2862 omnis
427 2803 778 2876 Principatus
823 2811 879 2860 et
923 2802 1236 2861 Potestatis.
1268 2830 1286 2854 ι
1345 2805 1477 2861 Plus
1509 2803 1784 2878 signiﬁcat

174 2894 534 2952 credentibus
581 2895 724 2966 dari,
779 2911 944 2968 quam
988 2903 1167 2969 potest
1214 2895 1276 2952 in
1303 2896 1593 2954 elementis
1622 2913 1784 2955 com-

176 2984 447 3057 prehendi
475 3005 488 3054 ;
521 2986 652 3060 quia
682 2986 780 3060 qui
809 2985 870 3043 in
900 2985 1120 3044 Christo
1149 2994 1254 3057 est,
1293 2988 1537 3060 repletus
1579 2994 1661 3044 est
1689 2987 1786 3044 di-

1908 1812 2052 1885 (89).
2085 1839 2103 1862 ι
2145 1813 2396 1870 Mortuos
2422 1813 2562 1870 dicit
2597 1810 2829 1886 gentiles
2856 1811 3065 1868 fuisse:
3100 1811 3341 1884 primum
3369 1813 3506 1884 qui-

1897 1901 2044 1971 dem,
2067 1903 2198 1976 quia
2226 1903 2422 1976 legem,
2447 1918 2566 1976 quae
2596 1901 2666 1956 ad
2686 1903 3065 1959 testimonium
3097 1901 3224 1959 data
3241 1909 3324 1958 est
3344 1900 3503 1958 Crea-

1896 1999 2060 2068 toris,
2091 2007 2146 2058 et
2174 2000 2242 2057 ad
2273 2001 2411 2057 vitia
2436 2000 2874 2070 condemnanda,
2907 2000 3150 2073 recipere
3179 2001 3500 2058 noluerunt:

1897 2087 1965 2146 de
1984 2088 2112 2146 inde
2142 2090 2444 2163 impietatis
2463 2097 2811 2164 peccatorum
2841 2106 3068 2146 suorum
3089 2105 3254 2148 causa
3283 2089 3502 2164 indigni

1896 2187 2052 2236 erant
2097 2180 2232 2248 vita;
2280 2179 2513 2254 ideoque
2554 2179 2823 2238 discrevit
2846 2179 2950 2236 hos
2980 2195 3014 2236 a
3055 2179 3297 2237 Iudaeis:
3345 2181 3503 2254 quasi

1897 2280 1990 2352 qui
2021 2278 2231 2335 fuerint
2257 2278 2474 2336 inimici
2503 2278 2604 2336 Dei
2633 2279 2820 2336 unius.
2852 2277 3028 2336 Judaei
3074 2294 3207 2334 vero
3236 2279 3296 2335 in
3335 2278 3505 2336 unius

1897 2368 1997 2424 Dei
2023 2367 2368 2427 confessione
2397 2368 2676 2442 degentes,
2704 2367 3034 2426 adveniente
3059 2367 3302 2438 Christo,
3332 2367 3503 2426 addi-

1895 2465 2057 2513 scunt
2084 2457 2410 2530 mysterium
2441 2459 2562 2527 Dei,
2595 2456 2744 2530 quod
2791 2458 3182 2530 exspectabant
3223 2457 3292 2514 ad
3322 2457 3502 2530 justi-

1895 2543 2209 2604 ﬁcatiouem
2258 2561 2451 2603 suam:
2496 2553 2558 2602 ut
2603 2546 2663 2602 in
2709 2561 2775 2602 eo
2814 2545 2963 2618 quod
3015 2545 3340 2618 subreptum
3383 2547 3501 2604 illis

1895 2634 2099 2704 fuerat,
2140 2635 2271 2708 quia
2311 2634 2654 2707 impossibile
2682 2643 2766 2691 est
2803 2650 2918 2691 esse
2963 2634 3082 2690 sine
3109 2642 3353 2707 peccato,
3395 2651 3500 2693 ac-

1900 2725 2147 2798 ciperent
2172 2725 2578 2782 remissionem.
2611 2723 2767 2781 Unde
2793 2731 2915 2797 post
2953 2739 3171 2781 causam
3203 2724 3495 2796 gentilium

1896 2814 2114 2872 inducit
2160 2823 2214 2872 et
2257 2813 2496 2883 Judaos,
2543 2813 2764 2871 dicens:
2802 2837 2822 2862 ι
2853 2815 3077 2870 Donans
3116 2813 3280 2870 nobis
3308 2816 3498 2872 omnia

1897 2901 2132 2972 delicta;
2175 2928 2194 2954 ι
2245 2910 2309 2960 ut
2351 2911 2474 2976 post
2521 2902 2813 2975 specialem
2849 2901 3147 2974 subjiceret
3171 2911 3226 2960 et
3255 2919 3496 2975 genera-

1898 2993 2038 3060 lem;
2087 2993 2217 3066 quia
2252 2994 2467 3051 cunctis
2505 2992 2736 3049 donavit
2765 2991 2953 3048 omnia
2974 2990 3197 3048 delicta.
3230 2991 3336 3048 Sed
3364 2992 3496 3066 quia

173 3075 435 3134 vinitatis
476 3073 838 3144 abundantia,
887 3091 1050 3149 quam
1098 3076 1370 3132 elementa
1419 3093 1532 3132 non
1558 3075 1782 3134 habent.
1822 3094 1866 3155 α
1898 3083 2044 3140 sicut
2072 3083 2210 3141 dicit
2239 3083 2546 3141 Dominus:
2575 3082 2679 3141 Cui
2705 3082 2832 3154 plus
2865 3081 3131 3138 donatum
3163 3081 3352 3151 fuerit,
3383 3099 3495 3140 am-

171 3164 429 3240 Denique
457 3165 518 3222 in
540 3165 893 3223 credentibus
938 3164 1178 3239 Spiritus
1223 3172 1446 3222 sanctus
1485 3165 1779 3236 inhabitat,

171 3258 314 3330 quod
345 3256 648 3314 elementis
679 3257 906 3314 concedi
936 3273 1047 3313 non
1082 3255 1299 3328 potuit;
1334 3257 1464 3330 quia
1493 3257 1782 3330 indignum

171 3354 284 3403 erat
312 3355 372 3404 et
405 3347 799 3419 incongruum,
830 3355 892 3404 ut
922 3345 1226 3402 invisibilis
1254 3345 1527 3403 habitaret
1556 3346 1614 3402 in
1643 3347 1784 3403 sub—

169 3437 376 3493 stantia
419 3435 653 3506 visibili,
686 3443 742 3492 et
774 3435 1134 3508 incorporeus
1163 3434 1221 3490 in
1253 3433 1322 3490 iis
1351 3451 1472 3508 quae
1500 3434 1784 3492 sensibilia

165 3536 314 3584 sunt.
354 3526 611 3584 Audiant
640 3543 771 3599 ergo
803 3533 859 3584 et
903 3525 1134 3582 veniant
1181 3525 1424 3582 cultores
1471 3541 1682 3594 eorum,
1730 3533 1783 3581 et

163 3615 403 3675 credant
431 3616 492 3674 in
522 3616 832 3688 Christum,
860 3625 922 3676 ut
943 3616 1080 3675 ﬁant
1108 3613 1344 3688 majores
1388 3630 1603 3684 eorum,
1633 3630 1780 3688 quos

160 3722 319 3766 nunc
359 3705 576 3764 colunt.

231 3804 436 3876 (Vera.
461 3803 548 3873 ii,
589 3805 704 3878 i2.)
750 3827 769 3852 ι
799 3805 862 3863 In
896 3820 1007 3879 quo
1029 3811 1085 3862 et
1113 3803 1435 3864 circumcisi
1481 3803 1615 3860 estis
1661 3802 1782 3860 cir-

150 3892 523 3951 cumcisione
541 3909 656 3949 non
683 3893 1016 3963 manufesta,
1036 3893 1095 3950 in
1111 3893 1571 3967 exspoliationem
1587 3909 1780 3965 corpo-

148 3984 245 4040 ris
273 3980 496 4050 carnis,
526 3979 588 4035 in
630 3980 1046 4040 circumcisione
1086 3983 1312 4054 Christi,
1353 4000 1466 4042 una
1511 3999 1638 4042 cum
1683 3983 1780 4040 illo

143 4068 392 4144 sepulti
421 4070 482 4124 in
514 4069 815 4140 baptismo;
849 4069 909 4125 in
933 4088 1043 4143 quo
1071 4081 1125 4128 et
1152 4074 1316 4132 simul
1357 4075 1648 4134 surexistis
1687 4091 1782 4148 per

148 4159 356 4218 ﬁdem
383 4156 724 4230 operationis
753 4157 876 4227 Dei,
913 4159 1010 4232 qui
1044 4161 1326 4218 suscitavit
1356 4163 1516 4222 illum
1547 4181 1611 4221 ex
1636 4180 1778 4220 mor-

153 4247 310 4306 tuis.
348 4271 369 4296 ι
411 4244 486 4303 Hi
516 4244 996 4304 circumciduntur
1025 4246 1085 4302 in
1115 4247 1350 4317 Christo,
1381 4253 1474 4324 qui
1503 4261 1782 4326 amputata

148 4338 356 4396 totius
384 4334 708 4393 traditionis
734 4335 995 4394 humanae
1025 4336 1260 4406 cultura,
1292 4338 1508 4397 Christo
1528 4342 1781 4416 jungun—

153 4436 280 4496 tur,
313 4424 489 4484 corde
529 4440 642 4482 non
671 4441 834 4484 carne
862 4424 1204 4494 circumcisi,
1252 4426 1311 4482 id
1359 4437 1438 4484 est
1467 4430 1523 4484 in
1564 4433 1780 4504 spiritu,
1811 4462 1858 4521 D

154 4533 284 4574 non
321 4513 388 4572 in
418 4530 585 4572 carne
618 4516 952 4584 servientes;
985 4522 1048 4572 ut
1081 4532 1115 4572 a
1145 4517 1380 4574 terrenis
1418 4517 1485 4573 ad
1522 4521 1778 4591 ccelestia,

156 4604 230 4662 ab
264 4603 542 4662 humanis
584 4602 653 4660 ad
680 4603 891 4674 divina,
941 4604 1011 4662 ah
1051 4623 1237 4664 errore
1283 4615 1684 4665 convertantur
1716 4611 1783 4668 ad

155 4694 497 4762 veritatem,
529 4693 700 4765 capiti
733 4702 785 4750 et
811 4696 1023 4753 auctori
1053 4713 1155 4754 suo
1181 4698 1429 4770 copulati
1463 4715 1564 4771 per
1593 4698 1784 4756 chari-

156 4793 374 4843 tatem.
409 4784 551 4842 Cum
586 4799 696 4857 quo
724 4786 924 4858 sepulti
955 4793 1084 4843 sunt
1115 4786 1174 4842 in
1204 4787 1534 4860 baptismate
1559 4807 1571 4844 :
1606 4805 1779 4846 resur-

155 4884 453 4935 nexerunt
471 4884 658 4932 autem
689 4891 785 4948 per
812 4875 975 4933 fidem
1003 4877 1122 4946 Dei,
1148 4877 1216 4934 de
1239 4895 1349 4951 quo
1377 4879 1611 4937 credunt
1632 4881 1779 4954 quod

155 4966 439 5039 exemplo
470 4965 682 5024 Christi
720 4965 1066 5023 resuscitabit
1098 4966 1225 5023 illos
1259 4983 1328 5023 ex
1367 4969 1620 5026 mortuis.
1660 4969 1781 5029 Illic

154 5061 324 5120 enim
366 5058 539 5115 homo
584 5066 744 5116 vetus
777 5057 1093 5130 deponitur,
1126 5067 1180 5115 et
1209 5076 1389 5116 novus
1438 5059 1775 5119 assumitur:

156 5149 425 5226 peccatis
456 5148 711 5216 moritur,
742 5157 804 5206 ut
833 5147 990 5204 vivat
1009 5146 1238 5219 justitiae
1264 5167 1275 5204 :
1310 5149 1602 5206 elementis
1629 5149 1779 5206 abre-

159 5240 427 5308 nuntiat,
482 5245 545 5294 ut
591 5236 812 5296 Christo
839 5237 1099 5306 societur,
1131 5239 1548 5298 resurrectionis
1577 5239 1779 5298 futurae

238 5380 380 5456 (89)
412 5383 498 5438 Ita
524 5388 632 5456 vet.
664 5381 881 5456 edit._et
902 5397 1031 5438 mss.
1059 5380 1167 5456 nisi
1192 5380 1337 5456 quod
1355 5382 1462 5438 illa;
1479 5382 1780 5456 praeferunt

238 5399 380 5454 (δυ)
413 5399 498 5438 ita
524 5399 632 5438 vet.
664 5399 795 5438 eun.
827 5399 881 5437 et
902 5399 1031 5438 mss.
1059 5399 1167 5438 n|Sl
1191 5399 1462 5508 lquoumae
1479 5399 1780 5456 praeterunt

159 5454 494 5526 ωηιξη...
527 5453 651 5509 illos
678 5453 733 5508 in
763 5453 1008 5526 idipsum,
1050 5453 1147 5526 ubi
1231 5470 1387 5526 orum
1419 5455 1659 5526 potiores
1691 5457 1780 5511 le-

161 5534 342 5600 gunt,
377 5525 749 5600 decretum”...
781 5525 904 5581 illos
944 5524 1003 5600 in
1029 5525 1170 5600 ipso.
1222 5525 1385 5600 Rom.
1419 5524 1608 5600 autem
1634 5526 1775 5600 edit.

161 5595 248 5658 iic
331 5596 602 5670 reposuit,
665 5595 867 5654 donans
922 5595 1070 5654 robii
1119 5598 1298 5656 omnia
1352 5598 1558 5671 delicta,
1612 5599 1778 5658 deleto

1891 3175 2039 3249 plius
2067 3175 2229 3234 debet
2256 3176 2486 3249 diligere
2519 3176 2670 3248 (Luc.
2703 3191 2806 3243 vu,
2839 3173 2967 3246 43):
3001 3172 3210 3232 idcirco
3239 3190 3496 3231 commo-

1891 3273 1985 3323 net
2033 3275 2240 3339 gentes,
2289 3273 2354 3322 ut
2381 3264 2790 3324 considerantes
2820 3279 3011 3320 causas
3056 3263 3328 3318 malorum
3357 3279 3498 3319 suo-

1893 3371 2040 3425 rum,
2066 3365 2120 3412 et
2149 3355 2365 3428 qualem
2383 3354 2614 3428 gratiam
2635 3359 2962 3425 acceperunt
2985 3368 3016 3406 a
3033 3353 3145 3407 Deo
3169 3350 3229 3406 in
3252 3350 3495 3418 Christo,

1893 3454 2007 3504 tota
2033 3447 2329 3504 devotione
2358 3445 2587 3502 solliciti
2627 3445 2739 3502 sint
2774 3443 2921 3501 circa
2950 3442 3275 3516 obsequium
3305 3441 3442 3514 ejus,
3466 3459 3498 3498 a

1891 3551 2001 3609 quo
2033 3553 2066 3592 a
2095 3535 2313 3592 diversa
2341 3536 2536 3590 mortis
2563 3548 2725 3605 poena
2767 3541 2896 3588 sunt
2928 3531 3166 3588 liberati.
3204 3528 3496 3598 Quomodo

1889 3644 2018 3700 ergo
2047 3626 2277 3683 donavit
2295 3624 2456 3681 nobis
2482 3622 2670 3680 omnia
2691 3622 2892 3678 delicta
2922 3620 2950 3676 ‘P
2991 3644 3010 3669 ι
3039 3620 3254 3688 Deleto,
3279 3619 3486 3694 inquit,
3505 3629 3523 3641 ‘

1891 3714 2280 3788 chirographo,
2358 3712 2506 3788 quod
2579 3720 2695 3768 erat
2765 3707 3143 3766 adversarium
3225 3705 3410 3764 nobis.
3463 3731 3480 3753 ι

1889 3808 1962 3863 Et
2011 3805 2146 3878 quid
2195 3811 2277 3861 est
2333 3803 2537 3871 delere,
2587 3798 2822 3872 subjecit
2888 3796 3114 3854 dicens:
3173 3819 3192 3846 ‹
3242 3797 3315 3854 Et
3357 3794 3496 3853 illud

1891 3896 2027 3952 tulit
2065 3895 2133 3951 de
2181 3893 2384 3950 medio.
2419 3918 2438 3942 ι
2507 3892 2599 3950 Sic
2639 3907 2767 3965 ergo
2815 3889 3041 3958 delevit,
3090 3903 3218 3946 cum
3263 3884 3394 3943 tulit
3423 3883 3490 3941 de

1892 3983 2096 4041 medio.
2128 3983 2219 4041 Sic
2249 3992 2434 4041 autem
2478 3982 2610 4039 tulit
2649 3981 2716 4038 de
2746 3980 2948 4049 medio,
2990 3994 3114 4036 cum
3154 3975 3347 4050 aﬁixit,
3394 3973 3490 4043 ait,

1889 4073 2053 4130 cruci.
2113 4072 2348 4146 Aﬂigere
2395 4080 2578 4130 autem
2627 4069 2801 4139 cruci,
2853 4067 2961 4125 hoc
3003 4065 3151 4123 dixit
3196 4079 3312 4121 esse
3359 4078 3496 4134 spo-

1891 4162 2026 4220 liare
2086 4163 2428 4237 principatus
2484 4170 2539 4219 et
2601 4167 2895 4234 potestates
2973 4155 3214 4230 publice,
3273 4160 3328 4209 et
3405 4153 3494 4209 de-

1890 4251 2232 4325 triumphare
2261 4252 2388 4308 illos
2436 4252 2494 4306 in
2541 4249 2784 4309 Christo.
2828 4247 2974 4315 Haec,
3021 4244 3166 4302 sicut
3207 4241 3493 4310 videntur,

1891 4341 2124 4399 obscura
2174 4348 2326 4410 sunt,
2374 4357 2438 4396 ac
2485 4355 2582 4412 per
2637 4338 2743 4395 hoc
2800 4334 3048 4393 adhibita
3109 4349 3243 4390 cura
3298 4331 3494 4389 diluci-

1891 4429 2073 4486 danda
2102 4437 2250 4486 sunt.
2281 4429 2398 4486 Hoc
2427 4435 2511 4485 est
2539 4426 2859 4500 presidium
2889 4423 3012 4493 Dei,
3036 4422 3183 4496 quod
3205 4438 3300 4496 per
3328 4419 3494 4494 signi-

1892 4518 2171 4576 ficantiam
2202 4517 2546 4574 diversarum
2577 4530 2868 4572 causarum
2899 4512 3132 4584 exponit
3174 4511 3493 4584 Apostolus.

1888 4612 2063 4669 Multa
2100 4608 2249 4665 enim
2276 4617 2395 4666 acta
2426 4613 2713 4676 memorat,
2763 4621 2872 4678 quo
2905 4618 3075 4676 genus
3104 4600 3393 4657 hominum
3427 4599 3497 4657 ad

1890 4698 2293 4770 indulgentiam
2345 4697 2696 4769 perveniret;
2752 4703 2814 4750 ut
2865 4707 2975 4748 non
3035 4691 3214 4746 solum
3274 4691 3497 4764 propria

1890 4789 2198 4845 remitteret
2230 4787 2392 4844 nobis
2422 4786 2646 4854 delicta,
2677 4782 2772 4840 sed
2802 4790 2856 4838 et
2886 4781 3028 4838 illud
3055 4783 3274 4838 tolleret
3304 4798 3494 4855 pecca-

1890 4888 2032 4948 tum,
2055 4879 2202 4952 quod
2231 4894 2301 4934 ex
2331 4877 2463 4934 Adae
2484 4884 2599 4934 erat
2621 4873 3074 4948 praevaricatione
3099 4871 3272 4946 (quod
3298 4873 3496 4947 appel-

1891 4969 2027 5025 lavit
2055 4967 2482 5042 chirographum
2513 4967 2571 5023 in
2601 4965 2862 5036 decretis)
2893 4963 3042 5038 quod
3073 4981 3174 5020 nos
3197 4979 3227 5018 a
3259 4962 3494 5019 mortuis

1890 5075 2170 5132 resurgere
2218 5075 2330 5115 non
2379 5057 2628 5125 sinebat;
2671 5056 2800 5131 quia
2829 5055 2874 5112 si
2905 5062 2959 5112 et
2987 5053 3093 5112 hoc
3121 5069 3230 5110 non
3276 5053 3493 5109 tulisset

1889 5146 1956 5203 de
1987 5146 2192 5216 medio,
2224 5156 2489 5205 exeuntes
2519 5147 2671 5214 hinc,
2710 5147 2804 5220 qui
2834 5151 3155 5217 acceperant
3181 5141 3484 5212 remissam,

1890 5238 2008 5296 illic
2051 5245 2374 5296 tenerentur
2417 5236 2565 5310 apud
2611 5236 2853 5294 inferos..
2889 5235 3062 5292 Porro
3126 5239 3308 5288 autem
3364 5225 3488 5280 ideo

1888 5383 2030 5454 quod
2056 5382 2337 5438 adversum
2364 5398 2462 5438 nos
2489 5387 2624 5448 erat,
2665 5378 3014 5451 chirographo
3041 5375 3098 5454 in
3126 5368 3489 5454 decreuerat

1889 5435 2200 5527 aegrotet;
2215 5435 2632 5527 tamtam;
2654 5435 2952 5527 possunt,
2977 5439 3254 5504 ostentavit
3272 5435 3483 5510 Ραιατη,

1890 5523 2235 5600 triumphans
2257 5527 2320 5584 de
2344 5523 2461 5584 illis
2479 5541 2581 5596 per
2603 5523 2867 5595 “ipsum.
