4070 6186
548 289 653 362 453

1560 278 1656 358 AD
1695 277 1930 358 orans.
1965 298 2020 356 s.
2065 293 2398 358 AMBROSII
2439 287 2820 358 APPENDIX.

3752 293 3861 361 456

544 427 732 484 omnia
762 427 963 484 delicta
991 443 1250 484 concessa
1281 434 1433 494 sunt,
1472 433 1535 481 ut
1561 433 1906 498 resurgerent
1933 442 1965 481 a
1993 442 2139 495 mor-
2172 431 2223 489 A
2255 426 2595 496 futurorum,
2647 436 2708 484 ut
2754 433 3053 500 apparente
3097 423 3347 492 veritate,
3380 424 3557 497 ﬁgura
3595 433 3859 481 cessaret.

543 515 674 572 tuis.
721 515 862 584 Quia
901 516 1050 571 enim
1097 533 1166 572 ex
1207 525 1427 590 peccato
1458 532 1624 583 mors,
1665 515 1880 571 sublato
1923 524 2145 588 peccato

544 604 607 661 ﬁt
653 605 980 662 resurrectio
1029 614 1406 663 mortuorum:
1445 605 1592 678 quod
1632 605 1854 678 quidem
1893 604 2013 660 ﬁeri
2045 605 2143 660 mi-

544 693 693 748 nime
713 695 1000 766 potuisset,
1033 696 1141 752 nisi
1165 703 1447 769 peccatum
1487 695 1752 750 aﬁixisset
1781 693 1952 751 cruci.
1997 695 2142 749 Dum

543 783 688 838 enim
723 800 835 841 non
862 785 1138 858 peccando
1172 785 1422 841 Salvator
1449 786 1626 842 vincit
1656 793 1961 857 peccatum,
1994 784 2142 858 quod

543 871 824 931 hominem
887 875 1108 931 tenebat
1147 875 1475 945 obnoxium,
1507 875 1734 949 insuper
1762 884 1816 932 et
1862 875 2136 932 occiditur

541 961 610 1017 ab
634 963 1026 1033 eo‘innocens;
1077 966 1158 1022 sic
1195 965 1481 1023 cruciﬁxit
1510 976 1817 1040 peccatum.
1848 965 2138 1022 Devictum

540 1051 687 1106 enim
728 1062 1031 1124 peccatum,
1083 1055 1476 1112 mortiﬁcatum
1525 1055 1764 1124 dicitur;
1817 1072 1957 1112 crux
1993 1053 2141 1111 enim

538 1155 651 1196 non
701 1139 1002 1198 Salvatoris
1063 1161 1211 1200 mors
1267 1153 1366 1212 est,
1416 1143 1509 1200 sed
1586 1144 1814 1217 peccati.
1874 1145 2144 1201 Innocens

539 1228 687 1284 enim
743 1231 823 1286 sic
875 1232 968 1304 qui
1013 1233 1308 1302 occiditur,
1357 1248 1478 1290 reos
1524 1233 1649 1289 illos
1698 1234 1831 1291 facit
1883 1250 1913 1289 a
1941 1234 2142 1306 quibus

539 1319 828 1377 occiditur.
879 1323 1165 1380 Peccatum
1211 1333 1394 1381 autem
1440 1324 1715 1397 principes
1757 1335 1811 1382 et
1849 1334 2143 1398 potestates

538 1408 933 1483 intelligamus,
965 1431 1202 1487 quorum
1232 1414 1415 1471 studio
1444 1415 1691 1487 peccavit
1711 1416 1922 1488 primus
1940 1416 2138 1474 Adam.

539 1498 624 1554 Ad
651 1507 900 1558 auctores
930 1504 1078 1559 enim
1111 1505 1459 1562 referendum
1490 1514 1570 1562 est
1599 1522 1801 1561 nomen
1832 1505 1956 1576 hoc,
1993 1524 2143 1580 quo-

539 1603 664 1645 rum
713 1599 949 1648 mortem
1002 1594 1060 1649 in
1116 1596 1517 1668 exspoliatione
1563 1595 1944 1668 signiﬁcavit;
1993 1613 2142 1653 mors

546 1678 694 1734 enim
737 1680 984 1754 ipsorum
1015 1683 1134 1742 hac
1163 1691 1265 1754 est,
1291 1685 1421 1758 quia
1448 1685 1583 1741 victi
1613 1701 1644 1740 a
1673 1683 1974 1754 Salvatore,
2005 1685 2139 1742 dum

2253 509 2410 573 Sicut
2437 517 2586 574 enim
2629 517 2853 574 absente
2901 517 3251 590 imperatore,
3307 515 3491 585 imago
3538 512 3658 585 ejus
3694 513 3862 572 habet

2253 607 2665 675 auctoritatem,
2697 614 2964 680 prasente
2996 621 3107 661 non
3137 602 3340 670 habet;
3386 601 3463 658 ita
3487 611 3544 660 et
3584 602 3704 660 hac
3730 612 3858 660 ante

2253 695 2552 752 adventum
2583 696 2805 751 Domini
2829 703 3074 768 tempore
3105 711 3205 750 suo
3236 691 3577 748 observanda
3605 691 3855 766 fuerunt,

2255 794 2519 857 prasente
2537 793 2747 854 autem,
2769 793 2958 842 carent
2976 784 3322 842 auctoritate.
3345 780 3629 854 Numquid
3649 782 3859 856 aliquis

2252 873 2430 930 vicem
2462 873 2678 930 domini
2710 891 2897 946 agens,
2932 874 3052 946 ipso
3083 880 3368 945 prasente,
3396 870 3760 929 dominatur?
3800 873 3857 929 Si

2251 963 2636 1035 prafectorum
2667 961 2884 1031 vicarii,
2919 962 3281 1034 prasentibus
3319 959 3399 1017 eis
3441 959 3647 1034 privati
3678 968 3811 1016 sunt
3840 979 3854 1028 ;

2252 1061 2457 1126 quanto
2488 1053 2660 1125 magis
2688 1053 2856 1118 servi,
2889 1058 3154 1124 prasente
3182 1051 3430 1120 domino,
3459 1051 3626 1108 etiam
3669 1052 3776 1124 ipsi
3798 1053 3856 1108 in

2251 1141 2514 1215 obsequio
2543 1141 2744 1198 debent
2769 1141 2949 1198 videri
2973 1143 2985 1197 l

2327 1233 2508 1303 (Vers.
2544 1233 2628 1301 18,
2666 1233 2780 1304 19.)
2839 1256 2857 1279 ι
2883 1232 3057 1289 Nemo
3106 1247 3206 1288 vos
3248 1230 3511 1304 decipiat,
3553 1231 3749 1288 volens
3797 1232 3855 1288 in

2251 1322 2571 1379 humilitate
2597 1323 2793 1392 animi,
2822 1330 2876 1378 et
2893 1321 3283 1394 superstitione
3303 1322 3623 1394 angelorum
3652 1339 3715 1378 ea
3735 1339 3855 1397 qua

2251 1413 2423 1482 videt,
2475 1413 2748 1470 extollens
2798 1429 2855 1468 se
2904 1412 3125 1480 frustra,
3171 1411 3394 1469 inﬂatus
3439 1420 3623 1468 mente
3675 1414 3858 1470 carnis

2249 1519 2381 1572 sua,
2403 1511 2458 1560 et
2488 1519 2599 1560 non
2623 1512 2816 1561 tenens
2845 1511 3008 1576 caput
3043 1502 3204 1571 illud,
3234 1519 3305 1560 ex
3341 1517 3449 1576 quo
3471 1517 3632 1558 omne
3652 1518 3857 1576 corpus

2249 1608 2346 1666 per
2374 1594 2722 1667 compagines
2748 1601 2802 1650 et
2830 1591 3252 1665 conjunctiones
3290 1591 3766 1649 subministratum
3793 1600 3855 1648 et

2247 1685 2693 1756 compaginatum
2745 1683 2861 1756 (90)
2913 1682 3113 1740 crescit
3162 1681 3220 1738 in
3250 1679 3606 1754 augmentum
3651 1681 3774 1738 Dei.
3822 1707 3841 1730 ι

540 1768 923 1840 exspoliantur
940 1771 1251 1840 animabus,
1274 1789 1410 1846 quas
1428 1772 1688 1829 tenebant
1713 1773 1770 1829 in
1791 1772 2132 1846 captivitate,
2159 1797 2206 1857 Β
2248 1771 2407 1841 Quod
2445 1773 2699 1847 superius
2745 1772 2848 1829 sub
2877 1771 3102 1829 nomine
3131 1770 3496 1845 philosophia
3537 1771 3853 1828 cavendum

547 1865 974 1924 mortiﬁcamur.
1027 1869 1122 1926 Rei
1171 1870 1318 1926 enim
1368 1871 1497 1927 facti
1527 1879 1690 1928 sunt:
1725 1871 1853 1944 quia
1877 1888 2002 1929 cum
2035 1870 2139 1931 hac

541 1957 869 2013 auctoritate
917 1957 1128 2014 animas
1152 1968 1426 2029 tenerent,
1463 1960 1594 2032 quia
1621 1968 2001 2033 peccaverant,
2031 1961 2138 2034 ipsi

537 2040 753 2098 inventi
804 2053 935 2101 sunt
989 2048 1227 2122 amplius
1274 2059 1605 2122 peccatores,
1667 2050 1800 2107 dum
1840 2052 2000 2107 illum
2041 2052 2138 2124 qui

543 2130 671 2188 illos
702 2149 812 2190 non
843 2137 1120 2208 peccando
1149 2138 1380 2205 vicerat,
1413 2139 1755 2198 occiderunt.
1789 2141 1859 2197 Et
1886 2140 1966 2198 sic
1987 2140 2137 2212 juste

537 2223 831 2294 exspoliati
857 2234 1006 2296 sunt,
1037 2228 1182 2283 sicut
1209 2228 1378 2299 dixit,
1405 2229 1631 2300 publice,
1664 2229 1721 2286 id
1740 2238 1844 2299 est,
1867 2231 1926 2286 in
1951 2246 2131 2296 cruce;

537 2311 685 2383 quod
713 2320 794 2368 est
825 2315 1003 2385 palam
1031 2307 1435 2390 detriumphari
1463 2336 1492 2376 a
1524 2321 1638 2376 Deo
1669 2321 1724 2376 in
1757 2319 2002 2377 Christo.
2035 2320 2136 2375 Ille

536 2400 684 2455 enim
735 2401 1183 2476 detriumphatur
1229 2406 1322 2479 qui
1373 2409 1549 2479 palam
1582 2408 1846 2478 vincitur,
1879 2418 1934 2466 et
1960 2408 2138 2482 spolia

537 2487 656 2560 ejus
686 2491 1077 2561 publicantur:
1123 2497 1432 2552 ostenditur
1471 2498 1619 2554 enim
1677 2498 1935 2555 omnibus
1972 2515 2138 2571 pros-

538 2585 739 2647 tratus,
789 2581 886 2652 qui
943 2584 1158 2639 cateris
1222 2586 1544 2643 insultabat.
1603 2589 1895 2644 Decretum
1951 2596 2134 2645 autem

539 2667 687 2738 quod
708 2667 868 2738 dicit,
890 2685 1004 2725 non
1035 2681 1116 2728 est
1133 2671 1240 2730 hoc
1259 2673 1406 2747 quod
1423 2675 1616 2747 pagani
1639 2677 1813 2732 fatum
1835 2678 2131 2750 appellant;

537 2756 668 2827 quia
694 2757 838 2814 illud
867 2775 982 2816 non
1009 2762 1270 2820 omnibus
1297 2766 1639 2821 contrarium
1680 2773 1930 2822 asserunt
1957 2784 1971 2834 ;
2004 2767 2137 2840 quia

536 2847 801 2918 quosdam
831 2848 1027 2906 dicunt
1064 2867 1134 2907 ex
1171 2852 1278 2910 hoc
1302 2854 1512 2922 felices,
1543 2855 1681 2912 alios
1713 2856 1982 2914 infelices.
2019 2858 2137 2916 Hoc

538 2935 687 2990 enim
732 2937 1017 2995 decretum
1061 2943 1322 3000 omnibus
1372 2943 1512 3001 dicit
1554 2945 1723 3003 fuisse
1749 2947 2128 3016 contrarium;

537 3025 811 3081 sententia
839 3027 986 3084 enim
1013 3037 1129 3087 erat
1150 3031 1366 3089 cunctis
1394 3033 1622 3090 adversa
1650 3035 1991 3094 hominibus.

2247 1864 2485 1933 monuit,
2528 1881 2678 1922 nunc
2705 1863 2950 1936 apertius
2998 1863 3158 1921 docet
3205 1861 3610 1918 observandum
3653 1860 3721 1916 ab
3755 1861 3851 1931 iis,

2250 1953 2346 2026 qui
2389 1961 2623 2010 terrena
2663 1952 2943 2027 sapientia
2989 1951 3292 2020 studentes,
3338 1951 3457 2008 hac
3501 1949 3730 2007 colenda
3767 1966 3850 2008 as-

2247 2053 2456 2114 serunt,
2506 2062 2626 2119 qua
2667 2044 2953 2102 obtutibus
2991 2041 3259 2114 adjacent,
3310 2044 3398 2098 vel
3446 2049 3745 2115 apparent;
3787 2050 3850 2098 ut

2247 2134 2445 2190 horum
2467 2135 2700 2192 detenta
2730 2135 2964 2192 culturis
2993 2134 3192 2190 anima
3232 2133 3334 2190 sub
3372 2132 3722 2191 ﬁrmamento
3753 2134 3848 2191 ob-

2248 2224 2426 2296 ligata
2453 2233 2763 2293 teneantur,
2795 2241 2864 2280 ne
2895 2240 2953 2280 se
2975 2239 3142 2296 supra
3175 2222 3586 2280 ﬁrmamentum
3617 2223 3847 2280 tendant

2245 2313 2313 2369 ad
2343 2314 2650 2387 superiores
2688 2317 2856 2373 coalos
2880 2315 2949 2372 ad
2986 2316 3160 2371 Deum
3203 2315 3436 2371 omniuu
3480 2315 3845 2374 adorandum.

2246 2404 2405 2472 Quod
2436 2422 2598 2478 opera
2646 2407 2884 2463 eﬂicitur
2913 2405 3152 2473 inimici,
3181 2413 3243 2461 ut
3272 2421 3486 2479 semper
3511 2406 3722 2463 animas
3751 2424 3843 2464 su-

2246 2513 2342 2570 per
2370 2505 2545 2554 terras
2574 2495 2894 2554 humiliatas
2943 2496 3206 2562 detineat,
3233 2495 3330 2552 ubi
3359 2513 3416 2553 se
3445 2496 3550 2553 scit
3591 2497 3660 2554 de
3687 2497 3844 2554 caelis

2245 2585 2516 2658 dejectum
2555 2603 2769 2659 semper
2813 2586 3065 2643 futurum
3088 2585 3241 2658 justo
3282 2585 3496 2658 judicio
3541 2586 3664 2655 Dei,
3709 2588 3837 2643 reli-

2245 2674 2462 2748 gionem
2516 2675 2808 2743 simulans,
2848 2693 2974 2732 cum
3005 2675 3079 2731 sit
3109 2675 3416 2731 maximum
3460 2675 3837 2747 sacrilegium.

2245 2763 2518 2820 Inﬂantur
2547 2764 2694 2820 enim
2726 2771 2939 2821 motum
2962 2763 3313 2837 pervidentes
3340 2763 3672 2832 stellarrum,
3701 2781 3844 2838 quas

2243 2855 2466 2926 angelos
2494 2863 2675 2924 vocat,
2709 2869 2822 2910 non
2851 2853 3177 2911 auctoritate
3207 2853 3421 2922 divina,
3443 2851 3538 2909 sed
3565 2855 3848 2926 supersti-

2222 2944 2396 3000 'tione
2445 2943 2705 3014 humana,
2749 2961 2872 3018 qua
2917 2944 2987 3000 ad
3033 2943 3276 3000 nihilum
3321 2941 3558 3016 proﬁcit,
3606 2942 3716 2998 nisi
3773 2943 3846 3002 ad

2243 3037 2547 3095 damnum:
2599 3038 2852 3095 nolentes
2895 3045 3078 3094 tenere
3115 3035 3280 3094 ﬁdem
3316 3035 3545 3106 Christi,
3578 3035 3674 3109 qui
3708 3054 3848 3094 om-

610 3140 795 3211 (Vers.
829 3141 916 3206 16,
951 3142 1064 3215 17.)
1109 3167 1127 3189 ι
1149 3143 1322 3202 Nemo
1348 3146 1518 3220 igitur
1539 3147 1752 3220 judicet
1773 3167 1870 3208 vos
1901 3150 1958 3207 in
1983 3150 2130 3221 cibo,
2169 3163 2212 3224 ο
2247 3127 2402 3224 “if”?
2433 3135 2644 3224 “eam?
2669 3136 2724 3184 et
2756 3126 3026 3185 Dominus
3048 3134 3150 3184 es"
3181 3127 3270 3182 Ex
3299 3128 3420 3223 ip
3448 3125 3598 3224 “Em
3645 3142 3845 3224 9m“?

539 3230 625 3286 vel
659 3230 715 3285 in
738 3240 894 3303 potu,
913 3238 1008 3287 aut
1037 3232 1096 3289 in
1126 3243 1278 3306 parte
1297 3236 1407 3293 diei
1429 3237 1576 3308 festi,
1600 3249 1694 3296 aut
1716 3238 1772 3295 in
1801 3241 2129 3309 neomeniis,

539 3327 634 3375 aut
663 3320 720 3375 in
751 3319 1018 3378 Sabbato:
1059 3339 1180 3397 qua
1201 3335 1330 3383 sunt
1349 3327 1545 3384 umbra
1570 3329 1904 3398 futurorum,
1936 3328 2134 3403 corpus

536 3419 720 3468 autem
743 3413 969 3471 Christi.
1005 3439 1024 3463 ι
1068 3416 1340 3483 Quoniam
1369 3421 1551 3476 omnis
1580 3437 1702 3492 spes
1730 3421 1859 3477 vita
1890 3421 1948 3476 in
1976 3421 2135 3479 Chri-

535 3509 622 3556 sto
669 3511 770 3571 est,
805 3519 867 3560 ac
901 3503 1121 3574 ﬁducia,
1155 3508 1297 3563 nulli
1329 3509 1707 3581 superstitioni
1735 3517 1831 3565 aut
1859 3509 1963 3581 legi
1994 3510 2135 3566 sub-

530 3588 712 3664 jacere
749 3607 850 3647 nos
897 3593 1094 3649 debere
1145 3597 1424 3668 pracepit.
1479 3596 2136 3673 Quamobremgperstre-

542 3694 752 3758 pentes,
775 3695 870 3743 aut
897 3685 1042 3743 270
1072 3692 1285 3766 aliquid
1315 3694 1462 3767 quod
1491 3695 1559 3752 ad
1589 3695 1753 3751 ﬁdem
1785 3696 1991 3754 Christi
2022 3714 2131 3754 non

542 3773 780 3848 pertinet
810 3787 1178 3851 susurrantes,
1230 3783 1695 3841 contemnendos:
1735 3785 1901 3843 istum
1949 3795 2130 3843 autem

539 3866 718 3922 solum
747 3869 1085 3942 sequendum
1117 3888 1213 3944 per
1259 3887 1421 3946 quem
1469 3873 1688 3931 devicta
1734 3891 1880 3932 mors
1925 3886 2026 3945 est,
2078 3887 2132 3935 et

533 3955 752 4014 reddita
769 3961 1099 4018 resurrectio
1120 3971 1486 4020 mortuorum.
1506 3964 1738 4032 Quidam
1759 3965 1905 4021 enim
1922 3965 2132 4022 Judao-

533 4063 656 4104 rum
683 4049 864 4106 solent
891 4048 1141 4122 judicare
1171 4051 1382 4124 ﬁdeles,
1411 4054 1558 4127 quod
1589 4071 1651 4112 ea
1687 4070 1807 4128 qua
1836 4056 2131 4114 interdicta

531 4153 629 4211 per
670 4139 898 4212 Moysen
924 4149 1073 4212 sunt,
1105 4142 1270 4199 edant
1314 4143 1382 4200 de
1410 4142 1573 4211 cibis,
1603 4161 1726 4202 cum
1760 4145 1948 4202 omnia
1985 4149 2132 4204 Deus

534 4229 741 4286 munda
771 4229 1000 4289 fecerit:
1038 4232 1254 4308 indigni
1287 4242 1468 4292 autem
1494 4233 1729 4308 judicati
1759 4235 1933 4292 Judai
1955 4236 2023 4292 de
2045 4237 2132 4294 his

532 4317 713 4389 edere,
767 4320 1038 4392 prohibiti
1089 4331 1219 4380 sunt
1268 4341 1300 4380 a
1338 4322 1682 4381 melioribus.
1714 4325 1904 4381 Solent
1933 4325 2129 4382 iterum

532 4407 932 4480 reprehendere
973 4427 1093 4480 nos,
1152 4413 1282 4485 quia
1329 4411 1449 4470 dies
1495 4413 1636 4470 festo
1680 4428 1869 4469 eorum
1923 4414 2128 4487 sperni-

533 4514 680 4566 mus,
701 4507 797 4556 aut
824 4499 955 4572 quia
983 4499 1146 4556 initia
1167 4502 1438 4559 mensium
1471 4519 1582 4559 non
1603 4503 1977 4572 observamus,
2008 4520 2128 4576 qua
2156 4523 2205 4582 ι)

533 4590 851 4648 neomenias
880 4598 1110 4648 vocant:
1162 4592 1404 4650 maxime
1452 4601 1633 4650 autem
1669 4594 1815 4668 quod
1862 4595 1979 4653 dies
2011 4597 2129 4654 sab-

529 4679 783 4736 batorum
811 4697 924 4738 non
953 4680 1318 4751 custodimus,
1355 4692 1417 4740 ut
1445 4682 1561 4738 otio
1589 4691 1644 4739 et
1671 4685 1848 4756 epulis
1875 4703 2000 4743 cum
2033 4687 2128 4742 lu-

529 4770 691 4826 xuria
716 4771 1124 4844 transigantur:
1162 4771 1309 4845 quod
1338 4771 1512 4846 magis
1563 4773 1631 4830 ad
1665 4773 1925 4830 offensam
1954 4777 2091 4848 perti
2109 4807 2127 4817 -

531 4869 646 4927 net,
702 4878 866 4935 quam
923 4860 992 4918 ad
1048 4862 1300 4935 gratiam.
1359 4863 1486 4920 Hac
1527 4871 1709 4920 autem
1757 4864 1944 4920 omnia
1999 4873 2128 4921 sunt

529 4966 733 5024 corpus
764 4951 994 5020 Christi,
1028 4951 1159 5024 quia
1186 4951 1586 5009 elementorum
1617 4969 1712 5025 per
1739 4953 1964 5008 effectus
1995 4961 2126 5010 sunt

529 5040 818 5098 vocabula.
857 5040 1000 5098 Hinc
1026 5049 1106 5097 est
1136 5041 1283 5098 unde
1312 5041 1372 5098 in
1405 5041 1706 5115 Evangelia
1735 5040 1908 5097 dicit:
1957 5066 1975 5089 ‹
2006 5043 2127 5098 Do-

529 5125 715 5188 minus
731 5138 811 5188 est
839 5132 986 5188 enim
1008 5129 1182 5187 Filius
1202 5130 1448 5187 hominis
1466 5129 1630 5188 etiam
1654 5130 1874 5188 Sabbati
1907 5132 2122 5202 (Matth.

527 5237 632 5292 xu,
666 5221 724 5294 8)
751 5227 768 5291 ξ
796 5249 814 5272 ι
858 5238 954 5296 per
995 5219 1175 5294 ipsum
1204 5222 1352 5278 enim
1383 5222 1589 5290 omnia,
1632 5237 1752 5294 qua
1783 5216 2005 5293 quidem
2046 5221 2124 5280 sic

528 5304 655 5369 data
681 5321 811 5370 sunt
840 5328 936 5387 per
961 5308 1211 5386 Moysen',
1251 5316 1314 5368 ut
1353 5311 1549 5367 umbra
1595 5318 1795 5380 essent,
1829 5311 1917 5366 vel
1951 5309 2124 5383 ﬁgura

600 5485 719 5558 (90)
752 5485 922 5558 ‘Bom.
967 5483 1125 5552 edit.,
1175 5481 1521 5558 in__his_quw
1562 5497 1670 5558 non
1701 5481 1979 5558 uidet"...
2027 5499 2123 5555 per

524 5552 998 5628 coiitpdginationes
1049 5560 1098 5611 et
1147 5553 1505 5626 colligationea
1566 5552 2042 5610 subministratum‘
2074 5561 2124 5611 et

525 5635 845 5682 comnaclum
861 5671 871 5682 .

598 5644 908 5769 ῗὲὕειὲἔίᾖ.
939 5697 1099 5766 edit.,
1145 5697 1364 5755 redeunt
1397 5697 1469 5755 ad
1510 5698 1700 5767 Deum,
1738 5697 1831 5770 qui
1875 5713 1992 5756 sum
2023 5710 2122 5771 per

2247 3217 2516 3290 originem
2545 3217 2786 3286 habent;
2817 3233 2985 3291 quare
3013 3224 3068 3273 et
3103 3231 3304 3288 corpus
3331 3213 3450 3288 ejus
3479 3213 3763 3284 dicuntur,
3796 3217 3846 3272 si

2240 3315 2425 3364 tamen
2471 3316 2776 3380 agnoscunt
2822 3323 2970 3364 eum.
3025 3305 3110 3362 Ad
3165 3305 3347 3378 ipsum
3394 3305 3542 3361 enim
3587 3306 3846 3363 conversi

2243 3405 2671 3474 readiﬁcantur,
2702 3405 3071 3479 compaginati
3091 3403 3222 3462 ﬁdei
3242 3403 3361 3478 ejus
3387 3403 3848 3463 subministrante

2241 3494 2546 3567 Evangelio
2575 3495 2789 3552 cunctis
2817 3496 2972 3570 quasi
3003 3496 3251 3552 membra
3290 3494 3536 3567 corporis
3567 3493 3625 3550 in
3659 3494 3843 3550 chario

2242 3589 2350 3638 tate
2379 3582 2608 3653 Christi,
2630 3592 2691 3640 ut
2711 3593 3065 3657 augmentum
3091 3584 3295 3641 faciant
3331 3585 3467 3640 Deo.
3509 3583 3650 3640 Cum
3679 3583 3829 3639 enim

2244 3673 2478 3730 redeunt
2493 3675 2561 3731 ad
2592 3675 2775 3743 illum,
2793 3674 2890 3748 qui
2911 3690 3007 3747 per
3027 3689 3268 3730 errorem
3296 3673 3650 3730 deseruerant
3677 3672 3843 3730 illum

2243 3763 2554 3820 minuentes
2579 3763 2885 3836 (91)copias
2907 3764 3232 3820 divitiarum
3259 3760 3398 3834 ejus,
3419 3761 3553 3818 dum
3569 3761 3846 3833 deuegant

2241 3857 2360 3931 ejus
2397 3875 2454 3915 se
2481 3874 2618 3929 esse,
2649 3866 2990 3915 crementum
3030 3858 3244 3917 faciunt
3280 3859 3416 3926 Deo,
3443 3855 3574 3930 quia
3608 3871 3680 3911 ex
3723 3871 3846 3927 per-

2239 3948 2377 4005 ditis
2430 3949 2812 4023 acquiruntur.
2868 3950 2996 4006 Hac
3051 3949 3119 4006 de
3172 3949 3436 4022 paganis:
3493 3960 3708 4002 rursum
3769 3943 3846 4000 de

2238 4037 2444 4094 Judais
2495 4038 2633 4094 dicit
2689 4039 2820 4113 quia
2862 4046 2918 4096 et
2956 4037 3063 4112 ipsi
3116 4038 3221 4095 sub
3248 4036 3533 4095 elementis
3559 4031 3843 4104 serviunt,

2241 4142 2356 4183 non
2384 4127 2693 4184 elementis.

2312 4216 2496 4287 (Vers.
2522 4215 2640 4289 20.)
2685 4241 2705 4264 ι
2731 4214 2790 4272 Si
2813 4231 2944 4291 ergo
2975 4217 3182 4274 mortui
3208 4216 3340 4276 estis
3357 4233 3486 4276 cum
3516 4215 3740 4277 Christo
3768 4213 3840 4274 ab

2237 4307 2526 4365 elementis
2563 4307 2731 4382 hujus
2766 4309 2983 4379 mundi,
3011 4309 3146 4383 quid
3164 4308 3366 4379 adhuc,
3399 4311 3555 4366 velut
3581 4310 3838 4366 viventes

2237 4397 2297 4454 in
2325 4396 2434 4456 hoc
2461 4398 2670 4455 mundo
2711 4397 3052 4456 decernitis?
3081 4425 3101 4452 ι
3161 4399 3356 4456 Omnis
3397 4397 3494 4471 qui
3525 4397 3845 4471 baptizatur

2238 4487 2298 4545 in
2327 4488 2570 4560 Christo,
2597 4489 2832 4547 moritur
2861 4488 3070 4557 mundo
3095 4506 3111 4557 ;
3139 4489 3355 4547 cunctis
3383 4488 3536 4546 enim
3573 4487 3842 4561 supersti-

2237 4581 2453 4639 tionum
2483 4582 2763 4639 erroribus
2801 4580 3177 4650 abrenuntiat,
3206 4587 3268 4636 ut
3296 4579 3469 4636 solam
3498 4579 3647 4636 colat
3669 4577 3842 4634 ﬁdem
3911 4610 3916 4613 -

2236 4673 2464 4732 Christi.
2491 4673 2709 4730 Amotis
2731 4673 2877 4728 enim
2895 4688 3017 4746 qua
3033 4670 3275 4728 naturali
3289 4669 3523 4744 justitia
3543 4667 3843 4737 accedunt,

2236 4763 2570 4837 relinquitur
2597 4760 2892 4833 disciplina
2919 4761 3048 4818 data
3075 4777 3106 4817 a
3136 4763 3272 4830 Deo,
3307 4777 3403 4834 per
3430 4774 3593 4834 quam
3620 4756 3851 4813 vivitur

2236 4857 2348 4912 Deo
2379 4870 2474 4927 per
2499 4868 2672 4926 spem,
2712 4868 2833 4926 qua
2856 4859 2939 4908 est
2967 4851 3027 4906 in
3055 4850 3314 4918 Christo;
3370 4848 3607 4906 moritur
3648 4855 3845 4903 autem

2236 4943 2324 5000 his
2348 4942 2548 5016 quibus
2576 4941 2853 5015 subjectus
2892 4941 3071 4997 fuerat
3096 4957 3192 5014 per
3219 4954 3484 5006 errorem,
3509 4936 3644 4993 dum
3673 4944 3851 5009 negat

2234 5034 2379 5103 illos,
2412 5050 2548 5106 quos
2575 5032 2706 5090 deos
2742 5038 3162 5105 prasumpserat
3187 5045 3305 5087 esse
3351 5029 3492 5102 (92).
3543 5028 3616 5084 Et
3661 5027 3745 5082 ita
3772 5025 3849 5082 ﬁt

2233 5131 2296 5181 ut
2349 5140 2446 5196 per
2497 5121 2849 5180 inimicitiam
2897 5117 3397 5179 abrenuntiationis
3450 5115 3691 5174 invicem
3723 5115 3846 5172 sibi

2233 5213 2437 5270 mortui
2489 5213 2746 5269 dicantur
2791 5211 2959 5269 homo
3015 5216 3072 5268 et
3123 5210 3526 5267 elementorum
3581 5205 3839 5262 cultura.

2231 5303 2497 5362 Mundum
2545 5302 2694 5360 enim
2740 5302 2948 5373 dicens,
2993 5317 3235 5359 errorem
3281 5297 3467 5358 carnis
3517 5293 3838 5370 signiﬁcat,

2229 5493 2463 5535 errorem
2493 5475 2851 5546 deseruerant,
2881 5473 3192 5544 minuentes,
3223 5480 3331 5531 etc.

2302 5548 2419 5622 (92)
2470 5548 2678 5622 Omnes
2715 5540 2871 5622 editl,
2937 5563 3066 5618 quos
3098 5540 3528 5622 praesumptor-at
3576 5555 3724 5608 sua;
3776 5540 3854 5596 at

2229 5615 2418 5681 vocem
2448 5621 2570 5679 deos
2598 5637 2629 5676 θ
2656 5618 2780 5678 cod.
2813 5615 2926 5676 non
2944 5615 3141 5692 paucis
3170 5615 3537 5675 restituimus.
