4108 6184
260 322 360 383 457

1303 327 1664 388 COMMENT.
1708 330 1780 386 IN
1817 328 2034 386 EPIST.
2076 331 2172 387 AD
2211 330 2488 390 COLOSS.

3448 344 3556 405 458

259 471 420 510 omne
459 455 603 511 enim
648 455 795 528 quod
843 455 1082 526 videtur,
1143 459 1293 514 carni
1343 459 1655 532 deputatur.
1707 462 1849 519 Hinc
1876 462 1926 520 A
1966 461 2157 517 mundi
2205 463 2538 531 clarissima;
2591 480 2691 521 nec
2718 468 2923 540 requiri
2971 468 3168 527 debere
3207 471 3551 545 spiritualia;
3600 474 3608 479 ’

257 555 336 601 est
391 545 534 602 unde
591 554 646 601 et
696 546 935 602 Joannes
989 549 1298 619 apostolus:
1346 575 1363 596 ε
1394 551 1596 619 Nolite,
1646 552 1848 624 inquit,

253 633 477 706 diligere
526 635 822 704 mundum,
876 653 1051 710 neque
1098 655 1159 694 ea
1205 656 1326 712 qua:
1373 639 1431 695 in
1469 641 1676 697 mundo
1723 649 1853 698 sunt

255 721 313 793 (Ι
331 723 488 779 Joan.
533 742 596 793 ιι,
628 727 744 797 15),
776 751 794 773 ι
838 726 894 782 id
941 737 1044 796 est,
1088 744 1266 802 neque
1311 731 1600 797 elementa,
1652 730 1853 803 quibus

247 823 570 887 compactus
597 824 678 872 est
711 817 972 887 mundus,
1000 836 1180 892 neque
1206 837 1418 876 errores
1447 838 1584 893 quos
1614 820 1854 876 humana

245 903 538 960 adinvenit
558 906 799 972 tradilio,
829 907 1162 980 diligamus:
1209 909 1303 966 sed
1334 913 1513 966 solum
1546 911 1849 981 Christum,

245 993 342 1065 qui
385 1004 636 1052 mortuus
675 1006 757 1053 est
787 1014 888 1068 pro
919 997 1100 1066 nobis,
1132 1007 1195 1054 ut
1238 1000 1456 1071 corpori
1485 1017 1584 1056 suo
1626 1018 1723 1057 nos
1752 1019 1849 1057 so-

243 1082 415 1139 ciaret
449 1101 519 1139 ex
547 1085 799 1156 perditis.
825 1085 1078 1159 Quiergo
1109 1090 1414 1160 consepulti
1446 1098 1574 1144 sunt
1604 1089 1844 1160 Christo,

243 1173 453 1228 mortui
503 1183 632 1230 sunt
664 1178 975 1245 elementis,
1008 1187 1068 1234 ut
1097 1179 1239 1234 nihil
1273 1191 1466 1237 curent
1493 1199 1558 1237 ex
1593 1181 1711 1250 his;
1744 1200 1847 1239 su-

239 1276 414 1332 perna
443 1264 590 1319 enim
622 1264 939 1322 didicerunt
969 1268 1226 1335 tenenda,
1260 1286 1379 1341 quae
1412 1279 1642 1342 possunt
1671 1273 1844 1329 vitam

239 1350 448 1408 donare
479 1363 813 1426 perpetuam.
850 1357 977 1411 Haec
1007 1357 1154 1412 enim
1196 1374 1296 1413 nec
1328 1368 1655 1430 praesentem
1688 1361 1841 1430 dant,

237 1448 296 1495 et
324 1441 655 1513 impediunt,
688 1460 755 1499 ne
784 1445 1268 1516 apprehendantur
1289 1447 1498 1504 futura.
1523 1449 1629 1517 Qui
1660 1459 1841 1506 autem

235 1538 361 1602 post
389 1529 723 1603 baptismum
768 1532 999 1606 ambigit
1029 1535 1096 1591 de
1125 1536 1428 1610 aliquibus,
1463 1548 1661 1610 putans
1697 1558 1840 1614 qua:-

235 1617 360 1674 dam
419 1619 486 1675 de
536 1622 816 1678 veteribus
864 1625 1201 1694 veneranda,
1259 1627 1447 1683 vivere
1506 1645 1563 1685 se
1600 1631 1843 1686 ostendit

234 1712 374 1771 271
410 1710 718 1782 elementis,
769 1729 888 1786 quae
937 1712 1184 1771 decernit
1218 1716 1468 1786 colenda,
1503 1727 1597 1774 aut
1625 1718 1842 1776 dubitat

231 1809 641 1866 contemnenda
666 1830 677 1866 :
715 1811 811 1867 hic
840 1813 1149 1869 remanebit
1179 1815 1324 1871 intra
1351 1816 1592 1873 circulos
1622 1819 1837 1888 mundi,
1876 1835 1918 1892 Β

229 1901 451 1958 alienus
482 1919 511 1957 a
535 1903 671 1972 Deo,
699 1903 830 1976 quia
856 1905 1030 1962 veteri
1060 1904 1290 1965 indutus
1320 1907 1569 1979 homine,
1598 1911 1839 1968 carnalia

227 1992 472 2047 transire
498 2009 610 2048 non
642 1993 864 2065 poterit.

305 2088 494 2162 (Vers.
544 2090 632 2161 21,
685 2094 802 2166 22.)
867 2119 885 2142 ι
933 2095 1012 2152 Ne
1065 2096 1378 2169 tetigeritis,
1429 2115 1497 2154 ne
1534 2100 1839 2156 attamina-

224 2179 448 2249 veritis,
474 2198 541 2240 ne
561 2184 937 2256 gustaveritis,
952 2203 1020 2243 ne
1041 2190 1537 2260 contrectaveritis,
1565 2208 1686 2264 quae
1707 2199 1836 2248 sunt

224 2270 422 2326 omnia
452 2272 509 2327 in
544 2270 828 2329 interitum
864 2274 1004 2347 (93),
1033 2283 1087 2331 et
1117 2277 1528 2350 corruptionem
1578 2297 1675 2352 per
1701 2280 1832 2336 abu-

223 2361 438 2417 sionem
471 2363 772 2419 secundum
797 2375 1064 2438 przecepta
1093 2376 1146 2423 et
1176 2368 1455 2425 doctrinas
1477 2369 1817 2426 hominum.-

222 2449 493 2507 Prohibet
538 2453 690 2508 omni
739 2470 933 2525 genere
977 2457 1044 2512 ab
1078 2473 1171 2529 spe
1225 2458 1656 2528 mundanorum,
1705 2461 1834 2532 quia

223 2539 410 2596 inanis
457 2551 559 2610 est,
614 2558 682 2597 ne
735 2544 939 2613 colant,
991 2562 1060 2600 ne
1097 2547 1419 2616 assentiant,
1468 2565 1536 2604 ne
1565 2549 1830 2620 cogitent,

224 2631 355 2703 quia
385 2647 507 2704 quae
537 2633 888 2704 promittunt,
922 2635 1295 2707 corruptionis
1334 2644 1482 2694 sunt.
1512 2638 1653 2694 Usus
1682 2639 1828 2693 enim

223 2726 277 2774 et
323 2721 544 2777 cultura
585 2722 830 2794 ipsorum
863 2723 1150 2781 interitum
1190 2734 1470 2798 generant,
1502 2727 1631 2800 quia
1680 2744 1830 2798 prae-

222 2821 382 2882 cepta
429 2821 482 2868 et
526 2811 792 2869 doctrinae
841 2830 953 2870 non
980 2815 1101 2884 Dei,
1141 2816 1235 2871 sed
1265 2817 1555 2872 hominum
1588 2825 1739 2883 sunt,
1771 2815 1830 2869 in

223 2900 427 2972 quibus
456 2919 596 2957 vana
624 2920 746 2975 spes
793 2911 909 2960 est:
952 2907 1156 2977 quippe
1186 2922 1312 2960 cum
1363 2905 1630 2960 adversus
1659 2905 1832 2960 Crea-

222 2999 400 3047 torem
451 2991 726 3049 invenerit
753 2993 871 3050 haec
911 3011 1065 3050 error
1109 2993 1408 3062 humanus,
1438 3003 1501 3049 ut
1533 2993 1832 3064 prohibens

221 3079 290 3135 ab
329 3081 498 3137 unius
539 3083 643 3138 Dei
686 3081 817 3149 ﬁde,
865 3084 1171 3138 multorum
1210 3081 1440 3138 deorum
1470 3083 1830 3156 superstitio-

221 3183 351 3224 nem
382 3169 628 3227 inducat.

294 3267 481 3339 (Vers.
514 3266 631 3338 23.)
666 3291 684 3314 ‹
707 3266 839 3334 Quae
858 3274 986 3322 sunt
1011 3266 1280 3325 rationem
1311 3269 1536 3343 quidem
1568 3269 1827 3328 habentia

217 3356 510 3428 sapientiae
531 3355 888 3414 simulatione
917 3357 1225 3431 religionis,
1256 3369 1309 3416 et
1338 3359 1656 3418 humilitate
1695 3363 1826 3419 ani-

218 3445 301 3499 mi
350 3443 464 3518 (94)
497 3446 564 3502 ad
620 3447 968 3505 vexationem
1025 3449 1289 3521 corporis,
1350 3467 1460 3506 non
1514 3450 1574 3506 in
1616 3450 1824 3507 honore

210 3535 408 3607 aliquo
435 3535 505 3592 ad
546 3537 888 3593 saturitatem
920 3546 974 3594 et
998 3538 1343 3611 diligentiam
1381 3539 1584 3597 carnis.
1616 3565 1634 3587 ι
1680 3541 1822 3598 Hinc

210 3641 267 3681 se
297 3624 584 3697 sapientiae
611 3627 881 3685 rationem
933 3628 1135 3685 habere
1163 3638 1378 3702 putant,
1411 3631 1541 3704 quia
1569 3631 1818 3688 traditio-

212 3715 268 3770 ni
318 3715 576 3772 humana:
618 3733 818 3773 nomen
863 3718 1149 3792 religionis
1193 3719 1491 3792 applicant,
1526 3729 1589 3776 ut
1625 3721 1819 3793 religio

212 3804 540 3876 appelletur,
591 3822 717 3862 cum
759 3806 830 3862 sit
861 3807 1248 3880 sacrilegium;
1291 3809 1420 3882 quia
1451 3808 1598 3882 quod
1626 3819 1818 3868 contra

214 3903 494 3950 auctorem
519 3902 624 3964 est,
655 3895 916 3968 sacrilega
939 3905 1121 3954 mente
1149 3897 1439 3956 inventum
1471 3909 1571 3956 est.
1603 3901 1815 3956 Nomen

213 3999 333 4055 ergo
383 3983 568 4055 ﬁngit,
609 3992 672 4040 ut
718 3985 853 4041 falsa
894 4003 1013 4059 quae
1064 3995 1214 4057 sunt,
1269 3997 1452 4062 posset
1502 4007 1632 4046 vera
1675 4007 1814 4047 asse-

213 4087 354 4140 rere;
409 4080 461 4128 et
506 4071 778 4130 humanas
823 4085 1034 4132 mentes
1084 4077 1142 4132 in
1173 4085 1317 4133 terra
1346 4078 1628 4150 humiliat,
1659 4097 1728 4136 ne
1757 4096 1812 4136 se

212 4162 425 4234 erigant
453 4162 522 4218 ad
553 4179 788 4236 superna
820 4182 831 4221 :
861 4173 956 4220 aut
985 4174 1201 4222 terrena
1226 4167 1468 4226 colentes
1497 4169 1757 4225 excidant
1782 4185 1813 4225 a

212 4251 466 4322 supernis
495 4253 830 4321 caelestibus,
863 4262 917 4309 et
965 4255 1152 4311 obsint
1181 4258 1422 4328 corpori,
1453 4257 1611 4328 cujus
1647 4267 1812 4330 caput

212 4337 466 4397 Christus
497 4349 578 4397 est
607 4341 913 4398 secundum
944 4343 1224 4414 primaevae
1253 4345 1484 4400 rationis
1519 4347 1806 4404 facturam.

212 4428 343 4489 Hinc
398 4431 546 4486 enim
593 4431 871 4504 aggravati
930 4447 1041 4488 non
1099 4440 1352 4506 poterant
1396 4451 1610 4490 sursum
1649 4435 1809 4508 jungi

1961 550 2089 622 quia
2115 549 2202 605 his
2231 552 2384 620 solis,
2417 553 2698 624 inquiunt,
2719 556 2954 614 ducibus
2987 560 3069 614 uti
3100 576 3419 620 concessum
3449 574 3554 632 est,

1961 648 2014 696 et
2042 657 2139 714 per
2168 640 2312 700 hanc
2339 643 2610 700 rationem
2627 647 2910 719 negligunt
2933 658 3232 709 auctorem.

2591 790 2816 848 CAPUT
2845 794 2938 851 ΙΙΙ.

2035 915 2215 988 (Vers.
2253 917 2331 990 1.)
2377 941 2396 965 ‹
2426 917 2481 973 Si
2514 918 2659 974 enim
2691 921 3115 979 consurrexistis
3153 941 3277 980 cum
3307 925 3554 994 Christo,

1958 1023 2078 1079 quae
2107 1025 2322 1064 sursum
2357 1015 2486 1063 sunt
2515 1009 2766 1080 quaerite,
2797 1010 2892 1065 ubi
2934 1010 3187 1068 Christus
3216 1022 3297 1069 est
3327 1016 3394 1070 ad
3423 1017 3551 1071 dex-

1955 1103 2126 1152 teram
2174 1097 2271 1153 Dei
2317 1097 2530 1155 sedens.
2564 1124 2582 1147 ι
2627 1099 2738 1155 Hos
2779 1117 2904 1157 cum
2938 1101 3158 1158 Christo
3192 1106 3553 1162 resurrexisse

1955 1187 2147 1244 asserit
2177 1189 2234 1244 in
2263 1188 2557 1261 baptismo,
2581 1190 2674 1262 qui
2707 1192 3117 1262 supercoelestia
3142 1195 3410 1265 cogitant,
3455 1195 3551 1250 ubi

1954 1277 2108 1334 sedes
2154 1285 2234 1334 est
2267 1278 2496 1346 Christi,
2527 1280 2622 1336 ubi
2652 1283 2797 1337 Deus
2825 1282 2985 1338 Pater
3015 1283 3158 1339 Filio
3195 1301 3296 1340 suo
3325 1285 3555 1342 tradidit

1954 1367 2260 1438 dexteram,
2313 1377 2376 1425 ut
2429 1380 2618 1442 regnet
2668 1379 2721 1426 et
2758 1371 2996 1443 judicet;
3037 1373 3242 1444 judicis
3293 1375 3442 1432 enim
3494 1377 3550 1432 in

1953 1456 2176 1515 sinistra
2229 1458 2416 1514 sedere
2471 1475 2584 1514 non
2640 1467 2739 1516 est.
2793 1461 3140 1518 Resurrectio
3197 1471 3379 1519 tamen
3415 1463 3552 1520 duas

1953 1544 2118 1602 habet
2147 1548 2372 1617 formas,
2403 1557 2464 1604 ut
2494 1548 2674 1620 primo
2707 1550 2892 1606 anima
2923 1550 2991 1607 de
3019 1552 3181 1609 terris
3210 1561 3453 1626 resurgat
3481 1554 3551 1612 ad

1951 1636 2137 1705 caelos,
2195 1635 2394 1693 deinde
2459 1647 2678 1710 recepto
2741 1656 2989 1713 corpore,
3055 1650 3302 1715 resurgat
3366 1653 3552 1716 raptus

1951 1724 2170 1781 obviam
2202 1726 2441 1784 Christo.

2024 1814 2206 1886 (Vers.
2256 1815 2337 1888 2.)
2397 1838 2416 1863 ε
2451 1816 2582 1884 Quae
2634 1825 2764 1874 sunt
2822 1834 3063 1888 sursum,
3104 1821 3298 1892 sapite,
3338 1838 3450 1878 non
3489 1839 3551 1880 ea

1947 1921 2068 1978 quae
2126 1923 2289 1978 super
2344 1916 2567 1965 terram.
2609 1933 2627 1956 ι
2689 1909 3062 1982 Supernorum
3115 1912 3400 1982 caelorum,
3453 1913 3548 1986 qui

1947 1995 2165 2052 IEterni
2212 2005 2343 2053 sunt
2373 1997 2708 2067 habitacula,
2740 2015 2841 2056 nos
2868 2009 3048 2071 petere
3078 2000 3443 2070 exhortatur;
3476 2002 3544 2058 ab

1947 2085 2036 2141 his
2064 2093 2245 2141 autem
2291 2087 2571 2156 omnibus,
2603 2104 2724 2160 quae
2766 2089 2824 2144 in
2851 2089 3198 2147 ﬁrmamento
3228 2099 3281 2146 et
3308 2091 3410 2147 sub
3440 2091 3549 2147 ﬁr-

1945 2184 2224 2231 mamento
2270 2185 2418 2244 sunt,
2451 2176 2935 2235 dissimulandum.
2987 2180 3246 2252 Quisquis
3275 2180 3421 2237 enim
3455 2180 3544 2239 his

1943 2280 1999 2319 se
2029 2264 2518 2336 superstitionibus
2559 2267 2931 2338 occupaverit,
2967 2268 3424 2340 impedimentum
3455 2287 3544 2342 pa-

1941 2353 2146 2420 tietur;
2181 2371 2293 2409 non
2324 2354 2471 2410 enim
2505 2357 2706 2427 poterit
2738 2357 2855 2414 haec
2903 2357 3312 2428 transcendere,
3344 2359 3545 2432 quibus

1940 2459 1996 2498 se
2026 2442 2343 2515 inclinavit,
2375 2452 2436 2500 ut
2465 2445 2727 2504 dominis.

2015 2533 2195 2603 (Vers.
2252 2533 2331 2606 3.)
2395 2558 2412 2582 ι
2442 2535 2642 2593 Mortui
2697 2538 2842 2593 enim
2899 2538 3051 2605 estis,
3103 2547 3157 2594 et
3205 2541 3322 2594 vita
3361 2548 3544 2598 vestra

1939 2620 2260 2678 abscondita
2305 2631 2386 2679 est
2434 2640 2560 2679 cum
2589 2624 2811 2682 Christo
2841 2626 2898 2680 in
2929 2629 3058 2682 Deo.
3091 2651 3109 2673 ι
3155 2629 3316 2700 Apud
3346 2630 3541 2686 mundi

1939 2727 2159 2767 sensum
2197 2720 2450 2767 mortuus
2478 2713 2733 2769 Christus
2761 2713 3003 2781 videtur,
3027 2724 3079 2770 et
3109 2715 3366 2787 discipuli
3398 2717 3538 2788 ejus,

1938 2819 2062 2858 cum
2097 2810 2309 2857 constet
2339 2803 2524 2857 vivere
2556 2803 2715 2858 illum
2744 2821 2870 2858 cum
2901 2803 2988 2858 his
3017 2805 3293 2861 omnibus.
3329 2807 3538 2863 Idcirco

1939 2892 2254 2950 carnalibus
2285 2909 2346 2951 ac
2399 2892 2693 2950 mundanis
2719 2893 3040 2951 abscondita
3077 2904 3158 2952 est
3186 2896 3300 2952 vita
3328 2896 3536 2954 Christi

1939 2993 1994 3041 et
2037 3001 2262 3040 suorum
2319 2984 2377 3039 in
2425 2985 2538 3040 Deo
2583 2993 2740 3041 extra
2783 2985 3073 3054 mundum,
3111 2985 3171 3042 in
3203 3002 3370 3060 regno
3415 2985 3535 3058 ejus

1937 3076 2166 3144 caelesti,
2197 3076 2256 3132 in
2289 3092 2399 3148 quo
2428 3076 2645 3134 vivunt.

2013 3166 2292 3238 (Vers.li.)
2327 3190 2346 3214 ε
2369 3167 2506 3224 Cum
2533 3166 2784 3224 Christus
2829 3168 3142 3242 apparuerit
3181 3169 3296 3226 vita
3322 3178 3529 3240 vestra,

1935 3267 2071 3316 tunc
2117 3266 2171 3315 et
2207 3275 2307 3315 vos
2352 3257 2681 3331 apparebitis
2723 3277 2846 3316 cum
2879 3260 2976 3316 illo
3007 3261 3067 3316 in
3109 3261 3301 3333 gloria.
3335 3285 3354 3311 ι
3396 3263 3528 3320 Vita

1935 3357 2124 3406 nostra
2171 3348 2426 3406 Christus
2451 3357 2569 3418 est;
2601 3350 2729 3424 quia
2768 3350 3002 3422 legimus
3041 3351 3101 3406 in
3131 3351 3288 3408 Actis
3315 3360 3527 3423 aposto-

1935 3438 2114 3494 lorum
2162 3437 2312 3495 hunc
2353 3455 2469 3496 esse
2499 3440 2627 3494 vitae
2666 3447 2946 3495 auctorem
2992 3440 3135 3509 (Act.
3169 3457 3252 3508 ιιι,
3285 3441 3400 3511 15),
3436 3441 3530 3512 qui

1931 3543 1962 3582 a
1991 3527 2214 3598 perﬁdis
2261 3544 2373 3584 non
2415 3527 2659 3585 creditur
2685 3528 2906 3585 futurus
2933 3527 3126 3600 judex.
3158 3529 3296 3586 Cum
3345 3533 3525 3584 autem

1929 3616 2216 3672 advenerit
2269 3617 2329 3673 in
2385 3617 2592 3674 virtute
2634 3618 2862 3686 caelesti,
2896 3625 2950 3674 et
2995 3617 3146 3674 visus
3177 3618 3343 3674 fuerit
3390 3636 3523 3688 esse,

1929 3707 2075 3779 quod
2105 3708 2334 3763 minime
2363 3707 2710 3777 credebatur,
2743 3716 2877 3765 tunc
2905 3709 3247 3781 apparebunt
3267 3727 3392 3766 cum
3427 3710 3525 3765 illo

1926 3796 2091 3852 etiam
2136 3797 2230 3869 qui
2284 3797 2637 3854 crediderunt
2665 3799 2723 3854 in
2755 3798 2952 3854 illum:
2996 3806 3049 3854 et
3079 3798 3524 3855 maniiestabitur

1925 3888 2079 3945 omni
2128 3886 2389 3958 perﬁdiae,
2419 3888 2547 3961 quia
2579 3888 2721 3943 vivit
2747 3904 2873 3944 cum
2902 3889 3018 3944 suis
3067 3890 3124 3944 in
3155 3889 3346 3960 gloria.
3395 3890 3521 3945 Haec

1924 3979 2228 4035 consolatio
2274 3978 2534 4034 ﬁduciam
2577 3979 2691 4050 spei
2734 3979 2897 4052 parit,
2924 3987 2987 4036 ut
3015 3979 3194 4034 securi
3238 3977 3306 4032 de
3335 3976 3522 4032 futura

1923 4068 2060 4138 vita,
2092 4067 2280 4124 omnia
2308 4076 2714 4141 postponentes,
2747 4068 3034 4125 Christum
3059 4081 3373 4138 sequamur.

1995 4155 2179 4227 (Vers.
2212 4156 2293 4227 5.)
2341 4181 2358 4203 ι
2378 4157 2702 4214 Mortiﬁcate
2733 4155 2979 4212 membra
3009 4161 3211 4217 vestra,
3234 4166 3354 4221 qua:
3387 4155 3518 4205 sunt

1921 4260 2084 4316 super
2140 4254 2364 4314 terram,
2418 4245 2864 4310 fornicationem,
2911 4238 3348 4307 immunditiam,
3393 4238 3514 4294 libi-

1919 4332 2126 4402 dinem,
2158 4334 2662 4406 concupiscentiam
2713 4331 2933 4398 malam,
2966 4336 3020 4385 et
3051 4327 3359 4397 avaritiam,
3393 4345 3515 4402 quae

1919 4432 1999 4479 est
2062 4425 2337 4482 idolorum
2394 4424 2649 4478 servitus.
2690 4445 2710 4471 ι
2765 4419 3038 4488 Quoniam
3094 4419 3280 4475 omnia
3346 4419 3513 4476 simul

211 4521 372 4593 capiti
434 4537 555 4588 suo,
587 4529 647 4576 ut
678 4529 1056 4577 restaurentur
1084 4521 1142 4576 in
1174 4522 1272 4578 illo
1310 4522 1564 4578 honorati
1595 4526 1802 4581 eﬂ‘ecti:
1838 4559 1886 4616 Β
1917 4523 2136 4616 gemam
2162 4531 2361 4587 corpus
2403 4529 2518 4616 θδξεξ
2557 4512 2893 4616 Ερίεῖοίδ
2928 4511 2997 4568 ad
3043 4509 3510 4616 Romanos‘si‘ser

211 4611 296 4666 sed
345 4613 509 4684 quasi
559 4612 737 4683 prima
793 4622 944 4686 parte
989 4613 1237 4686 corporis
1266 4614 1528 4682 truncati,
1561 4621 1704 4672 totos
1750 4632 1806 4671 se

212 4698 401 4758 dantes
428 4702 637 4757 mundo
666 4701 734 4758 ad
759 4719 979 4759 sensum
1009 4705 1190 4760 carnis
1219 4705 1576 4777 explendum.
1611 4705 1808 4777 Sagina

212 4791 347 4846 enim
385 4792 626 4846 carnalis
664 4808 854 4848 sensus
881 4793 1106 4848 traditio
1147 4792 1388 4850 humana
1416 4802 1518 4864 est,
1551 4812 1671 4867 qua)
1702 4794 1807 4851 hoc

211 4875 338 4934 dicit
400 4880 669 4948 sufﬁcere,
727 4881 875 4953 quod
931 4883 1112 4937 carnis
1177 4882 1402 4938 tradidit
1457 4883 1806 4956 providentia

213 4966 356 5040 (95);
426 4970 694 5026 rationem
754 4969 902 5027 enim
958 4971 1180 5026 videtur
1240 4973 1440 5028 habere
1496 4975 1803 5048 sapientiae,

205 5055 353 5129 juxta
409 5079 654 5131 carnem,
697 5062 827 5136 quia
856 5079 925 5117 ex
963 5063 1248 5120 elementis
1294 5074 1375 5121 est
1405 5068 1586 5122 omnis
1614 5085 1801 5140 corpo-

212 5151 330 5207 ralis
371 5154 666 5210 nativitas:
715 5169 778 5209 ac
826 5169 922 5226 per
972 5152 1078 5209 hoc
1121 5169 1229 5210 non
1279 5171 1395 5211 esse
1438 5157 1800 5230 incongruum

214 5235 470 5313 inquiunt
496 5241 584 5297 his
618 5242 898 5312 inclinari,
931 5259 1168 5316 quorum
1202 5243 1586 5316 gubernaculis
1613 5247 1802 5302 huma-

214 5340 335 5432 num
387 5331 595 5405 regitur
643 5348 831 5405 genus,
878 5341 940 5390 ut
985 5331 1073 5388 his
1102 5349 1157 5389 se
1188 5332 1465 5406 subjiciat,
1500 5352 1621 5411 quae
1650 5335 1804 5392 videt

277 5491 392 5565 (93)
425 5495 584 5552 Rom.
621 5495 780 5564 edit.,
828 5512 891 5550 ne
925 5495 1284 5568 gustaveritis,
1322 5513 1438 5568 qua:
1474 5505 1597 5553 sunt
1622 5498 1801 5554 omnia

213 5562 655 5640 “corruptelam
687 5562 800 5640 ipso
831 5562 949 5640 usa:

280 5635 390 5762 534)
413 5635 621 5720 _E_'adem
655 5635 812 5722 Rom.
843 5639 1002 5708 edit.,
1042 5641 1099 5697 in
1147 5638 1506 5699 observatione
1532 5640 1802 5716 religionis

314 5712 570 5762 umtlttate
597 5714 787 5762 cordis-

214 5711 258 5762 et
280 5711 570 5767 humilitate
597 5713 788 5769 cordis.

449 5814 690 5875 Ριτειοι..
731 5816 885 5877 XVII

1914 4604 2041 4659 ﬁcat
2104 4606 2279 4672 (Rom.
2342 4621 2420 4672 v1,
2465 4603 2547 4676 6),
2576 4603 2782 4659 idcirco
2834 4619 2984 4658 nunc
3038 4600 3255 4673 singula
3308 4599 3512 4656 delicta

1917 4693 2253 4758 describens,
2304 4694 2547 4749 membra
2591 4709 2654 4748 ea
2681 4693 2956 4765 appellat;
2999 4698 3061 4746 ut
3086 4698 3208 4762 post
3233 4697 3508 4760 acceptam

1916 4791 1970 4839 et
2015 4792 2281 4839 servatam
2331 4783 2699 4854 evangelicam
2741 4782 2807 4836 de
2837 4778 3135 4836 Salvatoris
3165 4777 3510 4851 plenitudine

1917 4876 2204 4942 rationem,
2253 4873 2410 4930 bonae
2451 4873 2579 4927 vitae
2635 4888 2854 4944 operam
2915 4871 3130 4936 darent,
3187 4875 3330 4933 272
3373 4869 3508 4925 abs—

1914 4974 2152 5030 tinentes
2182 4989 2238 5028 se
2270 4971 2338 5028 ab
2383 4970 2534 5027 omni
2567 4970 2910 5042 turpitudine
2939 4978 2993 5026 et
3023 4968 3298 5026 desiderio
3340 4968 3507 5034 malo,

1913 5081 2022 5137 quo
2071 5062 2281 5135 possint
2309 5062 2518 5135 peritiae
2567 5060 2771 5116 divinze
2803 5061 3043 5116 fructum
3078 5076 3190 5115 non
3230 5058 3507 5116 amittere.

1913 5155 2146 5210 Multum
2179 5155 2324 5210 enim
2357 5153 2512 5209 obest
2541 5151 2679 5209 scire
2707 5151 2824 5206 veri
2868 5151 3158 5214 rationem,
3192 5155 3246 5204 et
3277 5147 3504 5203 minime

1913 5245 2072 5303 factis
2101 5246 2251 5301 illam
2283 5244 2740 5318 prosequentibus
2769 5243 3058 5299 aﬂirmare.
3079 5241 3221 5296 Hinc
3249 5247 3330 5294 est
3361 5235 3506 5292 unde

1912 5344 1966 5392 et
1992 5335 2262 5392 Dominus
2292 5335 2437 5391 inter
2474 5343 2668 5390 caetera
2697 5333 2801 5389 ait:
2846 5356 2863 5379 ι
2897 5332 3002 5399 Qui
3033 5340 3215 5387 autem
3258 5327 3362 5384 scit
3395 5339 3508 5378 vo-

1985 5497 2101 5568 (95)
2133 5498 2292 5554 Rom.
2324 5496 2458 5554 edit.
2497 5497 2632 5566 sola,
2661 5497 2828 5552 tradit
2866 5493 3202 5568 prudentia;
3233 5485 3333 5568 sed
3361 5483 3507 5540 infra

1909 5558 2096 5625 eadem
2127 5587 2252 5625 cum
2283 5569 2406 5625 aliis
2439 5569 2572 5624 edit.
2618 5558 2672 5624 et
2696 5586 2845 5640 ,mss.
2866 5558 3088 5636 'aliquot
3117 5558 3363 5640 egi-hil)?!»
3395 5575 3501 5640 ρηξ·

1909 5641 1993 5695 nis
2019 5639 2318 5711 corporalis
2347 5641 2622 5708 nativitas,
2653 5638 2749 5694 ubi
2783 5653 2912 5693 mss.
2958 5630 3236 5696 nonnulli,
3278 5630 3506 5685 hominis

1910 5713 2203 5784 corporalis
2227 5713 2500 5769 nativitas.

3061 5766 3179 5867 ἰδ
