4070 6186
498 223 604 283 459

1507 220 1601 273 ΑΙ)
1641 216 1875 272 OPERA
1913 214 1969 270 S.
2011 212 2343 270 AMBROSII
2382 209 2765 268 APPENDIX.

3692 203 3801 262 460

499 352 768 406 luntatem
799 347 1012 403 domini
1049 347 1154 412 sui,
1202 353 1255 401 et
1298 360 1406 400 non
1438 343 1678 414 paruerit
1708 341 1780 409 ei,
1810 339 2094 411 vapulabit
2125 343 2174 399 A
2203 346 2327 394 actu
2374 337 2837 393 incontaminatos
2883 349 2940 390 se
2986 331 3254 400 videntes,
3303 341 3358 388 et
3398 329 3532 386 novi
3569 330 3704 388 facti
3756 333 3814 389 in

499 440 690 498 multis
721 439 873 510 (Luc.
896 453 998 504 xu,
1019 434 1134 506 47).
1159 460 1178 484 ι
1221 432 1524 490 Avaritiam
1551 439 1733 486 tamen
1768 429 2090 485 idololatria

499 529 862 602 comparavit,
917 536 979 582 ut
1033 525 1175 581 nihil
1207 526 1302 580 illa
1354 522 1638 580 scelestius
1665 519 2088 576 demonstraret.

499 620 612 677 Sub
667 634 780 674 uno
808 617 1033 672 nomine
1062 616 1172 671 duo
1215 614 1449 687 pessima
1478 620 1531 667 et
1563 609 1731 681 impia
1780 627 1974 682 genera
2003 609 2094 664 de-

500 709 760 782 signavit,
809 725 928 780 quzn
971 706 1121 762 omni
1177 703 1389 759 ratione
1431 710 1616 757 monet
1646 700 1938 772 fugienda:
1987 698 2094 771 pri-

499 813 650 855 mum
686 797 833 854 enim
861 803 914 852 et
945 809 1205 868 pergrave
1237 791 1443 849 crimen
1475 799 1557 846 est
1586 789 1916 846 idololatria.
1950 787 2096 856 Quid

498 889 644 946 enim
694 898 804 943 tam
861 886 1252 959 perniciosum,
1309 891 1529 955 tamque
1576 881 1876 947 funestum,
1931 895 2093 951 quam

497 977 566 1033 ad
612 975 872 1046 injuriam
922 974 1182 1032 creatoris
1227 972 1325 1028 Dei
1376 971 1539 1043 lignis
1587 978 1640 1026 et
1683 968 1960 1040 lapidibus
2008 968 2096 1025 vel

496 1064 622 1120 aliis
667 1064 904 1120 metallis
941 1061 1375 1119 honorificentize
1412 1059 1530 1131 ejus
1576 1075 1778 1114 nomen
1811 1058 2093 1125 tribuere;

497 1171 620 1225 cum
654 1153 756 1224 ipsi
791 1170 898 1208 non
953 1151 1252 1225 patiantur,
1284 1159 1346 1205 ut
1392 1165 1584 1206 servus
1618 1148 1843 1204 nomine
1884 1146 2098 1203 domini

495 1219 864 1314 nuncupetur,
897 1258 1058 1314 quem
1089 1257 1200 1296 non
1231 1247 1425 1294 natura
1457 1238 1667 1310 utique,
1701 1237 1795 1293 sed
1845 1235 2098 1310 qualam

494 1331 741 1389 conditio
783 1329 1008 1400 subjicit
1055 1327 1366 1385 servituti?
1398 1326 1567 1382 Aliud
1593 1343 1621 1380 e
1650 1333 1840 1382 contra
1888 1325 2098 1381 crimen

495 1428 576 1477 est
612 1421 876 1487 avaritiae,
929 1434 1039 1475 non
1087 1418 1272 1489 dispar
1326 1416 1559 1484 malitia,
1600 1415 1695 1471 sed
1726 1415 2007 1470 diversum
2040 1416 2098 1469 in

494 1511 738 1567 nomine.
799 1507 952 1565 Unde
1005 1506 1074 1562 ad
1127 1506 1478 1562 Timotheum
1513 1505 1631 1562 ait:
1679 1529 1696 1551 α
1726 1503 1905 1560 Radix
1949 1503 2100 1558 enim

494 1600 743 1655 omnium
797 1600 1069 1653 malorum
1118 1604 1200 1651 est
1246 1595 1478 1650 avaritia
1507 1597 1564 1663 (Ι
1599 1594 1735 1649 Tim.
1767 1611 1846 1661 VI,
1897 1593 1988 1661 10)
2019 1611 2032 1660 ;
2066 1617 2084 1640 ι

2200 426 2418 484 Christo
2449 442 2545 498 per
2591 424 2926 497 agnitionem
2966 420 3235 489 veritatis,
3285 436 3406 493 quae
3436 417 3572 475 olim
3625 420 3814 491 latuit,

2203 517 2365 573 modo
2399 525 2580 573 autem
2631 515 2975 572 manifestata
3001 529 3097 584 per
3123 526 3324 567 novam
3356 510 3531 583 legem
3577 510 3817 568 creden-

2201 606 2381 662 tibus:
2436 614 2499 661 ut
2546 607 2754 662 similes
2801 605 2935 660 ﬁant
2989 601 3248 676 imaginis
3293 599 3433 672 ejus,
3466 601 3561 673 qui
3605 602 3818 658 creavit

2206 695 2353 751 illos.
2386 695 2569 768 Imago
2600 695 2716 750 haac
2737 695 2794 750 in
2825 694 3247 750 conversatione
3266 690 3425 746 bona:
3459 688 3587 747 vitae
3610 689 3814 748 intelli-

2207 784 2379 857 genda
2396 794 2498 852 est,
2517 784 2811 841 sicutdicit
2831 782 2896 837 ad
2914 780 3234 839 Corinthios
3257 779 3314 835 in
3337 779 3582 852 Epistola
3603 781 3811 852 prima:

2220 899 2237 921 ε
2266 873 2752 942 Quemadmodum
2785 871 3124 944 portavimus
3156 869 3452 941 imaginem
3475 868 3595 941 ejus
3622 870 3716 944 qui
3749 870 3816 929 de

2204 975 2348 1022 terra
2401 975 2503 1032 est,
2541 967 2633 1021 ita
2682 973 2962 1037 portemus
3013 971 3066 1018 et
3112 961 3408 1033 imaginem
3457 959 3576 1033 ejus
3607 963 3702 1036 qui
3747 962 3814 1019 de

2206 1058 2344 1112 cmlo
2392 1064 2473 1112 est
2528 1058 2584 1127 (Ι
2637 1056 2765 1112 Cor.
2814 1072 2909 1122 xv,
2941 1053 3057 1125 119).
3094 1078 3110 1100 ι
3156 1053 3274 1124 Ipse
3315 1060 3395 1108 est
3438 1068 3564 1124 ergo
3607 1063 3817 1110 creator

2207 1144 2475 1214 hominis,
2506 1145 2665 1218 cujus
2695 1145 2990 1217 imaginem
3024 1149 3241 1214 portare
3281 1157 3380 1197 nos
3401 1140 3560 1213 jubet
3595 1141 3652 1197 in
3679 1158 3815 1199 san-

2207 1234 2396 1292 ctitate
2425 1244 2477 1291 et
2507 1235 2666 1290 bonis
2693 1233 2974 1306 operibus,
3007 1248 3127 1305 quce
3159 1230 3226 1286 de
3258 1230 3386 1286 Filii
3407 1231 3508 1288 Dei
3533 1231 3816 1304 agnitione

2208 1323 2569 1380 descendunt.
2602 1325 2774 1380 Nemo
2820 1323 2969 1378 enim
3020 1327 3196 1394 potest
3237 1320 3436 1377 bonam
3469 1328 3523 1376 et
3553 1320 3815 1377 mundam

2209 1412 2410 1470 habere
2447 1414 2641 1482 vitam,
2669 1413 2776 1469 nisi
2809 1411 3009 1468 habeat
3036 1411 3124 1467 cui
3162 1410 3304 1466 hanc
3334 1409 3610 1477 exhibeat,
3644 1426 3674 1465 a
3704 1426 3816 1484 quo

2208 1504 2254 1560 si
2310 1521 2421 1561 non
2462 1504 2774 1576 praemium,
2833 1510 2981 1560 certe
3013 1502 3103 1558 vel
3135 1501 3349 1558 laudem
3382 1510 3674 1573 exspectet.
3705 1500 3818 1558 Sed

2207 1597 2350 1669 apud
2395 1600 2570 1653 Deum
2629 1605 2683 1654 et
2729 1597 2847 1653 laus
2895 1604 2950 1652 et
2997 1595 3284 1668 praemium
3330 1601 3639 1666 sperantur,
3687 1594 3819 1668 quia

494 1689 746 1745 omnium
785 1687 932 1742 enim
987 1701 1161 1757 capax
1191 1692 1273 1739 est
1319 1684 1674 1751 delictorum,
1705 1690 1768 1738 ut
1814 1681 2098 1737 aviditatis
2127 1709 2172 1769 Β
2207 1702 2318 1741 non
2349 1686 2557 1758 patitur
2586 1686 2686 1742 Dei
2701 1685 2922 1758 justitia
2943 1701 3091 1753 eum,
3119 1685 3213 1758 qui
3231 1684 3413 1741 carnis
3433 1683 3572 1740 vitia
3597 1682 3814 1748 vicerit,

494 1794 624 1845 sum,
659 1775 807 1850 quod
838 1774 1178 1846 impossibile
1207 1783 1310 1842 est,
1343 1775 1568 1845 impleat
1589 1771 2097 1839 desiderium,sem-

493 1882 589 1938 per
616 1865 830 1934 bibens,
862 1872 916 1921 et
945 1881 1159 1936 semper
1205 1864 1418 1920 sitiens.
1470 1864 1592 1919 Non
1639 1862 1921 1918 immerito
1968 1877 2098 1934 ergo

493 1955 596 2012 sub
647 1971 760 2010 uno
816 1955 1042 2010 nomine
1072 1961 1371 2026 utrumque
1401 1953 1606 2008 malum
1648 1952 1925 2018 ostendit;
1961 1966 2099 2023 pene

494 2043 643 2101 enim
690 2060 803 2099 uno
847 2045 1142 2114 explentur
1192 2059 1390 2115 opere:
1439 2043 1569 2116 quia
1599 2049 1742 2097 sicut
1783 2040 2100 2097 idololatria

493 2131 591 2188 uni
634 2134 747 2188 Deo
793 2133 1008 2188 auferre
1041 2132 1240 2188 nititur
1294 2131 1545 2204 gloriam,
1578 2147 1646 2186 ne
1678 2129 1825 2203 quod
1855 2128 1972 2200 ejus
2008 2145 2095 2201 pe-

493 2221 700 2278 culiare
727 2229 829 2290 est,
860 2223 1012 2277 solus
1041 2222 1236 2278 habeat
1269 2237 1468 2277 nomen
1500 2219 1816 2276 divinitatis
1844 2218 1948 2274 sibi
1993 2217 2096 2274 soli

491 2311 852 2383 condignum,
912 2312 987 2368 ita
1037 2321 1090 2368 et
1134 2313 1365 2367 avar.tia
1398 2311 1452 2366 in
1482 2311 1580 2366 Dei
1612 2327 1667 2366 se
1700 2326 1782 2365 res
1823 2307 2095 2376 extendit,

490 2409 556 2459 ut
582 2402 629 2457 si
661 2408 839 2473 potest
868 2401 1009 2469 ﬁeri,
1044 2419 1186 2458 unus
1225 2411 1278 2457 et
1310 2402 1460 2456 solus
1508 2407 1812 2456 creaturam
1844 2398 1962 2470 ejus
1991 2397 2098 2453 sibi

491 2498 738 2560 usurpet,
797 2506 960 2562 quam
1019 2492 1164 2545 Deus
1218 2505 1566 2546 communem
1631 2487 1891 2544 omnibus
1941 2487 2093 2543 fecit.

492 2578 647 2636 Unde
668 2578 805 2634 dicit
823 2581 966 2635 Deus
995 2595 1088 2650 per
1115 2579 1435 2651 prophetam
1462 2597 1474 2635 :
1515 2604 1533 2626 ι
1553 2580 1734 2634 Meum
1755 2585 1837 2633 est
1877 2593 2093 2646 aurum,

491 2676 546 2725 et
574 2686 757 2726 meum
787 2680 868 2727 est
899 2681 1183 2744 argentum
1219 2673 1422 2744 (Aggm'
1450 2689 1511 2740 ιι,
1541 2673 1622 2742 9).
1665 2697 1684 2719 ι
1727 2672 1966 2744 Utraque
2000 2670 2096 2743 igi-

493 2764 586 2814 tur
605 2759 719 2815 Deo
747 2769 829 2817 est
851 2760 1114 2830 inimica;
1143 2760 1318 2818 ambae
1346 2763 1496 2817 enim
1519 2762 1634 2818 Deo
1659 2760 1951 2834 abnegant,
1976 2777 2097 2833 quae

495 2863 616 2921 ejus
645 2859 794 2907 sunt.

565 2976 748 3049 (Vera.
794 2976 876 3048 6.)
923 3001 940 3024 ι
978 2976 1209 3048 Propter
1259 2992 1379 3050 quae
1417 2976 1572 3034 venit
1602 2976 1684 3033 ira
1711 2977 1832 3035 Dei.
1865 3002 1882 3024 ι
1926 2977 2092 3034 Malo-

2208 1776 2437 1832 minime
2474 1776 2746 1832 coronari.
2781 1776 2841 1832 In
2872 1773 2976 1831 hac
3007 1774 3189 1848 itaque
3218 1772 3503 1846 agnitione
3542 1773 3722 1828 nullus
3750 1779 3817 1826 ut

2209 1865 2472 1939 indignus
2501 1867 2800 1938 excipitur,
2831 1864 2986 1937 quasi
3018 1880 3126 1919 non
3160 1870 3442 1919 mereatur
3467 1859 3718 1918 accedere
3745 1858 3818 1916 ad

2210 1953 2376 2011 ﬁdem
2416 1953 2621 2012 Christi
2658 1972 2670 2020 ;
2705 1969 2896 2009 omnes
2926 1953 3074 2008 enim
3105 1951 3427 2010 accedentes
3452 1966 3621 2006 unum
3654 1947 3816 2018 ﬁunt,

2207 2045 2372 2103 deleti
2399 2045 2532 2118 quid
2566 2044 2867 2110 fuerint,et
2886 2043 3076 2116 scripti
3109 2041 3243 2115 quid
3275 2057 3391 2098 esse
3412 2047 3726 2112 coeperunt:
3755 2048 3819 2096 ut

2209 2136 2340 2207 quia
2371 2135 2539 2190 unius
2579 2133 2704 2189 ﬁdei
2738 2141 2887 2202 sunt,
2927 2130 2984 2187 in
3025 2147 3090 2187 eo
3119 2130 3237 2202 ipso
3267 2130 3434 2186 unius
3463 2139 3574 2185 sint
3609 2137 3662 2185 et
3688 2145 3818 2186 me-

2207 2223 2323 2292 riti,
2356 2231 2417 2278 ut
2447 2240 2583 2296 quos
2625 2223 2760 2278 fides
2783 2221 2989 2294 jungit,
3009 2237 3120 2276 non
3153 2221 3364 2292 possint
3394 2219 3656 2286 discerni,
3692 2235 3815 2290 pro-

2208 2322 2328 2384 pter
2361 2312 2508 2384 quod
2560 2311 2764 2368 diversi
2815 2319 3011 2366 natura
3059 2319 3112 2366 et
3153 2318 3310 2383 gente
3357 2308 3475 2364 sive
3499 2306 3820 2366 conditione

2207 2409 2354 2456 sunt.
2389 2400 2591 2458 Omnia
2619 2401 2766 2456 enim
2801 2407 2855 2456 et
2902 2399 2960 2454 in
2986 2398 3244 2454 omnibus
3287 2398 3374 2454 bis
3405 2398 3656 2457 Christus
3684 2407 3764 2456 est
3798 2420 3815 2468 ;

2207 2492 2335 2565 quia
2365 2493 2510 2548 enim
2541 2491 2731 2548 cuncti
2762 2489 2879 2563 ejus
2916 2489 3155 2546 membra
3176 2497 3324 2550 sunt.
3347 2491 3534 2545 omnia
3563 2489 3821 2548 Christus

2207 2589 2287 2636 est
2310 2599 2323 2643 ;
2350 2588 2412 2636 ut
2442 2580 2570 2636 dum
2605 2595 2714 2636 una
2746 2579 3019 2636 confessio
3049 2594 3240 2634 eorum
3280 2586 3361 2634 est
3393 2578 3461 2635 de
3489 2596 3583 2652 spe
3609 2578 3727 2652 ejus
3755 2581 3818 2637 in

2207 2670 2466 2727 omnibus
2515 2670 2806 2727 Christus:
2855 2677 2908 2726 et
2937 2670 3016 2726 sic
3045 2669 3232 2725 omnia
3269 2685 3466 2741 corpus
3515 2667 3633 2741 ejus
3661 2679 3818 2740 sunt,

2206 2766 2266 2814 ut
2303 2759 2575 2832 professio
2633 2776 2821 2816 eorum
2867 2766 2920 2814 et
2967 2767 3166 2815 natura
3200 2757 3516 2814 concordet.
3566 2757 3693 2813 Alia
3734 2768 3823 2815 est

2204 2857 2388 2905 tamen
2435 2850 2616 2923 imago
2666 2848 2806 2918 haec,
2867 2866 3028 2924 quam
3079 2847 3147 2905 de
3198 2848 3477 2922 agnitione
3514 2847 3823 2906 Salvatoris

2204 2934 2338 2994 dicit
2371 2939 2573 3007 creari,
2608 2945 2662 2994 et
2690 2940 2798 2994 alia
2830 2939 3026 3012 imago.
3059 2935 3127 2992 ad
3157 2953 3318 3010 quam
3354 2937 3530 2994 factus
3557 2946 3638 2994 est
3667 2941 3821 3002 273

492 3034 617 3122 rum
673 3034 1108 3122 memoratarum
1129 3034 1294 3123 causa
1322 3074 1616 3122 venturum
1657 3034 1795 3123 dicit
1819 3064 2092 3138 judicium
2123 3072 2174 3136 C
2203 3036 2415 3107 primus
2463 3037 2654 3138 hom.“
2707 3038 2813 3094 Ῑδῖδ
2859 3036 3008 3138 enim
3054 3035 3360 3138 ίίηδεοηθθί
3382 3034 3550 3138 fati“
3581 3035 3818 3107 femina:

491 3156 614 3240 Dei,
669 3164 732 3212 ut
782 3155 1096 3212 vindicetur
1143 3156 1200 3212 in
1231 3156 1350 3227 hos,
1399 3158 1491 3230 qui
1527 3165 1844 3230 contempto
1872 3159 1988 3213 Deo
2030 3164 2086 3212 et

489 3244 604 3317 lege
633 3243 770 3317 ejus,
803 3244 1097 3303 interdicta
1125 3246 1280 3320 sequi
1313 3246 1651 3303 maluerunt.

561 3367 743 3442 (Vers.
797 3370 874 3442 7.)
921 3371 1034 3426 «In
1082 3370 1283 3444 quibus
1341 3377 1394 3427 et
1447 3386 1545 3425 vos
1596 3368 1921 3425 ambulastis
1978 3367 2092 3423 ali-

487 3457 730 3529 quando,
775 3475 899 3514 cum
947 3461 1208 3516 viveretis
1257 3459 1313 3514 in
1351 3459 1521 3514 illis»
1563 3459 1837 3524 Quantum
1876 3456 2094 3512 beneﬁ-

487 3545 636 3600 cium
664 3544 780 3599 illis
804 3548 1120 3616 prastiterit
1143 3546 1318 3619 gratia
1346 3548 1441 3602 Dei
1464 3562 1556 3617 per
1579 3546 1760 3600 Jesum
1788 3545 2089 3613 Christum,

488 3650 600 3692 non
657 3642 819 3703 tacet,
869 3645 930 3690 ut
985 3639 1328 3708 gratulentur
1371 3636 1605 3692 evasisse
1661 3653 1718 3692 se
1765 3637 1924 3706 iram,
1974 3654 2093 3710 quae

488 3733 723 3781 ventura
757 3731 839 3780 est
892 3734 1112 3796 repente
1173 3743 1336 3798 super
1391 3725 1642 3782 inﬁdeles
1699 3728 1868 3781 totius
1912 3733 2090 3794 terrae,

488 3821 542 3869 et
605 3813 744 3869 tales
800 3814 1123 3886 semetipsos
1176 3815 1473 3888 praabeant,
1535 3822 1596 3870 ut
1646 3830 1832 3887 parere
1883 3816 2096 3888 possint

490 3903 780 3976 praeceptis
830 3902 948 3974 ejus
994 3920 1026 3959 a
1073 3920 1182 3977 quo
1225 3920 1257 3959 a
1304 3912 1480 3960 morte
1507 3905 1746 3961 secunda
1790 3913 1918 3960 sunt
1946 3905 2094 3961 libe-

487 3993 612 4050 rati.

564 4121 750 4198 (νει-8.
782 4123 958 4197 8-11.)
997 4153 1015 4174 ι
1035 4125 1194 4186 Nunc
1222 4141 1357 4184 vero
1387 4120 1642 4200 deponite
1672 4132 1725 4180 et
1753 4141 1853 4182 vos
1882 4120 2092 4192 omnia,

490 4210 632 4269 iram
677 4221 732 4269 et
777 4214 1213 4287 indignationem
1265 4216 1459 4283 animi,
1492 4214 1783 4283 malitiam,
1828 4213 2096 4286 basphe-

489 4304 679 4361 miam.
735 4304 1157 4380 Turpiloquium
1206 4309 1275 4365 de
1314 4325 1406 4364 ore
1432 4317 1615 4364 vestro
1655 4323 1766 4363 non
1815 4305 2092 4378 procedat-

487 4391 668 4449 Nolite
704 4394 926 4450 mentiri
961 4395 1221 4454 invicem.
1253 4398 1459 4453 Exuite
1489 4413 1588 4452 vos
1637 4403 1877 4452 veterem
1905 4395 2096 4453 homi-

491 4497 617 4537 nem
649 4498 773 4538 cum
813 4483 1028 4540 actibus
1057 4483 1194 4556 ejus,
1227 4493 1280 4540 et
1310 4485 1524 4540 induite
1553 4501 1782 4552 novum,
1814 4486 1907 4558 qui
1941 4503 2093 4544 reno-

489 4578 651 4626 vatur
681 4571 738 4628 in
767 4573 1103 4646 agnitionem
1139 4574 1256 4646 (96)
1298 4573 1598 4631 secundum
1629 4573 1920 4646 imaginem
1955 4575 2092 4648 ejus,

488 4657 584 4731 qui
614 4659 866 4718 condidit
897 4662 1056 4718 illum
1082 4680 1094 4718 :
1129 4661 1222 4718 ubi
1255 4679 1364 4719 non
1405 4671 1487 4719 est
1515 4662 1735 4720 Graecus
1768 4671 1819 4720 et
1851 4664 2089 4734 Ju‘dams,

489 4747 842 4807 circumcisio
871 4759 925 4808 et
954 4754 1306 4824 praeputium,
1348 4753 1620 4810 Barbarus
1645 4762 1700 4810 et
1727 4753 1952 4824 Scytha,
1984 4770 2091 4810 ser-

489 4856 592 4898 vus
621 4851 677 4899 et
705 4844 883 4901 liber:
936 4845 1030 4902 sed
1069 4845 1255 4902 omnia
1297 4854 1350 4902 et
1381 4847 1436 4903 in
1476 4847 1734 4904 omnibus
1759 4847 2028 4904 Christus.
2059 4874 2076 4896 ι

486 4931 648 4991 Nunc
666 4933 736 4991 ab
765 4934 852 4991 bis
882 4935 1293 5010 prohibet,quae
1324 4937 1538 4993 minora
1568 4946 1786 5008 peccata
1807 4935 2084 5002 videntur;

487 5035 556 5076 ne
587 5019 748 5095 forte,
782 5027 912 5099 quia
955 5026 1207 5097 superius
1238 5043 1357 5098 quas
1415 5025 1665 5097 gratiora
1695 5034 1843 5091 sunt,
1888 5025 2090 5080 inerti-

485 5117 705 5175 ﬁcanda
761 5116 1066 5184 mandavit,
1120 5116 1235 5173 haec
1264 5115 1628 5182 admittenda,
1665 5123 1759 5170 aut
1790 5113 1942 5187 quasi
1980 5131 2087 5170 non

486 5207 815 5280 periculosa,
873 5223 984 5263 non
1032 5204 1292 5278 fugienda
1334 5211 1692 5276 putarentur:
1727 5204 1890 5258 simul
1921 5204 2086 5261 etiam

485 5303 546 5352 ut
574 5295 729 5353 exuti
758 5287 1000 5352 veterem
1028 5294 1332 5362 hominem,
1364 5293 1420 5348 id
1448 5300 1550 5358 est,
1583 5300 1694 5348 tam
1725 5293 1893 5349 verbo
1923 5310 2085 5367 quam

559 5507 676 5581 (96)
707 5509 836 5564 Post
877 5509 936 5562 in
980 5505 1320 5578 agnitionem,
1355 5507 1612 5564 nonnulli
1644 5524 1773 5565 mss.
1818 5525 1942 5565 cum
1984 5506 2086 5564 Bi-

485 5579 616 5641 bliis
657 5579 899 5658 vulgatis
949 5585 1160 5643 addunt
1195 5587 1254 5638 τὸ
1283 5587 1421 5654 Dei;
1459 5586 1555 5644 sed
1600 5587 1904 5646 redundare
1943 5587 2087 5647 hanc

2205 3144 2329 3184 cum
2385 3129 2635 3200 agnoscit
2663 3145 2814 3196 eum,
2855 3129 2949 3202 qui
2979 3145 3035 3185 se
3064 3127 3293 3193 creavit,
3345 3134 3399 3182 et
3427 3126 3819 3199 obtemperans

2201 3219 2473 3274 voluntati
2508 3218 2628 3290 ejus
2657 3219 2898 3276 abstinet
2926 3236 2956 3274 a
2986 3217 3100 3273 vita
3131 3215 3280 3290 turpi
3300 3226 3354 3272 et
3382 3227 3505 3274 actu
3529 3234 3817 3301 perverso;

2203 3307 2296 3362 illa
2342 3319 2523 3364 autem
2575 3309 2754 3382 imago
2804 3310 2860 3365 in
2893 3309 3012 3364 solo
3041 3307 3163 3363 viro
3188 3315 3290 3376 est,
3322 3305 3465 3364 sicut
3497 3307 3637 3364 idem
3675 3309 3824 3366 dicit

2202 3397 2257 3451 in
2289 3397 2537 3468 Epistola
2567 3397 2636 3452 ad
2667 3397 2986 3455 Corinthios
3016 3401 3228 3469 prima:
3277 3422 3295 3443 ι
3317 3397 3420 3452 Vir
3447 3397 3669 3470 quidem
3700 3415 3821 3457 non

2203 3485 2363 3542 debet
2412 3487 2596 3544 velare
2642 3495 2824 3559 caput,
2875 3504 3001 3544 cum
3059 3487 3131 3543 sit
3177 3487 3356 3559 imago
3397 3495 3451 3543 et
3479 3489 3653 3560 gloria
3711 3491 3817 3546 Dei

2205 3576 2262 3648 (Ι
2278 3577 2403 3633 Cor.
2423 3595 2499 3646 xr,
2524 3578 2602 3650 7).
2625 3603 2642 3625 ι
2678 3578 2734 3634 Si
2762 3585 2941 3634 autem
2962 3585 3015 3634 et
3039 3575 3238 3632 mulier
3262 3593 3371 3632 non
3395 3577 3602 3633 velaret
3623 3587 3811 3652 caput,

2202 3674 2341 3722 esset
2396 3674 2448 3722 et
2502 3667 2617 3739 ipsa
2647 3667 2826 3739 imago
2857 3667 2975 3724 Dei.
3023 3665 3128 3723 Sed
3162 3667 3525 3739 incongruum
3557 3677 3694 3737 erat,
3749 3673 3822 3725 ut

2203 3754 2346 3811 facta
2383 3756 2504 3811 viro
2534 3756 2799 3830 subjecta,
2831 3756 3106 3815 diceretur
3146 3773 3264 3812 esse
3294 3757 3475 3829 imago
3506 3755 3636 3821 Dei;
3681 3773 3816 3814 nam

2204 3863 2258 3910 et
2287 3853 2343 3908 in
2375 3855 2569 3911 Genesi
2618 3853 2694 3910 ita
2727 3854 2840 3911 ait:
2887 3879 2906 3901 ι
2945 3855 3016 3910 Et
3045 3853 3175 3911 fecit
3220 3855 3366 3910 Deus
3397 3853 3693 3920 hominem,
3737 3852 3819 3909 ad

2205 3947 2497 4022 imaginem
2548 3948 2647 4005 Dei
2697 3948 2826 4004 fecit
2872 3965 2995 4006 eum
3052 3949 3208 4020 (Gen.
3253 3965 3292 4016 ῐ,
3328 3947 3460 4019 27);
3493 3971 3511 3996 ι
3555 3955 3620 4002 ut
3662 3946 3821 4003 sicut

2204 4041 2350 4096 Deus
2399 4055 2543 4095 unus
2594 4048 2693 4107 est,
2738 4057 2882 4096 unus
2926 4039 2994 4095 ab
3040 4055 3103 4095 eo
3132 4038 3285 4095 fieret
3317 4037 3515 4105 homo;
3547 4043 3611 4092 ut
3661 4052 3818 4109 quo-

2205 4128 2370 4184 modo
2401 4145 2469 4185 ex
2503 4131 2616 4186 Deo
2646 4146 2757 4186 uno
2787 4129 2994 4198 omnia,
3031 4130 3102 4185 ita
3133 4145 3201 4185 ex
3235 4145 3346 4184 uno
3394 4126 3620 4184 homine
3648 4143 3822 4184 omne

2205 4234 2374 4292 genus
2419 4228 2558 4276 esset
2596 4236 2758 4292 super
2803 4218 2995 4275 faciem
3027 4219 3199 4274 totius
3237 4228 3413 4274 terrai.
3462 4216 3614 4274 Unus
3644 4216 3824 4290 igitur

2205 4324 2376 4364 unum
2407 4309 2554 4376 fecit,
2587 4310 2680 4383 qui
2715 4309 2947 4366 unitatis
2976 4307 3095 4380 ejus
3135 4307 3357 4365 haberet
3388 4306 3711 4380 imaginem.
3740 4305 3825 4362 Et

2205 4398 2322 4470 ipsa
2348 4398 2404 4452 in
2437 4398 2558 4453 viro
2583 4405 2635 4453 et
2669 4398 2898 4454 muliere
2928 4397 3239 4454 similitudo
3269 4395 3519 4469 mysterii
3554 4394 3730 4452 Patris
3760 4402 3825 4450 et.

2203 4487 2330 4545 Filii
2357 4506 2370 4556 ;
2417 4487 2718 4544 Barbarum
2751 4496 2932 4543 tamen
2961 4485 3030 4542 ab
3059 4485 3263 4558 Scytha
3313 4485 3636 4557 segregavit,
3668 4484 3827 4540 sicut

2202 4593 2422 4634 servum
2477 4592 2508 4631 a
2565 4575 2759 4642 libero,
2813 4591 2924 4630 non
2971 4574 3161 4648 utique
3216 4574 3274 4629 in
3315 4571 3559 4642 Christo,
3608 4571 3664 4627 in
3700 4587 3826 4644 quo

2201 4683 2392 4723 omnes
2438 4680 2609 4720 unum
2653 4671 2802 4732 sunt,
2859 4663 2953 4721 sed
3000 4665 3057 4720 in
3107 4679 3324 4720 morum
3379 4661 3596 4718 feritate
3642 4667 3698 4716 et
3753 4659 3827 4716 in

2201 4759 2378 4830 gentis
2425 4757 2788 4812 immanitate.
2839 4754 3054 4828 Pejores
3101 4755 3251 4812 enim
3292 4755 3393 4812 hos
3422 4753 3680 4811 Barbaris
3713 4751 3828 4809 in-

2200 4847 2376 4919 telligi
2430 4847 2631 4914 voluit,
2683 4853 2970 4919 antequam
3021 4845 3265 4912 credent,
3319 4861 3444 4902 cum
3489 4843 3828 4900 Graecorum

2199 4937 2328 4994 libri
2354 4936 2626 5009 justitiam
2654 4954 2840 4994 eorum
2868 4936 3183 5008 pradicent.
3207 4953 3391 5010 quam,
3419 4934 3559 4992 duce
3583 4941 3826 5017 natura,

2198 5028 2602 5102 sequebantur:
2640 5030 2691 5084 in
2725 5036 2936 5085 tantum
2981 5037 3040 5085 ut
3071 5045 3330 5102 magnum
3372 5026 3518 5099 apud
3547 5043 3640 5083 eos
3667 5040 3832 5098 pec—

2195 5129 2376 5177 catum
2430 5119 2559 5174 furti
2611 5119 2898 5187 habeatur,
2929 5120 3075 5192 quod
3125 5119 3297 5176 Graeci
3343 5135 3562 5190 magna,
3597 5117 3837 5193 inquit,

2196 5226 2321 5264 cum
2362 5206 2632 5263 industria
2677 5217 2730 5263 et
2756 5207 3006 5264 doctrina
3029 5208 3264 5280 justitiae
3297 5208 3524 5264 semitas
3554 5204 3832 5262 investi-

2196 5307 2412 5369 garunt,
2431 5297 2595 5354 hosce
2618 5298 2941 5355 naturaliter
2959 5297 3440 5371 comprehendisse
3461 5294 3842 5363 collaudant.

2195 5533 2385 5593 vocem
2437 5535 2563 5576 cum
2609 5520 2910 5593 multorum
2942 5519 3342 5593 exemplarium
3382 5532 3665 5576 sacrorum
3691 5530 3844 5573 an-

2192 5591 2466 5660 ctoritate,
2499 5600 2614 5648 tum
2647 5590 2814 5662 hujus
2851 5591 3024 5664 ipsius
3053 5590 3161 5651 loci
3190 5592 3618 5649 demonstratur.
