4070 6186
198 238 283 298 Mi
1243 231 1605 291 COMMENT.
1647 231 1720 288 IN
1755 229 1976 287 EPIST.
2019 231 2116 287 AD
2157 229 2442 288 COLOSS.

3390 231 3495 288 462

198 361 295 420 Sed
353 356 629 432 quomodo
675 354 1010 427 degenerant
1059 355 1173 426 (97)
1204 356 1412 423 omnia,
1441 364 1629 428 postea
1663 356 1787 427 plus
1816 357 1864 416 A
1907 353 2056 409 Patri
2105 368 2319 424 semper
2377 352 2577 424 gratias
2619 351 2876 418 referant,
2921 360 2982 407 nt
3028 367 3142 408 vox
3185 367 3388 409 canora
3419 354 3503 410 illi

200 449 583 523 vituperabiles
635 463 753 504 esse
799 452 1107 517 ceperunt,
1164 462 1329 518 quam
1384 446 1604 502 fuerant
1640 452 1800 500 antea

198 539 514 598 laudabiles.
582 539 877 608 Postquam
931 534 1081 590 enim
1145 535 1404 590 mulieres
1461 551 1650 591 eorum
1685 535 1799 605 lege

197 631 294 687 viri
335 628 418 685 uti
465 633 776 699 ceperunt,
819 641 951 698 quas
1002 625 1310 680 Amazonas
1355 622 1615 696 primitus
1641 639 1799 679 asse-

200 728 321 780 runt
365 720 698 792 appellatas,
725 724 891 773 totam
926 717 1114 773 Asiam
1144 725 1336 772 contra
1368 725 1621 773 naturam
1653 715 1797 772 sub-

193 811 489 884 jicientes;
522 810 605 865 sic
631 805 863 878 contigit
901 813 963 862 ut
987 815 1041 863 et
1071 806 1176 862 viri
1208 823 1406 864 canum
1439 822 1591 862 more
1623 803 1800 860 rabidi

197 900 569 968 efﬁcerentur,
603 901 889 966 immanes,
928 897 1458 965 silvestres,inculti,
1482 898 1605 969 plus
1635 911 1798 968 quam

197 990 438 1058 barbari,
499 988 556 1043 in
616 995 831 1043 tantum
891 986 1192 1055 immutati,
1247 996 1308 1042 ut
1352 1002 1514 1042 carne
1561 985 1804 1041 humana

201 1077 469 1137 vescenda
524 1075 931 1132 imbuerentur.
984 1075 1126 1143 Quid
1167 1075 1396 1143 mirum,
1436 1091 1562 1132 cum
1613 1081 1667 1129 et
1696 1073 1802 1145 ipsi

203 1164 433 1227 Romani
483 1166 641 1236 longe
685 1163 782 1219 alii
815 1163 1044 1232 fuerint,
1079 1180 1241 1236 quam
1273 1179 1422 1219 nunc
1452 1171 1584 1219 sunt
1609 1163 1637 1218 ?
1664 1164 1800 1219 Nam

204 1265 254 1314 et
307 1253 630 1311 mulieribus
677 1269 868 1308 eorum
901 1251 1170 1308 castitatis
1203 1267 1368 1309 causa
1395 1251 1514 1306 vini
1549 1267 1679 1307 usus
1706 1251 1803 1306 in-

207 1344 454 1418 cognitus
484 1342 610 1410 fuit,
650 1341 797 1398 sicut
819 1357 970 1397 nunc
998 1357 1152 1415 aqua;
1176 1359 1190 1408 ;
1223 1339 1281 1396 in
1305 1347 1520 1396 tantum
1543 1338 1690 1394 enim
1719 1340 1803 1396 vi-

207 1435 360 1509 gebat
406 1431 718 1504 disciplinae
765 1431 1087 1501 auctoritas,
1128 1438 1192 1486 ut
1217 1428 1530 1505 subjectum
1560 1445 1657 1484 vas
1689 1445 1801 1486 non

206 1524 402 1582 faceret
440 1520 593 1596 quod
624 1520 862 1578 valebat.

269 1621 457 1694 (Vers.
505 1620 591 1686 l2,
650 1617 765 1689 13.)
826 1641 846 1665 ι
897 1616 1202 1674 Induimini
1233 1633 1361 1690 ergo
1390 1627 1452 1675 ut
1485 1616 1649 1674 electi
1679 1615 1802 1686 Dei,

1908 442 2132 506 serviat,
2156 441 2322 496 illum
2359 438 2542 495 laudet
2571 440 2833 511 psalmus,
2875 439 3117 512 hymnus
3147 441 3397 497 extollat.
3431 442 3504 496 Et

1909 531 2042 588 huic
2096 531 2197 587 soli
2253 537 2444 584 notum
2488 529 2580 598 sit,
2629 531 2722 601 qui
2753 531 2967 586 occulta
2994 530 3245 602 pervidet
3279 531 3501 600 mentis,

1909 638 1941 678 a
1987 639 2096 695 quo
2141 631 2390 694 speratur
2435 627 2489 676 et
2516 620 2824 691 praemium.
2873 621 2936 677 In
2966 620 3224 677 cordibus
3256 620 3340 676 illi
3365 636 3506 676 can--

1912 711 2014 768 tari
2047 711 2351 780 mandavit,
2377 725 2446 766 ne
2473 709 2660 766 favore
2681 709 2973 766 hominum
2990 711 3165 780 ﬁeret,
3188 698 3502 768 et‘fructum

1911 801 2205 857 amitteret.

1989 899 2173 969 (Vers.
2234 898 2348 970 17.)
2418 923 2435 946 ι
2488 899 2562 955 Ει
2607 915 2770 956 omne
2812 898 3177 972 quodcunque
3223 899 3405 957 facitis
3447 900 3506 957 in

1911 989 2080 1044 verbo
2146 997 2240 1044 aut
2289 989 2346 1044 in
2405 1005 2586 1060 opere,
2636 989 2824 1045 omnia
2884 990 2941 1044 in
2993 989 3218 1044 nomine
3279 989 3504 1046 Domini

1913 1078 2039 1134 Jesu
2097 1077 2261 1134 facite
2288 1120 2307 1144 ,
2367 1078 2567 1149 gratias
2638 1086 2856 1150 agentes
2933 1079 3046 1134 Deo
3103 1086 3157 1134 et
3213 1078 3358 1134 Patri
3415 1095 3510 1150 per

1913 1167 2118 1239 ipsum.
2152 1192 2171 1215 ι»
2213 1166 2484 1234 Quoniam
2533 1183 2698 1238 supra
2753 1167 2810 1222 in
2856 1165 3020 1224 corde
3059 1168 3235 1222 Deum
3272 1165 3507 1234 laudari,

1912 1263 1968 1312 et
2020 1256 2106 1311 illi
2139 1255 2348 1328 gratias
2387 1256 2576 1313 referri
2601 1257 2879 1329 praecepit,
2907 1272 3056 1312 nunc
3085 1263 3198 1312 tam
3225 1256 3285 1311 in
3316 1254 3506 1324 verbo,

1915 1371 2078 1429 quam
2134 1353 2192 1409 in
2240 1370 2402 1425 opere
2441 1359 2586 1415 274
2626 1351 2796 1406 totius
2836 1349 3279 1407 conversationis
3308 1355 3509 1404 nostraa

1914 1471 2116 1512 nomen
2138 1453 2359 1510 Domini
2377 1453 2504 1509 Jesu
2538 1451 2747 1507 laudari
2780 1458 2834 1506 et
2862 1446 3108 1505 exaltari
3135 1447 3408 1504 hortatur:
3451 1456 3513 1504 ut

1914 1561 2042 1602 cum
2091 1543 2259 1600 verba
2306 1549 2495 1598 nostra
2541 1548 2728 1598 carent
2774 1539 3216 1612 reprehensione,
3267 1546 3322 1594 et
3350 1554 3515 1611 opera

1915 1643 2104 1692 nostra
2134 1635 2278 1690 bona
2307 1641 2455 1700 sunt,
2479 1630 2860 1703 magniﬁcetur
2889 1631 3154 1685 Dominus
3173 1627 3514 1699 Jesus,cujus

206 1711 375 1769 sancti
404 1717 462 1767 et
483 1708 917 1775 dilecti,viscera
945 1706 1360 1776 misericordiae,
1378 1707 1800 1779 benignitatem,

1922 1724 2232 1797 magisterio
2307 1718 2762 1793 invituperabiles
2831 1727 2959 1774 sunt
3027 1717 3307 1790 discipuli.
3360 1718 3516 1772 Tunc

208 1800 602 1867 humilitatem,
650 1813 846 1854 sensus
889 1796 1394 1864 mansuetudinem,
1425 1795 1807 1868 longanimita-

210 1899 345 1957 tem,
375 1888 679 1962 praebentes
702 1888 862 1944 \obis
892 1889 1131 1946 invicem
1161 1889 1505 1962 patientiam,
1528 1899 1581 1947 et
1604 1888 1810 1946 donan-

209 1989 291 2038 tes
337 1981 485 2036 alius
514 1979 628 2048 alii,
671 1979 719 2036 si
757 1980 884 2052 quis
926 1981 1189 2037 adversus
1219 1981 1459 2054 aliquem
1492 1979 1656 2035 habet
1685 1997 1812 2052 que-

211 2071 422 2136 relam;
476 2069 618 2126 sicut
657 2076 714 2125 et
758 2068 1010 2126 Christus
1051 2071 1284 2127 donavit
1313 2070 1493 2137 vobis,
1527 2070 1602 2125 ita
1631 2079 1684 2126 et
1716 2086 1815 2126 vos

209 2161 389 2218 facite.
428 2184 446 2208 ι
496 2159 564 2215 Ut
594 2159 812 2216 lucrum
846 2159 1061 2231 possint
1088 2160 1309 2227 habere,
1350 2159 1418 2216 ad
1453 2159 1570 2216 haec
1599 2175 1692 2215 eos
1723 2159 1816 2215 fa-

209 2251 401 2309 cienda
431 2251 840 2322 hortatur,quze
869 2252 1128 2306 meritum
1147 2252 1423 2307 collocant
1442 2251 1583 2320 apud
1613 2252 1809 2306 Deum.

209 2342 254 2398 Α
292 2341 538 2414 peccatis
589 2349 772 2395 autem
835 2340 1110 2397 abstinere
1161 2341 1330 2397 timor
1388 2341 1556 2398 facit:
1591 2350 1817 2397 veretur

207 2433 358 2490 enim
401 2449 474 2488 ne
502 2432 645 2489 mala
680 2432 902 2489 faciens:
939 2434 1121 2506 poenis
1157 2433 1445 2490 subdatur.
1475 2434 1604 2490 Haec
1630 2441 1814 2489 autem

211 2540 340 2599 quas
397 2538 552 2579 nunc
595 2521 840 2579 facienda
867 2531 1078 2592 monet,
1109 2522 1179 2580 ad
1210 2523 1512 2596 profectum
1544 2523 1821 2595 pertinent

212 2623 570 2679 meritorum;
594 2628 661 2668 ex
692 2614 974 2669 toluntate
1004 2612 1149 2669 enim
1184 2621 1451 2681 sunt,nox
1469 2629 1538 2668 ex
1569 2611 1819 2668 necessi-

211 2702 462 2771 tate.Qui
495 2719 624 2775 ergo
651 2702 722 2758 ab
763 2702 975 2759 illicitis
1003 2719 1060 2760 se
1089 2703 1351 2771 abstinet,
1380 2701 1546 2758 habet
1575 2701 1814 2758 laudem:

209 2796 305 2869 qui
335 2810 480 2852 vero
509 2809 541 2849 a
573 2793 742 2852 licitis
769 2803 1057 2869 temperat,
1079 2803 1134 2852 et
1164 2794 1380 2852 laudem
1409 2794 1575 2851 habet
1603 2802 1657 2850 et
1672 2811 1821 2868 prae-

209 2901 410 2943 mium.

279 2985 479 3057 (Vers.
514 2982 602 3053 14,
645 2984 762 3057 15.)
816 3008 834 3031 ι
865 2983 1040 3056 Super
1067 2982 1186 3039 haec
1205 2989 1388 3039 autem
1415 2981 1605 3038 omnia
1632 2979 1826 3037 chari-

1919 1815 2068 1870 enim
2118 1828 2274 1868 veras
2323 1812 2522 1883 gratias
2572 1810 2786 1882 agimus
2812 1809 2924 1864 Deo
2957 1822 3051 1879 per
3079 1806 3281 1879 ipsum,
3313 1806 3360 1862 si
3389 1821 3519 1861 mo-

1921 1902 2052 1959 dum
2085 1909 2477 1976 przeceptorum
2498 1899 2616 1972 ejus
2637 1898 3034 1955 custodiamus.

1998 2001 2180 2074 (Vers.
2235 2000 2346 2070 18.)
2396 2026 2412 2046 ι
2456 1997 2734 2066 Mulieres,
2772 1995 3008 2053 subditae
3035 2001 3207 2051 estote
3236 1993 3396 2062 viris,
3437 1992 3523 2049 si—

1924 2097 2018 2147 cut
2065 2095 2300 2162 oportet,
2343 2085 2402 2142 in
2453 2085 2712 2142 Domino.
2763 2111 2780 2132 ι
2852 2086 2932 2140 Ita
2962 2081 3220 2156 praecepit
3263 2081 3522 2138 mulieres

1925 2179 2174 2236 subditas
2231 2191 2346 2233 esse
2398 2175 2597 2232 debere
2651 2175 2808 2243 viris,
2867 2175 3009 2231 sicut
3039 2172 3324 2230 mandavit
3350 2173 3514 2241 Deus,

1928 2272 2074 2328 inter
2119 2275 2315 2326 caetera
2369 2266 2559 2323 dicens
2596 2264 2665 2321 ad
2715 2264 3040 2321 mulierem:
3089 2289 3107 2311 ι
3134 2265 3206 2319 Ει
3243 2262 3312 2318 ad
3339 2262 3522 2318 virum

1927 2367 2085 2416 tuum
2134 2356 2424 2416 conversio
2467 2363 2580 2423 tua,
2614 2362 2668 2411 et
2700 2355 2813 2427 ipse
2840 2355 2924 2410 tui
2955 2352 3334 2410 dominabitur
3365 2351 3520 2423 (Gen.

1929 2467 2012 2517 ιιι,
2046 2449 2159 2520 16),
2189 2473 2208 2496 ι
2236 2455 2299 2503 ιιι
2322 2447 2439 2520 ipso
2460 2445 2572 2502 ritu
2602 2444 2897 2516 disciplina
2923 2445 3112 2500 timeat
3133 2443 3316 2499 virum
3333 2456 3517 2507 suum,

1929 2538 2085 2612 quasi
2119 2537 2431 2604 dominum,
2457 2552 2526 2590 ex
2559 2551 2668 2608 quo
2697 2534 2863 2607 coepit
2883 2549 3018 2590 esse.

2004 2637 2187 2709 (Vers.
2224 2636 2338 2707 19.)
2382 2658 2400 2681 ‹
2432 2634 2574 2702 Viri,
2608 2633 2823 2704 diligite
2852 2649 3052 2688 uxores
3081 2637 3308 2697 vestras,
3340 2637 3394 2686 et
3413 2645 3524 2684 no-

1931 2729 2028 2784 lite
2084 2725 2256 2782 amari
2306 2741 2420 2781 esse
2468 2723 2534 2779 ad
2590 2723 2734 2779 illas.
2783 2747 2802 2770 ι
2869 2722 3122 2794 Rigorem
3176 2718 3358 2775 virilis
3390 2717 3524 2790 legis

1933 2815 2169 2883 emollit,
2211 2831 2279 2870 ne
2319 2821 2583 2886 potestate
2613 2829 2721 2886 qua
2749 2814 3027 2885 praevalet,
3061 2812 3269 2868 nimius
3297 2811 3420 2884 quis
3449 2811 3522 2866 sit

1933 2905 1990 2962 in
2023 2904 2312 2961 dominatu
2343 2902 2569 2959 uxoris:
2621 2902 2714 2958 sed
2757 2901 2919 2957 debet
2961 2907 3227 2973 respicere
3254 2899 3322 2954 ad
3365 2899 3522 2956 affec-

1934 3005 2074 3063 tum,
2124 2994 2252 3067 quia
2298 2994 2500 3048 mulier
2527 3008 2654 3049 caro
2683 2989 2802 3063 ejus
2830 2997 2931 3056 est,
2964 3006 3032 3046 ne
3061 2990 3186 3061 plus
3216 2989 3370 3044 illam
3404 2987 3524 3044 hu-

210 3081 378 3134 tatem
440 3072 656 3142 habete,
697 3073 846 3146 quod
876 3079 959 3130 est
985 3072 1272 3130 vinculum
1305 3071 1539 3128 unitatis
1572 3088 1584 3126 :
1619 3078 1674 3125 et
1710 3085 1818 3143 pax
1852 3093 1895 3155 ο
1937 3087 2158 3142 minans
2184 3083 2471 3140 exacerbet
2499 3091 2554 3138 ει
2583 3081 2861 3139 contraria
2888 3080 3110 3152 cogitet.

205 3167 302 3222 Dei
361 3165 616 3222 exsultet
671 3164 728 3220 in
769 3163 1030 3220 cordibus
1087 3162 1305 3229 vestris,
1338 3162 1396 3217 in
1425 3177 1534 3234 qua
1557 3167 1612 3216 et
1641 3159 1820 3216 vocati

207 3256 340 3314 estis
391 3256 460 3312 in
514 3269 626 3309 uno
668 3269 930 3326 corpore:
962 3260 1016 3308 et
1055 3251 1193 3324 grati
1234 3257 1426 3307 estote.
1456 3273 1474 3297 ι
1519 3249 1662 3317 Quia
1692 3264 1821 3304 vero

206 3348 474 3404 omnium
504 3343 680 3417 major
709 3352 792 3401 est
819 3343 1078 3410 charitas,
1112 3341 1244 3397 huic
1285 3340 1456 3413 magis
1485 3339 1821 3396 studendum

209 3435 498 3494 hortatur.
556 3436 711 3492 Tunc
749 3434 896 3491 enim
949 3432 1138 3490 omnia
1186 3447 1308 3505 quae
1347 3446 1512 3503 supra
1541 3428 1825 3486 mandavit

203 3525 515 3592 servanda,
543 3524 612 3582 ad
643 3524 899 3582 effectum
930 3521 1282 3595 praemiorum
1313 3527 1572 3594 poterunt
1601 3516 1820 3585 deduci,

203 3616 249 3672 si
287 3617 448 3674 duce
495 3614 787 3679 charitate,
836 3613 942 3669 iter
986 3612 1274 3668 ambulent
1319 3610 1486 3684 legis:
1523 3617 1638 3664 tota
1675 3606 1822 3662 enim

2006 3175 2188 3245 (Vers.
2222 3171 2339 3243 20.)
2387 3196 2404 3218 ι
2433 3170 2583 3240 Filii,
2615 3169 2832 3226 obedite
2859 3168 3179 3241 parentibus
3206 3166 3405 3223 vestris
3432 3181 3530 3238 per

1933 3263 2155 3319 omnia:
2208 3261 2313 3318 hoc
2359 3260 2508 3316 enim
2548 3260 2726 3331 placet
2766 3261 2898 3315 Deo.
2947 3282 2964 3307 ι
3021 3257 3142 3313 Non
3171 3262 3349 3330 potest
3375 3254 3528 3311 aliud

1932 3353 2150 3426 placere
2178 3352 2312 3419 Deo,
2343 3366 2506 3422 quam
2537 3348 2686 3422 quod
2723 3346 2937 3420 justum
2973 3353 3028 3404 et
3053 3346 3204 3419 pium
3234 3353 3338 3402 est.
3373 3344 3531 3399 Tunc

1934 3441 2083 3498 enim
2115 3447 2344 3513 possunt
2367 3435 2474 3494 ﬁlii
2506 3437 2705 3493 habere
2743 3437 3043 3509 propitium
3076 3438 3272 3502 Deum,
3305 3433 3352 3488 si
3381 3431 3531 3489 debi-

1936 3541 2046 3588 tam
2107 3527 2587 3585 honoriﬁcentiam
2654 3527 2957 3600 rependant
3006 3524 3347 3599 parentibus,
3387 3522 3536 3579 circa

1937 3620 2262 3694 obsequium
2295 3619 2522 3674 illorum
2553 3617 2762 3686 faciles,
2805 3617 2863 3673 in
2902 3623 3224 3686 contemptu
3251 3612 3531 3681 difﬁciles,

201 3717 404 3766 mente
434 3716 712 3781 operatur,
746 3705 841 3780 qui
872 3721 941 3761 ex
971 3719 1156 3761 amore
1191 3701 1403 3776 aliquid
1442 3700 1594 3757 facit.
1626 3700 1826 3771 Hypo-

197 3799 379 3856 crisis
447 3805 502 3853 et
558 3795 842 3853 simulatio
891 3811 1004 3852 non
1047 3801 1131 3850 est
1163 3793 1222 3849 in
1252 3791 1540 3859 cbaritate,
1572 3803 1741 3863 quare
1773 3795 1828 3843 et

191 3888 467 3946 Joannes
519 3887 835 3958 apostolus:
905 3909 924 3932 ι
972 3885 1184 3953 Timor,
1233 3882 1436 3955 inquit,
1494 3895 1609 3936 non
1657 3885 1740 3934 est
1769 3876 1813 3932 ir

2014 3885 2195 3957 (Vers.
2261 3882 2378 3956 21.)
2444 3908 2461 3930 ε
2498 3884 2705 3953 Patres,
2754 3882 2926 3939 nolite
2967 3881 3035 3938 ad
3065 3881 3203 3938 iram
3235 3895 3534 3954 provocare

190 3974 557 4118 nume.
605 3996 624 4020 ι
685 3971 792 4040 Qui
834 3972 982 4028 enim
1028 3972 1207 4038 timet.
1244 3971 1519 4043 perfectus
1561 3983 1672 4025 non
1697 3973 1824 4023 est!
1941 3975 2087 4033 ﬁlios
2132 3981 2366 4042 vestros,
2411 3989 2481 4030 ne
2529 3974 2733 4047 pusillo
2778 3971 2966 4029 animo
3012 3971 3166 4028 ﬁant.
3199 3995 3216 4018 ι
3259 3969 3536 4027 Modestos

205 4087 236 4115 ε
495 4065 583 4114 cta
632 4059 782 4114 enim
830 4058 1054 4115 dilectio
1103 4059 1250 4115 foras
1289 4060 1460 4116 mittit
1488 4057 1744 4115 timorem
1779 4053 1837 4118 (Ι
1942 4064 2195 4118 praecinit
2244 4071 2423 4118 patres
2459 4063 2656 4118 debere
2699 4079 2816 4118 esse
2861 4062 3014 4118 ﬁliis.
3069 4076 3138 4116 ne
3167 4057 3430 4115 coarctati
3466 4058 3536 4114 ab

205 4087 236 4115 σ
305 4053 583 4118 mel-3
632 4059 782 4114 enim
830 4058 1054 4115 dilectio
1103 4059 1250 4115 foras
1289 4060 1460 4116 mittit
1488 4057 1744 4115 ῐίωοΐθω
1779 4053 1837 4125 (Ῑ
1942 4064 2195 4140 praecipit
2244 4071 2423 4136 patres
2459 4063 2656 4120 debere
2699 4079 2816 4120 esse
2861 4062 3014 4129 ﬁliis,
3069 4076 3138 4116 ne
3167 4057 3430 4115 coarctati
3466 4058 3536 4114 ab

187 4157 398 4214 Ιοαηο
429 4163 512 4214 ιν»
545 4147 636 4214 18)
665 4163 677 4202 ε
710 4171 730 4196 ³
771 4147 918 4205 unde
943 4156 998 4203 et
1024 4147 1294 4204 Dominus
1322 4149 1493 4204 amari
1534 4165 1592 4206 se
1619 4145 1832 4204 mavult
1945 4157 2042 4224 eis,
2075 4154 2401 4228 delinquant
2446 4155 2506 4210 in
2556 4154 2703 4222 illos,
2735 4160 2790 4209 et
2835 4154 3009 4208 Deum
3051 4148 3353 4218 offendant,
3385 4146 3534 4221 quod

195 4255 400 4320 quam
436 4235 784 4293 timeri.Haec
807 4245 892 4292 est
921 4237 1067 4292 enim
1104 4235 1330 4292 dilectio
1358 4252 1477 4308 quas
1504 4236 1813 4310 complecti-

1945 4247 2164 4303 nolunt.
2213 4246 2299 4301 Ira
2346 4243 2495 4301 enim
2525 4241 2928 4300 inconsiderata
2963 4257 3049 4298 res
3096 4247 3199 4309 est,
3230 4239 3285 4295 in
3318 4247 3534 4296 tantum

192 4343 303 4392 ῑηΐ
337 4328 652 4396 “mutem:
685 4325 802 4384 haec
838 4335 923 4384 θεῖ
949 4342 1070 4398 (μεθ
1087 4339 1280 4382 omnes
1307 4341 1476 4381 unum
1520 4343 1714 4399 θοιῬιιε
1744 4328 1835 4383 fa-
1947 4345 2010 4394 ut
2039 4334 2339 4410 aliquando
2368 4350 2470 4391 nec
2500 4333 2605 4390 sibi
2638 4342 2843 4406 parcat,
2879 4333 2973 4407 qui
3012 4331 3288 4388 irascitur.
3324 4331 3538 4390 Debent

197 4429 310 4495 cit,
374 4421 504 4478 haec
540 4428 624 4475 est
668 4435 788 4492 quas
831 4434 1022 4474 veram
1053 4415 1220 4473 habet
1245 4431 1455 4489 Pacem:
1487 4431 1646 4487 quam
1676 4419 1836 4475 corde
1867 4463 1916 4498 η
1947 4427 2096 4485 enim
2153 4423 2426 4482 recordari
2484 4431 2664 4496 patres
2717 4425 2846 4498 quia
2900 4423 3124 4478 fuerunt
3174 4427 3228 4476 et
3259 4419 3364 4492 ipsi
3392 4418 3535 4488 ﬁlii;

196 4531 360 4593 Puro
400 4508 675 4569 οαειοάίῖ·
707 4510 892 4566 Ροῐθδῖ
918 4507 1068 4565 enim
1102 4523 1210 4581 Pax
1236 4504 1372 4574 ἀίοίι
1414 4513 1470 4562 et
1500 4522 1612 4561 ηοῐι
1641 4505 1840 4563 habere
1869 4504 1916 4522 υ
1946 4516 2292 4576 considerare
2339 4521 2518 4570 autem
2549 4513 2674 4584 ﬁlii,
2709 4513 2838 4586 quia
2868 4512 3042 4568 futuri
3072 4519 3202 4566 sunt
3227 4517 3408 4582 patres
3433 4526 3446 4564 :
3480 4515 3543 4563 ut

199 4603 601 4668 ὼπίῐὸιϐωἱ
633 4597 869 4656 libarius
893 4599 1043 4656 enim
1083 4613 1302 4671 semper
1328 4612 1518 4654 Secum
1548 4594 1714 4654 habet
1736 4612 1843 4668 Ρίι-
1949 4623 2104 4681 teque
2148 4605 2350 4662 librato
2378 4603 2612 4662 consilio
2641 4603 2928 4675 utriusque
2957 4601 3150 4674 partis,
3178 4609 3234 4657 et
3264 4598 3370 4656 ﬁlii
3399 4596 3544 4655 sub—

197 4713 362 4754 cem-
1942 4699 2075 4773 jecti
2106 4700 2237 4768 sint,
2269 4707 2323 4755 et
2351 4707 2528 4769 patres
2559 4697 2810 4755 modesti.

282 4791 501 4865 (Vers.
556 4787 672 4859 16.)
743 4810 762 4834 ι
806 4785 1052 4844 Verbum
1097 4784 1306 4843 Christi
1347 4783 1562 4841 habitet
1589 4782 1649 4839 in
1680 4781 1840 4839 vobis
2024 4791 2205 4862 (Vers.
2238 4789 2368 4861 εἰ)
2420 4813 2438 4836 ι
2467 4787 2644 4855 Servi,
2672 4785 2931 4843 obaudite
2951 4800 3049 4858 per
3081 4785 3270 4843 omnia
3298 4781 3544 4842 dominis

200 4880 462 4940 abunde
511 4877 570 4932 in
623 4875 778 4932 omni
828 4875 1116 4946 Sapientia,
1162 4873 1422 4932 άοοθηῐεε
1468 4881 1523 4929 εἴ
1554 4882 1839 4930 monentes
1948 4881 2282 4948 carnalibus,
2314 4895 2424 4934 non
2455 4877 2524 4933 ad
2551 4877 2774 4934 oculum
2799 4875 3122 4946 servientes,
3155 4875 3308 4949 quasi
3352 4875 3545 4931 homi-
3611 4941 3620 4951 ι

203 4968 613 5041 vosmetipsos
655 4967 714 5023 in
757 4966 982 5050 palmis
1010 4973 1064 5021 et
1095 4965 1340 5038 hymnis,
1372 4973 1427 5020 et
1455 4965 1688 5022 canticis
1716 4964 1840 5036 spi-
1951 4970 2116 5026 nibus
2147 4969 2442 5042 placentes,
2475 4967 2569 5024 sed
2602 4967 2659 5022 in
2691 4965 3046 5038 simplicitate
3076 4965 3259 5023 cordis
3286 4965 3544 5021 timentes

201 5063 523 5126 ritalibus,
585 5059 643 5116 in
697 5055 872 5131 gratia
909 5064 1187 5114 cantantes
1244 5059 1300 5114 in
1351 5056 1614 5115 cordibus
1646 5057 1842 5113 vestris
1949 5059 2271 5116 Dominum.
2302 5083 2322 5106 ι
2367 5056 2636 5124 Quoniam
2672 5057 2784 5111 Deo
2813 5056 2974 5112 aliter
3001 5055 3198 5112 serviri
3230 5070 3341 5109 non
3369 5057 3544 5124 potest

204 5153 504 5211 Domino.
541 5174 562 5198 ι
629 5149 756 5206 Haec
817 5145 1131 5205 meditanda
1187 5158 1371 5205 monet
1426 5162 1663 5218 semper,
1721 5162 1842 5220 quae
1951 5165 2115 5222 quam
2171 5165 2310 5222 puro
2365 5147 2566 5204 corde:
2615 5145 2832 5203 occulta
2859 5146 3008 5203 enim
3039 5143 3289 5218 pervidet
3317 5142 3540 5197 animo-

206 5250 439 5302 sonent
475 5238 802 5307 Christum;
835 5238 952 5296 haec
982 5237 1040 5294 in
1072 5235 1233 5294 corde
1263 5236 1533 5307 habenda,
1566 5252 1687 5311 quas
1730 5237 1841 5294 Deo
1952 5255 2112 5296 rum:
2171 5240 2253 5297 sic
2296 5247 2352 5296 et
2400 5237 2724 5296 hominibus
2770 5237 3022 5313 praecipit
3075 5234 3272 5293 serviri
3321 5231 3540 5287 debere.

1937 3710 2170 3767 scientes
2218 3707 2320 3764 ﬁlii
2350 3723 2634 3781 nunquam
2679 3706 2942 3763 adversus
2965 3711 3216 3778 parentes
3245 3702 3535 3776 providere

1885 3867 1896 3874 .
1938 3797 2136 3854 debere
2167 3797 2307 3868 (98).

291 5464 443 5538 (97),
471 5461 635 5538 Rom.
671 5459 830 5530 edit.,
868 5461 1002 5538 Tant
1018 5477 1271 5538 magnum
1292 5463 1440 5534 apud
1466 5480 1550 5520 eos
1574 5471 1843 5536 peccatum

212 5534 369 5607 furti
405 5534 746 5607 habebatur,
787 5534 927 5607 quod
961 5534 1148 5607 Graeci,
1179 5535 1272 5606 qui
1300 5552 1493 5607 magna
1519 5534 1638 5595 cuin
1665 5538 1839 5596 indu-

213 5605 390 5666 stria.
429 5652 444 5664 .
481 5649 496 5660 .
524 5649 537 5662 .
569 5650 582 5662 .
622 5606 724 5663 Sed
751 5605 878 5676 quia
906 5605 1058 5660 modo
1077 5605 1404 5677 degenerant,
1432 5616 1537 5669 etc.

2025 5467 2141 5539 (98)
2190 5465 2348 5524 Eras.
2381 5475 2435 5523 et
2469 5464 2600 5523 Gill.
2623 5538 2626 5539 ν
2648 5465 2704 5522 in
2734 5465 2999 5539 margine,
3039 5475 3100 5514 ac
3130 5456 3290 5513 Rom.
3326 5454 3459 5512 odit.
3493 5455 3549 5513 in

1949 5538 2197 5612 corpore,
2221 5539 2522 5611 protervire
2549 5538 2748 5593 debere.
