4108 6184
589 292 694 360 463

1595 298 1692 353 ΑΒ
1733 296 1966 354 OPERA
2007 297 2063 353 S.
2104 292 2437 354 AMBROSII
2475 295 2864 354 APPENDIX.

3779 291 3894 353 464

588 426 697 495 Qui
725 425 872 482 enim
904 425 971 481 ad
1001 425 1223 480 oculum
1256 424 1446 489 servit,
1477 423 1534 478 in
1575 425 1794 478 occulto
1824 422 1973 478 aliud
2004 423 2136 480 facit
2163 440 2174 476 :
2207 430 2255 486 Α
2284 441 2575 496 corporum
2607 425 2778 490 enim,
2811 440 2922 480 non
2950 423 3261 479 animorum
3291 431 3418 478 sunt
3437 421 3675 478 domini.
3721 424 3895 483 Solus

589 517 685 590 qui
724 524 907 572 autem
937 531 1004 570 ex
1037 515 1243 582 animo,
1276 515 1401 571 talis
1429 521 1509 569 est
1547 513 1681 568 foris
1715 513 1894 585 qualis
1922 523 1974 568 et
2003 513 2171 569 intus.

589 607 634 663 si
664 622 792 678 ergo
829 604 887 658 in
923 604 1029 662 hoc
1054 605 1319 678 obsequio
1349 603 1516 659 fuerit
1557 603 1757 671 ﬁdelis,
1778 602 2178 674 promerebitur

585 698 907 766 Dominum,
942 698 1070 772 quia
1101 699 1216 771 ipse
1254 697 1432 752 dixit:
1496 722 1513 743 ι
1539 696 1643 763 Qui
1676 697 1732 752 in
1769 696 2002 750 minimo
2032 695 2176 751 ﬁde-

584 786 656 843 lis
681 796 784 856 est,
817 796 870 843 et
901 787 956 842 in
987 804 1184 858 magno
1215 785 1394 841 ﬁdelis
1433 793 1513 841 est
1545 786 1696 856 (Luc.
1746 802 1867 850 XVI,
1903 785 2015 855 10).
2055 811 2073 832 ι
2118 785 2175 841 Si

580 876 729 932 enim
783 877 853 945 ei,
891 877 982 948 qui
1025 876 1093 931 ad
1129 892 1366 946 praesens
1394 875 1642 930 vindicat
1668 876 1818 945 (99),
1853 873 2030 929 ﬁdelis
2063 890 2172 928 non

578 965 769 1032 fuerit,
801 963 894 1038 qui
927 964 1043 1019 ﬁeri
1077 967 1276 1037 poterit
1309 973 1368 1020 ut
1399 963 1482 1018 illi
1513 963 1674 1018 ﬁdem
1707 962 1986 1031 exhibeat,
2011 978 2171 1034 quem

576 1061 700 1126 post
763 1063 993 1110 mortem
1043 1055 1199 1110 audit
1248 1053 1678 1125 judicaturum?
1735 1051 1948 1107 Idcirco
1989 1052 2044 1106 in
2079 1051 2171 1105 do-

576 1143 719 1198 mini
774 1144 1010 1201 carnalis
1065 1159 1227 1199 causa
1274 1141 1484 1213 justum
1527 1143 1650 1196 vult
1687 1158 1801 1196 esse
1843 1156 2063 1197 servum
2119 1149 2173 1197 et

577 1231 987 1305 obsequentem,
1044 1241 1103 1288 ut
1141 1231 1312 1304 possit
1369 1239 1422 1287 et
1469 1231 1527 1286 in
1580 1230 1676 1286 Dei
1719 1230 1881 1285 rebus
1910 1237 1963 1284 et
1991 1228 2171 1284 ﬁdelis

577 1339 693 1381 esse
745 1332 800 1379 et
853 1324 1177 1395 obsequens.
1238 1323 1294 1378 Si
1352 1323 1500 1377 enim
1551 1322 1609 1376 in
1653 1321 1907 1394 praesenti
1939 1319 2172 1375 idoneus

574 1413 763 1481 fuerit,
795 1413 890 1469 ubi
918 1414 1023 1469 scit
1053 1412 1206 1468 nulla
1233 1427 1348 1467 esse
1369 1411 1476 1466 nisi
1507 1410 1891 1484 corruptibilia
1919 1409 2164 1482 praemia,

571 1509 778 1576 quanto
825 1501 999 1573 magis
1046 1502 1369 1573 propensior
1421 1501 1526 1555 erit
1578 1501 1638 1554 in
1692 1499 1792 1554 Dei
1851 1498 2164 1565 devotione,

571 1607 734 1663 quem
758 1589 863 1646 scit
890 1588 1149 1644 ﬁdelibus
1181 1589 1513 1664 immortalia
1543 1588 1798 1643 daturum
1832 1587 2054 1658 praemia
2079 1588 2089 1642 i

643 1682 826 1755 (Vers.
862 1680 950 1748 23,
979 1680 1066 1749 24,
1101 1681 1217 1752 25.)
1288 1707 1306 1729 ‹
1335 1680 1616 1752 Quidquid
1647 1679 1848 1746 facitis,
1880 1693 1950 1732 ex
1978 1677 2165 1732 animo

2286 514 2432 569 enim
2461 515 2749 582 Dominus,
2769 523 2822 570 et
2849 521 3040 570 auctor
3069 529 3251 568 rerum
3284 510 3583 567 invisibilis
3607 513 3758 570 Deus
3773 521 3894 570 tam

2285 603 2607 676 corporibus
2659 620 2821 676 quam
2852 602 3058 659 animis
3082 601 3421 668 dominatur,
3451 608 3513 657 ut
3541 600 3660 659 haec
3689 603 3895 660 consi-

2285 693 2556 762 derantes,
2587 694 2736 766 justa
2766 694 2833 749 ab
2862 694 2940 749 eis
2969 692 3196 765 exigant
3224 690 3454 748 servitia
3486 708 3497 745 :
3530 691 3666 746 talia
3692 692 3896 766 utique

2286 783 2470 856 qualia
2523 793 2577 839 et
2608 799 2639 836 a
2668 799 2723 838 se
2766 783 2912 853 exigi
2961 783 3158 837 volunt
3205 797 3236 836 a
3285 779 3525 837 Domino
3576 783 3890 838 communi.

2283 873 2418 928 Nam
2467 889 2590 928 cum
2634 872 2735 944 ipsi
2796 888 2905 926 non
2936 879 2999 926 ut
3056 871 3283 943 dignum
3317 879 3421 936 est,
3473 871 3588 926 Deo
3616 872 3891 944 serviant,

2284 978 2442 1035 quem
2495 978 2606 1018 non
2637 971 2838 1033 negant
2867 961 3115 1017 omnium
3149 967 3468 1032 potestatem
3520 959 3748 1030 habere,
3777 980 3890 1020 cu-

2277 1051 2476 1124 jusque
2525 1051 2846 1125 quotidiana
2901 1049 3045 1106 dona
3103 1066 3199 1122 per
3254 1049 3562 1105 ministeria
3617 1060 3884 1108 creaturae

2282 1138 2542 1196 humanis
2599 1141 2789 1196 usibus
2833 1139 3106 1207 exhiberi,
3157 1156 3188 1195 a
3227 1139 3451 1211 paribus
3499 1139 3614 1196 suis
3655 1143 3743 1213 (ut
3769 1159 3883 1198 non

2280 1231 2460 1287 dicam
2517 1231 2804 1301 fratribus)
2852 1239 2962 1286 tam
3021 1231 3208 1304 gravia
3263 1229 3494 1302 exigunt
3533 1232 3786 1300 servitia,
3821 1240 3884 1289 ut

2279 1321 2410 1376 ferri
2456 1337 2565 1376 non
2596 1321 2842 1393 possint:
2890 1336 3001 1375 non
3041 1326 3308 1391 ponentes
3339 1318 3397 1374 in
3426 1319 3633 1388 animo,
3670 1321 3802 1394 quia
3829 1329 3882 1377 et

2278 1413 2382 1484 ipsi
2415 1412 2592 1468 velint
2624 1411 2823 1480 nolint,
2855 1410 3001 1467 servi
3021 1416 3170 1477 sunt,
3203 1416 3256 1465 et
3283 1407 3530 1465 viderint
3579 1409 3741 1482 cujus
3771 1427 3880 1468 me-

2279 1502 2392 1557 riti.

2351 1592 2532 1662 (Vers.
2574 1594 2627 1659 2,
2661 1591 2712 1659 3,
2744 1590 2826 1662 4.)
2893 1614 2911 1638 ι
2943 1589 3195 1646 Orationi
3231 1589 3456 1659 instate,
3487 1590 3783 1663 vigilantes
3819 1590 3878 1648 in

2276 1680 2373 1737 illa
2405 1698 2528 1737 cum
2580 1681 2879 1752 gratiarum
2927 1680 3178 1747 actione;
3231 1688 3448 1737 orantes
3496 1680 3661 1737 simul
3694 1689 3750 1738 et
3778 1698 3878 1754 pro

567 1767 894 1843 operamini,
926 1777 987 1823 ut
1013 1769 1250 1824 Domino
1270 1776 1324 1823 et
1343 1784 1455 1823 non
1475 1767 1814 1823 hominibus:
1850 1766 1980 1822 certi
2015 1763 2162 1837 quod
2191 1791 2238 1850 Β
2275 1771 2455 1838 nobis,
2498 1779 2559 1826 ut
2614 1771 2760 1826 Deus
2808 1769 3016 1842 aperiat
3047 1768 3207 1824 nobis
3236 1768 3434 1825 ostium
3462 1769 3612 1825 verbi
3641 1765 3712 1826 ad
3743 1771 3876 1827 elo—

567 1875 600 1915 a
652 1858 892 1917 Domino
928 1859 1206 1930 recipietis
1239 1859 1659 1914 retributionem
1690 1858 2030 1913 hereditatis
2055 1858 2161 1912 Do-

564 1948 708 2004 mini
760 1947 990 2016 Christi,
1047 1949 1141 2004 cui
1185 1949 1429 2004 servitis.
1464 1948 1569 2015 Qui
1601 1947 1750 2003 enim
1780 1947 1970 2020 inique
2001 1947 2160 2019 gerit,

561 2036 671 2095 fert
711 2037 768 2093 id
815 2037 964 2110 quod
1003 2037 1166 2110 gessit
1210 2038 1434 2110 inique:
1466 2045 1521 2092 et
1551 2053 1665 2092 non
1698 2043 1778 2091 est
1807 2053 2159 2108 personarum

564 2126 811 2198 acceptio
853 2126 998 2198 apud
1044 2128 1239 2183 Deum.
1271 2152 1289 2175 ›
1339 2127 1408 2182 Ut
1438 2135 1720 2198 promptos
1758 2125 1885 2181 illos
1913 2125 1972 2180 in
2010 2125 2159 2180 obse-

561 2214 691 2287 quio
742 2223 796 2270 et
841 2215 950 2271 ﬁde
1005 2215 1194 2285 faciat,
1227 2217 1531 2273 mercedem
1577 2215 1703 2271 illos
1732 2215 2006 2271 bonorum
2037 2230 2160 2285 ope-

560 2319 686 2359 rum
724 2315 1044 2376 accepturos
1097 2305 1376 2376 promittit
1429 2321 1461 2360 a
1506 2305 1620 2359 Deo
1649 2304 1706 2358 in
1736 2320 1903 2376 regno
1928 2302 2155 2360 Christi.

559 2391 720 2460 Quod
763 2401 824 2448 ut
877 2393 1168 2466 probatum
1227 2395 1298 2450 sit
1337 2403 1391 2450 et
1417 2400 1722 2464 acceptum,
1762 2393 1842 2448 sic
1885 2393 2012 2448 illos
2039 2393 2159 2447 vult

562 2486 788 2559 obsequi
818 2486 963 2542 sicut
999 2486 1260 2555 Domino,
1294 2502 1447 2558 aquo
1477 2483 1784 2541 mercedem
1815 2491 2153 2555 exspectant.

560 2577 636 2632 At
689 2575 736 2631 si
793 2591 982 2632 servus
1036 2575 1226 2647 inique
1263 2576 1454 2648 egerit,
1504 2591 1616 2630 non
1665 2573 1843 2630 solum
1877 2573 2158 2629 hominem

563 2663 822 2733 offendet,
881 2664 974 2721 sed
1025 2672 1078 2720 et
1123 2667 1319 2734 Deum,
1380 2682 1542 2737 quem
1590 2664 1648 2719 in
1702 2663 1938 2720 admissa
1968 2663 2158 2720 fraude

559 2755 802 2814 carnalis
849 2755 1062 2812 domini
1110 2757 1461 2829 contempsit.
1496 2757 1553 2813 Si
1583 2764 1764 2812 autem
1800 2754 1938 2811 bene
1964 2756 2155 2828 egerit,

563 2861 674 2901 non
713 2845 818 2901 erit
858 2846 1002 2915 apud
1049 2847 1224 2900 Deum
1265 2863 1456 2902 servus
1483 2845 1749 2913 hominis,
1781 2844 1936 2918 quasi
1968 2844 2156 2916 despe-

558 2933 736 2988 ctior:
771 2933 865 2997 sed
895 2934 1517 3006 remunerabitur,quasi
1545 2936 1682 2990 liber
1705 2935 1853 2990 inter
1880 2934 2154 3003 homines,

559 3033 752 3075 servus
801 3027 985 3075 autem
1014 3019 1243 3089 Christi,
1285 3022 1433 3093 quod
1479 3022 1763 3094 dignitatis
1801 3030 1883 3078 est
1927 3039 2151 3080 nomen.

1185 3173 1414 3232 CAPUT
1453 3175 1550 3234 IV.

631 3303 816 3378 (Vers.
859 3303 940 3376 1.)
993 3327 1011 3351 ι
1039 3301 1286 3371 Domini,
1328 3301 1478 3375 quod
1500 3300 1714 3373 justum
1744 3311 1825 3359 est
1853 3311 1907 3360 et
1935 3318 2153 3375 mquum

558 3395 734 3452 servis
766 3392 1022 3466 praebete,
1065 3391 1300 3449 scientes
1329 3390 1476 3463 quod
1507 3400 1562 3447 et
1602 3407 1700 3447 vos
1729 3391 2030 3446 Dominum
2062 3391 2154 3446 ha-

557 3485 701 3541 betis
761 3486 820 3540 in
879 3484 1052 3540 caelis.
1102 3506 1120 3529 ι
1181 3483 1260 3538 Ne
1285 3480 1499 3536 domini
1529 3481 1858 3552 temporales
1901 3480 2156 3551 superbia

559 3571 923 3638 extollantur,
982 3576 1373 3641 praesumentes
1415 3568 1483 3623 de
1513 3567 1821 3636 dominatu,
1856 3568 2074 3640 mitigat
2102 3576 2155 3623 et

560 3659 783 3717 cohibet
806 3659 1020 3714 animos
1049 3657 1294 3724 illorum,
1335 3665 1396 3712 ut
1427 3655 1674 3712 adhibita
1717 3656 2156 3714 consideratione

562 3747 792 3805 humani
814 3745 1496 3820 generis,auimadvertant
1524 3753 1805 3801 auctorem
1836 3747 2010 3800 Deum
2046 3763 2155 3802 non

563 3854 750 3896 servos
798 3844 854 3892 et
891 3835 1113 3904 liberos,
1180 3834 1275 3890 sed
1307 3851 1498 3890 omnes
1528 3835 1794 3907 ingenuos
1823 3834 2153 3891 condidisse.

561 3930 668 3988 Sed
697 3929 806 3986 hoc
833 3927 1026 3984 mundi
1059 3925 1352 4000 iniquitate
1380 3926 1583 3982 factum
1617 3934 1720 3994 est,
1769 3935 1829 3982 ut
1859 3925 1988 3981 dum
2020 3926 2158 3982 alter
2171 3915 2212 3936 ’³

563 4019 793 4078 alterius
826 4016 966 4073 ﬁnes
995 4015 1233 4084 invadit,
1266 4024 1399 4072 tunc
1419 4015 1665 4085 captivos
1684 4013 1839 4070 ducit
1870 4015 2152 4085 ingenuos;

561 4108 710 4166 unde
770 4115 825 4164 et
888 4122 1056 4163 manu
1101 4103 1246 4177 capti
1308 4103 1444 4159 dicit
1475 4109 1604 4158 sunt
1655 4119 1685 4158 a
1725 4102 2000 4158 veteribus
2029 4102 2157 4160 inde

563 4199 867 4271 mancipia.
911 4197 1015 4254 Hic
1053 4212 1212 4252 casus
1248 4201 1302 4250 et
1330 4192 1579 4251 conditio
1609 4191 1772 4248 etiam
1821 4209 1969 4248 nunc
1998 4209 2154 4265 appa-

563 4300 665 4359 ret,
724 4291 820 4346 alii
880 4290 1252 4359 redimuntur,
1311 4288 1407 4344 alii
1460 4293 1746 4342 remanent
1779 4283 1944 4340 servi.
1994 4283 2157 4356 Apud

560 4385 737 4449 Deum
778 4389 961 4437 autem
1018 4382 1112 4439 hic
1173 4398 1364 4439 servus
1419 4380 1669 4449 habetur,
1720 4379 1813 4454 qui
1853 4377 2158 4450 peccaverit

564 4481 748 4548 (Joan.
804 4495 926 4579 vui,
977 4479 1091 4551 34).
1137 4479 1384 4579 Denique
1417 4480 1626 4549 peccati
1656 4493 1820 4579 causa
1847 4477 2021 4534 Cham
2046 4493 2153 4534 ser-
2187 4519 2236 4579 D

559 4588 667 4628 vus
720 4568 972 4626 audivit:
1050 4593 1066 4614 ι
1105 4566 1429 4623 Maledictus
1487 4583 1622 4636 puer
1653 4565 1933 4636 Chanaan,
1963 4583 2154 4622 servus

562 4678 849 4722 servorum
913 4659 1022 4716 erit
1059 4656 1324 4714 fratribus
1352 4656 1465 4712 suis
1498 4656 1653 4727 (Gen.
1689 4674 1768 4726 1x,
1801 4658 1916 4731 25).
1949 4685 1967 4708 ι
2013 4665 2155 4722 275

561 4761 664 4820 Cui
717 4758 1002 4816 sententiae
1057 4764 1268 4813 veteres
1324 4772 1620 4825 assensere,
1659 4756 1738 4813 ita
1765 4767 1826 4816 ut
1861 4759 2154 4815 deﬁnirent

561 4867 754 4908 omnes
786 4850 1086 4922 prudentes
1115 4864 1230 4904 esse
1263 4847 1484 4916 liberos,
1530 4847 1728 4902 stultos
1751 4857 1934 4906 autem
1965 4866 2153 4906 omnes

559 4956 673 4997 esse
699 4955 886 4995 servos
911 4957 922 4994 :
968 4939 1097 5012 quia
1127 4936 1366 5011 prudens
1387 4936 1624 4992 abstinet
1662 4952 1691 4991 a
1720 4938 2042 5008 peccatis,ut
2062 4939 2151 4994 hic

560 5029 833 5102 ingenuus
860 5028 1052 5101 sit,qui
1075 5037 1222 5084 recta
1243 5027 1710 5100 sequitur,servus
1731 5036 1911 5081 autem
1933 5027 2026 5099 qui
2058 5044 2150 5099 per

557 5119 806 5178 stultitiae
835 5119 1264 5191 imprudentiam
1313 5115 1539 5188 subjicit
1567 5133 1622 5172 se
1653 5123 1893 5188 peccato.
1924 5116 2077 5173 Unde
2096 5126 2149 5175 et

552 5209 728 5270 Cham
774 5217 994 5282 propter
1023 5207 1336 5276 stultitiam,
1365 5207 1456 5278 qui
1490 5207 1610 5262 risit
1641 5206 1946 5262 nuditatem
1978 5208 2147 5279 patris

551 5301 741 5369 stulte,
783 5315 975 5354 servus
1001 5305 1081 5352 est
1111 5295 1694 5369 appellatus.Ostendit
1723 5312 1851 5367 ergo
1880 5297 2141 5367 dominis,

549 5389 680 5462 quia
707 5405 820 5446 non
847 5403 976 5444 vere
1003 5395 1133 5444 sunt
1163 5385 1496 5456 domini,sed
1515 5385 1669 5459 quasi
1700 5402 1796 5458 per
1824 5386 2138 5460 imaginem:

621 5613 738 5692 (99)
769 5613 1038 5692 Eonnull‘i
1077 5629 1230 5679 mss.,
1262 5611 1355 5682 qui
1381 5611 1453 5692 qd
1475 5627 1707 5692 prwserts
1733 5612 1960 5692 judicet.

2185 3151 2234 3215 C

2275 1857 2555 1932 quendum
2605 1859 2934 1932 mysterium
2991 1857 3198 1914 Christi
3250 1859 3495 1931 (propter
3524 1858 3670 1931 quod
3698 1860 3868 1918 etiam

2273 1949 2496 2005 vinctus
2523 1949 2692 2019 sum),
2717 1957 2778 2004 ut
2809 1946 3154 2003 manifestem
3178 1946 3339 2014 illud,
3360 1957 3523 2019 prout
3543 1956 3763 2020 oportet
3789 1964 3875 2004 me

2273 2039 2446 2111 loqui.
2489 2065 2507 2088 ι
2552 2040 2668 2095 Jam
2703 2039 3071 2112 prudentibus
3102 2039 3430 2111 mysterium
3465 2039 3689 2096 Domini
3717 2039 3870 2098 Chri-

2271 2128 2362 2196 sti,
2416 2138 2469 2185 et
2519 2129 2694 2186 cautis
2743 2130 2824 2202 (1)
2885 2129 2942 2185 in
2999 2128 3276 2185 evitandis
3317 2129 3476 2184 vitiis
3522 2138 3870 2202 peccatorum

2272 2219 2511 2274 orationi
2545 2219 2864 2275 instandum
2910 2219 3174 2287 ostendit,
3232 2227 3294 2275 ut
3341 2218 3557 2275 meritis
3597 2228 3868 2288 crescant,

2269 2308 2656 2366 deﬁcientibus
2693 2309 3091 2367 tentationibus
3120 2309 3442 2365 adversarii.
3483 2310 3631 2377 Quos
3665 2310 3726 2367 in
3759 2318 3869 2366 tau-

2271 2407 2389 2455 tum
2441 2400 2637 2473 dignos
2676 2401 2862 2470 habet,
2895 2408 2955 2456 ut
3006 2399 3222 2471 judicet
3257 2417 3350 2457 eos
3392 2402 3560 2458 etiam
3600 2418 3657 2458 se
3714 2419 3868 2475 posse

2269 2491 2524 2562 precibus
2576 2491 2839 2564 adjuvare
2894 2491 2963 2547 ad
3019 2491 3372 2548 asserendum
3403 2491 3662 2550 audacter
3690 2493 3869 2550 Evan-

2269 2580 2497 2653 gelium,
2545 2582 2614 2638 ad
2658 2581 2805 2657 quod
2846 2579 3313 2637 manifestandum
3346 2582 3673 2654 legationem
3706 2599 3868 2642 acce—

2268 2679 2440 2743 perat.

2342 2759 2524 2831 (Vers.
2585 2760 2639 2829 5,
2681 2759 2761 2831 6.)
2803 2783 2821 2807 ι
2851 2761 2914 2817 In
2945 2763 3215 2834 sapientia
3240 2761 3519 2820 ambulate
3547 2761 3613 2818 ad
3642 2779 3740 2819 eos
3771 2763 3864 2836 qui

2267 2849 2402 2906 foris
2449 2859 2599 2920 sunt,
2637 2859 2854 2924 tempus
2899 2853 3250 2910 redimentes.
3299 2854 3491 2911 Sermo
3521 2862 3701 2910 vester
3730 2869 3867 2910 sem-

2266 2957 2362 3012 per
2413 2940 2471 2996 in
2518 2941 2690 3013 gratia
2719 2942 2828 2998 sale
2859 2943 2931 2999 sit
2961 2943 3239 3011 conditus,
3276 2951 3338 3000 ut
3367 2943 3557 3001 sciatis
3587 2941 3865 3017 quomodo

2267 3038 2516 3101 oporteat
2558 3047 2658 3087 vos
2715 3032 2950 3104 singulis
2992 3033 3339 3107 respondere.
3372 3059 3390 3083 ι
3443 3033 3718 3102 Quoniam
3757 3049 3865 3089 ne-

2265 3134 2411 3174 cesse
2441 3129 2522 3176 est
2552 3121 2832 3177 ambulare
2863 3139 2963 3178 nos
2991 3122 3137 3180 inter
3182 3123 3453 3191 inﬁdeles,
3504 3131 3558 3179 et
3586 3122 3867 3197 colloquia

2264 3208 2494 3265 miscere
2542 3226 2705 3266 causa
2755 3214 3192 3269 conversationis
3237 3212 3565 3269 mundanae:
3623 3212 3734 3270 hoc
3788 3220 3867 3268 εει

2265 3299 2410 3370 quod
2441 3309 2772 3370 commonet,
2823 3310 2884 3357 ut
2925 3320 3051 3360 cum
3083 3304 3351 3376 sapientia
3379 3304 3452 3359 sit
3480 3302 3598 3376 ipsa
3623 3317 3867 3360 conver—

2265 3390 2404 3445 satio
2445 3398 2666 3462 propter
2709 3393 3028 3448 scandalum
3073 3394 3388 3465 gentilium,
3421 3409 3489 3450 ne
3518 3393 3863 3450 occasionem

2266 3501 2362 3556 per
2416 3503 2516 3542 nos
2555 3487 2831 3559 accipiant
2880 3487 3320 3560 blasphemandi,
3366 3496 3420 3543 et
3463 3489 3773 3545 incitentur
3798 3485 3862 3541 ad

2266 3580 2725 3650 persequendum.
2776 3579 2879 3647 Qui
2930 3581 3080 3638 enim
3119 3597 3257 3652 opus
3297 3590 3385 3638 est
3413 3579 3563 3653 loqui
3609 3595 3736 3636 cum
3777 3595 3860 3647 eo,

2267 3679 2427 3737 quem
2459 3669 2600 3725 scias
2630 3669 3057 3739 intractabilem,
3091 3678 3145 3725 et
3173 3670 3460 3727 obstinatas
3501 3668 3726 3735 mentis,
3758 3684 3862 3740 pa—

2266 3765 2446 3813 ratum
2475 3759 2542 3814 ad
2581 3761 2973 3816 contumeliam
3015 3761 3322 3818 faciendam
3346 3761 3374 3817 ?
3416 3761 3544 3817 Ideo
3594 3760 3714 3816 haec
3743 3775 3860 3815 mo-

2267 3857 2380 3914 net,
2407 3857 2470 3904 ut
2501 3858 2806 3922 opportune
2833 3857 2888 3906 et
2916 3851 3037 3907 loco
3062 3859 3118 3909 et
3147 3859 3414 3924 tempore,
3447 3850 3706 3922 magistra
3735 3865 3862 3906 mo-

2267 3935 2462 4006 destia,
2520 3939 2805 4011 religionis
2844 3941 3013 3996 verba
3041 3951 3369 4014 promantur
3393 3960 3406 3998 :
3435 3948 3527 3996 aut
3555 3938 3601 3994 si
3626 3954 3859 4010 persona

2266 4028 2392 4084 talis
2448 4029 2505 4085 in
2553 4030 2734 4086 medio
2788 4038 2887 4098 est,
2941 4047 3061 4104 qua»
3110 4039 3440 4105 perstrepat,
3492 4027 3856 4110 reticendum.

2266 4120 2445 4174 Aliter
2471 4120 2617 4176 enim
2651 4139 2775 4178 cum
2807 4125 3125 4195 potentibus
3155 4124 3371 4192 mundi,
3403 4123 3562 4180 aliter
3588 4111 3716 4177 cum
3737 4131 3859 4174 mo-

2267 4206 2566 4280 diocribus,
2625 4219 2679 4267 et
2733 4212 2895 4268 aliter
2940 4230 3064 4269 cum
3111 4213 3417 4270 humilibus
3457 4208 3730 4284 agendum
3759 4213 3859 4264 est.

2265 4298 2444 4355 Aliter
2467 4299 2668 4357 iterum
2702 4318 2825 4358 cum
2862 4303 3184 4372 mansuetis,
3215 4303 3377 4360 aliter
3401 4317 3527 4359 cum
3556 4296 3858 4364 iracundis,

2266 4388 2467 4460 quibus
2505 4391 2625 4447 cedi
2653 4400 2891 4466 oportet,
2925 4393 3029 4449 hoc
3059 4400 3140 4449 est
3169 4393 3437 4450 redimere
3477 4386 3858 4461 tempus.Cum

2265 4478 2412 4534 enim
2441 4479 2726 4536 insidianti
2753 4481 3060 4552 Dominicis
3088 4482 3273 4539 verbis
3288 4489 3341 4538 et
3370 4478 3576 4537 furenti
3599 4473 3862 4547 temporis

2266 4567 2506 4625 audaciae
2546 4570 2714 4638 cedis,
2748 4569 2980 4641 injurias
3008 4570 3194 4626 infesti
3236 4570 3504 4643 temporis
3532 4566 3674 4623 lucri
3704 4562 3855 4619 facis.

2264 4659 2397 4715 Nam
2430 4660 2476 4716 si
2507 4668 2690 4732 caput,
2722 4659 2777 4715 id
2807 4668 2908 4728 est,
2950 4678 3048 4717 rex
3078 4663 3305 4718 assentit
3342 4658 3582 4732 corpori,
3616 4665 3750 4714 tunc
3779 4660 3859 4709 est

2264 4747 2490 4805 libertas
2521 4748 2781 4820 loquendi
2815 4747 2981 4804 verba
3017 4750 3116 4806 Dei
3146 4767 3273 4808 cum
3320 4746 3767 4810 mansuetudine,
3798 4749 3861 4796 ut

2262 4846 2633 4911 provocentur
2678 4837 2746 4894 ad
2787 4839 3015 4895 bonum.
3054 4840 3530 4914 Perstrepentibus
3575 4845 3766 4894 tamen
3806 4841 3860 4891 et

2261 4928 2523 4984 animosis
2574 4929 2642 4985 ad
2695 4929 2948 4987 convicia
3001 4946 3214 5004 semper
3267 4929 3608 4989 cedendum:
3677 4923 3859 4982 vincis

2260 5018 2430 5088 enim,
2459 5019 2592 5075 dum
2614 5019 2782 5076 cedis.

2335 5117 2516 5190 (Vers.
2550 5119 2599 5187 7,
2631 5119 2686 5186 8,
2715 5118 2795 5190 9.)
2841 5143 2859 5164 ε
2882 5119 3012 5187 Quae
3040 5120 3186 5178 circa
3216 5133 3302 5174 me
3331 5124 3483 5186 sunt,
3516 5115 3706 5172 omnia
3724 5123 3855 5171 nota

2257 5207 2420 5264 faciet
2473 5207 2632 5263 vobis
2677 5206 2950 5279 Tychicus
2979 5208 3212 5266 dilectus
3241 5208 3427 5275 frater,
3459 5213 3513 5263 et
3538 5204 3719 5261 ﬁdelis
3747 5203 3856 5259 mi-

2255 5297 2448 5366 nister,
2487 5304 2540 5353 et
2581 5313 2880 5354 conservus
2899 5297 2958 5354 in
2988 5299 3260 5354 Domino:
3295 5314 3458 5371 quem
3495 5294 3621 5352 misi
3661 5293 3732 5351 ad
3756 5311 3857 5350 vos

2253 5389 2313 5446 in
2341 5387 2448 5446 hoc
2495 5385 2699 5460 ipsum,
2731 5394 2793 5444 ut
2819 5394 3110 5462 cognoscat
3144 5404 3264 5461 quas
3294 5387 3442 5446 circa
3468 5401 3570 5444 vos
3606 5392 3762 5453 sunt,
3798 5389 3852 5438 et

618 5684 723 5753 (1)
759 5687 834 5742 Et
880 5686 1048 5745 cautis
1104 5700 1172 5741 ex
1215 5700 1346 5740 mss.
1393 5684 1628 5755 Remig.,
1665 5684 1835 5740 Laud.
1886 5703 1950 5743 ac
1986 5687 2131 5745 Vall.
2184 5685 2514 5746 restituitur.
