2054 3092
134 188 187 217 465

630 189 808 218 COMMENT.
830 188 867 217 IN
884 189 993 217 EPIST.
1015 190 1025 217 Ι
1046 190 1092 217 AD
1112 189 1277 218 THESSAL.

1728 193 1781 222 466

134 253 290 281 consoletur
303 252 387 280 corda
401 255 502 286 vestra,
523 260 585 281 cum
610 253 740 282 Onesimo
762 253 926 282 charissimo
942 255 966 285 Α
980 254 1027 290 qui
1048 253 1187 281 Laodiceae
1211 258 1275 282 sunt
1295 258 1322 282 et
1341 255 1490 291 Hierapoli.
1505 266 1516 280 ι
1542 256 1577 284 Ut
1594 256 1729 285 sollicitos
1746 265 1779 285 eo

135 302 161 326 et
174 297 248 326 ﬁdeli
263 297 358 330 fratre,
383 297 430 332 qui
447 301 487 326 est
508 304 542 325 ex
566 297 654 331 vobis,
682 298 776 326 omnia
795 307 855 334 quae
883 298 930 326 hic

133 345 206 375 sunt,
220 345 285 369 nota
304 341 388 370 faciet
402 341 490 369 vobis.
514 354 523 366 ›
554 342 596 370 Ad
618 342 670 370 hoc
686 351 715 370 se
737 342 806 370 dicit
833 343 930 370 fratres

135 386 251 421 misisse,
268 390 299 413 ut
324 386 442 414 invicem
465 386 518 414 sibi
540 391 605 414 nota
624 386 730 420 ﬁerent,
745 395 805 422 quae
822 393 930 422 ageren-

133 434 178 459 tur
193 431 228 458 ab
253 430 384 458 invicem.
402 430 534 464 Quamvis
551 431 677 467 superius
695 431 769 459 dicat
788 431 888 467 spiritu
903 439 931 459 se

131 478 294 512 praesentem
309 475 381 511 apud
395 483 453 508 eos,
469 479 496 503 et
509 475 602 504 videre
617 484 677 512 quas
704 480 824 512 agerent,
840 476 931 503 inter—

132 520 240 548 nuntiis
258 525 348 548 tamen
364 529 433 556 opus
447 524 497 548 est.
514 520 666 549 Sollicitior
687 520 760 548 enim
788 521 835 548 ﬂet
858 521 929 556 quis,

133 567 243 603 quando
258 566 334 594 videt
349 567 383 595 ad
398 575 426 594 se
441 567 535 594 venire
550 567 584 594 ad
607 567 833 595 considerandam
859 575 931 595 con—

133 611 317 639 versationem
333 619 410 639 suam
423 620 429 638 :
442 612 504 647 plus
514 611 586 639 enim
599 615 717 645 veretur,
736 611 757 639 si
775 612 932 646 speculetur

133 664 161 684 se
184 656 273 684 videri
298 659 370 687 276
392 665 452 692 quas
474 660 544 693 agat.
569 657 637 684 Nam
662 665 724 684 cum
749 657 822 684 Deus
838 657 931 684 omnia

134 704 234 737 videat,
251 709 278 732 et
292 705 413 733 sciamus
426 704 521 732 omnia
535 704 577 732 illi
594 709 658 732 nota
673 713 742 738 esse,
758 704 824 741 quia
838 708 930 732 tamen

134 756 188 776 non
206 741 333 777 videmus
347 757 397 776 nos
411 748 499 776 videri
521 748 555 776 ab
576 757 618 782 eo,
641 749 779 777 contraria
802 749 929 777 facimus.

169 792 260 829 (Vers.
278 793 321 826 10,
338 793 394 829 11.)
418 805 428 817 ε
441 793 548 821 Salutat
564 801 612 821 vos
630 793 810 821 Aristarchus
839 801 931 821 comes

132 837 299 874 captivitatis
315 846 392 871 meae,
416 842 443 866 et
464 838 573 866 Marcus
595 838 777 866 consobrinus
800 837 932 866 Barnabas

132 883 178 920 (de
192 893 246 921 quo
261 884 407 920 occepistis
422 884 594 918 mandatum,
610 888 641 912 ut
654 884 677 912 si
697 883 805 912 venerit
820 884 854 911 ad
871 892 931 918 vos,

128 928 393 978 excipiatisillum),
409 932 440 977 .et
456 928 543 978 Jesus,
559 928 606 978 qui
621 928 724 978 dicitur
735 929 840 978 llustus
858 938 863 956 :
882 928 930 977 qui
944 937 967 967 Β
986 928 1095 971 viden},
1110 928 1205 978 fame,

127 977 196 1000 sunt
211 981 246 1000 ex
257 972 479 1001 circumcisione.
497 973 532 1001 Hi
547 973 599 1001 soli
623 977 688 1001 sunt
711 973 851 1009 adjutores
877 972 930 1000 mei

128 1018 161 1046 in
176 1027 260 1054 regno
273 1019 334 1053 Dei,
350 1019 397 1056 qui
416 1019 484 1047 mihi
500 1019 599 1047 solatio
613 1020 735 1048 fuerunt.
753 1033 762 1044 ι
787 1020 839 1048 Hic
862 1019 931 1047 Ari-

127 1063 258 1091 starchus
287 1063 365 1091 bona;
393 1063 612 1092 conversationis
635 1072 667 1092 ac
689 1064 781 1092 meriti
810 1064 930 1099 videtur,

126 1107 177 1145 qui
190 1107 338 1136 devotione
352 1107 498 1135 Dominica
522 1108 658 1144 particeps
681 1113 707 1136 et
732 1108 822 1137 socius
850 1109 931 1136 labo—

127 1160 189 1180 rum
205 1151 330 1188 Apostoli
346 1152 516 1188 designatur.
542 1153 663 1180 Marcum
687 1158 777 1181 autem
801 1158 829 1181 nt
848 1163 930 1181 com-

127 1196 248 1230 mendet,
264 1196 332 1233 quid
346 1197 392 1231 sit,
408 1204 464 1224 non
477 1202 557 1231 tacet,
575 1201 605 1225 ut
620 1206 680 1225 cum
704 1198 851 1225 laudabilis
877 1199 929 1226 viri

126 1243 259 1272 Barnabas
286 1243 376 1272 aﬂinis
405 1243 569 1277 addiscitur,
586 1243 757 1272 honorabilis
785 1245 927 1272 habeatur.

127 1287 215 1317 Addit
236 1292 263 1316 et
283 1288 387 1322 Iesum,
413 1296 492 1325 quem
519 1289 629 1316 Justum
651 1289 762 1316 nomine
778 1290 867 1316 vocari
885 1298 929 1325 ap-

127 1333 222 1370 pellat.
238 1333 345 1367 Quibus
357 1333 424 1361 solis
439 1334 629 1361 testimonium
657 1334 793 1370 perhibet,
820 1334 884 1371 quia
901 1334 928 1361 hi

127 1386 164 1406 ex
190 1378 402 1407 circumcisione
424 1378 561 1414 adjutorio
577 1378 687 1406 fuerunt
700 1380 733 1412 ei,
751 1380 930 1406 assentientes

127 1427 156 1452 et
169 1423 317 1460 participes
331 1423 473 1452 sententias
490 1424 557 1459 ejus,
575 1424 670 1459 utjam
687 1424 850 1451 circumcidi
863 1424 929 1450 ulte-

127 1468 187 1496 rius
201 1476 256 1496 non
271 1469 370 1497 debere
390 1469 581 1505 praedicarent,
607 1468 669 1495 ideo
693 1468 839 1502 participes
868 1467 930 1493 illos

127 1512 197 1541 dicit
223 1522 287 1541 suos
315 1513 344 1541 in
374 1521 457 1549 regno
482 1512 542 1540 Dei.
560 1511 822 1540 Circumcidendum
838 1515 929 1538 autem

127 1565 196 1592 esse,
210 1562 237 1585 et
251 1557 369 1586 Sabbata
383 1561 410 1585 et
423 1556 581 1585 neomenias
598 1555 746 1583 servandas
770 1555 928 1592 praedicare,

126 1611 184 1631 non
198 1603 323 1638 spiritale
338 1606 389 1635 est,
402 1601 449 1629 sed
462 1605 613 1629 terrenum.

164 1647 256 1683 (Vers.
275 1646 331 1681 12.)
354 1657 363 1668 ι
378 1645 482 1673 Salutat
504 1654 553 1674 vos
578 1644 730 1682 Epaphras,
755 1645 803 1681 qui
829 1649 870 1674 est
894 1654 928 1674 ex

125 1693 217 1725 vobis,
233 1699 330 1719 servus
344 1691 457 1720 Christi.
475 1704 483 1715 ι
515 1691 674 1720 Chariorem
700 1691 757 1719 illis
782 1692 849 1720 facit
872 1692 926 1729 epi-

126 1737 236 1770 stolam,
260 1736 370 1774 quando
393 1736 417 1765 ei
433 1737 479 1773 qui
503 1745 537 1764 ex
560 1736 628 1772 ipsis
662 1740 711 1770 est,
738 1736 926 1764 testimonium

124 1780 226 1809 reddit.
254 1793 262 1804 ι
278 1781 389 1817 Semper
404 1781 541 1809 sollicitus
555 1789 605 1817 pro
630 1781 710 1809 vobis
735 1781 764 1808 in
786 1781 928 1809 orationi—

122 1825 186 1860 bus,
202 1829 234 1853 ut
244 1826 320 1853 stetis
337 1826 461 1862 perfecti,
486 1829 512 1853 et
531 1825 641 1853 abunde
666 1825 768 1861 expleti
794 1825 822 1853 in
850 1825 927 1853 omni

123 1870 266 1899 voluntate
289 1870 349 1899 Dei.
370 1884 379 1895 -
412 1871 478 1899 Tam
503 1870 635 1899 salutaria
658 1878 686 1898 se
710 1869 768 1898 illis
796 1875 926 1907 exoptare

123 1919 249 1949 testatur,
263 1919 294 1943 ut
309 1916 387 1943 illum
405 1915 452 1951 qui
476 1915 547 1943 civis
570 1914 682 1942 illorum
706 1919 758 1948 est,
775 1919 802 1942 et
826 1915 926 1943 affectu

123 1960 316 1988 unanimitatis
336 1960 526 1994 charissimus,
547 1960 709 1996 participem
725 1968 780 1988 suae
795 1959 927 1988 devotio-

123 2005 167 2033 nis
183 2005 225 2041 (2)
241 2005 270 2033 in
287 2005 440 2041 profectum
457 2013 552 2032 eorum
573 2004 709 2032 ostendat.

160 2049 254 2085 (Vers.
281 2049 338 2083 13.)
371 2061 380 2072 ι
405 2049 605 2077 Testimonium
629 2049 703 2077 enim
727 2048 846 2077 adhibeo
872 2048 925 2087 illi,

124 2093 190 2130 quia
205 2093 287 2122 habet
301 2094 421 2122 multum
447 2093 570 2122 laborem
595 2102 644 2130 pro
668 2093 758 2128 vobis,
773 2098 800 2122 et
824 2102 872 2130 pro
892 2094 926 2122 iis

159 2174 203 2210 (2)
224 2174 316 2203 Codex
329 2174 430 2209 Laud.,
443 2169 599 2211 participem
613 2183 667 2203 sum
680 2174 847 2210 defensionis.

983 299 1080 326 salutis
1094 307 1150 326 suae
1161 298 1252 333 faciat,
1268 299 1386 327 aliorum
1399 300 1545 336 vigilantia
1561 305 1663 337 quanta
1678 301 1714 330 sit
1729 309 1779 337 pro

985 343 1039 377 his,
1067 343 1214 371 ostendit:
1237 343 1387 371 sollicitior
1416 344 1488 372 enim
1517 344 1578 381 quis
1607 345 1638 373 ﬁt
1663 346 1778 382 pudore,

985 388 1094 425 quando
1111 388 1138 415 in
1152 396 1232 416 causa
1245 396 1294 415 sua
1308 389 1424 416 alterum
1442 389 1544 417 viderit
1558 389 1690 418 laborare.

1023 442 1112 475 (Vers.
1132 442 1187 477 14.)
1211 455 1219 465 ι
1235 442 1340 470 Salutat
1357 451 1406 469 vos
1421 442 1507 470 Lucas
1529 443 1650 471 medicus
1671 443 1781 472 charis-

985 486 1081 519 simus,
1097 490 1124 514 et
1139 487 1244 514 Demas.
1262 499 1271 510 ι
1294 487 1364 515 Vere
1378 486 1555 514 charissimus
1579 488 1709 523 Apostolo
1729 488 1782 516 fuit

986 531 1082 565 Lucas,
1098 532 1162 567 quia
1177 531 1270 559 omnia
1296 532 1473 567 postponens,
1490 532 1652 568 Apostolum
1677 541 1783 569 semper

985 579 1094 604 secutus
1108 580 1148 603 est
1166 585 1171 604 :
1191 577 1238 612 qui
1253 580 1280 604 et
1295 577 1476 613 Evangelium
1502 581 1529 605 et
1553 578 1638 605 Actus
1668 581 1783 613 aposto—

987 621 1075 648 lorum
1091 620 1231 657 scripsisse
1248 621 1416 657 perhibetur.

1023 675 1113 711 (Vers.
1140 676 1196 709 15.)
1236 688 1244 698 -
1268 675 1388 704 Salutate
1412 683 1457 703 eos
1486 676 1532 712 qui
1557 680 1621 704 sunt
1643 675 1784 704 Laodicea

985 719 1094 753 fratres,
1111 724 1137 747 et
1159 719 1325 755 Nympham,
1351 724 1377 747 et
1405 720 1582 748 domesticam
1608 720 1666 756 ejus
1691 720 1783 749 Eccle-

986 763 1065 791 siam.
1082 776 1090 786 -
1113 763 1247 796 Quoniam
1263 764 1349 792 simili
1366 764 1447 792 modo
1460 768 1487 792 et
1510 773 1559 800 pro
1581 764 1615 792 iis
1638 765 1686 801 qui
1709 765 1784 793 Lao-

986 808 1070 836 diceae
1087 813 1160 841 sunt,
1184 808 1320 836 sollicitus
1337 813 1404 843 erat,
1430 810 1459 836 in
1475 817 1570 837 eorum
1596 809 1712 845 epistola
1733 809 1784 838 hos

987 853 1144 881 salutandos
1159 858 1325 888 commonet,
1341 854 1497 890 Nympham
1513 854 1664 882 chariorem
1683 853 1785 882 existi-

988 906 1074 932 mans,
1091 898 1169 935 cujus
1193 902 1220 926 et
1243 898 1356 926 domum
1379 899 1481 927 salutat
1497 908 1503 926 :
1521 903 1576 927 tam
1596 899 1671 927 enim
1685 899 1786 927 devota

1220 947 1251 971 ut
1270 942 1359 972 omnis
1374 943 1472 971 domus
1487 942 1546 980 ejus
1571 943 1650 979 signo
1675 943 1786 971 titulata

986 1001 1056 1026 esset
1070 998 1171 1026 crucis.

1024 1043 1115 1078 (Vers.
1134 1042 1190 1078 16.)
1215 1054 1224 1065 ι
1238 1042 1351 1070 Etcum
1367 1043 1438 1070 lecta
1452 1042 1536 1071 fuerit
1549 1042 1622 1079 apud
1646 1050 1695 1071 vos
1724 1042 1784 1072 haec

986 1088 1111 1124 epistola,
1132 1086 1213 1115 facite
1228 1090 1259 1114 ut
1270 1087 1337 1115 etin
1364 1087 1573 1115 Laodicensium
1597 1087 1721 1117 Ecclesia
1741 1087 1786 1116 le-

986 1137 1073 1169 gatur,
1089 1136 1116 1160 et
1132 1141 1180 1160 vos
1196 1136 1226 1160 ut
1241 1140 1299 1159 eam
1317 1140 1377 1169 quae
1392 1137 1431 1161 est
1456 1132 1676 1166 Laodicensium,
1707 1132 1785 1168 lega-

985 1177 1030 1205 tis.
1047 1190 1056 1201 ι
1079 1177 1149 1211 Quia
1173 1177 1310 1213 generales
1334 1181 1399 1205 sunt
1425 1176 1623 1205 instructiones
1645 1177 1783 1213 Apostoli,

984 1226 1010 1250 et
1025 1222 1059 1251 ad
1076 1221 1202 1249 omnium
1226 1222 1379 1258 profectum
1395 1222 1579 1250 Ecclesiarum
1597 1221 1705 1258 scriptae
1728 1221 1784 1257 epi-

984 1267 1071 1299 stola,
1090 1266 1194 1294 idcirco
1209 1266 1291 1294 etiam
1308 1266 1522 1295 Laodicensibus
1547 1266 1691 1301 epistolam
1714 1265 1786 1294 hanc

986 1310 1039 1346 legi
1055 1311 1190 1346 pracipit,
1206 1314 1236 1338 ut
1251 1319 1299 1346 per
1312 1310 1384 1338 hanc
1397 1310 1464 1346 quid
1478 1310 1614 1345 agendum
1635 1309 1689 1337 sibi
1703 1313 1785 1344 esset,

984 1355 1180 1388 addiscerent;
1212 1359 1238 1382 et
1266 1355 1441 1383 Colossenses
1468 1358 1499 1382 ut
1529 1362 1625 1382 eorum
1653 1354 1784 1389 legerent,

981 1397 1062 1434 juxta
1075 1407 1185 1426 sensum
1201 1398 1401 1435 supradictum.

1022 1458 1113 1494 (Vers.
1130 1458 1186 1493 17.)
1210 1469 1219 1481 ι
1233 1458 1268 1485 Et
1283 1457 1368 1486 dicite
1383 1456 1522 1494 Archippo
1538 1466 1544 1485 :
1563 1456 1633 1485 Vide
1656 1455 1787 1485 ministe—

985 1503 1057 1531 rium
1074 1503 1146 1539 quod
1162 1503 1306 1539 suscepisti
1321 1503 1350 1530 in
1365 1502 1494 1536 Domino,
1511 1506 1542 1529 ut
1554 1501 1625 1530 illud
1640 1501 1780 1537 impleas»

983 1547 1162 1583 Praspositum
1186 1548 1298 1575 illorum
1324 1555 1371 1583 per
1393 1555 1439 1575 eos
1464 1547 1537 1583 ipsos
1560 1551 1726 1580 commonet,
1753 1550 1785 1574 ut

983 1591 1019 1619 sit
1031 1591 1168 1619 sollicitus
1181 1592 1215 1619 de
1231 1592 1319 1619 salute
1338 1591 1460 1627 ipsorum
1478 1600 1485 1624 ;
1506 1595 1532 1619 et
1551 1591 1616 1627 quia
1631 1590 1719 1626 plebis
1734 1599 1784 1618 so—

984 1636 1038 1663 lius
1053 1643 1134 1663 causa
1152 1636 1267 1671 epistola
1281 1635 1422 1669 scribitur,
1442 1635 1504 1663 ideo
1519 1643 1575 1663 non
1599 1635 1633 1663 ad
1648 1639 1782 1663 rectorem

983 1681 1105 1716 ipsorum
1117 1680 1251 1708 destinata
1265 1685 1317 1714 est,
1332 1680 1380 1707 sed
1398 1680 1433 1707 ad
1448 1680 1611 1708 Ecclesiam.
1628 1680 1692 1707 Post
1707 1679 1783 1707 enim

981 1725 1149 1761 Epaphram,
1167 1725 1214 1761 qui
1229 1725 1292 1753 illos
1307 1724 1419 1757 imbuit,
1435 1724 1481 1752 hic
1506 1724 1610 1760 accepit
1636 1723 1782 1760 regendam

982 1778 1077 1798 eorum
1093 1769 1255 1798 Ecclesiam.

1019 1825 1110 1860 (Vers.
1137 1825 1193 1859 18.)
1226 1835 1235 1847 ι
1257 1824 1318 1860 Ipsa
1341 1823 1469 1851 salutatio
1493 1831 1553 1851 mea
1581 1831 1665 1852 manu
1691 1824 1782 1853 Pauli.

981 1870 1114 1898 Memores
1124 1873 1209 1897 estote
1221 1868 1396 1897 vinculorum
1412 1876 1546 1896 meorum.
1558 1868 1653 1896 Gratia
1666 1868 1782 1898 Domini

981 1914 1068 1942 nostri
1084 1914 1147 1942 Jesu
1162 1913 1265 1942 Christi
1288 1913 1441 1942 vobiscum.
1459 1926 1467 1937 -
1490 1913 1524 1941 Ut
1547 1913 1692 1941 conﬁrmet
1716 1913 1780 1949 epi-

981 1959 1078 1986 stolam
1095 1967 1179 1986 manu
1193 1967 1242 1986 sua
1266 1958 1447 1994 subscriptam
1471 1957 1550 1990 dicit,
1579 1966 1735 1985 memorans
1749 1961 1782 1985 ut.

981 2004 1009 2031 in
1026 2008 1117 2031 mente
1132 2003 1250 2031 habeant
1265 2004 1356 2031 exitus
1374 2002 1443 2039 ejus,
1459 2011 1527 2038 quos
1552 2001 1708 2037 patiebatur
1730 2008 1780 2036 pro

981 2048 1068 2076 salute
1080 2048 1213 2084 gentium,
1230 2052 1257 2076 et
1270 2048 1339 2076 tales
1352 2056 1381 2075 se
1392 2047 1555 2083 praeberent,
1570 2049 1601 2073 ut
1618 2051 1675 2072 non
1694 2044 1780 2072 ferret

981 2100 1050 2129 agre
1068 2092 1124 2129 pati
1137 2101 1186 2129 pro
1202 2092 1245 2121 his
1260 2092 1386 2128 injurias.

170 2355 231 2398 IN
266 2356 443 2400 EPIST.
482 2358 531 2401 B.
570 2356 736 2400 PAULI
769 2357 844 2400 AD
880 2355 1444 2399 THESSALONICENSES
1479 2355 1718 2398 PRIMAM.

430 2509 622 2539 PROLOGUS.

157 2556 195 2584 Ut
219 2555 330 2590 borum,
355 2554 383 2583 id
406 2558 456 2589 est,
482 2554 767 2584 Thessalonicensium
795 2558 922 2594 exemplo

124 2600 193 2629 alios
208 2600 371 2628 exbortetur
384 2599 418 2628 ad
443 2599 507 2627 ﬁdei
531 2600 709 2635 incrementa,
727 2601 794 2630 istos
819 2602 921 2637 laudat,

125 2652 154 2673 eo
168 2645 245 2682 quod
260 2646 288 2673 in
315 2649 426 2682 accepta
449 2645 535 2681 gratia
554 2650 753 2681 permanentes,
777 2646 811 2674 ad
834 2648 923 2683 profe-

126 2693 199 2718 ctum
215 2690 322 2727 praemii
337 2690 410 2718 aucti
425 2694 499 2725 sunt,
523 2690 637 2719 meliora
658 2691 785 2719 sectando
803 2700 808 2719 :
832 2692 923 2720 horta-

126 2737 168 2763 tur
184 2743 249 2763 vero
264 2739 295 2763 ut
307 2735 341 2763 ad
359 2734 509 2771 perfectum
531 2735 683 2768 tenderent,
699 2740 729 2763 ut
743 2744 837 2764 eorum
860 2737 923 2764 vir—

128 2780 231 2808 tutibus
244 2780 359 2817 quaesita
374 2779 494 2816 dignitas
513 2784 625 2809 caeteros
640 2785 811 2816 provocarat.
829 2782 921 2810 Tanta:

128 2824 198 2852 enim
213 2824 277 2853 ﬁdei
290 2824 457 2852 imbiberant
471 2825 612 2860 spiritum,
628 2828 659 2852 ut
682 2833 730 2861 spe
752 2825 921 2861 futurorum,

129 2868 205 2898 etiam
237 2868 341 2898 civium
369 2877 481 2899 suorum
512 2870 691 2899 Macedonum
721 2870 923 2906 persecutiones

940 2515 964 2544 D
979 2511 1069 2539 illatas
1083 2519 1132 2548 pro
1142 2510 1254 2538 nomine
1266 2509 1369 2539 Christi
1383 2509 1483 2538 devoto
1498 2510 1590 2538 animo
1605 2513 1774 2546 paterentur.

977 2555 1012 2583 Ut
1025 2555 1125 2583 horum
1152 2563 1216 2591 ergo
1244 2555 1384 2588 meritum,
1400 2557 1427 2582 et
1454 2562 1529 2582 suam
1546 2563 1579 2581 ex
1595 2562 1690 2582 eorum
1706 2561 1775 2589 pro-

977 2599 1050 2628 fectu
1068 2599 1191 2627 laetitiam
1209 2599 1308 2628 litteris
1322 2600 1420 2635 signet,
1438 2599 1476 2627 ita
1490 2599 1586 2627 scribit
1602 2598 1636 2626 ad
1650 2606 1696 2626 eos
1713 2606 1718 2625 :

1236 2670 1349 2699 CAPUT
1369 2670 1515 2699 PRIMUM.

1013 2733 1103 2768 (Vers.
1131 2734 1169 2769 1.)
1200 2746 1208 2756 -
1236 2734 1347 2768 Paulus,
1374 2737 1401 2761 et
1420 2732 1559 2765 Silvanus,
1575 2735 1601 2758 et
1614 2728 1775 2757 Timotheus

977 2778 1106 2807 Ecclesiae
1121 2778 1407 2807 Thessalonicensium
1431 2777 1460 2804 in
1485 2778 1540 2804 Deo
1561 2776 1640 2802 Patre
1668 2778 1775 2809 nostro,

976 2823 1046 2850 etin
1061 2824 1179 2852 Domino
1204 2824 1267 2851 Jesu
1296 2823 1416 2855 Christo,
1442 2823 1514 2851 277
1539 2818 1625 2854 gratia
1650 2818 1731 2847 vobis
1750 2823 1777 2848 et

978 2879 1041 2907 pax.
1059 2884 1068 2896 ι
1090 2872 1185 2900 Trium
1200 2871 1311 2907 quidem
1327 2870 1516 2905 episcoporum
1543 2866 1657 2896 nomina
1678 2868 1776 2898 litterae
