4070 6186
522 349 629 407 467

1519 347 1616 404 AD
1649 347 1882 404 OPERA
1921 345 1976 402 S.
2019 343 2353 403 AMBROSII
2388 344 2770 402 APPENDIX.
2865 408 2868 410 γ

3714 344 3823 410 ιω

523 473 812 533 continent
840 472 947 544 (3),
978 470 1292 532 sedmaensus
1326 478 1382 530 et
1428 471 1594 528 verba
1638 472 1810 528 solius
1857 472 2107 545 Apostoli
2143 473 2192 532 A
2223 473 2411 545 Itaque
2439 488 2634 545 magna
2658 470 2974 529 exhortatio
2999 478 3082 530 est
3114 472 3184 530 ad
3213 473 3548 546 profectum,
3576 491 3705 534 cum
3741 479 3832 535 si-

525 573 672 623 sunt.
729 563 871 632 Quia
923 561 1071 619 enim
1124 562 1406 620 communi
1473 563 1673 635 gaudio
1724 565 2005 620 exsultant
2061 564 2118 620 in

527 655 778 729 profectu
809 653 1057 721 illorum,
1089 669 1159 709 ex
1187 668 1459 709 consensu
1505 653 1573 708 ad
1627 651 1841 725 plebem
1889 653 2123 725 epistola

525 744 788 802 scribitur
827 743 886 799 in
912 743 1244 800 exaltatione
1272 741 1372 798 Dei
1419 741 1617 810 Patris,
1648 751 1702 799 et
1731 741 1955 799 Domini
1993 742 2122 799 Iesu

525 840 734 899 Christi
768 857 954 915 pacem
984 848 1037 896 et
1066 838 1294 911 gratiam
1326 837 1414 892 his
1443 845 1728 908 exoptans.

601 943 784 1014 (Vers.
818 942 872 1008 2,
905 941 986 1011 3.)
1032 963 1048 985 ι
1086 938 1300 995 Gratias
1346 936 1560 1009 agimus
1609 938 1723 992 Deo
1783 950 1997 1006 semper
2024 950 2122 1006 pro

525 1030 785 1089 omnibus
814 1028 992 1098 vobis,
1024 1028 1344 1084 memoriam
1376 1026 1545 1083 vestri
1577 1025 1839 1082 facientes
1884 1024 1942 1080 in
1990 1040 2123 1082 ora-

525 1116 776 1173 tionibus
805 1116 1033 1184 nostris,
1063 1115 1182 1171 sine
1221 1113 1652 1182 intermissione,
1683 1128 1954 1168 memores
1983 1127 2125 1184 ope-

524 1206 601 1262 ris
630 1205 758 1262 ﬁdei
789 1212 983 1260 vestra:
1012 1214 1066 1260 et
1090 1203 1338 1260 laborum
1387 1203 1690 1264 charitatis,
1739 1209 1794 1258 et
1834 1210 2127 1273 exspecta-

525 1294 695 1352 tionis
745 1293 969 1350 Domini
1014 1294 1190 1349 nostri
1238 1295 1394 1351 Jesus
1448 1293 1677 1360 Christi,
1710 1309 1894 1348 coram
1923 1292 2038 1347 Deo
2073 1296 2127 1346 et

525 1386 684 1442 Patre
712 1391 921 1440 nostro.
950 1408 969 1431 ι
1014 1381 1286 1450 Quoniam
1319 1383 1509 1439 omnia
1536 1382 1681 1438 bona
1730 1398 1762 1436 a
1819 1383 1928 1437 Deo
1975 1388 2124 1450 sunt,

527 1473 736 1532 idcirco
760 1475 812 1529 ei
843 1475 1081 1546 primum
1115 1472 1315 1544 gratias
1344 1472 1590 1527 referunt
1621 1471 1679 1526 in
1710 1470 1961 1542 profectu
1991 1469 2130 1525 illo-

526 1581 672 1632 rum,
705 1563 799 1636 qui
832 1561 1087 1636 dignatus
1116 1569 1198 1618 est
1227 1578 1341 1618 non
1361 1563 1539 1618 solum
1566 1561 1774 1617 donum
1805 1575 1968 1616 suum
1998 1558 2128 1614 dare

527 1653 849 1712 hominibus
877 1653 978 1709 sub
1008 1659 1228 1725 peccato
1257 1650 1593 1718 constitutis,
1625 1649 1719 1705 sed
1748 1649 1807 1706 in
1845 1648 1990 1705 ﬁlios
2028 1647 2129 1703 hos

527 1744 809 1816 adoptare,
844 1741 1010 1797 simul
1032 1740 1299 1812 adjuvans
1329 1756 1422 1796 eos
1453 1740 1523 1796 ad
1557 1738 1744 1794 omnia
1775 1738 1952 1795 exitia
1975 1738 2130 1794 tole-

2227 563 2386 619 miles
2417 563 2543 620 illos
2571 562 2743 621 factos
2771 563 2909 620 dicit
2935 571 2989 619 et
3021 562 3230 621 Christi
3261 571 3316 619 et
3349 566 3728 636 apostolorum
3759 568 3830 626 ad

2229 653 2458 708 formam
2495 653 2840 725 praebendam
2872 653 3084 710 caeteris
3114 652 3478 711 credentibus
3507 655 3622 714 illis
3650 659 3709 714 in
3739 660 3834 715 lo-

2229 743 2310 800 cis
2339 744 2543 817 quibus
2573 745 2719 800 fama
2752 745 2978 801 illorum
3012 745 3359 802 ambulabat.

2306 834 2487 906 (Vers.
2517 834 2599 906 8.)
2646 860 2664 882 ι
2695 835 2743 890 Α
2790 835 2948 892 vobis
2969 835 3116 891 enim
3166 834 3480 894 diﬁ'amatns
3527 844 3609 893 est
3650 854 3836 899 sermo

2231 924 2456 981 Domini
2487 939 2597 981 non
2625 925 2804 980 solum
2835 923 2892 979 in
2922 923 3246 981 Macedonia
3269 933 3325 981 et
3355 925 3414 981 in
3470 927 3707 995 Achaia,
3737 929 3835 988 sed

2232 1023 2286 1072 et
2312 1014 2369 1070 in
2399 1030 2619 1070 omnem
2654 1015 2837 1072 locum
2867 1014 3006 1070 ﬁdes
3038 1021 3243 1083 vestra,
3274 1031 3396 1088 quae
3428 1024 3510 1072 est
3538 1019 3606 1074 ad
3635 1020 3831 1088 Deum,

2231 1105 2516 1178 processit.
2548 1130 2566 1153 ι
2605 1105 2735 1160 Tale
2763 1113 2846 1160 est
2870 1105 2994 1172 hoc,
3027 1105 3187 1178 quale
3216 1113 3271 1162 et
3320 1105 3460 1162 illud
3515 1109 3584 1165 ad
3625 1109 3838 1168 Roma-

2231 1215 2354 1268 nos,
2381 1215 2507 1254 cum
2533 1197 2670 1254 dicit
2707 1216 2719 1254 :
2767 1220 2786 1244 σ
2819 1197 2960 1264 Quia
3003 1196 3144 1252 ﬁdes
3190 1204 3376 1253 vestra
3419 1199 3751 1270 praedicatur
3778 1200 3836 1258 in

2233 1292 2494 1347 universo
2533 1288 2743 1345 mundo
2773 1289 2952 1358 (Rom.
2987 1306 3028 1357 ι,
3057 1288 3138 1359 8).
3171 1313 3190 1337 ι
3233 1288 3337 1345 Sed
3369 1289 3428 1346 in
3460 1289 3550 1347 his
3573 1293 3834 1365 amplius,

2234 1380 2363 1454 quia
2393 1396 2504 1435 non
2533 1379 2708 1436 solum
2741 1377 2896 1445 ﬁdes,
2923 1375 3020 1434 sed
3065 1393 3203 1450 opus
3244 1377 3376 1434 ﬁdei
3425 1379 3648 1438 illorum
3703 1397 3839 1454 per-

2234 1469 2389 1526 venit
2418 1469 2476 1524 in
2497 1484 2716 1524 omnem
2748 1469 2951 1525 locum.

2309 1559 2491 1630 (Vers.
2523 1558 2584 1625 9,
2618 1556 2732 1628 10.)
2800 1581 2820 1605 ι
2869 1559 2947 1614 lta
2999 1564 3062 1613 ut
3113 1573 3225 1614 non
3273 1573 3491 1615 necesse
3539 1557 3840 1618 habeamus

2235 1664 2336 1705 nos
2364 1647 2583 1720 aliquid
2615 1647 2823 1720 eloqui.
2855 1647 2962 1719 Ipsi
2997 1647 3146 1702 enim
3177 1647 3244 1704 de
3273 1648 3436 1704 nobis
3478 1649 3838 1707 annuntiant.

2236 1739 2451 1811 qualem
2486 1735 2782 1792 introitum
2815 1736 3174 1793 habuerimus
3197 1737 3266 1793 ad
3297 1755 3395 1795 vos
3427 1757 3440 1794 :
3483 1747 3537 1794 et
3563 1740 3840 1812 quomodo

528 1834 718 1901 randa,
752 1841 814 1888 ut
862 1831 1144 1904 digniores
1190 1830 1343 1885 ﬁant.
1389 1829 1757 1898 Quamobrem
1811 1828 2125 1884 meminisse
2155 1837 2201 1898 B
2240 1828 2493 1886 conversi
2549 1829 2682 1884 estis
2724 1827 2792 1884 ad
2843 1831 3016 1885 Deum
3073 1829 3142 1885 ab
3172 1828 3360 1895 idolis,
3389 1830 3458 1886 ad
3487 1829 3837 1888 serviendum

528 1925 725 1980 horum
760 1922 954 1978 dicunt
982 1937 1038 1976 se
1079 1921 1135 1975 in
1165 1919 1508 1975 orationibus
1555 1919 1688 1985 suis,
1726 1935 1790 1973 eo
1821 1917 1966 1992 quod
1997 1934 2126 1974 cre-

528 2012 842 2068 brescerent
872 2010 928 2065 in
965 2026 1126 2082 opere
1156 2009 1284 2065 ﬁdei
1313 2009 1524 2065 caeteris
1552 2009 1816 2064 Ecclesiis
1855 2026 1866 2063 :
1905 2017 1968 2064 ut
1989 2016 2129 2073 nutu

528 2102 629 2157 Dei
677 2100 1003 2174 perﬁcerent
1049 2116 1189 2172 opus
1235 2108 1499 2171 ereptum,
1544 2100 1785 2172 prompti
1825 2097 1881 2154 in
1945 2099 2130 2154 studio

529 2190 837 2258 charitatis,
869 2197 922 2245 et
948 2189 1247 2261 patientiae,
1276 2198 1327 2244 et
1349 2190 1462 2262 spei
1492 2189 1765 2245 adventus
1787 2189 1868 2261 (4)
1889 2187 2128 2264 Domini

530 2289 658 2336 ante
685 2283 883 2349 Deum,
914 2280 1006 2352 qui
1034 2279 1288 2352 dignatus
1317 2285 1398 2333 est
1427 2278 1629 2333 Filium
1653 2295 1814 2335 suum
1843 2279 2130 2336 incarnare

531 2387 632 2442 pro
664 2370 838 2426 salute
869 2367 1129 2424 humana.
1163 2367 1434 2424 Placitum
1464 2366 1612 2424 enim
1628 2367 1728 2424 Dei
1757 2375 1858 2436 est,
1891 2367 1937 2424 si
1967 2365 2130 2440 proﬁ-

531 2459 708 2517 ciatur
738 2459 795 2514 in
827 2458 1067 2515 Christo.

605 2558 787 2629 (Vers.
820 2556 873 2624 4,
926 2557 1008 2628 5.)
1057 2581 1074 2603 ι
1103 2556 1370 2624 Scientes,
1415 2556 1613 2612 fratres
1667 2556 1856 2614 dilecti
1907 2573 1939 2613 a
1992 2559 2128 2628 Deo,

531 2647 856 2703 electionem
886 2653 1146 2713 vestram,
1181 2644 1310 2719 quia
1339 2645 1700 2718 Evangelium
1733 2655 1985 2703 nostrum
2019 2665 2131 2706 non

535 2736 644 2792 fuit
669 2736 736 2791 ad
768 2752 866 2791 vos
897 2735 956 2790 in
987 2734 1156 2789 verbo
1186 2735 1387 2802 solum,
1420 2733 1513 2790 sed
1544 2743 1598 2792 et
1627 2735 1683 2790 in
1715 2736 1943 2804 virtute,
1977 2746 2030 2794 et
2075 2738 2132 2794 in

535 2823 746 2896 Spiritu
777 2830 985 2890 sancto,
1013 2830 1067 2878 et
1094 2823 1152 2877 in
1183 2822 1530 2895 plenitudine
1577 2825 1770 2893 multa,
1806 2825 1952 2882 sicut
1979 2825 2133 2883 scitis

472 2919 487 2930 '
533 2913 723 2986 quales
763 2911 1034 2968 fuerimus
1073 2912 1131 2966 in
1188 2912 1346 2967 vobis
1393 2913 1563 2969 vestri
1607 2931 1788 2970 causa.
1823 2939 1841 2960 ι
1887 2915 2136 2973 Humiles

536 3021 593 3059 se
623 3003 793 3058 fuisse
824 3003 970 3057 inter
998 3019 1091 3058 eos
1145 3003 1477 3074 signiﬁcant,
1513 3012 1573 3059 ut
1621 3005 1730 3059 illis
1777 3005 2008 3062 formam
2041 3007 2132 3063 da-

535 3100 657 3149 rent
704 3089 1161 3159 mansuetudinis,
1210 3108 1317 3147 non
1364 3092 1511 3165 quod
1558 3093 1857 3164 defuerint,
1913 3112 2034 3168 quae
2065 3095 2134 3152 ad

2237 1925 2352 1979 Deo
2381 1921 2511 1976 vivo
2535 1927 2590 1977 et
2619 1934 2772 1988 vero,
2799 1926 2854 1975 et
2879 1918 2948 1974 ad
2977 1917 3413 1990 exspectandum
3471 1919 3679 1976 Filium
3719 1918 3840 1992 ejus

2238 2012 2307 2068 de
2363 2011 2538 2078 caelis,
2567 2026 2731 2082 quem
2789 2007 3080 2064 suscitavit
3130 2025 3163 2064 a
3207 2012 3453 2068 mortuis
3507 2011 3714 2078 Iesum,
3744 2011 3840 2084 qui

2239 2100 2446 2174 eripuit
2499 2116 2600 2156 nos
2655 2099 2723 2155 ab
2776 2098 2858 2154 ira
2902 2098 3178 2155 veniente.
3213 2123 3232 2148 ι
3273 2098 3363 2156 Sic
3419 2116 3732 2173 peragrasse
3759 2099 3840 2156 di-

2239 2199 2375 2249 cunt
2402 2191 2603 2247 famam
2653 2189 2916 2245 introitus
2960 2189 3044 2244 sui
3094 2195 3148 2244 et
3175 2189 3618 2247 conversationis
3648 2206 3837 2247 eorum

2239 2298 2365 2338 cum
2395 2278 2785 2352 praedicatione
2814 2277 3128 2349 Evangelii,
3161 2285 3225 2333 ut
3280 2294 3392 2334 non
3438 2287 3579 2337 esset
3623 2295 3841 2336 necesse

2239 2388 2303 2428 ea
2330 2371 2513 2428 dicere
2546 2387 2559 2426 :
2593 2367 2932 2441 superﬂuum
2967 2377 3048 2424 est
3078 2367 3222 2425 enim
3259 2385 3322 2425 ea
3379 2369 3502 2436 fari,
3559 2387 3680 2442 quae
3709 2379 3843 2427 nota

2239 2470 2387 2521 sunt.
2421 2460 2506 2516 Ad
2552 2474 2744 2516 omnes
2790 2456 2936 2514 enim
2987 2457 3048 2514 in
3103 2458 3342 2515 circuitu
3391 2467 3735 2532 pervenerat,
3763 2457 3845 2516 ita

2239 2561 2303 2609 ut
2334 2559 2389 2607 et
2417 2547 2814 2605 annuntiarent
2842 2546 3060 2604 caeteris
3097 2563 3206 2620 qua
3236 2547 3531 2605 devotione
3579 2565 3843 2622 suscepe-

2240 2647 2364 2696 rant
2393 2639 2690 2711 apostolos.
2748 2638 2821 2692 Et
2865 2637 2995 2711 quia
3029 2637 3098 2692 ad
3137 2638 3344 2707 omnia,
3384 2654 3505 2711 quae
3551 2638 3846 2695 audierant

2240 2734 2309 2790 ab
2365 2733 2462 2800 eis,
2526 2733 2746 2788 fuerant
2821 2731 3208 2804 promptiores,
3275 2732 3644 2804 relinquentes
3708 2731 3847 2788 deos

2242 2832 2534 2880 mortuos:
2567 2827 2949 2893 exspectarent
2997 2827 3176 2876 autem
3222 2819 3502 2878 Christum
3552 2819 3619 2875 de
3661 2819 3842 2888 caelis,

2243 2931 2407 2987 quem
2465 2913 2720 2968 humanae
2769 2911 2966 2968 salutis
3009 2928 3172 2968 causa
3219 2919 3494 2968 mortuum
3527 2910 3844 2979 audierant,

2243 3013 2298 3062 et
2326 3005 2686 3061 resurrexisse
2715 3003 2839 3060 devi
2880 3012 2933 3060 ta
2961 3013 3158 3072 morte,
3188 3012 3241 3060 et
3270 3020 3394 3060 cum
3426 3020 3589 3061 carne
3617 3019 3846 3059 assum-

2243 3103 2396 3168 ptum
2433 3095 2490 3150 in
2519 3097 2688 3152 caelos
2721 3094 2972 3150 ministra
3003 3093 3167 3163 nube,
3204 3093 3272 3149 ad
3310 3094 3688 3152 confusionem
3713 3109 3843 3167 pru-

538 3185 702 3241 ﬁdem
738 3184 863 3240 illos
897 3183 1270 3253 hortarentur,
1318 3185 1590 3258 magnalia
1623 3205 1634 3242 :
1685 3186 1814 3258 quia
1868 3186 2134 3243 doctrina
2168 3195 2211 3256 Ο
2243 3186 2493 3244 dentium
2528 3185 2745 3252 mundi,
2785 3185 2880 3257 qui
2909 3184 3349 3240 consideratione
3378 3183 3566 3240 habita
3593 3184 3844 3240 munda-

537 3274 864 3346 evangelicaa
890 3273 1059 3329 robur
1087 3273 1264 3330 virtus
1294 3275 1584 3346 praestabat
1611 3278 1891 3348 signorum
1916 3284 1968 3330 et
2000 3293 2137 3348 pro-

535 3362 835 3436 digiorum,
867 3364 924 3420 in
955 3362 1166 3436 Spiritu
1200 3371 1409 3429 sancto,
1441 3363 1494 3418 id
1534 3371 1634 3427 est,
1667 3381 1777 3420 non
1819 3363 1877 3420 in
1909 3363 2134 3437 phanta-

535 3453 637 3521 sia,
670 3453 762 3509 sed
794 3453 852 3509 in
881 3453 1110 3509 veritate
1140 3452 1528 3525 plenitudinis,
1582 3462 1642 3509 ut
1688 3453 1828 3509 nulli
1889 3454 2136 3510 necessi—

536 3541 636 3597 tati
669 3541 881 3596 deesset
929 3542 1253 3608 auxilium;
1313 3541 1407 3596 sed
1458 3541 1908 3612 superabundans
1961 3544 2135 3614 gratia

536 3627 818 3683 videretur
860 3637 913 3683 et
962 3627 1019 3681 in
1071 3627 1342 3694 doctrina,
1403 3635 1456 3682 et
1510 3627 1566 3684 in
1612 3630 2051 3699 conversatione,
2081 3640 2136 3689 et

537 3718 595 3775 in
625 3718 791 3790 aegris
820 3717 1098 3784 curandis,
1132 3724 1194 3772 ut
1222 3717 1524 3790 perfectum
1557 3735 1698 3790 opus
1727 3719 1966 3792 Spiritus
1996 3739 2135 3778 san-

535 3808 608 3864 cti
641 3814 924 3878 appareret
954 3805 1010 3861 in
1042 3805 1614 3863 Thessalonicensium
1669 3808 1949 3878 Ecclesiis,
1983 3818 2043 3866 ut
2074 3811 2132 3868 in

535 3899 692 3955 nullo
745 3912 802 3953 se
860 3895 1101 3953 minores
1153 3895 1404 3953 videntes
1460 3897 1775 3955 Judaaorum
1843 3900 2127 3970 Ecclesiis,

536 3989 834 4062 gauderent
863 3987 920 4044 in
950 3987 1098 4043 dono
1124 3986 1245 4055 Dei,
1280 3987 1374 4059 qui
1429 3989 1724 4064 participes
1770 3989 1897 4047 illos
1954 3992 2131 4048 facere

533 4079 789 4152 dignatus
819 4087 900 4135 est
928 4077 1312 4151 promissionis
1343 4079 1598 4135 Abrahae.

606 4179 790 4251 (Vers.
821 4179 875 4243 6,
909 4177 988 4248 7.)
1022 4203 1039 4224 ι
1068 4178 1140 4232 Εῑ
1167 4193 1266 4232 vos
1287 4177 1590 4234 imitatores
1613 4177 1789 4234 nostri
1819 4178 1949 4236 facti
1974 4179 2127 4250 estis,

533 4276 587 4324 et
639 4269 813 4340 ipsius
869 4268 1116 4336 Domini,
1163 4268 1523 4340 suscipientes
1573 4268 1802 4325 verbum
1856 4270 1912 4324 in
1987 4287 2129 4342 pres-

532 4373 661 4412 sura
691 4358 864 4412 multa
891 4375 1015 4414 cum
1036 4357 1233 4426 gaudio
1269 4357 1505 4428 Spiritus
1533 4359 1729 4424 sancti,
1763 4359 1838 4415 ita
1865 4368 1926 4416 ut
1965 4360 2128 4417 fueri-

533 4447 606 4503 tis
643 4464 742 4503 vos
770 4449 1084 4518 exemplum
1133 4449 1394 4504 omnibus
1441 4448 1792 4506 credentibus
1839 4451 1896 4506 in
1941 4450 2130 4508 Mace-

2242 3291 2462 3344 norum,
2492 3276 2673 3332 carnis
2711 3282 2986 3343 naturam,
3019 3276 3143 3348 quia
3175 3279 3355 3347 gravis
3383 3283 3482 3343 est,
3516 3282 3712 3346 putant
3729 3289 3844 3330 non

2242 3383 2399 3441 posse
2430 3367 2572 3433 ﬁeri,
2602 3373 2665 3421 ut
2695 3367 3020 3422 sustollatur
3064 3365 3120 3420 in
3150 3367 3338 3422 caelos.
3395 3365 3510 3421 Hoc
3551 3365 3752 3421 affectu
3778 3365 3844 3422 ﬁt

2242 3459 2480 3533 Spiritus
2526 3458 2724 3526 sancti,
2772 3465 2836 3514 ut
2885 3458 3210 3515 erubescant
3254 3457 3542 3530 terrigenae
3585 3455 3843 3529 pruden-

2241 3563 2343 3611 tes.
2763 3645 2908 3704 2'78
2962 3641 3191 3699 CAPUT
3237 3643 3306 3698 II.

2315 3741 2496 3812 (Vers.
2541 3741 2595 3806 i,
2626 3739 2705 3811 2.)
2759 3739 2900 3812 «Ipsi
2933 3739 3078 3794 enim
3112 3737 3284 3806 scitis,
3317 3738 3514 3795 fratres
3543 3739 3840 3796 introitum

2240 3841 2489 3889 nostrum
2523 3830 2588 3886 ad
2620 3829 2874 3903 vos,quia
2900 3846 3011 3885 non
3042 3829 3219 3885 inanis
3248 3828 3485 3897 fuit,sed
3515 3837 3640 3886 ante
3661 3831 3843 3888 multa

2240 3920 2404 3994 passi,
2421 3928 2474 3976 et
2499 3918 2853 3976 contumeliis
2882 3917 3233 3986 aﬁ‘ecti,sicut
3260 3919 3436 3989 scitis,
3456 3920 3506 3974 in
3533 3918 3838 3991 Philippis,

2238 4023 2428 4071 exerta
2453 4015 2698 4070 libertate
2717 4013 2798 4069 usi
2830 4031 3022 4070 sumus
3043 4013 3099 4069 in
3121 4015 3232 4070 Deo
3261 4022 3450 4070 nostro
3471 4009 3744 4082 loquendo
3762 4011 3840 4068 ad

2237 4121 2340 4160 vos
2361 4104 2724 4174 Evangelium
2747 4103 2844 4160 Dei
2863 4104 2916 4159 in
2940 4121 3134 4176 magno
3153 4106 3494 4161 certamine.-
3513 4103 3664 4159 Hanc
3685 4118 3838 4175 pres-

2238 4211 2444 4260 suram,
2479 4209 2641 4267 quam
2678 4209 2826 4250 nunc
2879 4203 3168 4262 memorat,
3210 4211 3398 4268 passus
3427 4202 3507 4250 est
3537 4195 3592 4250 in
3625 4193 3837 4266 Philip-

2237 4285 2321 4357 pis
2347 4301 2470 4341 cum
2504 4284 2638 4350 Sila,
2671 4292 2892 4357 propter
2942 4283 3197 4355 spiritum
3247 4284 3546 4357 pythonem
3606 4301 3769 4358 quem
3801 4303 3838 4342 a

2236 4375 2420 4446 puella
2449 4372 2680 4444 ejecerat
2711 4374 2854 4442 (Act.
2887 4389 3006 4441 xvr,
3041 4372 3250 4444 16-24),
3273 4373 3416 4445 quod
3434 4372 3547 4443 jam
3579 4391 3679 4429 suo
3712 4375 3839 4432 loco

2236 4462 2446 4520 dictum
2479 4471 2580 4519 est.
2631 4461 2733 4520 Cui
2796 4478 3061 4534 pressura:
3106 4477 3216 4517 non
3267 4463 3447 4528 cessit,
3494 4460 3585 4518 sed
3635 4461 3839 4518 fortior

531 4536 698 4624 donia
728 4544 783 4592 et
813 4535 1124 4624 inchhaia.
1159 4560 1178 4624 ξ
1218 4535 1417 4605 Cupidi
1442 4537 1808 4606 credulitatis,
1842 4541 2042 4611 probra
2071 4549 2126 4597 et

2240 4553 2494 4609 inventus
2520 4559 2621 4612 est.
2655 4551 2786 4607 dum
2818 4550 2979 4606 audet
3001 4551 3316 4622 praedicare,
3345 4568 3444 4607 nec
3473 4551 3618 4624 loqui
3646 4551 3834 4619 timet,

530 4622 763 4696 injurias
792 4640 822 4679 a
843 4623 1060 4680 civibus
1088 4621 1204 4679 suis
1249 4624 1387 4695 passi
1437 4627 1745 4683 tolerarunt
1795 4627 1995 4686 ﬁducia
2026 4631 2125 4686 fu-

527 4723 802 4772 turorum.
854 4715 1008 4771 Unde
1065 4712 1250 4769 aemuli
1293 4713 1559 4771 dicuntur
1613 4720 2008 4790 apostolorum,
2069 4728 2124 4777 et

529 4805 702 4879 ipsius
733 4805 977 4873 Domini,
1008 4805 1136 4878 quia
1171 4813 1225 4861 et
1253 4806 1522 4862 Dominus
1569 4808 1757 4865 eadem
1806 4827 1998 4882 passus
2043 4819 2124 4867 est

531 4912 563 4952 a
592 4895 816 4963 Iudaeis,
845 4901 898 4951 et
927 4897 1156 4968 apostoli
1199 4907 1484 4969 sequentes
1513 4896 1673 4954 ﬁdem
1705 4900 1827 4966 Dei,
1859 4919 2121 4973 persecu-

526 4985 704 5041 tiones
754 4983 896 5056 passi
956 4993 1105 5052 sunt,
1148 5010 1167 5033 ε
1219 4986 1516 5057 gaudentes
1562 4990 1691 5062 quia
1738 4989 1889 5061 digni
1944 4990 2119 5048 habiti

524 5082 653 5130 sunt
681 5091 781 5147 pro
809 5074 1034 5131 nomine
1079 5075 1300 5133 Domini
1346 5079 1710 5135 contumelias
1741 5080 1850 5151 pati
1880 5079 2023 5150 (Act.
2058 5097 2116 5150 v,

523 5162 641 5235 41),
682 5187 700 5210 ι
752 5163 988 5221 scientes
1026 5182 1124 5239 pro
1154 5165 1241 5222 his
1272 5183 1468 5240 magna
1496 5166 1612 5224 fore
1643 5168 1866 5241 praemia
1919 5187 2118 5243 repro—

528 5254 722 5322 missa;
756 5254 987 5311 idoneus
1016 5256 1163 5311 enim
1195 5273 1388 5313 servus
1426 5255 1706 5328 probatur,
1756 5259 1976 5332 quando
2010 5277 2110 5333 pro

519 5358 704 5400 amore
733 5343 946 5402 domini
978 5345 1062 5400 sui
1093 5344 1349 5402 inimicos
1379 5344 1496 5416 ejus
1544 5345 1794 5404 offendit.
1835 5347 2006 5421 Cujus
2037 5350 2115 5406 rei

518 5449 808 5503 memores,
855 5434 1027 5507 gavisi
1058 5444 1186 5493 sunt
1223 5451 1316 5507 spe
1345 5433 1727 5508 promissionis
1756 5435 1813 5494 in
1843 5454 2113 5512 pressura.

576 5640 931 5723 ‘(3)_§merb.
962 5650 1029 5723 e_t_
1065 5659 1193 5723 mss.
1233 5659 1344 5702 non
1392 5643 1570 5719 pauci,
1615 5646 1975 5723 episcoporum
2023 5667 2114 5712 no-

513 5712 652 5769 mine
678 5712 863 5772 littera
887 5714 1247 5774 continentur.

2233 4658 2326 4714 spe
2356 4641 2546 4711 utique
2576 4638 2833 4712 promissi
2863 4639 3100 4710 praemii,
3133 4646 3192 4694 ut
3222 4648 3277 4695 et
3320 4637 3378 4694 hi
3421 4640 3599 4696 securi
3648 4647 3842 4696 essent

2233 4730 2290 4786 in
2345 4727 2852 4802 persecutionibus,
2920 4727 3215 4800 gaudentes
3294 4735 3516 4799 propter
3585 4728 3840 4785 futuram

2235 4819 2561 4876 mercedem.
2599 4815 2826 4887 Signum
2857 4833 2984 4888 ergo
3015 4817 3198 4873 devoti
3241 4824 3295 4873 et
3338 4816 3517 4874 ﬁdelis
3565 4817 3839 4889 praedica-

2229 4908 2367 4965 toris
2405 4907 2510 4963 hoc
2537 4905 2675 4964 dicit
2698 4922 2838 4974 esse,
2885 4906 2932 4961 si
2991 4907 3049 4962 in
3093 4923 3348 4979 pressura
3397 4906 3548 4980 liqui
3595 4907 3841 4964 verbum

2229 4998 2328 5055 Dei
2359 5014 2468 5054 non
2499 4998 2711 5067 timeat,
2745 4997 2963 5054 inanem
2998 4997 3155 5053 illum
3205 4997 3540 5071 signiﬁcans,
3575 4997 3671 5072 qui
3726 5006 3841 5053 ter-

2229 5105 2352 5146 rore
2380 5089 2633 5162 praesenti
2669 5088 3028 5145 formidinem
3060 5088 3276 5164 patitur
3319 5087 3681 5162 praedicandi.
3720 5087 3843 5156 Qui

2228 5178 2376 5235 enim
2415 5193 2667 5235 securum
2712 5185 2794 5235 est
2837 5179 2905 5236 de
2961 5179 3229 5254 promissa
3278 5195 3393 5253 spe,
3427 5195 3541 5236 non
3564 5178 3734 5245 cedit,
3764 5184 3843 5234 ut

2227 5275 2541 5326 coronetur.

2301 5357 2483 5430 (Vers.
2509 5355 2563 5423 3,
2602 5355 2684 5427 4.)
2728 5378 2748 5403 ‹
2796 5358 2934 5415 Nam
2995 5356 3314 5416 exhortatio
3365 5365 3558 5415 nostra
3593 5373 3707 5414 non
3753 5373 3842 5415 ex

2225 5445 2468 5514 fallacia,
2499 5462 2675 5522 neque
2701 5463 2773 5505 ex
2809 5446 3186 5518 immunditia,
3219 5464 3396 5522 neque
3422 5447 3482 5505 in
3510 5447 3688 5516 idolo,
3729 5448 3846 5504 sed

2297 5654 2378 5728 (4)
2404 5657 2670 5716 Nonnulli
2700 5675 2859 5726 mss.,
2885 5662 2933 5715 et
2960 5658 3085 5732 ﬁdei
3112 5659 3390 5730 adventus,
3424 5665 3530 5719 etc.
