4108 6184
268 373 369 430 169

1250 366 1609 426 COMMENT.
1652 363 1727 420 IN
1761 362 1981 419 EPIST.
2021 364 2044 418 Ι
2081 364 2175 418 AD
2213 363 2546 422 THESSAL.

3467 366 3578 423 470

269 496 412 554 sicut
457 494 670 568 probati
719 509 914 550 sumus
964 509 997 549 a
1046 495 1194 560 Deo;
1239 502 1301 551 ut
1346 492 1660 551 crederetur
1697 490 1859 548 nobis
1887 490 1938 550 A
1973 487 2365 545 laboraverunt
2396 506 2592 546 manus
2611 492 2748 549 ista.
2775 519 2795 543 ι
2833 496 2989 552 Unde
3017 503 3072 550 et
3100 495 3160 549 in
3188 492 3296 548 alia
3333 492 3573 564 epistola

267 583 625 657 Evangelium
659 625 678 648 ,
737 583 812 638 ita
869 581 1200 656 loquimur,
1256 599 1367 639 non
1427 591 1488 638 ut
1543 581 1865 637 hominibus

266 674 561 746 placentes,
592 671 688 727 sed
722 673 854 738 Deo,
891 671 984 744 qui
1025 671 1215 743 probat
1244 672 1411 728 corda
1443 678 1648 726 nostra.
1684 696 1702 716 ι
1752 671 1866 726 Hoc

265 770 486 835 propter
517 760 998 834 pseudoapostolos
1026 761 1182 822 dicit.
1225 762 1320 835 qui
1369 763 1425 816 in
1456 761 1585 816 dolo
1616 769 1670 816 et
1699 760 1868 815 falla-

264 851 348 909 cia
404 849 778 924 prmdicabant
835 867 944 906 non
1011 849 1213 917 missi,
1281 859 1344 905 ut
1398 850 1866 906 circumvenirent

263 948 453 1012 gentes
505 939 573 995 ad
628 939 982 996 serviendum
1039 940 1142 1011 legi
1179 939 1471 994 factorum.
1527 939 1633 994 Iste
1681 948 1863 993 autem

262 1030 502 1087 electum
557 1046 614 1086 se
661 1037 716 1086 et
773 1031 1002 1085 missum
1068 1030 1364 1102 praedicare
1435 1030 1622 1084 multis
1676 1028 1866 1100 probat

264 1119 452 1186 rebus,
496 1119 625 1193 quia
671 1127 726 1176 et
770 1119 825 1174 in
857 1119 1126 1192 pressuris
1163 1119 1359 1174 fortior
1397 1118 1656 1174 inventus
1676 1126 1776 1186 est,
1810 1125 1864 1173 et

265 1210 324 1266 in
354 1211 778 1267 conversatione
807 1209 1305 1282 irreprehensihilis
1337 1227 1349 1263 :
1383 1218 1444 1265 ut
1475 1209 1617 1263 nihil
1639 1219 1775 1265 esset
1806 1208 1863 1263 in

263 1299 392 1368 hoc,
441 1299 587 1373 quod
639 1300 821 1357 minus
871 1302 984 1356 Deo
1033 1300 1314 1356 videretur
1370 1299 1622 1369 dignum,
1669 1313 1865 1370 prose-

265 1390 565 1462 quentibus
591 1389 781 1460 signis.
819 1388 1052 1456 Quidam
1075 1389 1221 1444 enim
1254 1397 1495 1462 quaestus
1520 1405 1682 1445 causa
1709 1388 1861 1445 Chri-

263 1485 411 1532 stum
468 1476 888 1548 praedicabant,
947 1477 1122 1532 favori
1191 1478 1480 1533 hominum
1539 1479 1861 1547 servientes,

262 1565 392 1639 quia
421 1574 476 1623 et
511 1566 570 1622 in
600 1567 878 1639 arguendo
913 1568 1252 1624 remissiores
1281 1578 1467 1634 erant;
1497 1569 1699 1642 quippe
1737 1586 1864 1626 cum

261 1670 364 1714 nec
411 1657 712 1714 auctoritas
763 1663 924 1725 esset,
984 1665 1038 1714 et
1095 1659 1153 1713 in
1210 1657 1572 1715 tribulatione
1629 1658 1860 1727 infirmi,

261 1746 395 1820 quia
423 1763 534 1804 non
577 1764 648 1804 ex
691 1747 876 1817 corde,
909 1747 1006 1804 sed
1048 1748 1106 1803 in
1140 1748 1358 1805 fallacia
1401 1757 1516 1804 erat
1542 1765 1720 1805 sermo
1764 1766 1868 1805 eo-

1973 577 2111 634 dicit
2142 597 2153 634 :
2202 603 2219 625 ι
2250 579 2352 646 Qui
2408 597 2516 636 non
2555 583 2784 653 laborat,
2830 602 2930 642 nec
2964 584 3273 640 manducet.
3306 609 3324 630 ι
3367 584 3438 638 Et
3465 583 3571 638 hoc

1975 676 2167 725 contra
2207 670 2714 741 pseudoapostolss,
2745 683 2804 730 ut
2835 676 2926 747 qui
2958 675 3121 732 otiosi
3155 674 3567 741 manducarent,

1974 758 2254 828 praedicat.
2280 775 2365 813 res
2408 775 2463 812 se
2513 759 2792 831 ﬁngebant
2833 780 2963 820 esse.
3002 766 3070 821 Ut
3097 780 3225 836 ergo
3254 763 3569 834 exemplum

1975 846 2154 915 daret,
2204 849 2668 921 quemadmodum
2712 853 3062 923 gubernanda
3104 857 3177 909 sit
3228 853 3343 909 vita
3399 851 3569 910 Chri-

1976 937 2174 1002 stiana,
2217 947 2270 992 et
2326 936 2543 994 fictores
2594 941 2865 1011 proderet.
2928 943 3096 997 labori
3153 942 3436 998 insistebat
3460 942 3574 998 hu-

1977 1042 2160 1091 mano,
2223 1027 2498 1084 offuscans
2552 1031 3040 1103 pseudoapostolos
3089 1050 3100 1088 :
3154 1040 3408 1103 praeterea
3445 1032 3574 1104 quia

1975 1115 2068 1188 qui
2107 1116 2274 1172 labori
2327 1116 2613 1185 insistunt,
2662 1136 2694 1174 a
2750 1123 2908 1177 malis
2954 1121 3382 1193 cogitationibus
3411 1121 3575 1177 decli-

1975 1215 2130 1274 nant,
2155 1217 2486 1279 occupantes
2541 1210 2788 1267 animum
2845 1229 3044 1280 suum,
3115 1220 3170 1269 et
3222 1228 3254 1267 a
3318 1211 3576 1286 periculis

1975 1295 2348 1367 prohibentes.

2052 1387 2234 1458 (Vers.
2272 1390 2357 1458 l0,
2391 1390 2476 1454 ll,
2515 1389 2627 1461 i2.)
2674 1414 2690 1435 ι
2731 1390 3162 1447 Praedicavimus
3202 1390 3361 1446 vobis
3381 1391 3576 1446 Evan-

1977 1476 2177 1548 gelium
2212 1476 2330 1542 Dei,
2365 1495 2462 1533 vos
2492 1485 2655 1535 testes
2683 1480 2832 1547 estis,
2865 1488 2918 1536 et
2968 1483 3131 1547 Deus,
3181 1497 3344 1553 quam
3388 1486 3575 1536 sancte

1975 1575 2029 1624 et
2076 1566 2246 1640 juste,
2285 1576 2337 1623 et
2393 1569 2512 1623 sine
2568 1571 2789 1641 querela
2848 1570 3135 1628 vobiscum
3176 1571 3272 1643 qui
3323 1569 3571 1638 creditis,

1975 1655 2282 1714 conversati
2337 1673 2528 1712 sumus
2584 1659 2727 1714 sicut
2775 1659 2929 1716 scitis
2975 1678 2986 1715 :
3036 1668 3090 1714 et
3146 1659 3422 1732 quomodo
3449 1673 3576 1730 erga

1975 1762 2424 1822 unumquemque
2473 1754 2739 1813 vestrum,
2771 1759 2832 1805 ut
2862 1757 3014 1821 pater
3044 1749 3190 1804 ﬁlios
3231 1765 3377 1815 suos,
3409 1746 3576 1804 obse-

260 1851 410 1892 rum.
461 1835 657 1893 Omnis
700 1836 846 1892 enim
891 1837 987 1910 qui
1038 1837 1251 1911 aliquid
1291 1837 1409 1894 sine
1437 1853 1531 1911 spe
1586 1840 1717 1910 agit,
1748 1847 1870 1896 orta
1897 1856 1940 1917 Β
1976 1844 2190 1892 crantes
2223 1854 2342 1901 vos,
2374 1845 2428 1892 et
2452 1837 2821 1906 consolantes,
2853 1848 2905 1894 et
2931 1839 3264 1894 obtestantes
3291 1837 3359 1893 ad
3382 1837 3488 1894 hoc
3515 1843 3578 1892 ut

258 1928 629 1986 tribulatione
658 1929 989 1986 succumbit.

343 2017 529 2086 (Vers.
559 2019 641 2091 5.)
690 2044 708 2067 ι
735 2019 922 2094 Neque
968 2020 1116 2077 enim
1151 2037 1392 2095 unquam
1426 2020 1484 2077 in
1522 2022 1692 2078 verbo
1721 2023 1868 2080 adu-

263 2107 496 2164 lationis
531 2111 839 2167 conversati
886 2127 1096 2179 sumus,
1153 2111 1296 2169 sicut
1353 2113 1525 2180 scitis,
1577 2130 1752 2188 neque
1809 2115 1866 2170 in

260 2197 612 2254 occasionem
664 2199 928 2256 avaritiae.
969 2202 1116 2257 Deus
1161 2202 1317 2258 testis
1369 2209 1470 2258 est.
1501 2229 1519 2250 ι
1556 2204 1715 2260 Nunc
1743 2220 1867 2276 ape-

261 2287 342 2344 rit
370 2289 516 2363 quod
572 2305 735 2362 supra
786 2291 1142 2364 significavit,
1193 2309 1316 2350 cum
1376 2292 1558 2351 dicit:
1607 2320 1625 2341 ι
1656 2295 1772 2351 Νοιι
1808 2296 1865 2351 in

261 2377 552 2435 occasione
577 2379 847 2450 avaritias,
873 2407 892 2429 ι
934 2383 1106 2438 Deum
1138 2383 1272 2440 dans
1302 2390 1518 2449 testem,
1546 2385 1675 2458 quia
1717 2383 1864 2441 istud

259 2484 338 2525 ex
366 2467 530 2525 corde
556 2469 812 2539 faciebat,
835 2487 947 2528 non
990 2472 1048 2527 in
1080 2472 1382 2545 hypocrisi,
1409 2475 1564 2548 quasi
1603 2485 1864 2532 contem-

262 2575 405 2616 nens
452 2575 644 2632 pauca,
695 2569 757 2617 ut
816 2561 955 2618 forte
1014 2564 1171 2634 plura
1223 2563 1569 2621 offerrentur.
1597 2566 1751 2622 Unde
1813 2573 1867 2621 et

263 2650 419 2723 ipsos
432 2650 718 2718 convenit,
737 2652 970 2710 scientes
984 2669 1046 2710 ac
1064 2653 1357 2725 probantes
1378 2655 1506 2728 quia
1528 2657 1664 2712 nulli
1689 2656 1867 2713 fuerat

263 2735 560 2807 adulatus;
593 2740 800 2812 pseudo
847 2743 995 2798 enim
1049 2743 1281 2815 apostoli
1337 2744 1569 2804 formam
1619 2746 1869 2802 avaritias

264 2829 389 2888 dari
435 2829 541 2887 sibi
595 2831 878 2905 optabant,
912 2841 974 2889 ut
1021 2835 1139 2907 ipsa
1185 2835 1492 2905 occasione,
1544 2837 1675 2893 dum
1709 2853 1868 2893 veros

265 2921 547 2993 aposmlos
601 2923 788 2977 omnia
843 2923 997 2978 illata
1051 2923 1244 2980 vident
1303 2924 1582 2994 accipere,
1648 2931 1870 2996 possent

266 3009 375 3082 ipsi
437 3010 556 3066 sine
609 3011 823 3068 invidia
885 3012 1252 3085 simpliciores
1322 3012 1574 3068 homines
1652 3013 1870 3085 deprae-

265 3097 410 3155 dari.

1976 1926 2269 1983 ambuletis
2329 1927 2492 1998 digne
2547 1928 2678 1993 Deo,
2730 1926 2823 1998 qui
2864 1928 3087 1984 vocavit
3141 1944 3238 1983 vos
3298 1925 3358 1981 in
3413 1941 3574 1982 suum

1977 2033 2204 2088 regnum
2238 2024 2291 2072 et
2329 2017 2580 2087 gloriam.
2627 2017 2917 2074 Manifesta
2960 2026 3090 2074 sunt
3126 2018 3243 2074 hac
3279 2035 3291 2074 :
3333 2033 3572 2074 commo-

1978 2114 2073 2162 net
2101 2107 2246 2162 enim
2282 2106 2408 2162 illos
2437 2107 2713 2179 quomodo
2743 2107 3076 2164 crediderint
3125 2125 3180 2164 se
3219 2109 3571 2181 praedicante,

1980 2200 2124 2258 279
2151 2203 2205 2251 et
2234 2196 2451 2269 qualem
2502 2211 2626 2251 eum
2669 2195 2876 2253 fuerint
2907 2197 3140 2269 experti,
3171 2205 3225 2254 et
3265 2213 3386 2271 qua
3424 2213 3573 2272 prai-

1978 2303 2135 2366 cepta
2181 2290 2394 2348 dederit
2441 2291 2539 2360 eis,
2587 2300 2649 2348 ut
2698 2291 2852 2365 digni
2901 2293 3096 2350 fierent
3133 2294 3266 2363 Deo,
3304 2294 3400 2369 qui
3445 2293 3573 2351 illos

1975 2383 2195 2440 vocavit
2223 2381 2290 2439 de
2345 2382 2505 2439 terris
2554 2382 2623 2439 ad
2660 2384 2845 2453 caelos,
2881 2393 2941 2441 ut
2986 2385 3287 2442 exsuscitet
3316 2384 3564 2441 laetitiam

1976 2471 2222 2530 illorum.

2050 2562 2230 2632 (Vers.
2269 2561 2379 2630 13.)
2427 2587 2444 2608 ι
2475 2562 2713 2634 Ideoque
2742 2571 2796 2618 et
2826 2580 2924 2619 nos
2963 2564 3164 2635 gratias
3203 2563 3416 2634 agimus
3457 2565 3571 2620 Deo

1977 2649 2095 2706 sine
2145 2649 2578 2716 intermissione,
2611 2651 2759 2722 quod
2807 2667 2932 2706 cum
2977 2651 3325 2721 accepissetis
3353 2668 3385 2706 ε,
3414 2651 3574 2707 nobis

1976 2739 2207 2794 verbum
2239 2738 2464 2794 auditus
2511 2737 2628 2802 Dei,
2662 2737 2981 2808 suscepistis
3031 2738 3170 2792 illud
3202 2755 3312 2794 non
3358 2747 3420 2795 ut
3457 2757 3574 2796 ver-

1977 2827 2111 2883 bum
2143 2826 2455 2890 hominum,
2505 2826 2598 2880 sed
2644 2825 2788 2882 sicut
2836 2835 2917 2882 est
2967 2842 3115 2893 vere,
3165 2827 3393 2882 verbum
3452 2829 3573 2897 Dei,

1980 2916 2128 2990 quod
2176 2923 2228 2972 et
2272 2925 2530 2985 operatur
2559 2916 2615 2971 in
2672 2916 2832 2972 vobis
2875 2917 2968 2990 qui
3014 2916 3347 2975 credidistis.
3387 2943 3405 2968 ι
3463 2920 3576 2976 Deo

1979 3006 2179 3080 gratias
2230 3005 2496 3072 referunt,
2555 3006 2650 3080 qui
2699 3006 2911 3079 aperuit
2967 3023 3186 3064 sensum
3238 3008 3464 3065 illorum
3506 3009 3574 3066 ad

1977 3097 2356 3168 recipiendum
2388 3097 2746 3168 Evangelium
2771 3113 2952 3154 suum.
2973 3097 3161 3154 Gloria
3181 3098 3328 3154 enim
3366 3099 3575 3172 praedi-

345 3153 531 3260 (ἢθη.
564 3189 620 3254 6,
641 3188 722 3259 7.)
769 3211 788 3236 ι
820 3189 932 3245 Nec
960 3153 1264 3260 quaerentes
1292 3206 1360 3246 ex
1390 3190 1711 3250 hominibus
1741 3195 1868 3266 glo-
1897 3215 1941 3278 ρ
1978 3153 2223 3242 cautium
2282 3194 2380 3252 est,
2451 3153 2671 3258 quaundo
2731 3186 3016 3243 audientes
3080 3187 3240 3244 facile
3301 3153 3571 3257 credunt;

261 3277 432 3343 riam,
462 3291 640 3344 neque
679 3293 712 3332 ιι
739 3275 916 3344 vobis,
951 3293 1126 3351 neque
1156 3279 1224 3334 ab
1252 3279 1396 3347 aliis,
1429 3297 1554 3337 cum
1586 3298 1867 3354 possemus

264 3364 414 3435 apud
436 3379 538 3419 vos
553 3365 704 3421 oneri
721 3381 837 3422 esse
869 3367 974 3437 (5),
1007 3375 1068 3423 ut
1094 3367 1297 3426 Christi
1328 3372 1581 3442 apostoli.
1604 3397 1622 3420 ι
1658 3374 1719 3429 In
1749 3381 1868 3429 tan-

267 3458 389 3507 tum
439 3460 627 3525 gravat
677 3455 1261 3528 pseudoapostolorum
1302 3474 1543 3529 causam,
1584 3469 1646 3518 ut
1692 3464 1864 3519 seab-

264 3557 438 3598 nuere
467 3542 633 3612 dicat,
666 3560 791 3600 cum
829 3547 1014 3602 liceret
1044 3547 1127 3603 illi
1157 3549 1418 3622 obsequia
1456 3553 1753 3624 requirere,
1799 3553 1867 3610 ad

261 3631 712 3704 comprimendos
760 3650 852 3690 eos
903 3635 1105 3708 quibus
1151 3654 1254 3693 nec
1310 3637 1541 3695 facultas
1597 3650 1735 3708 erat,
1766 3659 1868 3700 nec

261 3719 464 3795 pudor,
494 3731 551 3779 et
580 3729 762 3780 tamen
799 3723 1063 3782 honorem
1098 3726 1205 3783 sibi
1239 3727 1535 3799 poscebant
1568 3747 1580 3785 :
1624 3746 1679 3786 se
1717 3732 1865 3788 enim

261 3809 453 3884 potius
482 3829 645 3885 quam
677 3814 779 3871 Dei
822 3814 1132 3872 doctrinam
1164 3818 1551 3874 commendare
1583 3822 1863 3878 volebant.

263 3901 327 3972 A,
349 3903 566 3959 ostolus
593 3911 800 3971 autem,
829 3905 925 3980 qui
974 3907 1203 3979 gloriam
1241 3923 1352 3963 non
1383 3909 1450 3964 ad
1485 3925 1744 3981 praesens,
1773 3912 1867 3968 sed

263 3990 322 4048 in
372 3991 564 4049 futuro
603 3994 932 4067 requirebat,
965 4011 1021 4052 se
1059 3995 1327 4052 humilem
1375 3998 1632 4065 faciebat,
1663 4008 1724 4054 ut
1766 4001 1868 4056 Dei

265 4082 587 4152 prmdicatio
615 4085 969 4142 exaltaretur.

339 4179 527 4251 (Vers.
582 4180 664 4254 8.)
733 4207 750 4229 ι
804 4182 912 4239 Sed
984 4183 1195 4242 fuimus
1268 4187 1486 4258 parvuli
1558 4185 1615 4244 in
1687 4188 1868 4245 medio

265 4278 537 4339 vestrum,
573 4280 834 4346 tanquam
874 4273 920 4329 si
977 4275 1169 4331 nutrix
1201 4275 1381 4331 foveat
1422 4277 1567 4334 ﬁlios
1594 4295 1759 4345 suos;
1793 4279 1870 4334 ita

264 4358 644 4417 desiderantes
696 4378 843 4430 vos,
899 4362 1154 4434 cupimus
1211 4364 1484 4436 impartiri
1541 4368 1701 4423 vobis
1756 4384 1869 4424 non

265 4450 450 4506 solum
483 4451 846 4524 Evangelium
895 4451 1016 4520 Dei,
1047 4453 1141 4508 sed
1185 4453 1350 4510 etiam
1393 4456 1605 4511 animas
1634 4465 1866 4521 nostras,

1977 3284 2129 3333 tanta
2153 3275 2299 3330 enim
2332 3274 2626 3331 devotione
2655 3285 2978 3348 receperunt
3017 3278 3268 3346 verbum,
3293 3286 3354 3334 ut
3381 3278 3573 3352 proba-

1974 3373 2099 3423 rent
2125 3382 2183 3421 se
2207 3365 2542 3421 intellexisse
2577 3365 2674 3420 Dei
2705 3381 2819 3421 esse
2849 3366 3177 3422 doctrinam.

2050 3465 2232 3537 (Vers.
2271 3462 2356 3530 14,
2392 3464 2476 3529 15,
2516 3463 2627 3534 16.)
2672 3487 2690 3510 «
2721 3462 2833 3519 Vos
2873 3463 3044 3532 enim,
3087 3465 3302 3533 fratres,
3334 3463 3573 3524 imitato-

1974 3572 2060 3612 res
2090 3556 2219 3612 facti
2252 3555 2384 3610 estis
2425 3554 2797 3610 Ecclesiarum
2830 3555 2929 3611 Dei
2969 3572 3088 3628 quas
3116 3564 3246 3612 sunt
3276 3554 3334 3612 in
3363 3555 3570 3627 Iudaea,

1974 3645 2030 3701 in
2064 3645 2286 3703 Christo
2337 3645 2465 3700 Jesu
2504 3663 2515 3700 :
2555 3643 2684 3716 quia
2725 3644 2910 3700 eadem
2955 3645 3100 3716 passi
3143 3645 3274 3701 estis
3317 3653 3370 3702 et
3417 3663 3516 3703 vos
3544 3663 3576 3704 a

1974 3733 2382 3792 contribulibus
2411 3734 2610 3789 vestris
2634 3733 2738 3804 (6),
2772 3735 2916 3790 sicut
2946 3740 2999 3789 et
3029 3751 3127 3790 nos
3157 3733 3261 3807 ipsi
3286 3751 3318 3790 a
3344 3734 3571 3804 Iudaeis,

1974 3824 2069 3897 qui
2096 3831 2150 3879 et
2168 3823 2468 3879 Dominum
2501 3823 2900 3878 interemerunt
2926 3823 3132 3891 Jesum,
3173 3831 3227 3878 et
3257 3824 3571 3896 prophetas,

1974 3923 2030 3970 et
2051 3931 2151 3970 nos
2190 3915 2458 3987 persecuti
2489 3923 2638 3983 sunt,
2669 3924 2722 3970 et
2752 3916 2864 3970 Deo
2894 3930 3004 3970 non
3037 3916 3270 3986 placent,
3316 3925 3370 3970 et
3399 3914 3574 3971 omni-

1974 4006 2079 4060 bus
2111 4004 2435 4060 hominibus
2486 4003 2866 4070 adversantur,
2913 4005 3272 4076 prohibentes
3301 4019 3403 4057 nos
3449 4017 3576 4073 gen-

1974 4091 2125 4148 tibus
2170 4092 2343 4164 loqui,
2400 4099 2462 4147 ut
2513 4094 2829 4161 salventur,
2887 4093 2956 4147 ad
3009 4092 3113 4146 hoc
3167 4099 3229 4144 ut
3287 4089 3578 4158 suppleant

1976 4189 2194 4253 peccata
2216 4198 2313 4237 sua
2343 4198 2558 4253 semper
2593 4201 2602 4236 :
2634 4182 2728 4237 s..d
2761 4179 3014 4251 pervenit
3043 4178 3128 4232 ira
3154 4177 3251 4231 Dei
3293 4191 3456 4247 super
3484 4190 3577 4231 eos

1975 4290 2148 4346 usque
2187 4273 2244 4328 in
2295 4273 2480 4329 finem.
2518 4299 2536 4321 ι
2578 4275 2655 4328 De
2706 4271 2985 4341 impietate
3033 4275 3198 4340 atque
3252 4265 3577 4323 credulitate

1975 4364 2225 4436 queritur
2273 4361 2644 4417 diliidentiuin
2697 4357 3031 4427 Judaaorum,
3092 4356 3186 4430 qui
3239 4372 3348 4412 non
3396 4356 3576 4414 solum

1976 4468 2087 4506 suae
2144 4451 2338 4508 salutis
2399 4449 2611 4505 inimici
2669 4455 2817 4514 sunt,
2851 4464 3042 4503 verum
3103 4447 3263 4503 etiam
3316 4449 3574 4517 aliorum,

265 4540 400 4614 quia
432 4539 742 4598 charissimi
773 4541 934 4599 nobis
963 4567 982 4589 ι
1026 4542 1155 4600 facti
1183 4543 1333 4600 estis.
1353 4543 1586 4600 Tantum
1611 4546 1866 4601 affectum
1895 4581 1944 4640 Β
1979 4540 2338 4612 prohibentes
2359 4555 2426 4594 ne
2454 4538 2782 4637 credant,.et
2808 4537 2946 4594 salvi
2978 4539 3130 4636 fiant,
3156 4536 3223 4592 ab
3251 4537 3412 4640 initiq
3443 4552 3578 4640 par—

267 4629 474 4689 habere
505 4648 562 4688 se
588 4632 735 4690 circa
760 4633 885 4690 illos
904 4634 1146 4690 ostendit
1177 4637 1386 4708 (quem,
1418 4635 1547 4708 quia
1577 4652 1738 4691 verus
1766 4647 1865 4706 est,

268 4738 383 4780 non
453 4722 638 4778 verbis
706 4724 876 4796 magis
931 4741 1095 4798 quam
1166 4727 1332 4782 rebus
1385 4726 1678 4797 probatum
1749 4727 1873 4782 vult

268 4811 450 4870 videri
479 4829 492 4867 :
525 4819 700 4884 potest
723 4813 869 4868 enim
903 4814 960 4869 in
991 4814 1175 4870 verbis
1205 4817 1372 4872 latere
1407 4815 1671 4887 fallacia),
1706 4825 1765 4872 ut
1787 4815 1874 4871 his

269 4901 756 4958 exhortationibus
784 4904 1065 4974 provocati
1113 4920 1333 4960 omnem
1369 4922 1588 4962 sensum
1622 4922 1782 4961 suum
1815 4904 1873 4960 in

271 4991 572 5049 dilectione
601 4992 867 5049 baberent
893 5000 1067 5063 apost.

345 5081 534 5154 (Vers.
579 5083 661 5154 9.)
708 5106 727 5131 ι
771 5082 1102 5139 Meministis
1153 5083 1323 5151 enim,
1357 5083 1571 5151 fratres,
1629 5086 1873 5141 laborem

272 5181 527 5230 nostrum
554 5181 610 5230 et
645 5173 1046 5246 fatigationem,
1077 5180 1238 5229 nocte
1270 5191 1334 5230 ac
1361 5173 1450 5231 die
1490 5183 1778 5247 operantes
1805 5176 1872 5232 ad

273 5263 404 5332 hoc,
436 5279 506 5321 ne
540 5281 698 5339 quem
723 5273 966 5322 vestrum
991 5281 1358 5334 gravaremus.
1390 5293 1408 5314 ι
1453 5268 1568 5325 Hoc
1597 5276 1696 5336 est,
1727 5269 1873 5342 quod

276 5353 416 5412 dicit
461 5353 519 5410 in
567 5354 721 5412 Actis
750 5355 1122 5428 apostolorum
1159 5372 1172 5410 :
1215 5379 1233 5400 ι
1265 5355 1486 5424 Omnia,
1518 5358 1718 5431 inquit.
1752 5375 1873 5432 quae

279 5443 420 5502 mihi
473 5453 530 5501 et
585 5442 655 5501 iis
707 5445 803 5518 qui
857 5454 986 5502 sunt
1041 5461 1256 5503 mecum
1296 5445 1520 5503 fuerunt
1551 5448 1871 5516 necessaria,

355 5649 438 5719 (5)
469 5648 594 5706 Vet.
626 5643 1005 5719 edit.,_ltonqri
1032 5662 1167 5710 esse;
1199 5646 1395 5719 Rom.,
1415 5645 1474 5699 in
1501 5648 1694 5703 honore
1729 5665 1876 5711 esse;

287 5715 484 5780 melius
507 5736 640 5778 mss.
672 5733 737 5776 ac
765 5717 898 5776 Gill.
929 5715 988 5772 in
1019 5732 1215 5790 marg,
1248 5718 1397 5774 oneri
1420 5733 1543 5775 esse.

1979 4628 2206 4694 ricidae;
2251 4630 2337 4684 vel
2366 4628 2604 4685 Domino
2637 4626 2784 4682 enim
2817 4627 3097 4684 communi
3131 4643 3351 4698 parcere
3379 4625 3581 4682 debue-

1980 4727 2126 4784 rant,
2157 4718 2253 4788 qui
2295 4717 2576 4773 conservis
2599 4725 2653 4772 et
2694 4716 3004 4790 praepositis
3029 4717 3144 4771 suis
3174 4732 3284 4771 non
3315 4731 3577 4788 peperce-

1983 4815 2116 4862 runt
2150 4824 2160 4862 :
2197 4815 2258 4861 ut
2312 4809 2625 4879 repleantur
2657 4814 2870 4877 peccata
2899 4821 3111 4873 eorum,
3153 4805 3207 4860 in
3239 4813 3478 4871 tantum,
3511 4820 3580 4859 ne

1981 4895 2281 4970 aliquando
2323 4895 2753 4951 misericordiam
2793 4897 3052 4968 consequi
3085 4903 3418 4951 mereantur.
3450 4893 3578 4950 Ideo

1983 4987 2496 5044 Thessalonicenses
2524 5003 2556 5040 a
2584 4985 2800 5040 civibus
2831 4984 2945 5040 suis
2974 4985 3162 5041 eadem
3211 5000 3396 5056 passos
3442 4981 3580 5039 dicit

1983 5080 2227 5136 imitatos
2279 5077 2601 5151 patientiam
2651 5085 2986 5144 sanctorum,
3032 5085 3086 5133 et
3133 5075 3356 5131 Domini
3404 5071 3575 5128 nostri

1981 5171 2108 5225 Jesu
2138 5169 2344 5226 Christi
2381 5186 2392 5222 :
2425 5166 2583 5237 cujus
2603 5167 2824 5222 sceleris
2849 5173 3098 5222 auctores
3127 5164 3344 5220 inlucit
3363 5163 3579 5219 Judzeos

1982 5269 2043 5315 ut
2082 5269 2136 5315 et
2179 5265 2383 5333 quanta
2428 5257 2602 5328 gloria
2647 5255 2800 5328 digni
2859 5258 2991 5323 sint,
3051 5255 3146 5327 qui
3205 5271 3301 5324 pro
3355 5248 3576 5307 nomine

1982 5350 2203 5405 Domini
2239 5349 2542 5420 patiuntur,
2575 5353 2629 5401 et
2679 5363 2800 5418 qua;
2852 5346 2995 5402 ultio
3039 5341 3253 5399 infestis
3302 5349 3355 5394 et
3393 5335 3580 5392 infidis

1983 5446 2284 5513 praeparata
2313 5437 2407 5506 sit,
2437 5438 2809 5508 dignoscatur.

2055 5642 2136 5714 (6)
2170 5643 2326 5699 Rom.
2360 5639 2518 5707 edit.,
2550 5645 2596 5695 et
2623 5655 2712 5696 vos
2749 5657 2785 5694 a
2831 5632 3132 5687 concivibus
3173 5628 3373 5688 vestris.
