  <div class='ocr_page' id='page_1' title='image "/cluster/home/n/w/nwhite01/storage/ocr_20150623/17/hvd.32044096580436/241.png"; bbox 0 0 4108 6184; ppageno 0'>
   <div class='ocr_carea' id='block_1_1' title="bbox 558 299 658 356">
    <p class='ocr_par' dir='ltr' id='par_1_1' title="bbox 558 299 658 356">
     <span class='ocr_line' id='line_1_1' title="bbox 558 299 658 356; baseline 0 -1"><span class='ocrx_word' id='word_1_1' title='bbox 558 299 658 356; x_wconf 74' lang='grc'>471</span> 
     </span>
    </p>
   </div>
   <div class='ocr_carea' id='block_1_2' title="bbox 1570 289 2820 352">
    <p class='ocr_par' dir='ltr' id='par_1_2' title="bbox 1570 289 2820 352">
     <span class='ocr_line' id='line_1_2' title="bbox 1570 289 2820 352; baseline 0.004 -5"><span class='ocrx_word' id='word_1_2' title='bbox 1570 292 1667 348; x_wconf 85' lang='lat' dir='ltr'>AD</span> <span class='ocrx_word' id='word_1_3' title='bbox 1706 289 1941 349; x_wconf 81' lang='lat' dir='ltr'>OPERA</span> <span class='ocrx_word' id='word_1_4' title='bbox 1978 289 2033 347; x_wconf 94' lang='lat' dir='ltr'>S.</span> <span class='ocrx_word' id='word_1_5' title='bbox 2075 289 2407 349; x_wconf 83' lang='lat' dir='ltr'>AMBROSII</span> <span class='ocrx_word' id='word_1_6' title='bbox 2436 290 2820 352; x_wconf 80' lang='lat' dir='ltr'>APPENDIX.</span> 
     </span>
    </p>
   </div>
   <div class='ocr_carea' id='block_1_3' title="bbox 3757 298 3867 360">
    <p class='ocr_par' dir='ltr' id='par_1_3' title="bbox 3757 298 3867 360">
     <span class='ocr_line' id='line_1_3' title="bbox 3757 298 3867 360; baseline 0.055 -6"><span class='ocrx_word' id='word_1_7' title='bbox 3757 298 3867 360; x_wconf 66' lang='grc'>472</span> 
     </span>
    </p>
   </div>
   <div class='ocr_carea' id='block_1_4' title="bbox 633 415 3870 496">
    <p class='ocr_par' dir='ltr' id='par_1_4' title="bbox 633 415 3870 496">
     <span class='ocr_line' id='line_1_4' title="bbox 633 415 3870 496; baseline 0.002 -16"><span class='ocrx_word' id='word_1_8' title='bbox 633 422 945 496; x_wconf 67' lang='lat' dir='ltr'>(Vers.”,</span> <span class='ocrx_word' id='word_1_9' title='bbox 980 420 1094 491; x_wconf 86' lang='grc'>18.)</span> <span class='ocrx_word' id='word_1_10' title='bbox 1147 441 1166 465; x_wconf 74' lang='grc' dir='ltr'>ι</span> <span class='ocrx_word' id='word_1_11' title='bbox 1207 419 1315 475; x_wconf 88' lang='lat' dir='ltr'>Nos</span> <span class='ocrx_word' id='word_1_12' title='bbox 1357 425 1559 485; x_wconf 87' lang='lat' dir='ltr'>autem,</span> <span class='ocrx_word' id='word_1_13' title='bbox 1591 417 1807 484; x_wconf 78' lang='lat' dir='ltr'>fratres,</span> <span class='ocrx_word' id='word_1_14' title='bbox 1846 415 2076 472; x_wconf 91' lang='lat' dir='ltr'>desolati</span> <span class='ocrx_word' id='word_1_15' title='bbox 2117 433 2149 472; x_wconf 88' lang='lat' dir='ltr'>a</span> <span class='ocrx_word' id='word_1_16' title='bbox 2175 419 2229 479; x_wconf 85' lang='lat' dir='ltr'><strong>A</strong></span> <span class='ocrx_word' id='word_1_17' title='bbox 2260 416 2400 486; x_wconf 91' lang='lat' dir='ltr'>liati,</span> <span class='ocrx_word' id='word_1_18' title='bbox 2433 426 2494 475; x_wconf 91' lang='lat' dir='ltr'>ut</span> <span class='ocrx_word' id='word_1_19' title='bbox 2542 420 2863 480; x_wconf 87' lang='lat' dir='ltr'>verberibus</span> <span class='ocrx_word' id='word_1_20' title='bbox 2909 429 2964 479; x_wconf 90' lang='lat' dir='ltr'>et</span> <span class='ocrx_word' id='word_1_21' title='bbox 3009 422 3252 479; x_wconf 84' lang='lat' dir='ltr'>vinculis</span> <span class='ocrx_word' id='word_1_22' title='bbox 3296 421 3722 496; x_wconf 87' lang='lat' dir='ltr'>subjicerentur.</span> <span class='ocrx_word' id='word_1_23' title='bbox 3777 426 3870 486; x_wconf 84' lang='lat' dir='ltr'>Ad</span> 
     </span>
    </p>
   </div>
   <div class='ocr_carea' id='block_1_5' title="bbox 557 505 2148 583">
    <p class='ocr_par' dir='ltr' id='par_1_5' title="bbox 557 505 2148 583">
     <span class='ocr_line' id='line_1_5' title="bbox 557 505 2148 583; baseline -0.006 -12"><span class='ocrx_word' id='word_1_24' title='bbox 557 512 716 570; x_wconf 88' lang='lat' dir='ltr'>vobis</span> <span class='ocrx_word' id='word_1_25' title='bbox 740 511 809 567; x_wconf 88' lang='lat' dir='ltr'>ad</span> <span class='ocrx_word' id='word_1_26' title='bbox 837 519 1052 583; x_wconf 83' lang='lat' dir='ltr'>tempus</span> <span class='ocrx_word' id='word_1_27' title='bbox 1095 508 1267 577; x_wconf 66' lang='lat' dir='ltr'>horae,</span> <span class='ocrx_word' id='word_1_28' title='bbox 1316 507 1473 574; x_wconf 87' lang='lat' dir='ltr'>facie,</span> <span class='ocrx_word' id='word_1_29' title='bbox 1506 519 1616 562; x_wconf 91' lang='lat' dir='ltr'>non</span> <span class='ocrx_word' id='word_1_30' title='bbox 1647 505 1831 574; x_wconf 89' lang='lat' dir='ltr'>corde,</span> <span class='ocrx_word' id='word_1_31' title='bbox 1869 506 2148 562; x_wconf 89' lang='lat' dir='ltr'>abundan-</span> 
     </span>
    </p>
   </div>
   <div class='ocr_carea' id='block_1_6' title="bbox 555 596 2148 660">
    <p class='ocr_par' dir='ltr' id='par_1_6' title="bbox 555 596 2148 660">
     <span class='ocr_line' id='line_1_6' title="bbox 555 596 2148 660; baseline -0.004 0"><span class='ocrx_word' id='word_1_32' title='bbox 555 604 670 660; x_wconf 84' lang='lat' dir='ltr'>tius</span> <span class='ocrx_word' id='word_1_33' title='bbox 712 601 1098 658; x_wconf 90' lang='lat' dir='ltr'>festinavimus</span> <span class='ocrx_word' id='word_1_34' title='bbox 1144 601 1341 656; x_wconf 86' lang='lat' dir='ltr'>faciem</span> <span class='ocrx_word' id='word_1_35' title='bbox 1381 605 1618 653; x_wconf 84' lang='lat' dir='ltr'>vestram</span> <span class='ocrx_word' id='word_1_36' title='bbox 1651 596 1839 652; x_wconf 87' lang='lat' dir='ltr'>videre</span> <span class='ocrx_word' id='word_1_37' title='bbox 1883 596 1941 652; x_wconf 92' lang='lat' dir='ltr'>in</span> <span class='ocrx_word' id='word_1_38' title='bbox 1972 599 2148 654; x_wconf 90' lang='lat' dir='ltr'>multo</span> 
     </span>
    </p>
   </div>
   <div class='ocr_carea' id='block_1_7' title="bbox 555 688 2148 765">
    <p class='ocr_par' dir='ltr' id='par_1_7' title="bbox 555 688 2148 765">
     <span class='ocr_line' id='line_1_7' title="bbox 555 688 2148 765; baseline -0.004 -13"><span class='ocrx_word' id='word_1_39' title='bbox 555 694 846 753; x_wconf 90' lang='lat' dir='ltr'>desiderio.</span> <span class='ocrx_word' id='word_1_40' title='bbox 878 694 1221 765; x_wconf 86' lang='lat' dir='ltr'>Quapropter</span> <span class='ocrx_word' id='word_1_41' title='bbox 1248 690 1530 746; x_wconf 90' lang='lat' dir='ltr'>voluimus</span> <span class='ocrx_word' id='word_1_42' title='bbox 1567 688 1756 745; x_wconf 89' lang='lat' dir='ltr'>venire</span> <span class='ocrx_word' id='word_1_43' title='bbox 1793 688 1861 745; x_wconf 91' lang='lat' dir='ltr'>ad</span> <span class='ocrx_word' id='word_1_44' title='bbox 1891 706 2008 758; x_wconf 90' lang='lat' dir='ltr'>vos,</span> <span class='ocrx_word' id='word_1_45' title='bbox 2051 706 2148 761; x_wconf 93' lang='lat' dir='ltr'>ego</span> 
     </span>
    </p>
   </div>
   <div class='ocr_carea' id='block_1_8' title="bbox 553 780 2149 853">
    <p class='ocr_par' dir='ltr' id='par_1_8' title="bbox 553 780 2149 853">
     <span class='ocr_line' id='line_1_8' title="bbox 553 780 2149 853; baseline -0.004 -10"><span class='ocrx_word' id='word_1_46' title='bbox 553 787 762 844; x_wconf 89' lang='lat' dir='ltr'>luidem</span> <span class='ocrx_word' id='word_1_47' title='bbox 806 787 1027 853; x_wconf 88' lang='lat' dir='ltr'>Paulus,</span> <span class='ocrx_word' id='word_1_48' title='bbox 1059 791 1112 839; x_wconf 89' lang='lat' dir='ltr'>et</span> <span class='ocrx_word' id='word_1_49' title='bbox 1161 783 1325 838; x_wconf 86' lang='lat' dir='ltr'>semel</span> <span class='ocrx_word' id='word_1_50' title='bbox 1372 788 1426 838; x_wconf 87' lang='lat' dir='ltr'>et</span> <span class='ocrx_word' id='word_1_51' title='bbox 1459 781 1679 848; x_wconf 81' lang='lat' dir='ltr'>iterum,</span> <span class='ocrx_word' id='word_1_52' title='bbox 1710 780 1804 836; x_wconf 89' lang='lat' dir='ltr'>sed</span> <span class='ocrx_word' id='word_1_53' title='bbox 1852 780 2149 852; x_wconf 79' lang='lat' dir='ltr'>impedivit</span> 
     </span>
    </p>
   </div>
   <div class='ocr_carea' id='block_1_9' title="bbox 553 868 2147 943">
    <p class='ocr_par' dir='ltr' id='par_1_9' title="bbox 553 868 2147 943">
     <span class='ocr_line' id='line_1_9' title="bbox 553 868 2147 943; baseline -0.004 -10"><span class='ocrx_word' id='word_1_54' title='bbox 553 893 653 933; x_wconf 91' lang='lat' dir='ltr'>nos</span> <span class='ocrx_word' id='word_1_55' title='bbox 682 876 926 932; x_wconf 85' lang='lat' dir='ltr'>Satanas.</span> <span class='ocrx_word' id='word_1_56' title='bbox 966 899 984 922; x_wconf 73' lang='grc' dir='ltr'><strong><em>ι</em></strong></span> <span class='ocrx_word' id='word_1_57' title='bbox 1034 877 1153 933; x_wconf 63' lang='lat' dir='ltr'>Non</span> <span class='ocrx_word' id='word_1_58' title='bbox 1184 870 1389 939; x_wconf 92' lang='lat' dir='ltr'>animo,</span> <span class='ocrx_word' id='word_1_59' title='bbox 1431 871 1524 926; x_wconf 91' lang='lat' dir='ltr'>sed</span> <span class='ocrx_word' id='word_1_60' title='bbox 1555 886 1782 943; x_wconf 89' lang='lat' dir='ltr'>corpore</span> <span class='ocrx_word' id='word_1_61' title='bbox 1805 868 2054 926; x_wconf 91' lang='lat' dir='ltr'>divulsos</span> <span class='ocrx_word' id='word_1_62' title='bbox 2091 886 2147 926; x_wconf 91' lang='lat' dir='ltr'>se</span> 
     </span>
    </p>
   </div>
   <div class='ocr_carea' id='block_1_10' title="bbox 552 960 2148 1031">
    <p class='ocr_par' dir='ltr' id='par_1_10' title="bbox 552 960 2148 1031">
     <span class='ocr_line' id='line_1_10' title="bbox 552 960 2148 1031; baseline -0.003 -8"><span class='ocrx_word' id='word_1_63' title='bbox 552 967 750 1023; x_wconf 89' lang='lat' dir='ltr'>dicunt</span> <span class='ocrx_word' id='word_1_64' title='bbox 791 963 858 1019; x_wconf 89' lang='lat' dir='ltr'>ab</span> <span class='ocrx_word' id='word_1_65' title='bbox 906 963 1018 1031; x_wconf 90' lang='lat' dir='ltr'>eis;</span> <span class='ocrx_word' id='word_1_66' title='bbox 1070 961 1309 1021; x_wconf 88' lang='lat' dir='ltr'>charitas</span> <span class='ocrx_word' id='word_1_67' title='bbox 1353 961 1500 1017; x_wconf 93' lang='lat' dir='ltr'>enim</span> <span class='ocrx_word' id='word_1_68' title='bbox 1541 977 1652 1016; x_wconf 91' lang='lat' dir='ltr'>non</span> <span class='ocrx_word' id='word_1_69' title='bbox 1701 960 1992 1028; x_wconf 85' lang='lat' dir='ltr'>dividitur,</span> <span class='ocrx_word' id='word_1_70' title='bbox 2046 978 2148 1018; x_wconf 89' lang='lat' dir='ltr'>nec</span> 
     </span>
    </p>
   </div>
   <div class='ocr_carea' id='block_1_11' title="bbox 551 1049 2146 1127">
    <p class='ocr_par' dir='ltr' id='par_1_11' title="bbox 551 1049 2146 1127">
     <span class='ocr_line' id='line_1_11' title="bbox 551 1049 2146 1127; baseline -0.004 -15"><span class='ocrx_word' id='word_1_71' title='bbox 551 1063 832 1127; x_wconf 87' lang='lat' dir='ltr'>separatur</span> <span class='ocrx_word' id='word_1_72' title='bbox 888 1072 900 1110; x_wconf 93' lang='lat'>:</span> <span class='ocrx_word' id='word_1_73' title='bbox 964 1053 1059 1109; x_wconf 92' lang='lat' dir='ltr'>sed</span> <span class='ocrx_word' id='word_1_74' title='bbox 1113 1060 1336 1125; x_wconf 85' lang='lat' dir='ltr'>propter</span> <span class='ocrx_word' id='word_1_75' title='bbox 1389 1049 1648 1122; x_wconf 90' lang='lat' dir='ltr'>majorem</span> <span class='ocrx_word' id='word_1_76' title='bbox 1724 1050 2146 1106; x_wconf 85' lang='lat' dir='ltr'>instructionem</span> 
     </span>
    </p>
   </div>
   <div class='ocr_carea' id='block_1_12' title="bbox 547 1139 2144 1213">
    <p class='ocr_par' dir='ltr' id='par_1_12' title="bbox 547 1139 2144 1213">
     <span class='ocr_line' id='line_1_12' title="bbox 547 1139 2144 1213; baseline -0.005 -11"><span class='ocrx_word' id='word_1_77' title='bbox 547 1145 713 1202; x_wconf 89' lang='lat' dir='ltr'>etiam</span> <span class='ocrx_word' id='word_1_78' title='bbox 765 1142 961 1202; x_wconf 83' lang='lat' dir='ltr'>faciem</span> <span class='ocrx_word' id='word_1_79' title='bbox 1017 1158 1206 1198; x_wconf 90' lang='lat' dir='ltr'>eorum</span> <span class='ocrx_word' id='word_1_80' title='bbox 1245 1157 1442 1213; x_wconf 91' lang='lat' dir='ltr'>cupere</span> <span class='ocrx_word' id='word_1_81' title='bbox 1497 1149 1554 1196; x_wconf 81' lang='lat' dir='ltr'>se’</span> <span class='ocrx_word' id='word_1_82' title='bbox 1599 1141 1794 1197; x_wconf 90' lang='lat' dir='ltr'>dicunt</span> <span class='ocrx_word' id='word_1_83' title='bbox 1843 1139 2049 1196; x_wconf 87' lang='lat' dir='ltr'>videre.</span> <span class='ocrx_word' id='word_1_84' title='bbox 2081 1141 2144 1195; x_wconf 92' lang='lat' dir='ltr'>In</span> 
     </span>
    </p>
   </div>
   <div class='ocr_carea' id='block_1_13' title="bbox 547 1231 2142 1303">
    <p class='ocr_par' dir='ltr' id='par_1_13' title="bbox 547 1231 2142 1303">
     <span class='ocr_line' id='line_1_13' title="bbox 547 1231 2142 1303; baseline -0.003 -11"><span class='ocrx_word' id='word_1_85' title='bbox 547 1236 711 1292; x_wconf 88' lang='lat' dir='ltr'>rebus</span> <span class='ocrx_word' id='word_1_86' title='bbox 740 1235 887 1290; x_wconf 89' lang='lat' dir='ltr'>enim</span> <span class='ocrx_word' id='word_1_87' title='bbox 908 1233 1118 1290; x_wconf 83' lang='lat' dir='ltr'>divinis</span> <span class='ocrx_word' id='word_1_88' title='bbox 1137 1231 1403 1288; x_wconf 89' lang='lat' dir='ltr'>deﬁciunt</span> <span class='ocrx_word' id='word_1_89' title='bbox 1420 1231 1641 1287; x_wconf 88' lang='lat' dir='ltr'>articuli</span> <span class='ocrx_word' id='word_1_90' title='bbox 1658 1232 2142 1303; x_wconf 90' lang='lat' dir='ltr'>comprehendere,</span> 
     </span>
    </p>
   </div>
   <div class='ocr_carea' id='block_1_14' title="bbox 545 1321 2144 1402">
    <p class='ocr_par' dir='ltr' id='par_1_14' title="bbox 545 1321 2144 1402">
     <span class='ocr_line' id='line_1_14' title="bbox 545 1321 2144 1402; baseline -0.004 -18"><span class='ocrx_word' id='word_1_91' title='bbox 545 1345 669 1402; x_wconf 64' lang='lat' dir='ltr'>quas</span> <span class='ocrx_word' id='word_1_92' title='bbox 695 1333 925 1400; x_wconf 89' lang='lat' dir='ltr'>possunt</span> <span class='ocrx_word' id='word_1_93' title='bbox 953 1325 1102 1392; x_wconf 91' lang='lat' dir='ltr'>dici;</span> <span class='ocrx_word' id='word_1_94' title='bbox 1140 1340 1242 1380; x_wconf 90' lang='lat' dir='ltr'>nec</span> <span class='ocrx_word' id='word_1_95' title='bbox 1287 1321 1434 1379; x_wconf 90' lang='lat' dir='ltr'>enim</span> <span class='ocrx_word' id='word_1_96' title='bbox 1473 1321 1676 1377; x_wconf 79' lang='lat' dir='ltr'>sufﬁcit</span> <span class='ocrx_word' id='word_1_97' title='bbox 1703 1322 1821 1378; x_wconf 90' lang='lat' dir='ltr'>dies</span> <span class='ocrx_word' id='word_1_98' title='bbox 1865 1323 2010 1394; x_wconf 89' lang='lat' dir='ltr'>stylo</span> <span class='ocrx_word' id='word_1_99' title='bbox 2055 1322 2144 1378; x_wconf 92' lang='lat' dir='ltr'>his</span> 
     </span>
    </p>
   </div>
   <div class='ocr_carea' id='block_1_15' title="bbox 546 1411 2142 1491">
    <p class='ocr_par' dir='ltr' id='par_1_15' title="bbox 546 1411 2142 1491">
     <span class='ocr_line' id='line_1_15' title="bbox 546 1411 2142 1491; baseline -0.004 -16"><span class='ocrx_word' id='word_1_100' title='bbox 546 1435 667 1491; x_wconf 66' lang='lat' dir='ltr'>quae</span> <span class='ocrx_word' id='word_1_101' title='bbox 688 1433 798 1475; x_wconf 90' lang='lat' dir='ltr'>una</span> <span class='ocrx_word' id='word_1_102' title='bbox 826 1417 962 1471; x_wconf 91' lang='lat' dir='ltr'>hora</span> <span class='ocrx_word' id='word_1_103' title='bbox 993 1421 1221 1487; x_wconf 89' lang='lat' dir='ltr'>possunt</span> <span class='ocrx_word' id='word_1_104' title='bbox 1246 1412 1494 1485; x_wconf 91' lang='lat' dir='ltr'>depromi</span> <span class='ocrx_word' id='word_1_105' title='bbox 1519 1430 1532 1479; x_wconf 88' lang='lat'>;</span> <span class='ocrx_word' id='word_1_106' title='bbox 1565 1419 1626 1466; x_wconf 89' lang='lat' dir='ltr'>ut</span> <span class='ocrx_word' id='word_1_107' title='bbox 1650 1427 1762 1466; x_wconf 88' lang='lat' dir='ltr'>non</span> <span class='ocrx_word' id='word_1_108' title='bbox 1793 1411 1969 1468; x_wconf 90' lang='lat' dir='ltr'>dicam</span> <span class='ocrx_word' id='word_1_109' title='bbox 1999 1428 2142 1486; x_wconf 85' lang='lat' dir='ltr'>quae-</span> 
     </span>
    </p>
   </div>
   <div class='ocr_carea' id='block_1_16' title="bbox 545 1502 2144 1577">
    <p class='ocr_par' dir='ltr' id='par_1_16' title="bbox 545 1502 2144 1577">
     <span class='ocr_line' id='line_1_16' title="bbox 545 1502 2144 1577; baseline -0.003 -14"><span class='ocrx_word' id='word_1_110' title='bbox 545 1507 668 1564; x_wconf 88' lang='lat' dir='ltr'>dam</span> <span class='ocrx_word' id='word_1_111' title='bbox 738 1521 853 1564; x_wconf 91' lang='lat' dir='ltr'>esse</span> <span class='ocrx_word' id='word_1_112' title='bbox 905 1504 1140 1577; x_wconf 85' lang='lat' dir='ltr'>mystica</span> <span class='ocrx_word' id='word_1_113' title='bbox 1181 1502 1464 1576; x_wconf 84' lang='lat' dir='ltr'>religionis</span> <span class='ocrx_word' id='word_1_114' title='bbox 1504 1509 1724 1570; x_wconf 77' lang='lat' dir='ltr'>nostrae,</span> <span class='ocrx_word' id='word_1_115' title='bbox 1756 1519 1876 1574; x_wconf 64' lang='lat' dir='ltr'>quas</span> <span class='ocrx_word' id='word_1_116' title='bbox 1923 1510 2144 1575; x_wconf 87' lang='lat' dir='ltr'>propter</span> 
     </span>
    </p>
   </div>
   <div class='ocr_carea' id='block_1_17' title="bbox 543 1591 2142 1665">
    <p class='ocr_par' dir='ltr' id='par_1_17' title="bbox 543 1591 2142 1665">
     <span class='ocr_line' id='line_1_17' title="bbox 543 1591 2142 1665; baseline -0.001 -13"><span class='ocrx_word' id='word_1_117' title='bbox 543 1597 789 1654; x_wconf 88' lang='lat' dir='ltr'>carnales</span> <span class='ocrx_word' id='word_1_118' title='bbox 843 1610 1054 1664; x_wconf 86' lang='lat' dir='ltr'>sensus,</span> <span class='ocrx_word' id='word_1_119' title='bbox 1111 1610 1181 1650; x_wconf 90' lang='lat' dir='ltr'>ne</span> <span class='ocrx_word' id='word_1_120' title='bbox 1228 1593 1548 1650; x_wconf 86' lang='lat' dir='ltr'>scandalum</span> <span class='ocrx_word' id='word_1_121' title='bbox 1604 1591 1884 1665; x_wconf 90' lang='lat' dir='ltr'>patiantur</span> <span class='ocrx_word' id='word_1_122' title='bbox 1909 1635 1925 1662; x_wconf 94' lang='lat'>,</span> <span class='ocrx_word' id='word_1_123' title='bbox 1981 1593 2142 1650; x_wconf 85' lang='lat' dir='ltr'>facile</span> 
     </span>
    </p>
   </div>
   <div class='ocr_carea' id='block_1_18' title="bbox 542 1681 2143 1757">
    <p class='ocr_par' dir='ltr' id='par_1_18' title="bbox 542 1681 2143 1757">
     <span class='ocr_line' id='line_1_18' title="bbox 542 1681 2143 1757; baseline -0.001 -15"><span class='ocrx_word' id='word_1_124' title='bbox 542 1685 814 1757; x_wconf 86' lang='lat' dir='ltr'>publicari</span> <span class='ocrx_word' id='word_1_125' title='bbox 852 1701 964 1741; x_wconf 92' lang='lat' dir='ltr'>non</span> <span class='ocrx_word' id='word_1_126' title='bbox 995 1684 1229 1740; x_wconf 88' lang='lat' dir='ltr'>debeant</span> <span class='ocrx_word' id='word_1_127' title='bbox 1270 1701 1281 1738; x_wconf 92' lang='lat'>:</span> <span class='ocrx_word' id='word_1_128' title='bbox 1314 1682 1443 1755; x_wconf 89' lang='lat' dir='ltr'>quia</span> <span class='ocrx_word' id='word_1_129' title='bbox 1481 1698 1593 1738; x_wconf 94' lang='lat' dir='ltr'>non</span> <span class='ocrx_word' id='word_1_130' title='bbox 1623 1681 1880 1738; x_wconf 89' lang='lat' dir='ltr'>omnibus</span> <span class='ocrx_word' id='word_1_131' title='bbox 1909 1682 2143 1740; x_wconf 88' lang='lat' dir='ltr'>dicenda</span> 
     </span>
    </p>
   </div>
   <div class='ocr_carea' id='block_1_19' title="bbox 2259 512 3870 580">
    <p class='ocr_par' dir='ltr' id='par_1_19' title="bbox 2259 512 3870 580">
     <span class='ocr_line' id='line_1_19' title="bbox 2259 512 3870 580; baseline 0.007 -18"><span class='ocrx_word' id='word_1_132' title='bbox 2259 524 2422 580; x_wconf 90' lang='lat' dir='ltr'>quam</span> <span class='ocrx_word' id='word_1_133' title='bbox 2455 527 2567 565; x_wconf 90' lang='lat' dir='ltr'>rem</span> <span class='ocrx_word' id='word_1_134' title='bbox 2600 513 2966 569; x_wconf 86' lang='lat' dir='ltr'>excusandam</span> <span class='ocrx_word' id='word_1_135' title='bbox 2991 512 3342 569; x_wconf 86' lang='lat' dir='ltr'>Timotheum</span> <span class='ocrx_word' id='word_1_136' title='bbox 3371 517 3600 570; x_wconf 87' lang='lat' dir='ltr'>missum</span> <span class='ocrx_word' id='word_1_137' title='bbox 3627 522 3870 574; x_wconf 86' lang='lat' dir='ltr'>testatur</span> 
     </span>
    </p>
   </div>
   <div class='ocr_carea' id='block_1_20' title="bbox 2260 595 3868 676">
    <p class='ocr_par' dir='ltr' id='par_1_20' title="bbox 2260 595 3868 676">
     <span class='ocr_line' id='line_1_20' title="bbox 2260 595 3868 676; baseline 0.007 -25"><span class='ocrx_word' id='word_1_138' title='bbox 2260 595 2517 654; x_wconf 79' lang='lat' dir='ltr'>idoneum</span> <span class='ocrx_word' id='word_1_139' title='bbox 2575 600 2892 671; x_wconf 91' lang='lat' dir='ltr'>doctorem,</span> <span class='ocrx_word' id='word_1_140' title='bbox 2943 603 3037 676; x_wconf 90' lang='lat' dir='ltr'>qui</span> <span class='ocrx_word' id='word_1_141' title='bbox 3095 601 3407 658; x_wconf 87' lang='lat' dir='ltr'>ostenderet</span> <span class='ocrx_word' id='word_1_142' title='bbox 3473 602 3607 660; x_wconf 89' lang='lat' dir='ltr'>hinc</span> <span class='ocrx_word' id='word_1_143' title='bbox 3662 607 3868 664; x_wconf 88' lang='lat' dir='ltr'>meriat</span> 
     </span>
    </p>
   </div>
   <div class='ocr_carea' id='block_1_21' title="bbox 2258 689 3866 770">
    <p class='ocr_par' dir='ltr' id='par_1_21' title="bbox 2258 689 3866 770">
     <span class='ocr_line' id='line_1_21' title="bbox 2258 689 3866 770; baseline 0.006 -25"><span class='ocrx_word' id='word_1_144' title='bbox 2258 705 2498 746; x_wconf 88' lang='lat' dir='ltr'>crescere</span> <span class='ocrx_word' id='word_1_145' title='bbox 2541 689 2892 761; x_wconf 91' lang='lat' dir='ltr'>Christianis,</span> <span class='ocrx_word' id='word_1_146' title='bbox 2927 695 2970 750; x_wconf 91' lang='lat' dir='ltr'>si</span> <span class='ocrx_word' id='word_1_147' title='bbox 3019 712 3118 768; x_wconf 88' lang='lat' dir='ltr'>pro</span> <span class='ocrx_word' id='word_1_148' title='bbox 3168 694 3391 751; x_wconf 90' lang='lat' dir='ltr'>nomine</span> <span class='ocrx_word' id='word_1_149' title='bbox 3437 694 3661 752; x_wconf 90' lang='lat' dir='ltr'>Domini</span> <span class='ocrx_word' id='word_1_150' title='bbox 3714 698 3866 770; x_wconf 86' lang='lat' dir='ltr'>passi</span> 
     </span>
    </p>
   </div>
   <div class='ocr_carea' id='block_1_22' title="bbox 2259 780 3861 864">
    <p class='ocr_par' dir='ltr' id='par_1_22' title="bbox 2259 780 3861 864">
     <span class='ocr_line' id='line_1_22' title="bbox 2259 780 3861 864; baseline 0.012 -32"><span class='ocrx_word' id='word_1_151' title='bbox 2259 780 2458 850; x_wconf 82' lang='lat' dir='ltr'>gratias</span> <span class='ocrx_word' id='word_1_152' title='bbox 2481 790 2660 852; x_wconf 83' lang='lat' dir='ltr'>agant,</span> <span class='ocrx_word' id='word_1_153' title='bbox 2681 799 2710 836; x_wconf 88' lang='lat' dir='ltr'>a</span> <span class='ocrx_word' id='word_1_154' title='bbox 2731 801 2839 856; x_wconf 93' lang='lat' dir='ltr'>quo</span> <span class='ocrx_word' id='word_1_155' title='bbox 2868 783 3035 855; x_wconf 88' lang='lat' dir='ltr'>hujus</span> <span class='ocrx_word' id='word_1_156' title='bbox 3065 785 3144 840; x_wconf 92' lang='lat' dir='ltr'>rei</span> <span class='ocrx_word' id='word_1_157' title='bbox 3174 785 3480 843; x_wconf 90' lang='lat' dir='ltr'>mercedem</span> <span class='ocrx_word' id='word_1_158' title='bbox 3511 800 3861 864; x_wconf 78' lang='lat' dir='ltr'>exspectant,</span> 
     </span>
    </p>
   </div>
   <div class='ocr_carea' id='block_1_23' title="bbox 2257 868 3858 942">
    <p class='ocr_par' dir='ltr' id='par_1_23' title="bbox 2257 868 3858 942">
     <span class='ocr_line' id='line_1_23' title="bbox 2257 868 3858 942; baseline 0.012 -21"><span class='ocrx_word' id='word_1_159' title='bbox 2257 868 2532 941; x_wconf 88' lang='lat' dir='ltr'>simulque</span> <span class='ocrx_word' id='word_1_160' title='bbox 2562 887 2747 942; x_wconf 90' lang='lat' dir='ltr'>preces</span> <span class='ocrx_word' id='word_1_161' title='bbox 2789 873 2901 927; x_wconf 93' lang='lat' dir='ltr'>Deo</span> <span class='ocrx_word' id='word_1_162' title='bbox 2932 873 3245 942; x_wconf 88' lang='lat' dir='ltr'>funderent,</span> <span class='ocrx_word' id='word_1_163' title='bbox 3283 883 3344 930; x_wconf 87' lang='lat' dir='ltr'>ut</span> <span class='ocrx_word' id='word_1_164' title='bbox 3391 876 3616 935; x_wconf 87' lang='lat' dir='ltr'>stabiles</span> <span class='ocrx_word' id='word_1_165' title='bbox 3653 893 3858 942; x_wconf 90' lang='lat' dir='ltr'>essent.</span> 
     </span>
    </p>
   </div>
   <div class='ocr_carea' id='block_1_24' title="bbox 2255 958 3861 1046">
    <p class='ocr_par' dir='ltr' id='par_1_24' title="bbox 2255 958 3861 1046">
     <span class='ocr_line' id='line_1_24' title="bbox 2255 958 3861 1046; baseline 0.011 -33"><span class='ocrx_word' id='word_1_166' title='bbox 2255 958 2428 1026; x_wconf 89' lang='lat' dir='ltr'>Quam</span> <span class='ocrx_word' id='word_1_167' title='bbox 2496 961 2928 1032; x_wconf 89' lang='lat' dir='ltr'>persecutionem</span> <span class='ocrx_word' id='word_1_168' title='bbox 2998 963 3204 1022; x_wconf 90' lang='lat' dir='ltr'>idcirco</span> <span class='ocrx_word' id='word_1_169' title='bbox 3269 983 3326 1021; x_wconf 92' lang='lat' dir='ltr'>se</span> <span class='ocrx_word' id='word_1_170' title='bbox 3389 984 3643 1040; x_wconf 88' lang='lat' dir='ltr'>passuros</span> <span class='ocrx_word' id='word_1_171' title='bbox 3709 991 3861 1046; x_wconf 70' lang='lat' dir='ltr'>prae-</span> 
     </span>
    </p>
   </div>
   <div class='ocr_carea' id='block_1_25' title="bbox 2255 1049 3859 1137">
    <p class='ocr_par' dir='ltr' id='par_1_25' title="bbox 2255 1049 3859 1137">
     <span class='ocr_line' id='line_1_25' title="bbox 2255 1049 3859 1137; baseline 0.011 -32"><span class='ocrx_word' id='word_1_172' title='bbox 2255 1049 2593 1120; x_wconf 88' lang='lat' dir='ltr'>dicaverant,</span> <span class='ocrx_word' id='word_1_173' title='bbox 2654 1061 2716 1108; x_wconf 91' lang='lat' dir='ltr'>ut</span> <span class='ocrx_word' id='word_1_174' title='bbox 2771 1071 2866 1127; x_wconf 91' lang='lat' dir='ltr'>per</span> <span class='ocrx_word' id='word_1_175' title='bbox 2921 1053 2978 1110; x_wconf 90' lang='lat' dir='ltr'>id</span> <span class='ocrx_word' id='word_1_176' title='bbox 3028 1056 3174 1128; x_wconf 91' lang='lat' dir='ltr'>quod</span> <span class='ocrx_word' id='word_1_177' title='bbox 3231 1058 3631 1128; x_wconf 69' lang='lat' dir='ltr'>praescientiam</span> <span class='ocrx_word' id='word_1_178' title='bbox 3690 1063 3859 1137; x_wconf 86' lang='lat' dir='ltr'>hujus</span> 
     </span>
    </p>
   </div>
   <div class='ocr_carea' id='block_1_26' title="bbox 2256 1138 3857 1226">
    <p class='ocr_par' dir='ltr' id='par_1_26' title="bbox 2256 1138 3857 1226">
     <span class='ocr_line' id='line_1_26' title="bbox 2256 1138 3857 1226; baseline 0.012 -34"><span class='ocrx_word' id='word_1_179' title='bbox 2256 1138 2334 1194; x_wconf 90' lang='lat' dir='ltr'>rei</span> <span class='ocrx_word' id='word_1_180' title='bbox 2383 1138 2580 1197; x_wconf 91' lang='lat' dir='ltr'>habere</span> <span class='ocrx_word' id='word_1_181' title='bbox 2629 1159 2685 1198; x_wconf 93' lang='lat' dir='ltr'>se</span> <span class='ocrx_word' id='word_1_182' title='bbox 2741 1151 3213 1214; x_wconf 89' lang='lat' dir='ltr'>protestarentur,</span> <span class='ocrx_word' id='word_1_183' title='bbox 3273 1163 3428 1218; x_wconf 91' lang='lat' dir='ltr'>posse</span> <span class='ocrx_word' id='word_1_184' title='bbox 3497 1167 3553 1205; x_wconf 88' lang='lat' dir='ltr'>se</span> <span class='ocrx_word' id='word_1_185' title='bbox 3619 1153 3857 1226; x_wconf 76' lang='lat' dir='ltr'>effugere</span> 
     </span>
    </p>
   </div>
   <div class='ocr_carea' id='block_1_27' title="bbox 2254 1231 3857 1319">
    <p class='ocr_par' dir='ltr' id='par_1_27' title="bbox 2254 1231 3857 1319">
     <span class='ocr_line' id='line_1_27' title="bbox 2254 1231 3857 1319; baseline 0.012 -35"><span class='ocrx_word' id='word_1_186' title='bbox 2254 1237 2307 1284; x_wconf 92' lang='lat' dir='ltr'>et</span> <span class='ocrx_word' id='word_1_187' title='bbox 2362 1231 2638 1287; x_wconf 89' lang='lat' dir='ltr'>declinare</span> <span class='ocrx_word' id='word_1_188' title='bbox 2686 1231 2784 1288; x_wconf 89' lang='lat' dir='ltr'>has</span> <span class='ocrx_word' id='word_1_189' title='bbox 2832 1232 3062 1304; x_wconf 89' lang='lat' dir='ltr'>injurias</span> <span class='ocrx_word' id='word_1_190' title='bbox 3120 1235 3485 1309; x_wconf 88' lang='lat' dir='ltr'>approbarent</span> <span class='ocrx_word' id='word_1_191' title='bbox 3539 1258 3550 1297; x_wconf 93' lang='lat'>:</span> <span class='ocrx_word' id='word_1_192' title='bbox 3603 1243 3697 1300; x_wconf 87' lang='lat' dir='ltr'>sed</span> <span class='ocrx_word' id='word_1_193' title='bbox 3728 1246 3857 1319; x_wconf 87' lang='lat' dir='ltr'>quia</span> 
     </span>
    </p>
   </div>
   <div class='ocr_carea' id='block_1_28' title="bbox 2254 1321 3855 1394">
    <p class='ocr_par' dir='ltr' id='par_1_28' title="bbox 2254 1321 3855 1394">
     <span class='ocr_line' id='line_1_28' title="bbox 2254 1321 3855 1394; baseline 0.012 -20"><span class='ocrx_word' id='word_1_194' title='bbox 2254 1335 2374 1390; x_wconf 90' lang='lat' dir='ltr'>spes</span> <span class='ocrx_word' id='word_1_195' title='bbox 2422 1337 2617 1393; x_wconf 87' lang='lat' dir='ltr'>magna</span> <span class='ocrx_word' id='word_1_196' title='bbox 2658 1322 2716 1378; x_wconf 90' lang='lat' dir='ltr'>in</span> <span class='ocrx_word' id='word_1_197' title='bbox 2757 1321 2844 1378; x_wconf 87' lang='lat' dir='ltr'>his</span> <span class='ocrx_word' id='word_1_198' title='bbox 2890 1331 2992 1392; x_wconf 90' lang='lat' dir='ltr'>est,</span> <span class='ocrx_word' id='word_1_199' title='bbox 3036 1324 3160 1381; x_wconf 90' lang='lat' dir='ltr'>ideo</span> <span class='ocrx_word' id='word_1_200' title='bbox 3199 1325 3337 1382; x_wconf 85' lang='lat' dir='ltr'>dicit</span> <span class='ocrx_word' id='word_1_201' title='bbox 3390 1327 3574 1389; x_wconf 85' lang='lat' dir='ltr'>illatas</span> <span class='ocrx_word' id='word_1_202' title='bbox 3629 1334 3855 1394; x_wconf 75' lang='lat' dir='ltr'>sufferre</span> 
     </span>
    </p>
   </div>
   <div class='ocr_carea' id='block_1_29' title="bbox 2253 1409 2759 1480">
    <p class='ocr_par' dir='ltr' id='par_1_29' title="bbox 2253 1409 2759 1480">
     <span class='ocr_line' id='line_1_29' title="bbox 2253 1409 2759 1480; baseline 0.018 -18"><span class='ocrx_word' id='word_1_203' title='bbox 2253 1409 2474 1480; x_wconf 89' lang='lat' dir='ltr'>quidem</span> <span class='ocrx_word' id='word_1_204' title='bbox 2507 1413 2759 1471; x_wconf 90' lang='lat' dir='ltr'>libenter.</span> 
     </span>
    </p>
   </div>
   <div class='ocr_carea' id='block_1_30' title="bbox 2327 1508 3850 1599">
    <p class='ocr_par' dir='ltr' id='par_1_30' title="bbox 2327 1508 3850 1599">
     <span class='ocr_line' id='line_1_30' title="bbox 2327 1508 3850 1599; baseline 0.014 -35"><span class='ocrx_word' id='word_1_205' title='bbox 2327 1508 2508 1580; x_wconf 88' lang='lat' dir='ltr'>(Vers.</span> <span class='ocrx_word' id='word_1_206' title='bbox 2557 1510 2639 1582; x_wconf 83' lang='lat'>5.)</span> <span class='ocrx_word' id='word_1_207' title='bbox 2688 1537 2704 1558; x_wconf 78' lang='grc' dir='ltr'>ι</span> <span class='ocrx_word' id='word_1_208' title='bbox 2736 1511 2864 1569; x_wconf 93' lang='lat' dir='ltr'>Ideo</span> <span class='ocrx_word' id='word_1_209' title='bbox 2901 1520 2955 1570; x_wconf 87' lang='lat' dir='ltr'>et</span> <span class='ocrx_word' id='word_1_210' title='bbox 3003 1531 3101 1587; x_wconf 94' lang='lat' dir='ltr'>ego</span> <span class='ocrx_word' id='word_1_211' title='bbox 3153 1532 3265 1572; x_wconf 92' lang='lat' dir='ltr'>non</span> <span class='ocrx_word' id='word_1_212' title='bbox 3311 1521 3551 1593; x_wconf 88' lang='lat' dir='ltr'>amplius</span> <span class='ocrx_word' id='word_1_213' title='bbox 3591 1525 3850 1599; x_wconf 88' lang='lat' dir='ltr'>tolerans,</span> 
     </span>
    </p>
   </div>
   <div class='ocr_carea' id='block_1_31' title="bbox 2251 1596 3853 1691">
    <p class='ocr_par' dir='ltr' id='par_1_31' title="bbox 2251 1596 3853 1691">
     <span class='ocr_line' id='line_1_31' title="bbox 2251 1596 3853 1691; baseline 0.015 -40"><span class='ocrx_word' id='word_1_214' title='bbox 2251 1596 2378 1654; x_wconf 89' lang='lat' dir='ltr'>misi</span> <span class='ocrx_word' id='word_1_215' title='bbox 2407 1599 2476 1654; x_wconf 90' lang='lat' dir='ltr'>ad</span> <span class='ocrx_word' id='word_1_216' title='bbox 2506 1599 2610 1656; x_wconf 89' lang='lat' dir='ltr'>hoc</span> <span class='ocrx_word' id='word_1_217' title='bbox 2638 1608 2698 1657; x_wconf 91' lang='lat' dir='ltr'>ut</span> <span class='ocrx_word' id='word_1_218' title='bbox 2730 1619 3118 1676; x_wconf 83' lang='lat' dir='ltr'>cognoscerem</span> <span class='ocrx_word' id='word_1_219' title='bbox 3151 1606 3316 1664; x_wconf 89' lang='lat' dir='ltr'>ﬁdem</span> <span class='ocrx_word' id='word_1_220' title='bbox 3350 1618 3609 1683; x_wconf 83' lang='lat' dir='ltr'>vestram,</span> <span class='ocrx_word' id='word_1_221' title='bbox 3643 1631 3714 1673; x_wconf 91' lang='lat' dir='ltr'>ne</span> <span class='ocrx_word' id='word_1_222' title='bbox 3743 1634 3853 1691; x_wconf 90' lang='lat' dir='ltr'>quo</span> 
     </span>
    </p>
   </div>
   <div class='ocr_carea' id='block_1_32' title="bbox 2252 1686 3852 1768">
    <p class='ocr_par' dir='ltr' id='par_1_32' title="bbox 2252 1686 3852 1768">
     <span class='ocr_line' id='line_1_32' title="bbox 2252 1686 3852 1768; baseline 0.014 -27"><span class='ocrx_word' id='word_1_223' title='bbox 2252 1686 2415 1743; x_wconf 91' lang='lat' dir='ltr'>modo</span> <span class='ocrx_word' id='word_1_224' title='bbox 2444 1691 2800 1748; x_wconf 89' lang='lat' dir='ltr'>attentaverit</span> <span class='ocrx_word' id='word_1_225' title='bbox 2849 1709 2948 1750; x_wconf 66' lang='lat' dir='ltr'>vos</span> <span class='ocrx_word' id='word_1_226' title='bbox 2976 1694 3071 1751; x_wconf 92' lang='lat' dir='ltr'>ille</span> <span class='ocrx_word' id='word_1_227' title='bbox 3123 1703 3382 1768; x_wconf 88' lang='lat' dir='ltr'>tentator,</span> <span class='ocrx_word' id='word_1_228' title='bbox 3414 1709 3464 1756; x_wconf 91' lang='lat' dir='ltr'>et</span> <span class='ocrx_word' id='word_1_229' title='bbox 3511 1701 3693 1760; x_wconf 88' lang='lat' dir='ltr'>inanis</span> <span class='ocrx_word' id='word_1_230' title='bbox 3752 1686 3852 1765; x_wconf 82' lang='lat' dir='ltr'>ﬁat</span> 
     </span>
    </p>
   </div>
   <div class='ocr_carea' id='block_1_33' title="bbox 542 1773 3844 1869">
    <p class='ocr_par' dir='ltr' id='par_1_33' title="bbox 542 1773 3844 1869">
     <span class='ocr_line' id='line_1_33' title="bbox 542 1773 3844 1869; baseline 0.006 -37"><span class='ocrx_word' id='word_1_231' title='bbox 542 1783 671 1832; x_wconf 93' lang='lat' dir='ltr'>sunt</span> <span class='ocrx_word' id='word_1_232' title='bbox 691 1775 899 1844; x_wconf 91' lang='lat' dir='ltr'>omnia,</span> <span class='ocrx_word' id='word_1_233' title='bbox 921 1773 1016 1830; x_wconf 93' lang='lat' dir='ltr'>sed</span> <span class='ocrx_word' id='word_1_234' title='bbox 1038 1790 1135 1846; x_wconf 89' lang='lat' dir='ltr'>pro</span> <span class='ocrx_word' id='word_1_235' title='bbox 1157 1773 1589 1846; x_wconf 90' lang='lat' dir='ltr'>uniuscujusque</span> <span class='ocrx_word' id='word_1_236' title='bbox 1612 1780 1776 1845; x_wconf 90' lang='lat' dir='ltr'>captu</span> <span class='ocrx_word' id='word_1_237' title='bbox 1803 1773 2136 1832; x_wconf 89' lang='lat' dir='ltr'>moderanda</span> <span class='ocrx_word' id='word_1_238' title='bbox 2168 1790 2215 1852; x_wconf 84' lang='grc' dir='ltr'><strong>Β</strong></span> <span class='ocrx_word' id='word_1_239' title='bbox 2252 1775 2406 1832; x_wconf 88' lang='lat' dir='ltr'>labor</span> <span class='ocrx_word' id='word_1_240' title='bbox 2465 1787 2664 1837; x_wconf 81' lang='lat' dir='ltr'>vester.</span> <span class='ocrx_word' id='word_1_241' title='bbox 2698 1808 2716 1830; x_wconf 76' lang='grc' dir='ltr'><strong><em>ι</em></strong></span> <span class='ocrx_word' id='word_1_242' title='bbox 2778 1783 2931 1840; x_wconf 89' lang='lat' dir='ltr'>Istud</span> <span class='ocrx_word' id='word_1_243' title='bbox 2980 1794 3203 1858; x_wconf 89' lang='lat' dir='ltr'>propter</span> <span class='ocrx_word' id='word_1_244' title='bbox 3257 1790 3518 1862; x_wconf 90' lang='lat' dir='ltr'>quosdam</span> <span class='ocrx_word' id='word_1_245' title='bbox 3569 1793 3706 1850; x_wconf 89' lang='lat' dir='ltr'>dicit</span> <span class='ocrx_word' id='word_1_246' title='bbox 3747 1797 3844 1869; x_wconf 86' lang='lat' dir='ltr'>qui</span> 
     </span>
    </p>
   </div>
   <div class='ocr_carea' id='block_1_34' title="bbox 542 1861 2142 1933">
    <p class='ocr_par' dir='ltr' id='par_1_34' title="bbox 542 1861 2142 1933">
     <span class='ocr_line' id='line_1_34' title="bbox 542 1861 2142 1933; baseline 0.003 -12"><span class='ocrx_word' id='word_1_247' title='bbox 542 1871 672 1921; x_wconf 90' lang='lat' dir='ltr'>sunt</span> <span class='ocrx_word' id='word_1_248' title='bbox 718 1865 884 1933; x_wconf 90' lang='lat' dir='ltr'>dicta,</span> <span class='ocrx_word' id='word_1_249' title='bbox 934 1865 1096 1920; x_wconf 86' lang='lat' dir='ltr'>aliter</span> <span class='ocrx_word' id='word_1_250' title='bbox 1149 1861 1400 1931; x_wconf 89' lang='lat' dir='ltr'>rudibus,</span> <span class='ocrx_word' id='word_1_251' title='bbox 1439 1863 1597 1919; x_wconf 89' lang='lat' dir='ltr'>aliter</span> <span class='ocrx_word' id='word_1_252' title='bbox 1623 1863 1888 1922; x_wconf 84' lang='lat' dir='ltr'>fundatis.</span> <span class='ocrx_word' id='word_1_253' title='bbox 1931 1864 2142 1926; x_wconf 88' lang='lat' dir='ltr'>Idcirco</span> 
     </span>
    </p>
   </div>
   <div class='ocr_carea' id='block_1_35' title="bbox 541 1953 2142 2028">
    <p class='ocr_par' dir='ltr' id='par_1_35' title="bbox 541 1953 2142 2028">
     <span class='ocr_line' id='line_1_35' title="bbox 541 1953 2142 2028; baseline 0.004 -19"><span class='ocrx_word' id='word_1_254' title='bbox 541 1954 832 2027; x_wconf 75' lang='lat' dir='ltr'>praesentia</span> <span class='ocrx_word' id='word_1_255' title='bbox 883 1953 1132 2027; x_wconf 87' lang='lat' dir='ltr'>corporis</span> <span class='ocrx_word' id='word_1_256' title='bbox 1161 1954 1498 2027; x_wconf 88' lang='lat' dir='ltr'>requiritur;</span> <span class='ocrx_word' id='word_1_257' title='bbox 1549 1955 1679 2028; x_wconf 90' lang='lat' dir='ltr'>quia</span> <span class='ocrx_word' id='word_1_258' title='bbox 1732 1954 1812 2012; x_wconf 89' lang='lat' dir='ltr'>sic</span> <span class='ocrx_word' id='word_1_259' title='bbox 1856 1957 2142 2028; x_wconf 89' lang='lat' dir='ltr'>perﬁcitur</span> 
     </span>
    </p>
   </div>
   <div class='ocr_carea' id='block_1_36' title="bbox 541 2045 2141 2114">
    <p class='ocr_par' dir='ltr' id='par_1_36' title="bbox 541 2045 2141 2114">
     <span class='ocr_line' id='line_1_36' title="bbox 541 2045 2141 2114; baseline 0.003 -14"><span class='ocrx_word' id='word_1_260' title='bbox 541 2045 745 2102; x_wconf 90' lang='lat' dir='ltr'>veritas</span> <span class='ocrx_word' id='word_1_261' title='bbox 773 2045 1077 2103; x_wconf 88' lang='lat' dir='ltr'>charitatis.</span> <span class='ocrx_word' id='word_1_262' title='bbox 1102 2045 1370 2114; x_wconf 89' lang='lat' dir='ltr'>Quamvis</span> <span class='ocrx_word' id='word_1_263' title='bbox 1401 2045 1550 2102; x_wconf 90' lang='lat' dir='ltr'>enim</span> <span class='ocrx_word' id='word_1_264' title='bbox 1589 2045 1828 2103; x_wconf 90' lang='lat' dir='ltr'>charitas</span> <span class='ocrx_word' id='word_1_265' title='bbox 1856 2063 1967 2102; x_wconf 92' lang='lat' dir='ltr'>non</span> <span class='ocrx_word' id='word_1_266' title='bbox 1999 2048 2141 2105; x_wconf 86' lang='lat' dir='ltr'>divi-</span> 
     </span>
    </p>
   </div>
   <div class='ocr_carea' id='block_1_37' title="bbox 540 2134 2135 2211">
    <p class='ocr_par' dir='ltr' id='par_1_37' title="bbox 540 2134 2135 2211">
     <span class='ocr_line' id='line_1_37' title="bbox 540 2134 2135 2211; baseline 0.004 -19"><span class='ocrx_word' id='word_1_267' title='bbox 540 2134 722 2204; x_wconf 85' lang='lat' dir='ltr'>datur,</span> <span class='ocrx_word' id='word_1_268' title='bbox 754 2135 1090 2192; x_wconf 91' lang='lat' dir='ltr'>desiderium</span> <span class='ocrx_word' id='word_1_269' title='bbox 1139 2143 1322 2192; x_wconf 89' lang='lat' dir='ltr'>tamen</span> <span class='ocrx_word' id='word_1_270' title='bbox 1367 2135 1500 2194; x_wconf 88' lang='lat' dir='ltr'>facit</span> <span class='ocrx_word' id='word_1_271' title='bbox 1545 2135 1794 2192; x_wconf 89' lang='lat' dir='ltr'>absentia</span> <span class='ocrx_word' id='word_1_272' title='bbox 1844 2139 2135 2211; x_wconf 89' lang='lat' dir='ltr'>corporis:</span> 
     </span>
    </p>
   </div>
   <div class='ocr_carea' id='block_1_38' title="bbox 538 2223 2139 2298">
    <p class='ocr_par' dir='ltr' id='par_1_38' title="bbox 538 2223 2139 2298">
     <span class='ocr_line' id='line_1_38' title="bbox 538 2223 2139 2298; baseline 0.001 -18"><span class='ocrx_word' id='word_1_273' title='bbox 538 2223 776 2296; x_wconf 89' lang='lat' dir='ltr'>denique</span> <span class='ocrx_word' id='word_1_274' title='bbox 831 2224 1020 2280; x_wconf 89' lang='lat' dir='ltr'>osculo</span> <span class='ocrx_word' id='word_1_275' title='bbox 1081 2233 1135 2281; x_wconf 89' lang='lat' dir='ltr'>et</span> <span class='ocrx_word' id='word_1_276' title='bbox 1188 2223 1448 2296; x_wconf 84' lang='lat' dir='ltr'>amplexu</span> <span class='ocrx_word' id='word_1_277' title='bbox 1511 2225 1823 2280; x_wconf 90' lang='lat' dir='ltr'>animorum</span> <span class='ocrx_word' id='word_1_278' title='bbox 1888 2228 2139 2298; x_wconf 89' lang='lat' dir='ltr'>expletur</span> 
     </span>
    </p>
   </div>
   <div class='ocr_carea' id='block_1_39' title="bbox 539 2312 2139 2386">
    <p class='ocr_par' dir='ltr' id='par_1_39' title="bbox 539 2312 2139 2386">
     <span class='ocr_line' id='line_1_39' title="bbox 539 2312 2139 2386; baseline 0.003 -19"><span class='ocrx_word' id='word_1_279' title='bbox 539 2313 813 2368; x_wconf 89' lang='lat' dir='ltr'>voluntas.</span> <span class='ocrx_word' id='word_1_280' title='bbox 847 2312 950 2370; x_wconf 89' lang='lat' dir='ltr'>Cui</span> <span class='ocrx_word' id='word_1_281' title='bbox 986 2313 1063 2368; x_wconf 90' lang='lat' dir='ltr'>rei</span> <span class='ocrx_word' id='word_1_282' title='bbox 1112 2313 1508 2386; x_wconf 88' lang='lat' dir='ltr'>impedimento</span> <span class='ocrx_word' id='word_1_283' title='bbox 1542 2314 1734 2370; x_wconf 87' lang='lat' dir='ltr'>asserit</span> <span class='ocrx_word' id='word_1_284' title='bbox 1777 2314 1946 2371; x_wconf 89' lang='lat' dir='ltr'>fuisse</span> <span class='ocrx_word' id='word_1_285' title='bbox 1990 2316 2139 2372; x_wconf 89' lang='lat' dir='ltr'>Sata-</span> 
     </span>
    </p>
   </div>
   <div class='ocr_carea' id='block_1_40' title="bbox 536 2402 2134 2476">
    <p class='ocr_par' dir='ltr' id='par_1_40' title="bbox 536 2402 2134 2476">
     <span class='ocr_line' id='line_1_40' title="bbox 536 2402 2134 2476; baseline 0.003 -19"><span class='ocrx_word' id='word_1_286' title='bbox 536 2418 686 2470; x_wconf 88' lang='lat' dir='ltr'>nam,</span> <span class='ocrx_word' id='word_1_287' title='bbox 719 2402 815 2474; x_wconf 91' lang='lat' dir='ltr'>qui</span> <span class='ocrx_word' id='word_1_288' title='bbox 860 2403 1025 2458; x_wconf 91' lang='lat' dir='ltr'>etiam</span> <span class='ocrx_word' id='word_1_289' title='bbox 1083 2403 1343 2474; x_wconf 88' lang='lat' dir='ltr'>apostolis</span> <span class='ocrx_word' id='word_1_290' title='bbox 1389 2402 1578 2458; x_wconf 88' lang='lat' dir='ltr'>obvias</span> <span class='ocrx_word' id='word_1_291' title='bbox 1607 2421 1802 2459; x_wconf 91' lang='lat' dir='ltr'>manus</span> <span class='ocrx_word' id='word_1_292' title='bbox 1841 2404 2134 2476; x_wconf 87' lang='lat' dir='ltr'>tendebat;</span> 
     </span>
    </p>
   </div>
   <div class='ocr_carea' id='block_1_41' title="bbox 535 2491 2135 2564">
    <p class='ocr_par' dir='ltr' id='par_1_41' title="bbox 535 2491 2135 2564">
     <span class='ocr_line' id='line_1_41' title="bbox 535 2491 2135 2564; baseline 0.004 -18"><span class='ocrx_word' id='word_1_293' title='bbox 535 2507 605 2547; x_wconf 92' lang='lat' dir='ltr'>ne</span> <span class='ocrx_word' id='word_1_294' title='bbox 643 2491 894 2549; x_wconf 84' lang='lat' dir='ltr'>veritatis</span> <span class='ocrx_word' id='word_1_295' title='bbox 936 2492 1076 2548; x_wconf 87' lang='lat' dir='ltr'>ratio</span> <span class='ocrx_word' id='word_1_296' title='bbox 1129 2491 1450 2548; x_wconf 90' lang='lat' dir='ltr'>hominibus</span> <span class='ocrx_word' id='word_1_297' title='bbox 1478 2491 1828 2564; x_wconf 90' lang='lat' dir='ltr'>panderetur.</span> <span class='ocrx_word' id='word_1_298' title='bbox 1861 2493 2135 2552; x_wconf 86' lang='lat' dir='ltr'>Accende-</span> 
     </span>
    </p>
   </div>
   <div class='ocr_carea' id='block_1_42' title="bbox 533 2580 2137 2652">
    <p class='ocr_par' dir='ltr' id='par_1_42' title="bbox 533 2580 2137 2652">
     <span class='ocr_line' id='line_1_42' title="bbox 533 2580 2137 2652; baseline 0.003 -15"><span class='ocrx_word' id='word_1_299' title='bbox 533 2580 629 2637; x_wconf 91' lang='lat' dir='ltr'>bat</span> <span class='ocrx_word' id='word_1_300' title='bbox 671 2580 818 2637; x_wconf 90' lang='lat' dir='ltr'>enim</span> <span class='ocrx_word' id='word_1_301' title='bbox 871 2580 1206 2652; x_wconf 82' lang='lat' dir='ltr'>perfidorum</span> <span class='ocrx_word' id='word_1_302' title='bbox 1257 2590 1487 2650; x_wconf 88' lang='lat' dir='ltr'>mentes,</span> <span class='ocrx_word' id='word_1_303' title='bbox 1512 2590 1573 2636; x_wconf 92' lang='lat' dir='ltr'>ut</span> <span class='ocrx_word' id='word_1_304' title='bbox 1602 2598 1694 2638; x_wconf 93' lang='lat' dir='ltr'>eos</span> <span class='ocrx_word' id='word_1_305' title='bbox 1720 2582 2044 2640; x_wconf 88' lang='lat' dir='ltr'>verberibus</span> <span class='ocrx_word' id='word_1_306' title='bbox 2073 2602 2137 2643; x_wconf 88' lang='lat' dir='ltr'>ac</span> 
     </span>
    </p>
   </div>
   <div class='ocr_carea' id='block_1_43' title="bbox 533 2667 2130 2743">
    <p class='ocr_par' dir='ltr' id='par_1_43' title="bbox 533 2667 2130 2743">
     <span class='ocr_line' id='line_1_43' title="bbox 533 2667 2130 2743; baseline 0.004 -17"><span class='ocrx_word' id='word_1_307' title='bbox 533 2669 776 2726; x_wconf 87' lang='lat' dir='ltr'>vinculis</span> <span class='ocrx_word' id='word_1_308' title='bbox 831 2667 1178 2736; x_wconf 86' lang='lat' dir='ltr'>detinerent;</span> <span class='ocrx_word' id='word_1_309' title='bbox 1215 2686 1284 2725; x_wconf 93' lang='lat' dir='ltr'>ne</span> <span class='ocrx_word' id='word_1_310' title='bbox 1330 2671 1684 2743; x_wconf 76' lang='lat' dir='ltr'>loquerentur</span> <span class='ocrx_word' id='word_1_311' title='bbox 1729 2672 1959 2728; x_wconf 89' lang='lat' dir='ltr'>verbum</span> <span class='ocrx_word' id='word_1_312' title='bbox 2008 2674 2130 2735; x_wconf 89' lang='lat' dir='ltr'>Dei.</span> 
     </span>
    </p>
   </div>
   <div class='ocr_carea' id='block_1_44' title="bbox 532 2758 2128 2834">
    <p class='ocr_par' dir='ltr' id='par_1_44' title="bbox 532 2758 2128 2834">
     <span class='ocr_line' id='line_1_44' title="bbox 532 2758 2128 2834; baseline 0.004 -20"><span class='ocrx_word' id='word_1_313' title='bbox 532 2758 807 2815; x_wconf 88' lang='lat' dir='ltr'>Dixerunt</span> <span class='ocrx_word' id='word_1_314' title='bbox 889 2758 1036 2814; x_wconf 91' lang='lat' dir='ltr'>enim</span> <span class='ocrx_word' id='word_1_315' title='bbox 1113 2759 1348 2831; x_wconf 88' lang='lat' dir='ltr'>majores</span> <span class='ocrx_word' id='word_1_316' title='bbox 1413 2760 1726 2817; x_wconf 66' lang='lat' dir='ltr'>Judmorum</span> <span class='ocrx_word' id='word_1_317' title='bbox 1799 2763 2062 2834; x_wconf 87' lang='lat' dir='ltr'>apostolis</span> <span class='ocrx_word' id='word_1_318' title='bbox 2116 2781 2128 2821; x_wconf 91' lang='lat'><strong>:</strong></span> 
     </span>
    </p>
   </div>
   <div class='ocr_carea' id='block_1_45' title="bbox 547 2849 2134 2921">
    <p class='ocr_par' dir='ltr' id='par_1_45' title="bbox 547 2849 2134 2921">
     <span class='ocr_line' id='line_1_45' title="bbox 547 2849 2134 2921; baseline 0.003 -16"><span class='ocrx_word' id='word_1_319' title='bbox 547 2873 564 2896; x_wconf 74' lang='grc' dir='ltr'><strong>ε</strong></span> <span class='ocrx_word' id='word_1_320' title='bbox 594 2850 786 2906; x_wconf 90' lang='lat' dir='ltr'>Nonne</span> <span class='ocrx_word' id='word_1_321' title='bbox 816 2850 1196 2921; x_wconf 67' lang='lat' dir='ltr'>praecipientes</span> <span class='ocrx_word' id='word_1_322' title='bbox 1245 2849 1702 2906; x_wconf 87' lang='lat' dir='ltr'>denuntiavimus</span> <span class='ocrx_word' id='word_1_323' title='bbox 1743 2851 1921 2921; x_wconf 88' lang='lat' dir='ltr'>vobis,</span> <span class='ocrx_word' id='word_1_324' title='bbox 1960 2869 2028 2908; x_wconf 93' lang='lat' dir='ltr'>ne</span> <span class='ocrx_word' id='word_1_325' title='bbox 2058 2853 2134 2909; x_wconf 86' lang='lat' dir='ltr'>lo-</span> 
     </span>
    </p>
   </div>
   <div class='ocr_carea' id='block_1_46' title="bbox 533 2937 2127 3012">
    <p class='ocr_par' dir='ltr' id='par_1_46' title="bbox 533 2937 2127 3012">
     <span class='ocr_line' id='line_1_46' title="bbox 533 2937 2127 3012; baseline 0.003 -19"><span class='ocrx_word' id='word_1_326' title='bbox 533 2937 839 3010; x_wconf 88' lang='lat' dir='ltr'>queremini</span> <span class='ocrx_word' id='word_1_327' title='bbox 880 2937 938 2990; x_wconf 91' lang='lat' dir='ltr'>in</span> <span class='ocrx_word' id='word_1_328' title='bbox 985 2938 1209 2991; x_wconf 76' lang='lat' dir='ltr'>nomine</span> <span class='ocrx_word' id='word_1_329' title='bbox 1239 2937 1365 2992; x_wconf 87' lang='lat' dir='ltr'>Jesu</span> <span class='ocrx_word' id='word_1_330' title='bbox 1417 2939 1517 2993; x_wconf 90' lang='lat' dir='ltr'>ulli</span> <span class='ocrx_word' id='word_1_331' title='bbox 1556 2938 1843 2995; x_wconf 90' lang='lat' dir='ltr'>hominum</span> <span class='ocrx_word' id='word_1_332' title='bbox 1897 2943 2038 3012; x_wconf 85' lang='lat' dir='ltr'>(Act.</span> <span class='ocrx_word' id='word_1_333' title='bbox 2071 2961 2127 3012; x_wconf 89' lang='lat' dir='ltr'>v,</span> 
     </span>
    </p>
   </div>
   <div class='ocr_carea' id='block_1_47' title="bbox 531 3025 2132 3106">
    <p class='ocr_par' dir='ltr' id='par_1_47' title="bbox 531 3025 2132 3106">
     <span class='ocr_line' id='line_1_47' title="bbox 531 3025 2132 3106; baseline 0.004 -23"><span class='ocrx_word' id='word_1_334' title='bbox 531 3026 623 3098; x_wconf 83' lang='lat'>28)</span> <span class='ocrx_word' id='word_1_335' title='bbox 651 3027 679 3082; x_wconf 79' lang='lat'><strong>?</strong></span> <span class='ocrx_word' id='word_1_336' title='bbox 707 3049 724 3072; x_wconf 76' lang='grc' dir='ltr'><strong><em>ι</em></strong></span> <span class='ocrx_word' id='word_1_337' title='bbox 761 3025 865 3082; x_wconf 90' lang='lat' dir='ltr'>Sed</span> <span class='ocrx_word' id='word_1_338' title='bbox 895 3025 1023 3098; x_wconf 90' lang='lat' dir='ltr'>quia</span> <span class='ocrx_word' id='word_1_339' title='bbox 1052 3025 1197 3098; x_wconf 92' lang='lat' dir='ltr'>quod</span> <span class='ocrx_word' id='word_1_340' title='bbox 1224 3043 1331 3081; x_wconf 91' lang='lat' dir='ltr'>non</span> <span class='ocrx_word' id='word_1_341' title='bbox 1361 3035 1441 3082; x_wconf 89' lang='lat' dir='ltr'>est</span> <span class='ocrx_word' id='word_1_342' title='bbox 1481 3044 1511 3082; x_wconf 91' lang='lat' dir='ltr'>a</span> <span class='ocrx_word' id='word_1_343' title='bbox 1539 3029 1672 3095; x_wconf 91' lang='lat' dir='ltr'>Deo,</span> <span class='ocrx_word' id='word_1_344' title='bbox 1710 3037 1853 3086; x_wconf 90' lang='lat' dir='ltr'>stare</span> <span class='ocrx_word' id='word_1_345' title='bbox 1882 3048 1992 3089; x_wconf 88' lang='lat' dir='ltr'>non</span> <span class='ocrx_word' id='word_1_346' title='bbox 2023 3049 2132 3106; x_wconf 87' lang='lat' dir='ltr'>po-</span> 
     </span>
    </p>
   </div>
   <div class='ocr_carea' id='block_1_48' title="bbox 531 3113 1767 3187">
    <p class='ocr_par' dir='ltr' id='par_1_48' title="bbox 531 3113 1767 3187">
     <span class='ocr_line' id='line_1_48' title="bbox 531 3113 1767 3187; baseline 0.003 -17"><span class='ocrx_word' id='word_1_347' title='bbox 531 3121 657 3183; x_wconf 86' lang='lat' dir='ltr'>test,</span> <span class='ocrx_word' id='word_1_348' title='bbox 689 3113 1072 3170; x_wconf 87' lang='lat' dir='ltr'>dissolvuntur</span> <span class='ocrx_word' id='word_1_349' title='bbox 1108 3114 1504 3187; x_wconf 91' lang='lat' dir='ltr'>impedimenta</span> <span class='ocrx_word' id='word_1_350' title='bbox 1533 3119 1767 3175; x_wconf 64' lang='lat' dir='ltr'>Satana.</span> 
     </span>
    </p>
   </div>
   <div class='ocr_carea' id='block_1_49' title="bbox 604 3203 2127 3286">
    <p class='ocr_par' dir='ltr' id='par_1_49' title="bbox 604 3203 2127 3286">
     <span class='ocr_line' id='line_1_49' title="bbox 604 3203 2127 3286; baseline 0.005 -26"><span class='ocrx_word' id='word_1_351' title='bbox 604 3203 786 3276; x_wconf 84' lang='lat' dir='ltr'>(Vers.</span> <span class='ocrx_word' id='word_1_352' title='bbox 824 3204 908 3272; x_wconf 88' lang='grc'>19,</span> <span class='ocrx_word' id='word_1_353' title='bbox 937 3204 1052 3277; x_wconf 81' lang='grc'>20.)</span> <span class='ocrx_word' id='word_1_354' title='bbox 1103 3230 1120 3251; x_wconf 76' lang='grc' dir='ltr'>ι</span> <span class='ocrx_word' id='word_1_355' title='bbox 1154 3204 1285 3272; x_wconf 82' lang='lat' dir='ltr'>Quae</span> <span class='ocrx_word' id='word_1_356' title='bbox 1312 3213 1394 3262; x_wconf 90' lang='lat' dir='ltr'>est</span> <span class='ocrx_word' id='word_1_357' title='bbox 1441 3207 1587 3262; x_wconf 91' lang='lat' dir='ltr'>enim</span> <span class='ocrx_word' id='word_1_358' title='bbox 1637 3216 1823 3286; x_wconf 88' lang='lat' dir='ltr'>nostra</span> <span class='ocrx_word' id='word_1_359' title='bbox 1859 3225 1998 3282; x_wconf 91' lang='lat' dir='ltr'>spes,</span> <span class='ocrx_word' id='word_1_360' title='bbox 2031 3220 2127 3269; x_wconf 90' lang='lat' dir='ltr'>aut</span> 
     </span>
    </p>
   </div>
   <div class='ocr_carea' id='block_1_50' title="bbox 528 3293 2124 3367">
    <p class='ocr_par' dir='ltr' id='par_1_50' title="bbox 528 3293 2124 3367">
     <span class='ocr_line' id='line_1_50' title="bbox 528 3293 2124 3367; baseline 0.005 -18"><span class='ocrx_word' id='word_1_361' title='bbox 528 3293 809 3367; x_wconf 83' lang='lat' dir='ltr'>gaudium,</span> <span class='ocrx_word' id='word_1_362' title='bbox 856 3301 953 3349; x_wconf 91' lang='lat' dir='ltr'>aut</span> <span class='ocrx_word' id='word_1_363' title='bbox 1001 3310 1203 3367; x_wconf 73' lang='lat' dir='ltr'>corona</span> <span class='ocrx_word' id='word_1_364' title='bbox 1251 3294 1486 3364; x_wconf 69' lang='lat' dir='ltr'>gloriae?</span> <span class='ocrx_word' id='word_1_365' title='bbox 1533 3297 1727 3353; x_wconf 90' lang='lat' dir='ltr'>Nonne</span> <span class='ocrx_word' id='word_1_366' title='bbox 1781 3316 1878 3355; x_wconf 92' lang='lat' dir='ltr'>vos</span> <span class='ocrx_word' id='word_1_367' title='bbox 1940 3316 2124 3358; x_wconf 90' lang='lat' dir='ltr'>coram</span> 
     </span>
    </p>
   </div>
   <div class='ocr_carea' id='block_1_51' title="bbox 525 3385 2126 3461">
    <p class='ocr_par' dir='ltr' id='par_1_51' title="bbox 525 3385 2126 3461">
     <span class='ocr_line' id='line_1_51' title="bbox 525 3385 2126 3461; baseline 0.002 -18"><span class='ocrx_word' id='word_1_368' title='bbox 525 3386 764 3444; x_wconf 93' lang='lat' dir='ltr'>Domino</span> <span class='ocrx_word' id='word_1_369' title='bbox 793 3392 983 3442; x_wconf 86' lang='lat' dir='ltr'>nostro</span> <span class='ocrx_word' id='word_1_370' title='bbox 1029 3386 1155 3442; x_wconf 89' lang='lat' dir='ltr'>Jesu</span> <span class='ocrx_word' id='word_1_371' title='bbox 1208 3385 1428 3443; x_wconf 88' lang='lat' dir='ltr'>Christo</span> <span class='ocrx_word' id='word_1_372' title='bbox 1463 3385 1519 3441; x_wconf 90' lang='lat' dir='ltr'>in</span> <span class='ocrx_word' id='word_1_373' title='bbox 1551 3388 1792 3444; x_wconf 90' lang='lat' dir='ltr'>adventu</span> <span class='ocrx_word' id='word_1_374' title='bbox 1819 3389 1936 3461; x_wconf 89' lang='lat' dir='ltr'>ejus</span> <span class='ocrx_word' id='word_1_375' title='bbox 1957 3391 1984 3446; x_wconf 80' lang='lat'><strong>?</strong></span> <span class='ocrx_word' id='word_1_376' title='bbox 2015 3391 2126 3446; x_wconf 87' lang='lat' dir='ltr'>Vos</span> 
     </span>
    </p>
   </div>
   <div class='ocr_carea' id='block_1_52' title="bbox 525 3477 2123 3548">
    <p class='ocr_par' dir='ltr' id='par_1_52' title="bbox 525 3477 2123 3548">
     <span class='ocr_line' id='line_1_52' title="bbox 525 3477 2123 3548; baseline 0.003 -16"><span class='ocrx_word' id='word_1_377' title='bbox 525 3477 672 3533; x_wconf 89' lang='lat' dir='ltr'>enim</span> <span class='ocrx_word' id='word_1_378' title='bbox 703 3477 836 3533; x_wconf 89' lang='lat' dir='ltr'>estis</span> <span class='ocrx_word' id='word_1_379' title='bbox 865 3477 1039 3548; x_wconf 89' lang='lat' dir='ltr'>gloria</span> <span class='ocrx_word' id='word_1_380' title='bbox 1086 3483 1272 3532; x_wconf 91' lang='lat' dir='ltr'>nostra</span> <span class='ocrx_word' id='word_1_381' title='bbox 1315 3483 1366 3532; x_wconf 90' lang='lat' dir='ltr'>et</span> <span class='ocrx_word' id='word_1_382' title='bbox 1395 3477 1676 3548; x_wconf 90' lang='lat' dir='ltr'>gaudium.</span> <span class='ocrx_word' id='word_1_383' title='bbox 1710 3505 1728 3526; x_wconf 80' lang='grc' dir='ltr'><strong><em>ι</em></strong></span> <span class='ocrx_word' id='word_1_384' title='bbox 1771 3479 2123 3537; x_wconf 85' lang='lat' dir='ltr'>Manifestum</span> 
     </span>
    </p>
   </div>
   <div class='ocr_carea' id='block_1_53' title="bbox 526 3566 2125 3641">
    <p class='ocr_par' dir='ltr' id='par_1_53' title="bbox 526 3566 2125 3641">
     <span class='ocr_line' id='line_1_53' title="bbox 526 3566 2125 3641; baseline 0.004 -19"><span class='ocrx_word' id='word_1_385' title='bbox 526 3573 607 3622; x_wconf 91' lang='lat' dir='ltr'>est</span> <span class='ocrx_word' id='word_1_386' title='bbox 651 3566 780 3638; x_wconf 89' lang='lat' dir='ltr'>quia</span> <span class='ocrx_word' id='word_1_387' title='bbox 825 3567 1088 3640; x_wconf 85' lang='lat' dir='ltr'>perfectio</span> <span class='ocrx_word' id='word_1_388' title='bbox 1118 3567 1517 3641; x_wconf 88' lang='lat' dir='ltr'>discipulorum</span> <span class='ocrx_word' id='word_1_389' title='bbox 1549 3569 1806 3641; x_wconf 88' lang='lat' dir='ltr'>gaudium</span> <span class='ocrx_word' id='word_1_390' title='bbox 1839 3579 1892 3626; x_wconf 94' lang='lat' dir='ltr'>et</span> <span class='ocrx_word' id='word_1_391' title='bbox 1923 3587 2125 3628; x_wconf 88' lang='lat' dir='ltr'>corona</span> 
     </span>
    </p>
   </div>
   <div class='ocr_carea' id='block_1_54' title="bbox 525 3655 2122 3732">
    <p class='ocr_par' dir='ltr' id='par_1_54' title="bbox 525 3655 2122 3732">
     <span class='ocr_line' id='line_1_54' title="bbox 525 3655 2122 3732; baseline 0.004 -22"><span class='ocrx_word' id='word_1_392' title='bbox 525 3655 772 3728; x_wconf 87' lang='lat' dir='ltr'>magistri</span> <span class='ocrx_word' id='word_1_393' title='bbox 801 3665 901 3712; x_wconf 89' lang='lat' dir='ltr'>est.</span> <span class='ocrx_word' id='word_1_394' title='bbox 952 3657 1020 3711; x_wconf 86' lang='lat' dir='ltr'>Hi</span> <span class='ocrx_word' id='word_1_395' title='bbox 1072 3656 1218 3713; x_wconf 91' lang='lat' dir='ltr'>enim</span> <span class='ocrx_word' id='word_1_396' title='bbox 1266 3667 1415 3727; x_wconf 88' lang='lat' dir='ltr'>sunt,</span> <span class='ocrx_word' id='word_1_397' title='bbox 1445 3658 1540 3732; x_wconf 91' lang='lat' dir='ltr'>qui</span> <span class='ocrx_word' id='word_1_398' title='bbox 1590 3658 1804 3715; x_wconf 88' lang='lat' dir='ltr'>labores</span> <span class='ocrx_word' id='word_1_399' title='bbox 1842 3660 2122 3716; x_wconf 89' lang='lat' dir='ltr'>fructuum</span> 
     </span>
    </p>
   </div>
   <div class='ocr_carea' id='block_1_55' title="bbox 524 3745 2120 3821">
    <p class='ocr_par' dir='ltr' id='par_1_55' title="bbox 524 3745 2120 3821">
     <span class='ocr_line' id='line_1_55' title="bbox 524 3745 2120 3821; baseline 0.003 -19"><span class='ocrx_word' id='word_1_400' title='bbox 524 3761 750 3802; x_wconf 84' lang='lat' dir='ltr'>suorum</span> <span class='ocrx_word' id='word_1_401' title='bbox 781 3745 982 3802; x_wconf 88' lang='lat' dir='ltr'>edituri</span> <span class='ocrx_word' id='word_1_402' title='bbox 1016 3755 1180 3815; x_wconf 90' lang='lat' dir='ltr'>sunt;</span> <span class='ocrx_word' id='word_1_403' title='bbox 1223 3748 1436 3804; x_wconf 89' lang='lat' dir='ltr'>fructus</span> <span class='ocrx_word' id='word_1_404' title='bbox 1481 3747 1627 3804; x_wconf 91' lang='lat' dir='ltr'>enim</span> <span class='ocrx_word' id='word_1_405' title='bbox 1660 3748 1926 3821; x_wconf 85' lang='lat' dir='ltr'>magistri,</span> <span class='ocrx_word' id='word_1_406' title='bbox 1960 3749 2120 3806; x_wconf 90' lang='lat' dir='ltr'>disci-</span> 
     </span>
    </p>
   </div>
   <div class='ocr_carea' id='block_1_56' title="bbox 524 3835 2121 3910">
    <p class='ocr_par' dir='ltr' id='par_1_56' title="bbox 524 3835 2121 3910">
     <span class='ocr_line' id='line_1_56' title="bbox 524 3835 2121 3910; baseline 0.004 -19"><span class='ocrx_word' id='word_1_407' title='bbox 524 3836 688 3909; x_wconf 87' lang='lat' dir='ltr'>pulus</span> <span class='ocrx_word' id='word_1_408' title='bbox 727 3844 808 3893; x_wconf 93' lang='lat' dir='ltr'>est</span> <span class='ocrx_word' id='word_1_409' title='bbox 862 3835 1144 3905; x_wconf 89' lang='lat' dir='ltr'>obediens,</span> <span class='ocrx_word' id='word_1_410' title='bbox 1177 3837 1333 3910; x_wconf 91' lang='lat' dir='ltr'>cujus</span> <span class='ocrx_word' id='word_1_411' title='bbox 1390 3839 1521 3896; x_wconf 92' lang='lat' dir='ltr'>dum</span> <span class='ocrx_word' id='word_1_412' title='bbox 1579 3838 1724 3895; x_wconf 91' lang='lat' dir='ltr'>bona</span> <span class='ocrx_word' id='word_1_413' title='bbox 1776 3843 2121 3898; x_wconf 85' lang='lat' dir='ltr'>conversatio</span> 
     </span>
    </p>
   </div>
   <div class='ocr_carea' id='block_1_57' title="bbox 524 3926 2122 4000">
    <p class='ocr_par' dir='ltr' id='par_1_57' title="bbox 524 3926 2122 4000">
     <span class='ocr_line' id='line_1_57' title="bbox 524 3926 2122 4000; baseline 0.004 -18"><span class='ocrx_word' id='word_1_414' title='bbox 524 3926 743 4000; x_wconf 89' lang='lat' dir='ltr'>proﬁcit</span> <span class='ocrx_word' id='word_1_415' title='bbox 789 3926 1069 3998; x_wconf 85' lang='lat' dir='ltr'>magistro,</span> <span class='ocrx_word' id='word_1_416' title='bbox 1119 3927 1333 3985; x_wconf 90' lang='lat' dir='ltr'>fructus</span> <span class='ocrx_word' id='word_1_417' title='bbox 1363 3930 1450 3985; x_wconf 91' lang='lat' dir='ltr'>sui</span> <span class='ocrx_word' id='word_1_418' title='bbox 1479 3929 1592 3986; x_wconf 91' lang='lat' dir='ltr'>edit</span> <span class='ocrx_word' id='word_1_419' title='bbox 1649 3930 1910 3988; x_wconf 91' lang='lat' dir='ltr'>laborem.</span> <span class='ocrx_word' id='word_1_420' title='bbox 1943 3931 2122 3988; x_wconf 91' lang='lat' dir='ltr'>Labor</span> 
     </span>
    </p>
   </div>
   <div class='ocr_carea' id='block_1_58' title="bbox 522 4016 2116 4094">
    <p class='ocr_par' dir='ltr' id='par_1_58' title="bbox 522 4016 2116 4094">
     <span class='ocr_line' id='line_1_58' title="bbox 522 4016 2116 4094; baseline 0.003 -20"><span class='ocrx_word' id='word_1_421' title='bbox 522 4017 671 4074; x_wconf 91' lang='lat' dir='ltr'>enim</span> <span class='ocrx_word' id='word_1_422' title='bbox 704 4016 965 4089; x_wconf 90' lang='lat' dir='ltr'>discipuli</span> <span class='ocrx_word' id='word_1_423' title='bbox 999 4018 1057 4074; x_wconf 91' lang='lat' dir='ltr'>in</span> <span class='ocrx_word' id='word_1_424' title='bbox 1087 4033 1250 4091; x_wconf 90' lang='lat' dir='ltr'>opere</span> <span class='ocrx_word' id='word_1_425' title='bbox 1275 4019 1419 4075; x_wconf 93' lang='lat' dir='ltr'>bono</span> <span class='ocrx_word' id='word_1_426' title='bbox 1439 4035 1697 4077; x_wconf 89' lang='lat' dir='ltr'>coronam</span> <span class='ocrx_word' id='word_1_427' title='bbox 1722 4021 1816 4078; x_wconf 90' lang='lat' dir='ltr'>dat</span> <span class='ocrx_word' id='word_1_428' title='bbox 1837 4022 2116 4094; x_wconf 89' lang='lat' dir='ltr'>magistro,</span> 
     </span>
    </p>
   </div>
   <div class='ocr_carea' id='block_1_59' title="bbox 515 4106 973 4179">
    <p class='ocr_par' dir='ltr' id='par_1_59' title="bbox 515 4106 973 4179">
     <span class='ocr_line' id='line_1_59' title="bbox 515 4106 973 4179; baseline 0.007 -16"><span class='ocrx_word' id='word_1_429' title='bbox 515 4106 703 4179; x_wconf 90' lang='lat' dir='ltr'>judice</span> <span class='ocrx_word' id='word_1_430' title='bbox 732 4108 973 4166; x_wconf 93' lang='lat' dir='ltr'>Christo.</span> 
     </span>
    </p>
   </div>
   <div class='ocr_carea' id='block_1_60' title="bbox 1129 4197 1492 4256">
    <p class='ocr_par' dir='ltr' id='par_1_60' title="bbox 1129 4197 1492 4256">
     <span class='ocr_line' id='line_1_60' title="bbox 1129 4197 1492 4256; baseline -0.008 0"><span class='ocrx_word' id='word_1_431' title='bbox 1129 4197 1358 4256; x_wconf 86' lang='lat' dir='ltr'><strong>CAPUT</strong></span> <span class='ocrx_word' id='word_1_432' title='bbox 1398 4199 1492 4255; x_wconf 92' lang='lat' dir='ltr'>III.</span> 
     </span>
    </p>
   </div>
   <div class='ocr_carea' id='block_1_61' title="bbox 593 4286 2116 4363">
    <p class='ocr_par' dir='ltr' id='par_1_61' title="bbox 593 4286 2116 4363">
     <span class='ocr_line' id='line_1_61' title="bbox 593 4286 2116 4363; baseline 0.004 -20"><span class='ocrx_word' id='word_1_433' title='bbox 593 4286 774 4356; x_wconf 77' lang='lat' dir='ltr'>(Vers.</span> <span class='ocrx_word' id='word_1_434' title='bbox 811 4287 946 4359; x_wconf 80' lang='grc'>1-4.)</span> <span class='ocrx_word' id='word_1_435' title='bbox 997 4312 1015 4334; x_wconf 73' lang='grc' dir='ltr'><em>α</em></span> <span class='ocrx_word' id='word_1_436' title='bbox 1059 4288 1270 4346; x_wconf 93' lang='lat' dir='ltr'>Idcirco</span> <span class='ocrx_word' id='word_1_437' title='bbox 1293 4289 1406 4362; x_wconf 92' lang='lat' dir='ltr'>jam</span> <span class='ocrx_word' id='word_1_438' title='bbox 1455 4304 1567 4346; x_wconf 90' lang='lat' dir='ltr'>non</span> <span class='ocrx_word' id='word_1_439' title='bbox 1605 4289 1844 4363; x_wconf 90' lang='lat' dir='ltr'>amplius</span> <span class='ocrx_word' id='word_1_440' title='bbox 1880 4292 2116 4350; x_wconf 85' lang='lat' dir='ltr'>toleran-</span> 
     </span>
    </p>
   </div>
   <div class='ocr_carea' id='block_1_62' title="bbox 519 4376 2115 4460">
    <p class='ocr_par' dir='ltr' id='par_1_62' title="bbox 519 4376 2115 4460">
     <span class='ocr_line' id='line_1_62' title="bbox 519 4376 2115 4460; baseline 0.006 -29"><span class='ocrx_word' id='word_1_441' title='bbox 519 4383 621 4444; x_wconf 89' lang='lat' dir='ltr'>tes,</span> <span class='ocrx_word' id='word_1_442' title='bbox 655 4376 927 4448; x_wconf 90' lang='lat' dir='ltr'>optimum</span> <span class='ocrx_word' id='word_1_443' title='bbox 973 4377 1239 4435; x_wconf 87' lang='lat' dir='ltr'>duximus</span> <span class='ocrx_word' id='word_1_444' title='bbox 1268 4389 1330 4436; x_wconf 92' lang='lat' dir='ltr'>ut</span> <span class='ocrx_word' id='word_1_445' title='bbox 1360 4379 1593 4436; x_wconf 90' lang='lat' dir='ltr'>Athenis</span> <span class='ocrx_word' id='word_1_446' title='bbox 1633 4383 1738 4438; x_wconf 92' lang='lat' dir='ltr'>soli</span> <span class='ocrx_word' id='word_1_447' title='bbox 1782 4382 2115 4460; x_wconf 81' lang='lat' dir='ltr'>relinquere-</span> 
     </span>
    </p>
   </div>
   <div class='ocr_carea' id='block_1_63' title="bbox 519 4465 2116 4542">
    <p class='ocr_par' dir='ltr' id='par_1_63' title="bbox 519 4465 2116 4542">
     <span class='ocr_line' id='line_1_63' title="bbox 519 4465 2116 4542; baseline 0.007 -23"><span class='ocrx_word' id='word_1_448' title='bbox 519 4481 684 4520; x_wconf 89' lang='lat' dir='ltr'>mur:</span> <span class='ocrx_word' id='word_1_449' title='bbox 719 4471 774 4519; x_wconf 87' lang='lat' dir='ltr'>et</span> <span class='ocrx_word' id='word_1_450' title='bbox 826 4465 1079 4521; x_wconf 91' lang='lat' dir='ltr'>misimus</span> <span class='ocrx_word' id='word_1_451' title='bbox 1132 4468 1482 4524; x_wconf 90' lang='lat' dir='ltr'>Timotheum</span> <span class='ocrx_word' id='word_1_452' title='bbox 1519 4471 1740 4528; x_wconf 88' lang='lat' dir='ltr'>fratrem</span> <span class='ocrx_word' id='word_1_453' title='bbox 1764 4481 2034 4542; x_wconf 92' lang='lat' dir='ltr'>nostrum,</span> <span class='ocrx_word' id='word_1_454' title='bbox 2063 4483 2116 4530; x_wconf 91' lang='lat' dir='ltr'>et</span> 
     </span>
    </p>
   </div>
   <div class='ocr_carea' id='block_1_64' title="bbox 518 4553 2115 4629">
    <p class='ocr_par' dir='ltr' id='par_1_64' title="bbox 518 4553 2115 4629">
     <span class='ocr_line' id='line_1_64' title="bbox 518 4553 2115 4629; baseline 0.008 -20"><span class='ocrx_word' id='word_1_455' title='bbox 518 4553 841 4627; x_wconf 91' lang='lat' dir='ltr'>participem</span> <span class='ocrx_word' id='word_1_456' title='bbox 888 4555 1067 4626; x_wconf 88' lang='lat' dir='ltr'>operis</span> <span class='ocrx_word' id='word_1_457' title='bbox 1094 4555 1192 4610; x_wconf 91' lang='lat' dir='ltr'>Dei</span> <span class='ocrx_word' id='word_1_458' title='bbox 1223 4556 1277 4610; x_wconf 92' lang='lat' dir='ltr'>in</span> <span class='ocrx_word' id='word_1_459' title='bbox 1306 4557 1607 4629; x_wconf 89' lang='lat' dir='ltr'>Evangelio</span> <span class='ocrx_word' id='word_1_460' title='bbox 1639 4559 1868 4629; x_wconf 90' lang='lat' dir='ltr'>Christi,</span> <span class='ocrx_word' id='word_1_461' title='bbox 1903 4563 1971 4619; x_wconf 90' lang='lat' dir='ltr'>ad</span> <span class='ocrx_word' id='word_1_462' title='bbox 2010 4563 2115 4623; x_wconf 90' lang='lat' dir='ltr'>hoc</span> 
     </span>
    </p>
   </div>
   <div class='ocr_carea' id='block_1_65' title="bbox 518 4643 2109 4724">
    <p class='ocr_par' dir='ltr' id='par_1_65' title="bbox 518 4643 2109 4724">
     <span class='ocr_line' id='line_1_65' title="bbox 518 4643 2109 4724; baseline 0.007 -24"><span class='ocrx_word' id='word_1_463' title='bbox 518 4652 580 4700; x_wconf 90' lang='lat' dir='ltr'>ut</span> <span class='ocrx_word' id='word_1_464' title='bbox 607 4653 661 4700; x_wconf 91' lang='lat' dir='ltr'>et</span> <span class='ocrx_word' id='word_1_465' title='bbox 692 4661 790 4700; x_wconf 91' lang='lat' dir='ltr'>vos</span> <span class='ocrx_word' id='word_1_466' title='bbox 836 4643 1145 4714; x_wconf 90' lang='lat' dir='ltr'>conﬁrmet,</span> <span class='ocrx_word' id='word_1_467' title='bbox 1180 4652 1233 4700; x_wconf 93' lang='lat' dir='ltr'>et</span> <span class='ocrx_word' id='word_1_468' title='bbox 1260 4645 1582 4718; x_wconf 89' lang='lat' dir='ltr'>deprecetur</span> <span class='ocrx_word' id='word_1_469' title='bbox 1635 4666 1733 4721; x_wconf 93' lang='lat' dir='ltr'>pro</span> <span class='ocrx_word' id='word_1_470' title='bbox 1770 4651 1878 4709; x_wconf 90' lang='lat' dir='ltr'>ﬁde</span> <span class='ocrx_word' id='word_1_471' title='bbox 1909 4664 2109 4724; x_wconf 88' lang='lat' dir='ltr'>vestra,</span> 
     </span>
    </p>
   </div>
   <div class='ocr_carea' id='block_1_66' title="bbox 516 4735 2111 4813">
    <p class='ocr_par' dir='ltr' id='par_1_66' title="bbox 516 4735 2111 4813">
     <span class='ocr_line' id='line_1_66' title="bbox 516 4735 2111 4813; baseline 0.006 -22"><span class='ocrx_word' id='word_1_472' title='bbox 516 4750 585 4791; x_wconf 90' lang='lat' dir='ltr'>ne</span> <span class='ocrx_word' id='word_1_473' title='bbox 615 4735 740 4807; x_wconf 90' lang='lat' dir='ltr'>quis</span> <span class='ocrx_word' id='word_1_474' title='bbox 767 4743 1056 4791; x_wconf 91' lang='lat' dir='ltr'>moveatur</span> <span class='ocrx_word' id='word_1_475' title='bbox 1083 4735 1141 4791; x_wconf 90' lang='lat' dir='ltr'>in</span> <span class='ocrx_word' id='word_1_476' title='bbox 1171 4735 1261 4792; x_wconf 89' lang='lat' dir='ltr'>his</span> <span class='ocrx_word' id='word_1_477' title='bbox 1302 4740 1586 4809; x_wconf 76' lang='lat' dir='ltr'>pressaris.</span> <span class='ocrx_word' id='word_1_478' title='bbox 1619 4740 1728 4813; x_wconf 90' lang='lat' dir='ltr'>Ipsi</span> <span class='ocrx_word' id='word_1_479' title='bbox 1760 4743 1908 4799; x_wconf 90' lang='lat' dir='ltr'>enim</span> <span class='ocrx_word' id='word_1_480' title='bbox 1959 4745 2111 4801; x_wconf 88' lang='lat' dir='ltr'>scitis</span> 
     </span>
    </p>
   </div>
   <div class='ocr_carea' id='block_1_67' title="bbox 519 4824 2110 4906">
    <p class='ocr_par' dir='ltr' id='par_1_67' title="bbox 519 4824 2110 4906">
     <span class='ocr_line' id='line_1_67' title="bbox 519 4824 2110 4906; baseline 0.008 -26"><span class='ocrx_word' id='word_1_481' title='bbox 519 4825 648 4898; x_wconf 88' lang='lat' dir='ltr'>quia</span> <span class='ocrx_word' id='word_1_482' title='bbox 689 4824 756 4882; x_wconf 92' lang='lat' dir='ltr'>ad</span> <span class='ocrx_word' id='word_1_483' title='bbox 815 4825 922 4883; x_wconf 89' lang='lat' dir='ltr'>hoc</span> <span class='ocrx_word' id='word_1_484' title='bbox 971 4826 1136 4899; x_wconf 90' lang='lat' dir='ltr'>positi</span> <span class='ocrx_word' id='word_1_485' title='bbox 1203 4844 1431 4897; x_wconf 90' lang='lat' dir='ltr'>sumus;</span> <span class='ocrx_word' id='word_1_486' title='bbox 1489 4847 1615 4886; x_wconf 91' lang='lat' dir='ltr'>nam</span> <span class='ocrx_word' id='word_1_487' title='bbox 1664 4840 1717 4888; x_wconf 95' lang='lat' dir='ltr'>et</span> <span class='ocrx_word' id='word_1_488' title='bbox 1773 4850 1898 4889; x_wconf 88' lang='lat' dir='ltr'>cum</span> <span class='ocrx_word' id='word_1_489' title='bbox 1965 4835 2110 4906; x_wconf 91' lang='lat' dir='ltr'>apud</span> 
     </span>
    </p>
   </div>
   <div class='ocr_carea' id='block_1_68' title="bbox 515 4917 2110 4994">
    <p class='ocr_par' dir='ltr' id='par_1_68' title="bbox 515 4917 2110 4994">
     <span class='ocr_line' id='line_1_68' title="bbox 515 4917 2110 4994; baseline 0.007 -23"><span class='ocrx_word' id='word_1_490' title='bbox 515 4932 614 4971; x_wconf 92' lang='lat' dir='ltr'>vos</span> <span class='ocrx_word' id='word_1_491' title='bbox 669 4932 912 4986; x_wconf 88' lang='lat' dir='ltr'>eramus,</span> <span class='ocrx_word' id='word_1_492' title='bbox 981 4917 1414 4991; x_wconf 76' lang='lat' dir='ltr'>praedicebamus</span> <span class='ocrx_word' id='word_1_493' title='bbox 1479 4921 1638 4977; x_wconf 87' lang='lat' dir='ltr'>vobis</span> <span class='ocrx_word' id='word_1_494' title='bbox 1700 4940 1954 4994; x_wconf 90' lang='lat' dir='ltr'>passuros</span> <span class='ocrx_word' id='word_1_495' title='bbox 2011 4943 2110 4983; x_wconf 92' lang='lat' dir='ltr'>nos</span> 
     </span>
    </p>
   </div>
   <div class='ocr_carea' id='block_1_69' title="bbox 512 5008 2106 5082">
    <p class='ocr_par' dir='ltr' id='par_1_69' title="bbox 512 5008 2106 5082">
     <span class='ocr_line' id='line_1_69' title="bbox 512 5008 2106 5082; baseline 0.007 -21"><span class='ocrx_word' id='word_1_496' title='bbox 512 5023 820 5078; x_wconf 89' lang='lat' dir='ltr'>pressuram</span> <span class='ocrx_word' id='word_1_497' title='bbox 855 5008 956 5082; x_wconf 88' lang='lat'>(7),</span> <span class='ocrx_word' id='word_1_498' title='bbox 988 5009 1130 5065; x_wconf 91' lang='lat' dir='ltr'>sicut</span> <span class='ocrx_word' id='word_1_499' title='bbox 1186 5010 1393 5066; x_wconf 89' lang='lat' dir='ltr'>factum</span> <span class='ocrx_word' id='word_1_500' title='bbox 1434 5019 1538 5079; x_wconf 91' lang='lat' dir='ltr'>est,</span> <span class='ocrx_word' id='word_1_501' title='bbox 1587 5020 1640 5067; x_wconf 92' lang='lat' dir='ltr'>et</span> <span class='ocrx_word' id='word_1_502' title='bbox 1689 5013 1861 5070; x_wconf 91' lang='lat' dir='ltr'>scitis.</span> <span class='ocrx_word' id='word_1_503' title='bbox 1897 5040 1914 5062; x_wconf 80' lang='grc' dir='ltr'>ι</span> <span class='ocrx_word' id='word_1_504' title='bbox 1957 5016 2106 5072; x_wconf 86' lang='lat' dir='ltr'>Desi-</span> 
     </span>
    </p>
   </div>
   <div class='ocr_carea' id='block_1_70' title="bbox 510 5095 2107 5173">
    <p class='ocr_par' dir='ltr' id='par_1_70' title="bbox 510 5095 2107 5173">
     <span class='ocr_line' id='line_1_70' title="bbox 510 5095 2107 5173; baseline 0.008 -22"><span class='ocrx_word' id='word_1_505' title='bbox 510 5095 648 5152; x_wconf 90' lang='lat' dir='ltr'>derii</span> <span class='ocrx_word' id='word_1_506' title='bbox 711 5114 877 5169; x_wconf 90' lang='lat' dir='ltr'>supra</span> <span class='ocrx_word' id='word_1_507' title='bbox 936 5099 1224 5154; x_wconf 89' lang='lat' dir='ltr'>memorati</span> <span class='ocrx_word' id='word_1_508' title='bbox 1287 5117 1476 5156; x_wconf 90' lang='lat' dir='ltr'>causas</span> <span class='ocrx_word' id='word_1_509' title='bbox 1542 5102 1830 5173; x_wconf 87' lang='lat' dir='ltr'>expressit.</span> <span class='ocrx_word' id='word_1_510' title='bbox 1896 5105 2107 5163; x_wconf 91' lang='lat' dir='ltr'>Idcirco</span> 
     </span>
    </p>
   </div>
   <div class='ocr_carea' id='block_1_71' title="bbox 509 5185 2106 5260">
    <p class='ocr_par' dir='ltr' id='par_1_71' title="bbox 509 5185 2106 5260">
     <span class='ocr_line' id='line_1_71' title="bbox 509 5185 2106 5260; baseline 0.008 -19"><span class='ocrx_word' id='word_1_511' title='bbox 509 5185 657 5241; x_wconf 92' lang='lat' dir='ltr'>enim</span> <span class='ocrx_word' id='word_1_512' title='bbox 688 5193 981 5257; x_wconf 83' lang='lat' dir='ltr'>praesentes</span> <span class='ocrx_word' id='word_1_513' title='bbox 1010 5203 1124 5243; x_wconf 90' lang='lat' dir='ltr'>esse</span> <span class='ocrx_word' id='word_1_514' title='bbox 1153 5187 1298 5258; x_wconf 89' lang='lat' dir='ltr'>apud</span> <span class='ocrx_word' id='word_1_515' title='bbox 1327 5205 1419 5244; x_wconf 92' lang='lat' dir='ltr'>eos</span> <span class='ocrx_word' id='word_1_516' title='bbox 1463 5189 1740 5260; x_wconf 91' lang='lat' dir='ltr'>volebant,</span> <span class='ocrx_word' id='word_1_517' title='bbox 1787 5200 1849 5249; x_wconf 90' lang='lat' dir='ltr'>ut</span> <span class='ocrx_word' id='word_1_518' title='bbox 1894 5195 2106 5254; x_wconf 89' lang='lat' dir='ltr'>animos</span> 
     </span>
    </p>
   </div>
   <div class='ocr_carea' id='block_1_72' title="bbox 509 5273 2105 5359">
    <p class='ocr_par' dir='ltr' id='par_1_72' title="bbox 509 5273 2105 5359">
     <span class='ocr_line' id='line_1_72' title="bbox 509 5273 2105 5359; baseline 0.009 -31"><span class='ocrx_word' id='word_1_519' title='bbox 509 5290 697 5330; x_wconf 90' lang='lat' dir='ltr'>eorum</span> <span class='ocrx_word' id='word_1_520' title='bbox 731 5273 1034 5343; x_wconf 87' lang='lat' dir='ltr'>ﬁrmarent,</span> <span class='ocrx_word' id='word_1_521' title='bbox 1058 5291 1127 5331; x_wconf 92' lang='lat' dir='ltr'>ne</span> <span class='ocrx_word' id='word_1_522' title='bbox 1155 5277 1278 5348; x_wconf 89' lang='lat' dir='ltr'>quis</span> <span class='ocrx_word' id='word_1_523' title='bbox 1309 5294 1377 5333; x_wconf 88' lang='lat' dir='ltr'>ex</span> <span class='ocrx_word' id='word_1_524' title='bbox 1408 5277 1496 5334; x_wconf 91' lang='lat' dir='ltr'>his</span> <span class='ocrx_word' id='word_1_525' title='bbox 1525 5280 1842 5340; x_wconf 89' lang='lat' dir='ltr'>scandalum</span> <span class='ocrx_word' id='word_1_526' title='bbox 1883 5294 2105 5359; x_wconf 89' lang='lat' dir='ltr'>patere-</span> 
     </span>
    </p>
   </div>
   <div class='ocr_carea' id='block_1_73' title="bbox 506 5363 2104 5449">
    <p class='ocr_par' dir='ltr' id='par_1_73' title="bbox 506 5363 2104 5449">
     <span class='ocr_line' id='line_1_73' title="bbox 506 5363 2104 5449; baseline 0.009 -31"><span class='ocrx_word' id='word_1_527' title='bbox 506 5369 597 5418; x_wconf 88' lang='lat' dir='ltr'>tur</span> <span class='ocrx_word' id='word_1_528' title='bbox 651 5363 718 5421; x_wconf 89' lang='lat' dir='ltr'>de</span> <span class='ocrx_word' id='word_1_529' title='bbox 766 5363 1035 5436; x_wconf 89' lang='lat' dir='ltr'>pressuris</span> <span class='ocrx_word' id='word_1_530' title='bbox 1089 5367 1488 5437; x_wconf 88' lang='lat' dir='ltr'>apostolorum,</span> <span class='ocrx_word' id='word_1_531' title='bbox 1531 5374 1674 5432; x_wconf 88' lang='lat'>280</span> <span class='ocrx_word' id='word_1_532' title='bbox 1705 5382 1764 5430; x_wconf 89' lang='lat' dir='ltr'>ut</span> <span class='ocrx_word' id='word_1_533' title='bbox 1813 5377 1906 5449; x_wconf 86' lang='lat' dir='ltr'>qui</span> <span class='ocrx_word' id='word_1_534' title='bbox 1955 5385 2104 5434; x_wconf 87' lang='lat' dir='ltr'>tanta</span> 
     </span>
    </p>
   </div>
   <div class='ocr_carea' id='block_1_74' title="bbox 504 5457 2100 5534">
    <p class='ocr_par' dir='ltr' id='par_1_74' title="bbox 504 5457 2100 5534">
     <span class='ocr_line' id='line_1_74' title="bbox 504 5457 2100 5534; baseline 0.012 -20"><span class='ocrx_word' id='word_1_535' title='bbox 504 5457 657 5531; x_wconf 82' lang='lat' dir='ltr'>signa</span> <span class='ocrx_word' id='word_1_536' title='bbox 684 5459 946 5529; x_wconf 87' lang='lat' dir='ltr'>facerent,</span> <span class='ocrx_word' id='word_1_537' title='bbox 987 5459 1283 5534; x_wconf 90' lang='lat' dir='ltr'>aliquando</span> <span class='ocrx_word' id='word_1_538' title='bbox 1312 5462 1727 5526; x_wconf 87' lang='lat' dir='ltr'>inﬁrmarentur</span> <span class='ocrx_word' id='word_1_539' title='bbox 1763 5488 1775 5528; x_wconf 92' lang='lat'>:</span> <span class='ocrx_word' id='word_1_540' title='bbox 1809 5472 1888 5529; x_wconf 89' lang='lat' dir='ltr'>ita</span> <span class='ocrx_word' id='word_1_541' title='bbox 1919 5472 2100 5531; x_wconf 90' lang='lat' dir='ltr'>humi-</span> 
     </span>
    </p>
   </div>
   <div class='ocr_carea' id='block_1_75' title="bbox 574 5648 1892 5733">
    <p class='ocr_par' dir='ltr' id='par_1_75' title="bbox 574 5648 1892 5733">
     <span class='ocr_line' id='line_1_75' title="bbox 574 5648 1892 5733; baseline 0.011 -27"><span class='ocrx_word' id='word_1_542' title='bbox 574 5648 655 5722; x_wconf 92' lang='lat'>(7)</span> <span class='ocrx_word' id='word_1_543' title='bbox 685 5651 951 5713; x_wconf 91' lang='lat' dir='ltr'>Nonnulli</span> <span class='ocrx_word' id='word_1_544' title='bbox 980 5669 1135 5724; x_wconf 90' lang='lat' dir='ltr'>mss.,</span> <span class='ocrx_word' id='word_1_545' title='bbox 1160 5670 1420 5728; x_wconf 76' lang='lat' dir='ltr'>passuros</span> <span class='ocrx_word' id='word_1_546' title='bbox 1446 5676 1538 5717; x_wconf 83' lang='lat' dir='ltr'>vos</span> <span class='ocrx_word' id='word_1_547' title='bbox 1559 5676 1892 5733; x_wconf 74' lang='lat' dir='ltr'>pressuram.</span> 
     </span>
    </p>
   </div>
   <div class='ocr_carea' id='block_1_76' title="bbox 2251 1869 3850 1955">
    <p class='ocr_par' dir='ltr' id='par_1_76' title="bbox 2251 1869 3850 1955">
     <span class='ocr_line' id='line_1_76' title="bbox 2251 1869 3850 1955; baseline 0.013 -34"><span class='ocrx_word' id='word_1_548' title='bbox 2251 1874 2471 1938; x_wconf 88' lang='lat' dir='ltr'>possent</span> <span class='ocrx_word' id='word_1_549' title='bbox 2501 1869 2687 1926; x_wconf 88' lang='lat' dir='ltr'>seduci</span> <span class='ocrx_word' id='word_1_550' title='bbox 2717 1873 2918 1928; x_wconf 88' lang='lat' dir='ltr'>astutia</span> <span class='ocrx_word' id='word_1_551' title='bbox 2947 1873 3180 1945; x_wconf 69' lang='lat' dir='ltr'>Satanae,</span> <span class='ocrx_word' id='word_1_552' title='bbox 3220 1877 3350 1950; x_wconf 91' lang='lat' dir='ltr'>quia</span> <span class='ocrx_word' id='word_1_553' title='bbox 3395 1878 3456 1935; x_wconf 91' lang='lat' dir='ltr'>in</span> <span class='ocrx_word' id='word_1_554' title='bbox 3501 1883 3650 1938; x_wconf 91' lang='lat' dir='ltr'>omni</span> <span class='ocrx_word' id='word_1_555' title='bbox 3689 1885 3850 1955; x_wconf 87' lang='lat' dir='ltr'>plebe</span> 
     </span>
    </p>
   </div>
   <div class='ocr_carea' id='block_1_77' title="bbox 2251 1959 3851 2038">
    <p class='ocr_par' dir='ltr' id='par_1_77' title="bbox 2251 1959 3851 2038">
     <span class='ocr_line' id='line_1_77' title="bbox 2251 1959 3851 2038; baseline 0.012 -27"><span class='ocrx_word' id='word_1_556' title='bbox 2251 1963 2331 2012; x_wconf 90' lang='lat' dir='ltr'>est</span> <span class='ocrx_word' id='word_1_557' title='bbox 2360 1974 2485 2030; x_wconf 88' lang='lat' dir='ltr'>pars</span> <span class='ocrx_word' id='word_1_558' title='bbox 2511 1959 2671 2016; x_wconf 89' lang='lat' dir='ltr'>ﬁrma</span> <span class='ocrx_word' id='word_1_559' title='bbox 2715 1969 2769 2017; x_wconf 91' lang='lat' dir='ltr'>et</span> <span class='ocrx_word' id='word_1_560' title='bbox 2813 1961 3054 2034; x_wconf 89' lang='lat' dir='ltr'>inﬁrma,</span> <span class='ocrx_word' id='word_1_561' title='bbox 3085 1982 3318 2038; x_wconf 89' lang='lat' dir='ltr'>quorum</span> <span class='ocrx_word' id='word_1_562' title='bbox 3368 1985 3532 2026; x_wconf 90' lang='lat' dir='ltr'>causa</span> <span class='ocrx_word' id='word_1_563' title='bbox 3579 1972 3851 2030; x_wconf 88' lang='lat' dir='ltr'>sollicitus</span> 
     </span>
    </p>
   </div>
   <div class='ocr_carea' id='block_1_78' title="bbox 2249 2049 3849 2117">
    <p class='ocr_par' dir='ltr' id='par_1_78' title="bbox 2249 2049 3849 2117">
     <span class='ocr_line' id='line_1_78' title="bbox 2249 2049 3849 2117; baseline 0.012 -19"><span class='ocrx_word' id='word_1_564' title='bbox 2249 2052 2387 2114; x_wconf 89' lang='lat' dir='ltr'>erat,</span> <span class='ocrx_word' id='word_1_565' title='bbox 2435 2062 2504 2103; x_wconf 90' lang='lat' dir='ltr'>ne</span> <span class='ocrx_word' id='word_1_566' title='bbox 2550 2049 2827 2107; x_wconf 89' lang='lat' dir='ltr'>amitteret</span> <span class='ocrx_word' id='word_1_567' title='bbox 2859 2051 3101 2108; x_wconf 89' lang='lat' dir='ltr'>fructum</span> <span class='ocrx_word' id='word_1_568' title='bbox 3150 2055 3497 2113; x_wconf 90' lang='lat' dir='ltr'>credulitatis</span> <span class='ocrx_word' id='word_1_569' title='bbox 3535 2075 3746 2116; x_wconf 87' lang='lat' dir='ltr'>eorum.</span> <span class='ocrx_word' id='word_1_570' title='bbox 3780 2063 3849 2117; x_wconf 88' lang='lat' dir='ltr'>Et</span> 
     </span>
    </p>
   </div>
   <div class='ocr_carea' id='block_1_79' title="bbox 2250 2132 3848 2220">
    <p class='ocr_par' dir='ltr' id='par_1_79' title="bbox 2250 2132 3848 2220">
     <span class='ocr_line' id='line_1_79' title="bbox 2250 2132 3848 2220; baseline 0.014 -35"><span class='ocrx_word' id='word_1_571' title='bbox 2250 2132 2379 2203; x_wconf 89' lang='lat' dir='ltr'>quia</span> <span class='ocrx_word' id='word_1_572' title='bbox 2407 2133 2617 2192; x_wconf 89' lang='lat' dir='ltr'>diutius</span> <span class='ocrx_word' id='word_1_573' title='bbox 2645 2154 2836 2209; x_wconf 88' lang='lat' dir='ltr'>passus</span> <span class='ocrx_word' id='word_1_574' title='bbox 2861 2157 2971 2196; x_wconf 90' lang='lat' dir='ltr'>non</span> <span class='ocrx_word' id='word_1_575' title='bbox 3018 2149 3100 2198; x_wconf 89' lang='lat' dir='ltr'>est</span> <span class='ocrx_word' id='word_1_576' title='bbox 3129 2144 3337 2200; x_wconf 90' lang='lat' dir='ltr'>nescire</span> <span class='ocrx_word' id='word_1_577' title='bbox 3384 2163 3441 2202; x_wconf 89' lang='lat' dir='ltr'>se</span> <span class='ocrx_word' id='word_1_578' title='bbox 3482 2148 3618 2220; x_wconf 90' lang='lat' dir='ltr'>quid</span> <span class='ocrx_word' id='word_1_579' title='bbox 3645 2151 3848 2208; x_wconf 88' lang='lat' dir='ltr'>certius</span> 
     </span>
    </p>
   </div>
   <div class='ocr_carea' id='block_1_80' title="bbox 2247 2225 3850 2313">
    <p class='ocr_par' dir='ltr' id='par_1_80' title="bbox 2247 2225 3850 2313">
     <span class='ocr_line' id='line_1_80' title="bbox 2247 2225 3850 2313; baseline 0.014 -38"><span class='ocrx_word' id='word_1_580' title='bbox 2247 2232 2496 2294; x_wconf 87' lang='lat' dir='ltr'>ageretur</span> <span class='ocrx_word' id='word_1_581' title='bbox 2524 2225 2669 2282; x_wconf 89' lang='lat' dir='ltr'>circa</span> <span class='ocrx_word' id='word_1_582' title='bbox 2711 2228 2857 2297; x_wconf 90' lang='lat' dir='ltr'>illos,</span> <span class='ocrx_word' id='word_1_583' title='bbox 2891 2229 3043 2287; x_wconf 92' lang='lat' dir='ltr'>misit</span> <span class='ocrx_word' id='word_1_584' title='bbox 3081 2232 3434 2291; x_wconf 91' lang='lat' dir='ltr'>Timotheum</span> <span class='ocrx_word' id='word_1_585' title='bbox 3469 2237 3788 2313; x_wconf 88' lang='lat' dir='ltr'>episcopum</span> <span class='ocrx_word' id='word_1_586' title='bbox 3819 2258 3850 2298; x_wconf 91' lang='lat' dir='ltr'>a</span> 
     </span>
    </p>
   </div>
   <div class='ocr_carea' id='block_1_81' title="bbox 2248 2322 3424 2391">
    <p class='ocr_par' dir='ltr' id='par_1_81' title="bbox 2248 2322 3424 2391">
     <span class='ocr_line' id='line_1_81' title="bbox 2248 2322 3424 2391; baseline 0.014 -26"><span class='ocrx_word' id='word_1_587' title='bbox 2248 2327 2302 2366; x_wconf 90' lang='lat' dir='ltr'>se</span> <span class='ocrx_word' id='word_1_588' title='bbox 2332 2322 2595 2384; x_wconf 91' lang='lat' dir='ltr'>creatum,</span> <span class='ocrx_word' id='word_1_589' title='bbox 2627 2333 2658 2371; x_wconf 92' lang='lat' dir='ltr'>a</span> <span class='ocrx_word' id='word_1_590' title='bbox 2678 2333 2786 2390; x_wconf 91' lang='lat' dir='ltr'>quo</span> <span class='ocrx_word' id='word_1_591' title='bbox 2815 2328 2995 2391; x_wconf 86' lang='lat' dir='ltr'>posset</span> <span class='ocrx_word' id='word_1_592' title='bbox 3025 2331 3235 2378; x_wconf 88' lang='lat' dir='ltr'>certum</span> <span class='ocrx_word' id='word_1_593' title='bbox 3265 2323 3424 2381; x_wconf 90' lang='lat' dir='ltr'>scire.</span> 
     </span>
    </p>
   </div>
   <div class='ocr_carea' id='block_1_82' title="bbox 2320 2410 3848 2490">
    <p class='ocr_par' dir='ltr' id='par_1_82' title="bbox 2320 2410 3848 2490">
     <span class='ocr_line' id='line_1_82' title="bbox 2320 2410 3848 2490; baseline 0.016 -25"><span class='ocrx_word' id='word_1_594' title='bbox 2320 2410 2500 2482; x_wconf 89' lang='lat' dir='ltr'>(Vers.</span> <span class='ocrx_word' id='word_1_595' title='bbox 2563 2413 2616 2483; x_wconf 92' lang='lat'>6,</span> <span class='ocrx_word' id='word_1_596' title='bbox 2662 2416 2712 2483; x_wconf 92' lang='lat'>7,</span> <span class='ocrx_word' id='word_1_597' title='bbox 2768 2417 2850 2489; x_wconf 93' lang='lat'>8.)</span> <span class='ocrx_word' id='word_1_598' title='bbox 2915 2443 2932 2466; x_wconf 75' lang='grc' dir='ltr'>ι</span> <span class='ocrx_word' id='word_1_599' title='bbox 2977 2420 3141 2476; x_wconf 89' lang='lat' dir='ltr'>Modo</span> <span class='ocrx_word' id='word_1_600' title='bbox 3187 2429 3369 2480; x_wconf 87' lang='lat' dir='ltr'>autem</span> <span class='ocrx_word' id='word_1_601' title='bbox 3427 2442 3551 2483; x_wconf 88' lang='lat' dir='ltr'>cum</span> <span class='ocrx_word' id='word_1_602' title='bbox 3607 2433 3848 2490; x_wconf 87' lang='lat' dir='ltr'>venisset</span> 
     </span>
    </p>
   </div>
   <div class='ocr_carea' id='block_1_83' title="bbox 2247 2499 3847 2579">
    <p class='ocr_par' dir='ltr' id='par_1_83' title="bbox 2247 2499 3847 2579">
     <span class='ocr_line' id='line_1_83' title="bbox 2247 2499 3847 2579; baseline 0.015 -24"><span class='ocrx_word' id='word_1_603' title='bbox 2247 2499 2570 2559; x_wconf 83' lang='lat' dir='ltr'>Timotheus</span> <span class='ocrx_word' id='word_1_604' title='bbox 2617 2504 2685 2560; x_wconf 92' lang='lat' dir='ltr'>ad</span> <span class='ocrx_word' id='word_1_605' title='bbox 2727 2522 2828 2562; x_wconf 90' lang='lat' dir='ltr'>nos</span> <span class='ocrx_word' id='word_1_606' title='bbox 2873 2523 2903 2562; x_wconf 92' lang='lat' dir='ltr'>a</span> <span class='ocrx_word' id='word_1_607' title='bbox 2940 2509 3119 2579; x_wconf 85' lang='lat' dir='ltr'>vobis,</span> <span class='ocrx_word' id='word_1_608' title='bbox 3163 2519 3218 2567; x_wconf 92' lang='lat' dir='ltr'>et</span> <span class='ocrx_word' id='word_1_609' title='bbox 3263 2517 3647 2576; x_wconf 90' lang='lat' dir='ltr'>annuntiasset</span> <span class='ocrx_word' id='word_1_610' title='bbox 3687 2522 3847 2579; x_wconf 89' lang='lat' dir='ltr'>nobis</span> 
     </span>
    </p>
   </div>
   <div class='ocr_carea' id='block_1_84' title="bbox 2244 2590 3843 2678">
    <p class='ocr_par' dir='ltr' id='par_1_84' title="bbox 2244 2590 3843 2678">
     <span class='ocr_line' id='line_1_84' title="bbox 2244 2590 3843 2678; baseline 0.016 -32"><span class='ocrx_word' id='word_1_611' title='bbox 2244 2590 2406 2647; x_wconf 88' lang='lat' dir='ltr'>ﬁdem</span> <span class='ocrx_word' id='word_1_612' title='bbox 2442 2600 2495 2647; x_wconf 93' lang='lat' dir='ltr'>et</span> <span class='ocrx_word' id='word_1_613' title='bbox 2541 2593 2867 2652; x_wconf 89' lang='lat' dir='ltr'>charitatem</span> <span class='ocrx_word' id='word_1_614' title='bbox 2907 2607 3146 2656; x_wconf 89' lang='lat' dir='ltr'>vestram</span> <span class='ocrx_word' id='word_1_615' title='bbox 3181 2621 3192 2659; x_wconf 92' lang='lat'>:</span> <span class='ocrx_word' id='word_1_616' title='bbox 3235 2612 3290 2661; x_wconf 92' lang='lat' dir='ltr'>et</span> <span class='ocrx_word' id='word_1_617' title='bbox 3329 2608 3589 2678; x_wconf 90' lang='lat' dir='ltr'>quoniam</span> <span class='ocrx_word' id='word_1_618' title='bbox 3639 2628 3843 2671; x_wconf 86' lang='lat' dir='ltr'>memo-</span> 
     </span>
    </p>
   </div>
   <div class='ocr_carea' id='block_1_85' title="bbox 2244 2681 3846 2770">
    <p class='ocr_par' dir='ltr' id='par_1_85' title="bbox 2244 2681 3846 2770">
     <span class='ocr_line' id='line_1_85' title="bbox 2244 2681 3846 2770; baseline 0.017 -36"><span class='ocrx_word' id='word_1_619' title='bbox 2244 2681 2381 2736; x_wconf 88' lang='lat' dir='ltr'>riam</span> <span class='ocrx_word' id='word_1_620' title='bbox 2438 2683 2614 2738; x_wconf 88' lang='lat' dir='ltr'>nostri</span> <span class='ocrx_word' id='word_1_621' title='bbox 2673 2684 2889 2743; x_wconf 90' lang='lat' dir='ltr'>habetis</span> <span class='ocrx_word' id='word_1_622' title='bbox 2935 2688 3132 2747; x_wconf 89' lang='lat' dir='ltr'>bonam</span> <span class='ocrx_word' id='word_1_623' title='bbox 3195 2711 3428 2770; x_wconf 89' lang='lat' dir='ltr'>semper,</span> <span class='ocrx_word' id='word_1_624' title='bbox 3469 2699 3846 2762; x_wconf 89' lang='lat' dir='ltr'>desiderantes</span> 
     </span>
    </p>
   </div>
   <div class='ocr_carea' id='block_1_86' title="bbox 2244 2771 3843 2856">
    <p class='ocr_par' dir='ltr' id='par_1_86' title="bbox 2244 2771 3843 2856">
     <span class='ocr_line' id='line_1_86' title="bbox 2244 2771 3843 2856; baseline 0.016 -30"><span class='ocrx_word' id='word_1_625' title='bbox 2244 2787 2343 2826; x_wconf 90' lang='lat' dir='ltr'>nos</span> <span class='ocrx_word' id='word_1_626' title='bbox 2371 2771 2581 2843; x_wconf 88' lang='lat' dir='ltr'>videre,</span> <span class='ocrx_word' id='word_1_627' title='bbox 2611 2774 2756 2832; x_wconf 89' lang='lat' dir='ltr'>sicut</span> <span class='ocrx_word' id='word_1_628' title='bbox 2785 2786 2838 2834; x_wconf 92' lang='lat' dir='ltr'>et</span> <span class='ocrx_word' id='word_1_629' title='bbox 2870 2795 2969 2836; x_wconf 90' lang='lat' dir='ltr'>nos</span> <span class='ocrx_word' id='word_1_630' title='bbox 2997 2798 3212 2856; x_wconf 89' lang='lat' dir='ltr'>quoque</span> <span class='ocrx_word' id='word_1_631' title='bbox 3243 2801 3341 2842; x_wconf 90' lang='lat' dir='ltr'>vos</span> <span class='ocrx_word' id='word_1_632' title='bbox 3377 2805 3389 2842; x_wconf 89' lang='grc'>;</span> <span class='ocrx_word' id='word_1_633' title='bbox 3426 2787 3547 2844; x_wconf 92' lang='lat' dir='ltr'>ideo</span> <span class='ocrx_word' id='word_1_634' title='bbox 3578 2795 3843 2850; x_wconf 89' lang='lat' dir='ltr'>consola-</span> 
     </span>
    </p>
   </div>
   <div class='ocr_carea' id='block_1_87' title="bbox 2241 2861 3842 2953">
    <p class='ocr_par' dir='ltr' id='par_1_87' title="bbox 2241 2861 3842 2953">
     <span class='ocr_line' id='line_1_87' title="bbox 2241 2861 3842 2953; baseline 0.017 -37"><span class='ocrx_word' id='word_1_635' title='bbox 2241 2861 2448 2918; x_wconf 90' lang='lat' dir='ltr'>tionem</span> <span class='ocrx_word' id='word_1_636' title='bbox 2491 2881 2681 2922; x_wconf 89' lang='lat' dir='ltr'>sumus</span> <span class='ocrx_word' id='word_1_637' title='bbox 2709 2867 2912 2941; x_wconf 89' lang='lat' dir='ltr'>adepti,</span> <span class='ocrx_word' id='word_1_638' title='bbox 2953 2870 3170 2943; x_wconf 88' lang='lat' dir='ltr'>fratres,</span> <span class='ocrx_word' id='word_1_639' title='bbox 3201 2874 3261 2931; x_wconf 90' lang='lat' dir='ltr'>in</span> <span class='ocrx_word' id='word_1_640' title='bbox 3291 2877 3450 2934; x_wconf 90' lang='lat' dir='ltr'>vobis</span> <span class='ocrx_word' id='word_1_641' title='bbox 3477 2897 3641 2953; x_wconf 91' lang='lat' dir='ltr'>super</span> <span class='ocrx_word' id='word_1_642' title='bbox 3688 2887 3842 2943; x_wconf 89' lang='lat' dir='ltr'>omni</span> 
     </span>
    </p>
   </div>
   <div class='ocr_carea' id='block_1_88' title="bbox 2241 2953 3836 3043">
    <p class='ocr_par' dir='ltr' id='par_1_88' title="bbox 2241 2953 3836 3043">
     <span class='ocr_line' id='line_1_88' title="bbox 2241 2953 3836 3043; baseline 0.015 -35"><span class='ocrx_word' id='word_1_643' title='bbox 2241 2953 2562 3013; x_wconf 90' lang='lat' dir='ltr'>necessitate</span> <span class='ocrx_word' id='word_1_644' title='bbox 2609 2967 2662 3014; x_wconf 93' lang='lat' dir='ltr'>et</span> <span class='ocrx_word' id='word_1_645' title='bbox 2707 2975 2959 3032; x_wconf 87' lang='lat' dir='ltr'>pressura</span> <span class='ocrx_word' id='word_1_646' title='bbox 3005 2972 3192 3022; x_wconf 88' lang='lat' dir='ltr'>nostra</span> <span class='ocrx_word' id='word_1_647' title='bbox 3233 2984 3329 3041; x_wconf 88' lang='lat' dir='ltr'>per</span> <span class='ocrx_word' id='word_1_648' title='bbox 3380 2979 3615 3029; x_wconf 88' lang='lat' dir='ltr'>vestram</span> <span class='ocrx_word' id='word_1_649' title='bbox 3648 2973 3836 3043; x_wconf 91' lang='lat' dir='ltr'>ﬁdem,</span> 
     </span>
    </p>
   </div>
   <div class='ocr_carea' id='block_1_89' title="bbox 2239 3044 3825 3122">
    <p class='ocr_par' dir='ltr' id='par_1_89' title="bbox 2239 3044 3825 3122">
     <span class='ocr_line' id='line_1_89' title="bbox 2239 3044 3825 3122; baseline 0.017 -26"><span class='ocrx_word' id='word_1_650' title='bbox 2239 3044 2499 3114; x_wconf 90' lang='lat' dir='ltr'>quoniam</span> <span class='ocrx_word' id='word_1_651' title='bbox 2532 3063 2680 3106; x_wconf 89' lang='lat' dir='ltr'>nunc</span> <span class='ocrx_word' id='word_1_652' title='bbox 2701 3050 2964 3122; x_wconf 90' lang='lat' dir='ltr'>vivimus,</span> <span class='ocrx_word' id='word_1_653' title='bbox 2988 3054 3032 3110; x_wconf 91' lang='lat' dir='ltr'>si</span> <span class='ocrx_word' id='word_1_654' title='bbox 3060 3072 3157 3112; x_wconf 89' lang='lat' dir='ltr'>vos</span> <span class='ocrx_word' id='word_1_655' title='bbox 3173 3059 3437 3117; x_wconf 91' lang='lat' dir='ltr'>steteritis</span> <span class='ocrx_word' id='word_1_656' title='bbox 3466 3061 3522 3118; x_wconf 90' lang='lat' dir='ltr'>in</span> <span class='ocrx_word' id='word_1_657' title='bbox 3555 3062 3825 3122; x_wconf 78' lang='lat' dir='ltr'>Christo.-</span> 
     </span>
    </p>
   </div>
   <div class='ocr_carea' id='block_1_90' title="bbox 2161 3133 3839 3221">
    <p class='ocr_par' dir='ltr' id='par_1_90' title="bbox 2161 3133 3839 3221">
     <span class='ocr_line' id='line_1_90' title="bbox 2161 3133 3839 3221; baseline 0.016 -36"><span class='ocrx_word' id='word_1_658' title='bbox 2161 3159 2204 3221; x_wconf 65' lang='grc' dir='ltr'><strong>ρ</strong></span> <span class='ocrx_word' id='word_1_659' title='bbox 2236 3133 2550 3191; x_wconf 86' lang='lat' dir='ltr'>Declaravit</span> <span class='ocrx_word' id='word_1_660' title='bbox 2588 3153 2688 3193; x_wconf 92' lang='lat' dir='ltr'>cur</span> <span class='ocrx_word' id='word_1_661' title='bbox 2716 3140 2882 3197; x_wconf 89' lang='lat' dir='ltr'>alacri</span> <span class='ocrx_word' id='word_1_662' title='bbox 2928 3160 3178 3202; x_wconf 90' lang='lat' dir='ltr'>sermone</span> <span class='ocrx_word' id='word_1_663' title='bbox 3208 3148 3411 3205; x_wconf 89' lang='lat' dir='ltr'>scribat</span> <span class='ocrx_word' id='word_1_664' title='bbox 3440 3152 3509 3208; x_wconf 89' lang='lat' dir='ltr'>ad</span> <span class='ocrx_word' id='word_1_665' title='bbox 3538 3168 3632 3208; x_wconf 91' lang='lat' dir='ltr'>eos</span> <span class='ocrx_word' id='word_1_666' title='bbox 3667 3173 3679 3209; x_wconf 91' lang='lat'><strong><em>:</em></strong></span> <span class='ocrx_word' id='word_1_667' title='bbox 3716 3154 3839 3212; x_wconf 91' lang='lat' dir='ltr'>ideo</span> 
     </span>
    </p>
   </div>
   <div class='ocr_carea' id='block_1_91' title="bbox 2237 3222 3842 3301">
    <p class='ocr_par' dir='ltr' id='par_1_91' title="bbox 2237 3222 3842 3301">
     <span class='ocr_line' id='line_1_91' title="bbox 2237 3222 3842 3301; baseline 0.014 -24"><span class='ocrx_word' id='word_1_668' title='bbox 2237 3222 2408 3294; x_wconf 91' lang='lat' dir='ltr'>enim,</span> <span class='ocrx_word' id='word_1_669' title='bbox 2467 3228 2666 3284; x_wconf 91' lang='lat' dir='ltr'>nuntio</span> <span class='ocrx_word' id='word_1_670' title='bbox 2721 3230 2998 3298; x_wconf 87' lang='lat' dir='ltr'>veniente,</span> <span class='ocrx_word' id='word_1_671' title='bbox 3037 3242 3092 3291; x_wconf 87' lang='lat' dir='ltr'>et</span> <span class='ocrx_word' id='word_1_672' title='bbox 3149 3235 3468 3294; x_wconf 88' lang='lat' dir='ltr'>ﬁrmitatem</span> <span class='ocrx_word' id='word_1_673' title='bbox 3523 3240 3842 3301; x_wconf 86' lang='lat' dir='ltr'>devotionis</span> 
     </span>
    </p>
   </div>
   <div class='ocr_carea' id='block_1_92' title="bbox 2236 3313 3838 3405">
    <p class='ocr_par' dir='ltr' id='par_1_92' title="bbox 2236 3313 3838 3405">
     <span class='ocr_line' id='line_1_92' title="bbox 2236 3313 3838 3405; baseline 0.016 -37"><span class='ocrx_word' id='word_1_674' title='bbox 2236 3313 2457 3370; x_wconf 88' lang='lat' dir='ltr'>illorum</span> <span class='ocrx_word' id='word_1_675' title='bbox 2518 3317 2574 3373; x_wconf 90' lang='lat' dir='ltr'>in</span> <span class='ocrx_word' id='word_1_676' title='bbox 2624 3319 2730 3376; x_wconf 88' lang='lat' dir='ltr'>ﬁde</span> <span class='ocrx_word' id='word_1_677' title='bbox 2780 3330 2832 3377; x_wconf 91' lang='lat' dir='ltr'>et</span> <span class='ocrx_word' id='word_1_678' title='bbox 2878 3322 3175 3382; x_wconf 90' lang='lat' dir='ltr'>dilectione</span> <span class='ocrx_word' id='word_1_679' title='bbox 3217 3330 3470 3401; x_wconf 84' lang='lat' dir='ltr'>Apostoli</span> <span class='ocrx_word' id='word_1_680' title='bbox 3500 3331 3838 3405; x_wconf 89' lang='lat' dir='ltr'>declarante,</span> 
     </span>
    </p>
   </div>
   <div class='ocr_carea' id='block_1_93' title="bbox 2236 3403 3840 3488">
    <p class='ocr_par' dir='ltr' id='par_1_93' title="bbox 2236 3403 3840 3488">
     <span class='ocr_line' id='line_1_93' title="bbox 2236 3403 3840 3488; baseline 0.017 -32"><span class='ocrx_word' id='word_1_681' title='bbox 2236 3403 2392 3459; x_wconf 71' lang='lat' dir='ltr'>lzetus</span> <span class='ocrx_word' id='word_1_682' title='bbox 2422 3405 2598 3462; x_wconf 88' lang='lat' dir='ltr'>factus</span> <span class='ocrx_word' id='word_1_683' title='bbox 2628 3407 2694 3464; x_wconf 93' lang='lat' dir='ltr'>de</span> <span class='ocrx_word' id='word_1_684' title='bbox 2743 3414 3025 3469; x_wconf 89' lang='lat' dir='ltr'>communi</span> <span class='ocrx_word' id='word_1_685' title='bbox 3056 3418 3370 3488; x_wconf 91' lang='lat' dir='ltr'>concordia,</span> <span class='ocrx_word' id='word_1_686' title='bbox 3403 3421 3598 3479; x_wconf 91' lang='lat' dir='ltr'>scribit</span> <span class='ocrx_word' id='word_1_687' title='bbox 3644 3425 3718 3481; x_wconf 90' lang='lat' dir='ltr'>ad</span> <span class='ocrx_word' id='word_1_688' title='bbox 3749 3442 3840 3483; x_wconf 82' lang='lat' dir='ltr'>eos</span> 
     </span>
    </p>
   </div>
   <div class='ocr_carea' id='block_1_94' title="bbox 2236 3495 3839 3573">
    <p class='ocr_par' dir='ltr' id='par_1_94' title="bbox 2236 3495 3839 3573">
     <span class='ocr_line' id='line_1_94' title="bbox 2236 3495 3839 3573; baseline 0.017 -28"><span class='ocrx_word' id='word_1_689' title='bbox 2236 3508 2487 3548; x_wconf 89' lang='lat' dir='ltr'>securum</span> <span class='ocrx_word' id='word_1_690' title='bbox 2518 3495 2724 3553; x_wconf 90' lang='lat' dir='ltr'>habens</span> <span class='ocrx_word' id='word_1_691' title='bbox 2755 3499 2997 3558; x_wconf 89' lang='lat' dir='ltr'>fructum</span> <span class='ocrx_word' id='word_1_692' title='bbox 3031 3503 3157 3560; x_wconf 87' lang='lat' dir='ltr'>ﬁdei</span> <span class='ocrx_word' id='word_1_693' title='bbox 3178 3514 3234 3562; x_wconf 89' lang='lat' dir='ltr'>et</span> <span class='ocrx_word' id='word_1_694' title='bbox 3263 3507 3421 3565; x_wconf 69' lang='lat' dir='ltr'>bonae</span> <span class='ocrx_word' id='word_1_695' title='bbox 3451 3517 3839 3573; x_wconf 86' lang='lat' dir='ltr'>conversatio-</span> 
     </span>
    </p>
   </div>
   <div class='ocr_carea' id='block_1_95' title="bbox 2234 3597 2552 3639">
    <p class='ocr_par' dir='ltr' id='par_1_95' title="bbox 2234 3597 2552 3639">
     <span class='ocr_line' id='line_1_95' title="bbox 2234 3597 2552 3639; baseline 0.009 -3"><span class='ocrx_word' id='word_1_696' title='bbox 2234 3597 2322 3637; x_wconf 78' lang='lat' dir='ltr'>DIS</span> <span class='ocrx_word' id='word_1_697' title='bbox 2341 3599 2552 3639; x_wconf 91' lang='lat' dir='ltr'>eorum.</span> 
     </span>
    </p>
   </div>
   <div class='ocr_carea' id='block_1_96' title="bbox 2309 3681 3830 3767">
    <p class='ocr_par' dir='ltr' id='par_1_96' title="bbox 2309 3681 3830 3767">
     <span class='ocr_line' id='line_1_96' title="bbox 2309 3681 3830 3767; baseline 0.018 -32"><span class='ocrx_word' id='word_1_698' title='bbox 2309 3681 2489 3752; x_wconf 84' lang='lat' dir='ltr'>(Vers.</span> <span class='ocrx_word' id='word_1_699' title='bbox 2531 3681 2585 3752; x_wconf 87' lang='lat'>9,</span> <span class='ocrx_word' id='word_1_700' title='bbox 2618 3683 2729 3755; x_wconf 85' lang='grc'>10.)</span> <span class='ocrx_word' id='word_1_701' title='bbox 2777 3710 2795 3734; x_wconf 74' lang='grc' dir='ltr'>ι</span> <span class='ocrx_word' id='word_1_702' title='bbox 2824 3686 2998 3754; x_wconf 91' lang='lat' dir='ltr'>Quam</span> <span class='ocrx_word' id='word_1_703' title='bbox 3042 3691 3190 3747; x_wconf 90' lang='lat' dir='ltr'>enim</span> <span class='ocrx_word' id='word_1_704' title='bbox 3221 3696 3516 3767; x_wconf 85' lang='lat' dir='ltr'>gratiarum</span> <span class='ocrx_word' id='word_1_705' title='bbox 3549 3702 3830 3762; x_wconf 88' lang='lat' dir='ltr'>actionem</span> 
     </span>
    </p>
   </div>
   <div class='ocr_carea' id='block_1_97' title="bbox 2233 3778 3833 3865">
    <p class='ocr_par' dir='ltr' id='par_1_97' title="bbox 2233 3778 3833 3865">
     <span class='ocr_line' id='line_1_97' title="bbox 2233 3778 3833 3865; baseline 0.018 -42"><span class='ocrx_word' id='word_1_706' title='bbox 2233 3786 2520 3842; x_wconf 88' lang='lat' dir='ltr'>possumus</span> <span class='ocrx_word' id='word_1_707' title='bbox 2568 3778 2770 3832; x_wconf 87' lang='lat' dir='ltr'>referre</span> <span class='ocrx_word' id='word_1_708' title='bbox 2797 3779 2908 3833; x_wconf 91' lang='lat' dir='ltr'>Deo</span> <span class='ocrx_word' id='word_1_709' title='bbox 2939 3779 3005 3835; x_wconf 93' lang='lat' dir='ltr'>de</span> <span class='ocrx_word' id='word_1_710' title='bbox 3036 3782 3194 3838; x_wconf 87' lang='lat' dir='ltr'>vobis</span> <span class='ocrx_word' id='word_1_711' title='bbox 3231 3802 3392 3857; x_wconf 89' lang='lat' dir='ltr'>super</span> <span class='ocrx_word' id='word_1_712' title='bbox 3420 3790 3572 3845; x_wconf 91' lang='lat' dir='ltr'>omni</span> <span class='ocrx_word' id='word_1_713' title='bbox 3608 3795 3833 3865; x_wconf 87' lang='lat' dir='ltr'>gaudio,</span> 
     </span>
    </p>
   </div>
   <div class='ocr_carea' id='block_1_98' title="bbox 2231 3861 3834 3948">
    <p class='ocr_par' dir='ltr' id='par_1_98' title="bbox 2231 3861 3834 3948">
     <span class='ocr_line' id='line_1_98' title="bbox 2231 3861 3834 3948; baseline 0.019 -36"><span class='ocrx_word' id='word_1_714' title='bbox 2231 3876 2338 3932; x_wconf 89' lang='lat' dir='ltr'>quo</span> <span class='ocrx_word' id='word_1_715' title='bbox 2370 3861 2669 3932; x_wconf 88' lang='lat' dir='ltr'>gaudemus</span> <span class='ocrx_word' id='word_1_716' title='bbox 2700 3876 2919 3938; x_wconf 88' lang='lat' dir='ltr'>propter</span> <span class='ocrx_word' id='word_1_717' title='bbox 2939 3887 3036 3927; x_wconf 90' lang='lat' dir='ltr'>vos</span> <span class='ocrx_word' id='word_1_718' title='bbox 3066 3889 3248 3930; x_wconf 88' lang='lat' dir='ltr'>coram</span> <span class='ocrx_word' id='word_1_719' title='bbox 3280 3877 3393 3933; x_wconf 93' lang='lat' dir='ltr'>Deo</span> <span class='ocrx_word' id='word_1_720' title='bbox 3422 3890 3634 3948; x_wconf 90' lang='lat' dir='ltr'>nostro,</span> <span class='ocrx_word' id='word_1_721' title='bbox 3667 3893 3834 3943; x_wconf 87' lang='lat' dir='ltr'>nocte</span> 
     </span>
    </p>
   </div>
   <div class='ocr_carea' id='block_1_99' title="bbox 2229 3951 3834 4037">
    <p class='ocr_par' dir='ltr' id='par_1_99' title="bbox 2229 3951 3834 4037">
     <span class='ocr_line' id='line_1_99' title="bbox 2229 3951 3834 4037; baseline 0.017 -32"><span class='ocrx_word' id='word_1_722' title='bbox 2229 3951 2428 4024; x_wconf 90' lang='lat' dir='ltr'>dieque</span> <span class='ocrx_word' id='word_1_723' title='bbox 2508 3954 2978 4018; x_wconf 87' lang='lat' dir='ltr'>abundantissime</span> <span class='ocrx_word' id='word_1_724' title='bbox 3061 3973 3280 4022; x_wconf 92' lang='lat' dir='ltr'>orantes</span> <span class='ocrx_word' id='word_1_725' title='bbox 3311 4011 3327 4037; x_wconf 97' lang='lat'>,</span> <span class='ocrx_word' id='word_1_726' title='bbox 3404 3977 3464 4027; x_wconf 89' lang='lat' dir='ltr'>ut</span> <span class='ocrx_word' id='word_1_727' title='bbox 3542 3971 3834 4033; x_wconf 88' lang='lat' dir='ltr'>videamus</span> 
     </span>
    </p>
   </div>
   <div class='ocr_carea' id='block_1_100' title="bbox 2228 4041 3832 4132">
    <p class='ocr_par' dir='ltr' id='par_1_100' title="bbox 2228 4041 3832 4132">
     <span class='ocr_line' id='line_1_100' title="bbox 2228 4041 3832 4132; baseline 0.017 -36"><span class='ocrx_word' id='word_1_728' title='bbox 2228 4041 2423 4098; x_wconf 91' lang='lat' dir='ltr'>faciem</span> <span class='ocrx_word' id='word_1_729' title='bbox 2472 4053 2732 4114; x_wconf 85' lang='lat' dir='ltr'>vestram,</span> <span class='ocrx_word' id='word_1_730' title='bbox 2774 4058 2827 4106; x_wconf 93' lang='lat' dir='ltr'>et</span> <span class='ocrx_word' id='word_1_731' title='bbox 2870 4056 3240 4126; x_wconf 87' lang='lat' dir='ltr'>suppleamus,</span> <span class='ocrx_word' id='word_1_732' title='bbox 3291 4075 3411 4132; x_wconf 84' lang='lat' dir='ltr'>quae</span> <span class='ocrx_word' id='word_1_733' title='bbox 3460 4061 3659 4118; x_wconf 83' lang='lat' dir='ltr'>desunt</span> <span class='ocrx_word' id='word_1_734' title='bbox 3700 4064 3832 4123; x_wconf 87' lang='lat' dir='ltr'>ﬁdei</span> 
     </span>
    </p>
   </div>
   <div class='ocr_carea' id='block_1_101' title="bbox 2227 4137 3832 4225">
    <p class='ocr_par' dir='ltr' id='par_1_101' title="bbox 2227 4137 3832 4225">
     <span class='ocr_line' id='line_1_101' title="bbox 2227 4137 3832 4225; baseline 0.017 -38"><span class='ocrx_word' id='word_1_735' title='bbox 2227 4142 2442 4191; x_wconf 75' lang='lat' dir='ltr'>vestrae.</span> <span class='ocrx_word' id='word_1_736' title='bbox 2477 4160 2495 4183; x_wconf 76' lang='grc' dir='ltr'>ι</span> <span class='ocrx_word' id='word_1_737' title='bbox 2541 4137 2692 4193; x_wconf 92' lang='lat' dir='ltr'>Nihil</span> <span class='ocrx_word' id='word_1_738' title='bbox 2737 4140 2873 4198; x_wconf 86' lang='lat' dir='ltr'>dicit</span> <span class='ocrx_word' id='word_1_739' title='bbox 2922 4151 3034 4201; x_wconf 88' lang='lat' dir='ltr'>tam</span> <span class='ocrx_word' id='word_1_740' title='bbox 3082 4147 3335 4221; x_wconf 87' lang='lat' dir='ltr'>dignum,</span> <span class='ocrx_word' id='word_1_741' title='bbox 3386 4155 3532 4225; x_wconf 90' lang='lat' dir='ltr'>quod</span> <span class='ocrx_word' id='word_1_742' title='bbox 3580 4156 3832 4214; x_wconf 77' lang='lat' dir='ltr'>sufﬁcere</span> 
     </span>
    </p>
   </div>
   <div class='ocr_carea' id='block_1_102' title="bbox 2226 4223 3832 4319">
    <p class='ocr_par' dir='ltr' id='par_1_102' title="bbox 2226 4223 3832 4319">
     <span class='ocr_line' id='line_1_102' title="bbox 2226 4223 3832 4319; baseline 0.017 -43"><span class='ocrx_word' id='word_1_743' title='bbox 2226 4223 2398 4294; x_wconf 89' lang='lat' dir='ltr'>possit</span> <span class='ocrx_word' id='word_1_744' title='bbox 2438 4225 2504 4281; x_wconf 90' lang='lat' dir='ltr'>ad</span> <span class='ocrx_word' id='word_1_745' title='bbox 2553 4232 3055 4300; x_wconf 86' lang='lat' dir='ltr'>compensationem</span> <span class='ocrx_word' id='word_1_746' title='bbox 3110 4223 3417 4311; x_wconf 67' lang='lat' dir='ltr'>acquisitze</span> <span class='ocrx_word' id='word_1_747' title='bbox 3443 4244 3640 4300; x_wconf 89' lang='lat' dir='ltr'>salutis</span> <span class='ocrx_word' id='word_1_748' title='bbox 3689 4263 3832 4319; x_wconf 81' lang='lat' dir='ltr'>gen—</span> 
     </span>
    </p>
   </div>
   <div class='ocr_carea' id='block_1_103' title="bbox 2223 4312 3832 4404">
    <p class='ocr_par' dir='ltr' id='par_1_103' title="bbox 2223 4312 3832 4404">
     <span class='ocr_line' id='line_1_103' title="bbox 2223 4312 3832 4404; baseline 0.017 -38"><span class='ocrx_word' id='word_1_749' title='bbox 2223 4312 2386 4368; x_wconf 90' lang='lat' dir='ltr'>tium.</span> <span class='ocrx_word' id='word_1_750' title='bbox 2445 4316 2516 4370; x_wconf 90' lang='lat' dir='ltr'>Et</span> <span class='ocrx_word' id='word_1_751' title='bbox 2573 4319 2832 4389; x_wconf 88' lang='lat' dir='ltr'>quoniam</span> <span class='ocrx_word' id='word_1_752' title='bbox 2891 4335 3257 4394; x_wconf 88' lang='lat' dir='ltr'>provexerant</span> <span class='ocrx_word' id='word_1_753' title='bbox 3313 4346 3370 4385; x_wconf 91' lang='lat' dir='ltr'>se</span> <span class='ocrx_word' id='word_1_754' title='bbox 3422 4337 3832 4404; x_wconf 76' lang='lat' dir='ltr'>perseverantia</span> 
     </span>
    </p>
   </div>
   <div class='ocr_carea' id='block_1_104' title="bbox 2225 4399 3824 4498">
    <p class='ocr_par' dir='ltr' id='par_1_104' title="bbox 2225 4399 3824 4498">
     <span class='ocr_line' id='line_1_104' title="bbox 2225 4399 3824 4498; baseline 0.017 -44"><span class='ocrx_word' id='word_1_755' title='bbox 2225 4399 2374 4469; x_wconf 90' lang='lat' dir='ltr'>ﬁdei,</span> <span class='ocrx_word' id='word_1_756' title='bbox 2407 4412 2459 4459; x_wconf 89' lang='lat' dir='ltr'>et</span> <span class='ocrx_word' id='word_1_757' title='bbox 2507 4414 2632 4462; x_wconf 90' lang='lat' dir='ltr'>actu</span> <span class='ocrx_word' id='word_1_758' title='bbox 2676 4409 2805 4464; x_wconf 73' lang='lat' dir='ltr'>vitae</span> <span class='ocrx_word' id='word_1_759' title='bbox 2856 4413 3122 4482; x_wconf 88' lang='lat' dir='ltr'>melioris,</span> <span class='ocrx_word' id='word_1_760' title='bbox 3154 4418 3327 4488; x_wconf 88' lang='lat' dir='ltr'>magis</span> <span class='ocrx_word' id='word_1_761' title='bbox 3373 4399 3438 4476; x_wconf 78' lang='lat' dir='ltr'>ac</span> <span class='ocrx_word' id='word_1_762' title='bbox 3467 4423 3643 4493; x_wconf 87' lang='lat' dir='ltr'>magis</span> <span class='ocrx_word' id='word_1_763' title='bbox 3673 4425 3824 4498; x_wconf 90' lang='lat' dir='ltr'>cupit</span> 
     </span>
    </p>
   </div>
   <div class='ocr_carea' id='block_1_105' title="bbox 2225 4494 3822 4578">
    <p class='ocr_par' dir='ltr' id='par_1_105' title="bbox 2225 4494 3822 4578">
     <span class='ocr_line' id='line_1_105' title="bbox 2225 4494 3822 4578; baseline 0.015 -32"><span class='ocrx_word' id='word_1_764' title='bbox 2225 4508 2316 4547; x_wconf 86' lang='lat' dir='ltr'>eos</span> <span class='ocrx_word' id='word_1_765' title='bbox 2372 4494 2580 4565; x_wconf 88' lang='lat' dir='ltr'>videre,</span> <span class='ocrx_word' id='word_1_766' title='bbox 2615 4507 2675 4554; x_wconf 92' lang='lat' dir='ltr'>ut</span> <span class='ocrx_word' id='word_1_767' title='bbox 2731 4517 2794 4555; x_wconf 92' lang='lat' dir='ltr'>ea</span> <span class='ocrx_word' id='word_1_768' title='bbox 2851 4517 2969 4573; x_wconf 65' lang='lat' dir='ltr'>qua:</span> <span class='ocrx_word' id='word_1_769' title='bbox 3018 4504 3084 4560; x_wconf 90' lang='lat' dir='ltr'>ad</span> <span class='ocrx_word' id='word_1_770' title='bbox 3145 4507 3538 4578; x_wconf 88' lang='lat' dir='ltr'>perfectionem</span> <span class='ocrx_word' id='word_1_771' title='bbox 3595 4512 3822 4570; x_wconf 91' lang='lat' dir='ltr'>illorum</span> 
     </span>
    </p>
   </div>
   <div class='ocr_carea' id='block_1_106' title="bbox 2224 4583 3822 4660">
    <p class='ocr_par' dir='ltr' id='par_1_106' title="bbox 2224 4583 3822 4660">
     <span class='ocr_line' id='line_1_106' title="bbox 2224 4583 3822 4660; baseline 0.015 -24"><span class='ocrx_word' id='word_1_772' title='bbox 2224 4583 2523 4653; x_wconf 88' lang='lat' dir='ltr'>pertinent,</span> <span class='ocrx_word' id='word_1_773' title='bbox 2598 4587 2862 4657; x_wconf 90' lang='lat' dir='ltr'>ediscant,</span> <span class='ocrx_word' id='word_1_774' title='bbox 2940 4604 3279 4652; x_wconf 88' lang='lat' dir='ltr'>sacramenta</span> <span class='ocrx_word' id='word_1_775' title='bbox 3355 4598 3567 4656; x_wconf 85' lang='lat' dir='ltr'>scilicet</span> <span class='ocrx_word' id='word_1_776' title='bbox 3637 4618 3822 4660; x_wconf 90' lang='lat' dir='ltr'>rerum</span> 
     </span>
    </p>
   </div>
   <div class='ocr_carea' id='block_1_107' title="bbox 2221 4673 3824 4755">
    <p class='ocr_par' dir='ltr' id='par_1_107' title="bbox 2221 4673 3824 4755">
     <span class='ocr_line' id='line_1_107' title="bbox 2221 4673 3824 4755; baseline 0.016 -29"><span class='ocrx_word' id='word_1_777' title='bbox 2221 4673 2553 4744; x_wconf 89' lang='lat' dir='ltr'>spiritalium</span> <span class='ocrx_word' id='word_1_778' title='bbox 2579 4719 2596 4744; x_wconf 93' lang='lat'>,</span> <span class='ocrx_word' id='word_1_779' title='bbox 2637 4694 2758 4750; x_wconf 68' lang='lat' dir='ltr'>quae</span> <span class='ocrx_word' id='word_1_780' title='bbox 2801 4680 2960 4737; x_wconf 85' lang='lat' dir='ltr'>facile</span> <span class='ocrx_word' id='word_1_781' title='bbox 3001 4685 3271 4755; x_wconf 88' lang='lat' dir='ltr'>publicari</span> <span class='ocrx_word' id='word_1_782' title='bbox 3320 4705 3431 4746; x_wconf 93' lang='lat' dir='ltr'>non</span> <span class='ocrx_word' id='word_1_783' title='bbox 3478 4691 3680 4749; x_wconf 90' lang='lat' dir='ltr'>debent</span> <span class='ocrx_word' id='word_1_784' title='bbox 3715 4714 3726 4750; x_wconf 90' lang='lat'>:</span> <span class='ocrx_word' id='word_1_785' title='bbox 3764 4703 3824 4751; x_wconf 88' lang='lat' dir='ltr'>ut</span> 
     </span>
    </p>
   </div>
   <div class='ocr_carea' id='block_1_108' title="bbox 2220 4763 3820 4857">
    <p class='ocr_par' dir='ltr' id='par_1_108' title="bbox 2220 4763 3820 4857">
     <span class='ocr_line' id='line_1_108' title="bbox 2220 4763 3820 4857; baseline 0.016 -41"><span class='ocrx_word' id='word_1_786' title='bbox 2220 4763 2424 4819; x_wconf 88' lang='lat' dir='ltr'>scirent</span> <span class='ocrx_word' id='word_1_787' title='bbox 2481 4767 2605 4838; x_wconf 91' lang='lat' dir='ltr'>quis</span> <span class='ocrx_word' id='word_1_788' title='bbox 2657 4776 2711 4824; x_wconf 91' lang='lat' dir='ltr'>et</span> <span class='ocrx_word' id='word_1_789' title='bbox 2761 4786 2924 4843; x_wconf 91' lang='lat' dir='ltr'>quam</span> <span class='ocrx_word' id='word_1_790' title='bbox 2984 4773 3290 4835; x_wconf 91' lang='lat' dir='ltr'>immensus</span> <span class='ocrx_word' id='word_1_791' title='bbox 3345 4789 3427 4837; x_wconf 90' lang='lat' dir='ltr'>est</span> <span class='ocrx_word' id='word_1_792' title='bbox 3480 4782 3596 4852; x_wconf 91' lang='lat' dir='ltr'>ille,</span> <span class='ocrx_word' id='word_1_793' title='bbox 3657 4800 3820 4857; x_wconf 89' lang='lat' dir='ltr'>quem</span> 
     </span>
    </p>
   </div>
   <div class='ocr_carea' id='block_1_109' title="bbox 2214 4851 3818 4945">
    <p class='ocr_par' dir='ltr' id='par_1_109' title="bbox 2214 4851 3818 4945">
     <span class='ocr_line' id='line_1_109' title="bbox 2214 4851 3818 4945; baseline 0.014 -38"><span class='ocrx_word' id='word_1_794' title='bbox 2214 4851 2457 4923; x_wconf 90' lang='lat' dir='ltr'>judicem</span> <span class='ocrx_word' id='word_1_795' title='bbox 2501 4857 2810 4927; x_wconf 89' lang='lat' dir='ltr'>sperabant.</span> <span class='ocrx_word' id='word_1_796' title='bbox 2843 4862 3012 4919; x_wconf 90' lang='lat' dir='ltr'>Aliud</span> <span class='ocrx_word' id='word_1_797' title='bbox 3042 4873 3124 4921; x_wconf 90' lang='lat' dir='ltr'>est</span> <span class='ocrx_word' id='word_1_798' title='bbox 3174 4867 3320 4923; x_wconf 91' lang='lat' dir='ltr'>enim</span> <span class='ocrx_word' id='word_1_799' title='bbox 3354 4868 3516 4926; x_wconf 85' lang='lat' dir='ltr'>fidem</span> <span class='ocrx_word' id='word_1_800' title='bbox 3549 4851 3818 4945; x_wconf 77' lang='lat' dir='ltr'>accipere,</span> 
     </span>
    </p>
   </div>
   <div class='ocr_carea' id='block_1_110' title="bbox 2218 4943 3819 5034">
    <p class='ocr_par' dir='ltr' id='par_1_110' title="bbox 2218 4943 3819 5034">
     <span class='ocr_line' id='line_1_110' title="bbox 2218 4943 3819 5034; baseline 0.015 -38"><span class='ocrx_word' id='word_1_801' title='bbox 2218 4949 2271 4997; x_wconf 91' lang='lat' dir='ltr'>et</span> <span class='ocrx_word' id='word_1_802' title='bbox 2300 4943 2455 4999; x_wconf 91' lang='lat' dir='ltr'>aliud</span> <span class='ocrx_word' id='word_1_803' title='bbox 2484 4947 2888 5018; x_wconf 87' lang='lat' dir='ltr'>expositionem</span> <span class='ocrx_word' id='word_1_804' title='bbox 2913 4951 3037 5007; x_wconf 86' lang='lat' dir='ltr'>ﬁdei</span> <span class='ocrx_word' id='word_1_805' title='bbox 3074 4971 3086 5008; x_wconf 76' lang='grc' dir='ltr'><strong>ε</strong></span> <span class='ocrx_word' id='word_1_806' title='bbox 3116 4956 3289 5014; x_wconf 87' lang='lat' dir='ltr'>altera</span> <span class='ocrx_word' id='word_1_807' title='bbox 3327 4959 3474 5016; x_wconf 91' lang='lat' dir='ltr'>enim</span> <span class='ocrx_word' id='word_1_808' title='bbox 3513 4943 3819 5034; x_wconf 69' lang='lat' dir='ltr'>disputatio</span> 
     </span>
    </p>
   </div>
   <div class='ocr_carea' id='block_1_111' title="bbox 2217 5032 3816 5123">
    <p class='ocr_par' dir='ltr' id='par_1_111' title="bbox 2217 5032 3816 5123">
     <span class='ocr_line' id='line_1_111' title="bbox 2217 5032 3816 5123; baseline 0.015 -38"><span class='ocrx_word' id='word_1_809' title='bbox 2217 5039 2298 5086; x_wconf 94' lang='lat' dir='ltr'>est</span> <span class='ocrx_word' id='word_1_810' title='bbox 2328 5032 2396 5088; x_wconf 92' lang='lat' dir='ltr'>de</span> <span class='ocrx_word' id='word_1_811' title='bbox 2423 5042 2619 5091; x_wconf 90' lang='lat' dir='ltr'>natura</span> <span class='ocrx_word' id='word_1_812' title='bbox 2647 5037 2823 5094; x_wconf 89' lang='lat' dir='ltr'>Patris</span> <span class='ocrx_word' id='word_1_813' title='bbox 2853 5048 2906 5095; x_wconf 93' lang='lat' dir='ltr'>et</span> <span class='ocrx_word' id='word_1_814' title='bbox 2937 5042 3086 5111; x_wconf 87' lang='lat' dir='ltr'>Filii,</span> <span class='ocrx_word' id='word_1_815' title='bbox 3118 5053 3172 5101; x_wconf 92' lang='lat' dir='ltr'>et</span> <span class='ocrx_word' id='word_1_816' title='bbox 3200 5047 3308 5102; x_wconf 92' lang='lat' dir='ltr'>alia</span> <span class='ocrx_word' id='word_1_817' title='bbox 3338 5049 3405 5104; x_wconf 92' lang='lat' dir='ltr'>de</span> <span class='ocrx_word' id='word_1_818' title='bbox 3426 5032 3677 5121; x_wconf 81' lang='lat' dir='ltr'>personis</span> <span class='ocrx_word' id='word_1_819' title='bbox 3710 5040 3816 5123; x_wconf 71' lang='lat'>(&#39;8).</span> 
     </span>
    </p>
   </div>
   <div class='ocr_carea' id='block_1_112' title="bbox 2216 5122 3814 5214">
    <p class='ocr_par' dir='ltr' id='par_1_112' title="bbox 2216 5122 3814 5214">
     <span class='ocr_line' id='line_1_112' title="bbox 2216 5122 3814 5214; baseline 0.014 -36"><span class='ocrx_word' id='word_1_820' title='bbox 2216 5122 2375 5179; x_wconf 91' lang='lat' dir='ltr'>Pater</span> <span class='ocrx_word' id='word_1_821' title='bbox 2405 5125 2682 5198; x_wconf 91' lang='lat' dir='ltr'>ingenitus</span> <span class='ocrx_word' id='word_1_822' title='bbox 2720 5137 2819 5198; x_wconf 88' lang='lat' dir='ltr'>est,</span> <span class='ocrx_word' id='word_1_823' title='bbox 2854 5129 3030 5189; x_wconf 82' lang='lat' dir='ltr'>Filius</span> <span class='ocrx_word' id='word_1_824' title='bbox 3067 5151 3202 5192; x_wconf 88' lang='lat' dir='ltr'>vero</span> <span class='ocrx_word' id='word_1_825' title='bbox 3249 5138 3468 5210; x_wconf 88' lang='lat' dir='ltr'>genitus</span> <span class='ocrx_word' id='word_1_826' title='bbox 3497 5159 3510 5196; x_wconf 91' lang='lat'>:</span> <span class='ocrx_word' id='word_1_827' title='bbox 3545 5122 3814 5214; x_wconf 86' lang='lat' dir='ltr'>quantum</span> 
     </span>
    </p>
   </div>
   <div class='ocr_carea' id='block_1_113' title="bbox 2214 5213 3817 5298">
    <p class='ocr_par' dir='ltr' id='par_1_113' title="bbox 2214 5213 3817 5298">
     <span class='ocr_line' id='line_1_113' title="bbox 2214 5213 3817 5298; baseline 0.014 -31"><span class='ocrx_word' id='word_1_828' title='bbox 2214 5213 2280 5268; x_wconf 86' lang='lat' dir='ltr'>ad</span> <span class='ocrx_word' id='word_1_829' title='bbox 2313 5230 2570 5286; x_wconf 88' lang='lat' dir='ltr'>personas</span> <span class='ocrx_word' id='word_1_830' title='bbox 2614 5217 2876 5288; x_wconf 89' lang='lat' dir='ltr'>pertinet,</span> <span class='ocrx_word' id='word_1_831' title='bbox 2926 5219 3208 5280; x_wconf 88' lang='lat' dir='ltr'>diversum</span> <span class='ocrx_word' id='word_1_832' title='bbox 3265 5226 3508 5298; x_wconf 89' lang='lat' dir='ltr'>videtur,</span> <span class='ocrx_word' id='word_1_833' title='bbox 3557 5213 3684 5287; x_wconf 82' lang='lat' dir='ltr'>cum</span> <span class='ocrx_word' id='word_1_834' title='bbox 3745 5231 3817 5288; x_wconf 90' lang='lat' dir='ltr'>sit</span> 
     </span>
    </p>
   </div>
   <div class='ocr_carea' id='block_1_114' title="bbox 2213 5300 3817 5396">
    <p class='ocr_par' dir='ltr' id='par_1_114' title="bbox 2213 5300 3817 5396">
     <span class='ocr_line' id='line_1_114' title="bbox 2213 5300 3817 5396; baseline 0.014 -40"><span class='ocrx_word' id='word_1_835' title='bbox 2213 5300 2504 5359; x_wconf 89' lang='lat' dir='ltr'>individua</span> <span class='ocrx_word' id='word_1_836' title='bbox 2533 5306 2717 5363; x_wconf 90' lang='lat' dir='ltr'>unitas</span> <span class='ocrx_word' id='word_1_837' title='bbox 2751 5317 2997 5378; x_wconf 67' lang='lat' dir='ltr'>naturae;</span> <span class='ocrx_word' id='word_1_838' title='bbox 3031 5314 3217 5371; x_wconf 87' lang='lat' dir='ltr'>unitas</span> <span class='ocrx_word' id='word_1_839' title='bbox 3265 5317 3412 5373; x_wconf 90' lang='lat' dir='ltr'>enim</span> <span class='ocrx_word' id='word_1_840' title='bbox 3446 5336 3555 5375; x_wconf 92' lang='lat' dir='ltr'>non</span> <span class='ocrx_word' id='word_1_841' title='bbox 3589 5318 3647 5376; x_wconf 89' lang='lat' dir='ltr'>in</span> <span class='ocrx_word' id='word_1_842' title='bbox 3680 5337 3817 5396; x_wconf 90' lang='lat' dir='ltr'>per-</span> 
     </span>
    </p>
   </div>
   <div class='ocr_carea' id='block_1_115' title="bbox 2211 5393 3817 5475">
    <p class='ocr_par' dir='ltr' id='par_1_115' title="bbox 2211 5393 3817 5475">
     <span class='ocr_line' id='line_1_115' title="bbox 2211 5393 3817 5475; baseline 0.014 -32"><span class='ocrx_word' id='word_1_843' title='bbox 2211 5406 2343 5445; x_wconf 90' lang='lat' dir='ltr'>sona</span> <span class='ocrx_word' id='word_1_844' title='bbox 2384 5399 2484 5460; x_wconf 89' lang='lat' dir='ltr'>est,</span> <span class='ocrx_word' id='word_1_845' title='bbox 2517 5393 2611 5449; x_wconf 91' lang='lat' dir='ltr'>sed</span> <span class='ocrx_word' id='word_1_846' title='bbox 2638 5395 2697 5451; x_wconf 91' lang='lat' dir='ltr'>in</span> <span class='ocrx_word' id='word_1_847' title='bbox 2723 5397 3032 5456; x_wconf 89' lang='lat' dir='ltr'>substantia</span> <span class='ocrx_word' id='word_1_848' title='bbox 3064 5420 3075 5457; x_wconf 91' lang='lat'><strong><em>:</em></strong></span> <span class='ocrx_word' id='word_1_849' title='bbox 3109 5402 3349 5475; x_wconf 89' lang='lat' dir='ltr'>Spiritus</span> <span class='ocrx_word' id='word_1_850' title='bbox 3376 5413 3556 5463; x_wconf 89' lang='lat' dir='ltr'>autem</span> <span class='ocrx_word' id='word_1_851' title='bbox 3589 5393 3817 5465; x_wconf 79' lang='lat' dir='ltr'>sanctus</span> 
     </span>
    </p>
   </div>
   <div class='ocr_carea' id='block_1_116' title="bbox 2209 5479 3814 5568">
    <p class='ocr_par' dir='ltr' id='par_1_116' title="bbox 2209 5479 3814 5568">
     <span class='ocr_line' id='line_1_116' title="bbox 2209 5479 3814 5568; baseline 0.014 -34"><span class='ocrx_word' id='word_1_852' title='bbox 2209 5494 2320 5536; x_wconf 89' lang='lat' dir='ltr'>non</span> <span class='ocrx_word' id='word_1_853' title='bbox 2375 5479 2608 5554; x_wconf 88' lang='lat' dir='ltr'>degener</span> <span class='ocrx_word' id='word_1_854' title='bbox 2662 5495 2903 5558; x_wconf 91' lang='lat' dir='ltr'>putetur,</span> <span class='ocrx_word' id='word_1_855' title='bbox 2963 5489 3090 5563; x_wconf 91' lang='lat' dir='ltr'>quia</span> <span class='ocrx_word' id='word_1_856' title='bbox 3152 5493 3348 5551; x_wconf 90' lang='lat' dir='ltr'>tertius</span> <span class='ocrx_word' id='word_1_857' title='bbox 3406 5496 3652 5568; x_wconf 90' lang='lat' dir='ltr'>ponitur.</span> <span class='ocrx_word' id='word_1_858' title='bbox 3707 5498 3814 5568; x_wconf 82' lang='lat' dir='ltr'>Qui</span> 
     </span>
    </p>
   </div>
   <div class='ocr_carea' id='block_1_117' title="bbox 2278 5667 3531 5753">
    <p class='ocr_par' dir='ltr' id='par_1_117' title="bbox 2278 5667 3531 5753">
     <span class='ocr_line' id='line_1_117' title="bbox 2278 5667 3531 5753; baseline 0.017 -29"><span class='ocrx_word' id='word_1_859' title='bbox 2278 5667 2359 5741; x_wconf 90' lang='lat'>(8)</span> <span class='ocrx_word' id='word_1_860' title='bbox 2393 5670 2548 5730; x_wconf 81' lang='lat' dir='ltr'>Rom.</span> <span class='ocrx_word' id='word_1_861' title='bbox 2581 5673 2710 5733; x_wconf 83' lang='lat' dir='ltr'>edit.</span> <span class='ocrx_word' id='word_1_862' title='bbox 2721 5717 2737 5745; x_wconf 92' lang='lat'>,</span> <span class='ocrx_word' id='word_1_863' title='bbox 2769 5682 2821 5733; x_wconf 81' lang='lat' dir='ltr'>et</span> <span class='ocrx_word' id='word_1_864' title='bbox 2841 5677 2972 5735; x_wconf 72' lang='lat' dir='ltr'>Filii</span> <span class='ocrx_word' id='word_1_865' title='bbox 2999 5685 3047 5737; x_wconf 83' lang='lat' dir='ltr'>et</span> <span class='ocrx_word' id='word_1_866' title='bbox 3074 5679 3313 5753; x_wconf 70' lang='lat' dir='ltr'>Spiritus</span> <span class='ocrx_word' id='word_1_867' title='bbox 3341 5684 3531 5745; x_wconf 71' lang='lat' dir='ltr'>sancti.</span> 
     </span>
    </p>
   </div>
  </div>
