4108 6184
251 340 352 401 073

1248 341 1608 401 COMMENT.
1653 343 1724 400 IN
1762 341 1978 400 EPIST.
2019 343 2042 400 Ι
2080 344 2176 400 AD
2204 343 2536 403 THESSAL.

3443 351 3550 411 474

247 487 372 543 ergo
401 469 469 527 de
510 467 753 526 secunda
795 483 1030 542 persona
1059 484 1170 525 non
1216 469 1466 543 ambigit,
1517 469 1761 528 admittit
1789 478 1843 526 et
1870 473 1919 533 Α
1951 470 2158 543 spernit
2187 469 2324 539 haec,
2360 487 2470 528 non
2502 471 2781 531 hominem
2827 475 3056 548 spernit,
3085 475 3180 534 sed
3218 479 3415 548 Deum,
3449 469 3546 554 qui

247 560 456 616 tertiam
467 603 480 615 .

316 651 498 723 (Vers.
553 651 668 721 11.)
728 673 746 695 ι
776 650 895 722 Ipse
934 665 1062 706 vero
1101 652 1248 707 Deus
1278 657 1332 706 et
1360 651 1519 707 Pater
1547 659 1756 719 noster,
1790 659 1843 708 et

242 739 510 797 Dominus
531 748 718 796 noster
746 740 898 796 Jesus
918 739 1170 798 Christus
1200 741 1403 813 dirigat
1428 742 1574 796 viam
1599 750 1845 797 nostram

241 829 306 886 ad
326 847 444 886 vos.
480 856 499 878 ι
544 831 760 901 Integro
789 829 982 886 ordine
1013 831 1117 886 iter
1141 847 1303 886 suum
1334 831 1553 903 disponi
1583 833 1843 904 postulat,

241 922 482 995 primum
537 938 568 978 a
613 923 727 977 Deo
774 922 952 990 Patre,
1000 921 1131 993 quia
1159 922 1228 977 ab
1287 921 1404 993 ipso
1447 931 1576 978 sunt
1621 922 1841 978 omnia:

239 1009 442 1068 deinde
498 1027 530 1066 a
583 1011 823 1067 Domino
864 1012 992 1066 Jesu
1048 1010 1289 1078 Christo,
1355 1028 1448 1083 per
1504 1027 1663 1084 quem
1718 1017 1846 1066 sunt

240 1101 454 1170 omnia,
488 1109 549 1157 ut
589 1101 768 1158 virtus
815 1109 977 1174 atque
1023 1101 1373 1174 providentia
1414 1101 1589 1156 Patris
1633 1107 1686 1155 et
1715 1099 1845 1156 Filii

240 1191 547 1248 adventum
597 1190 717 1264 ejus
759 1192 1126 1260 commendet,
1157 1201 1210 1248 et
1257 1199 1317 1247 ut
1353 1189 1704 1262 acceptabilis
1752 1190 1848 1247 ﬁat

241 1281 602 1339 audientibus
629 1298 705 1350 se,
739 1291 792 1338 et
832 1281 1226 1354 impedimenta
1263 1281 1469 1337 diaboli
1499 1281 1847 1336 solverentur

245 1372 318 1430 ad
349 1373 697 1444 dirigendum
729 1373 834 1428 iter
858 1372 993 1444 ejus.

320 1462 500 1531 (Vers.
529 1462 614 1530 12,
650 1462 762 1532 13.)
807 1486 824 1509 ι
852 1462 962 1518 Vos
991 1469 1173 1518 autem
1200 1461 1471 1519 Dominus
1491 1461 1843 1534 multiplicet,

247 1558 304 1606 et
337 1549 618 1607 abundare
647 1549 809 1606 faciat
826 1550 1093 1607 charitate
1121 1551 1179 1608 in
1209 1551 1447 1610 invicem
1479 1553 1538 1608 in
1567 1570 1686 1622 vos,
1713 1561 1769 1608 et
1788 1553 1848 1609 in

243 1657 435 1698 omnes
489 1641 594 1713 (9),
642 1641 786 1699 sicut
843 1650 898 1699 et
945 1659 1046 1699 nos
1102 1642 1160 1699 in
1210 1660 1310 1700 vos
1346 1644 1414 1700 ad
1469 1644 1851 1702 conﬁrmanda

243 1734 413 1791 corda
463 1741 646 1790 vestra
701 1735 1085 1807 irreprehensa
1130 1735 1187 1791 in
1244 1737 1608 1794 sanctimonia
1664 1754 1848 1794 coram

1950 561 2104 618 dedit
2146 561 2415 634 Spiritum
2475 569 2722 620 sanctum
2773 565 2830 621 in
2889 563 3069 622 nobis.
3129 589 3147 613 ι
3221 567 3292 624 Ut
3347 569 3548 626 fortius

1952 651 2217 722 astringat
2259 651 2326 707 ad
2375 668 2456 719 ea,
2502 669 2622 726 quae
2653 653 2830 723 docet,
2881 655 2978 711 Dei
3024 655 3330 728 interponit
3368 674 3546 730 perso-

1955 757 2081 796 nam
2124 741 2265 812 (10),
2323 741 2543 798 dicens:
2609 742 2775 797 «Non
2829 742 3108 800 hominem
3167 745 3398 817 spernit,
3453 745 3548 820 qui

1955 831 2198 903 praeterit
2253 839 2540 903 praecepta,
2591 830 2687 887 sed
2732 834 2926 888 Deum.
2958 858 2975 880 ι
3029 836 3200 902 Quem
3256 835 3380 893 ideo
3415 834 3552 892 dicit

1955 920 2222 992 Spiritum
2269 929 2518 977 sanctum
2556 922 2715 978 nobis
2758 921 2993 991 dedisse,
3050 931 3113 980 ut
3157 933 3340 982 sancte
3391 925 3549 982 viva-

1955 1027 2099 1078 mus,
2141 1011 2269 1083 quia
2325 1011 2384 1066 in
2420 1028 2648 1083 corpore
2689 1012 2914 1068 subdito
2970 1013 3210 1085 peccatis
3251 1030 3362 1069 non
3401 1013 3551 1072 habi-

1954 1106 2033 1154 tat
2061 1099 2300 1171 Spiritus
2328 1111 2550 1158 sanctus
2581 1103 2734 1173 (Sap.
2777 1120 2815 1167 ι,
2846 1101 2927 1173 li).

2027 1189 2208 1259 (Vers.
2263 1190 2318 1258 9,
2367 1190 2478 1260 10.)
2540 1214 2559 1238 σ
2602 1192 2679 1246 De
2726 1191 3016 1248 affectione
3045 1199 3229 1247 autem
3291 1191 3558 1248 fraterni-

1955 1279 2085 1336 tatis
2131 1297 2241 1338 non
2291 1281 2557 1338 habemus
2600 1281 2975 1339 necessitatem
3025 1281 3306 1338 scribendi
3358 1283 3554 1352 vobis;

1956 1369 2063 1442 ipsi
2092 1370 2239 1426 enim
2275 1388 2307 1427 a
2333 1372 2446 1427 Deo
2475 1371 2654 1427 edocti
2685 1371 2816 1428 estis
2847 1371 2915 1427 ad
2959 1371 3065 1428 hoc
3095 1381 3156 1428 ut
3184 1388 3282 1428 vos
3313 1371 3555 1428 invicem

1956 1460 2202 1532 diligatis
2247 1462 2428 1531 (Joan.
2461 1478 2560 1530 xv,
2593 1463 2707 1532 17).
2734 1485 2752 1509 ι
2808 1492 2880 1503 -
2923 1485 2940 1508 ι
2974 1461 3111 1518 Nam
3140 1471 3196 1518 et
3238 1460 3345 1517 hoc
3375 1461 3558 1518 facitis

1958 1551 2014 1607 in
2061 1567 2253 1607 omnes
2307 1550 2502 1607 fratres
2552 1568 2648 1623 per
2701 1551 3017 1608 universam
3075 1550 3470 1607 Macedoniam.
3525 1575 3543 1597 ι

1956 1641 2138 1698 Etiam
2179 1641 2286 1698 hoc
2333 1659 2456 1698 cum
2502 1643 2678 1698 facere
2726 1643 2852 1698 illos
2891 1640 3095 1709 laudat,
3127 1649 3442 1698 commonet
3485 1649 3560 1698 ta-

1958 1750 2084 1792 men
2128 1739 2190 1788 ut
2231 1731 2561 1805 propensius
2599 1732 2654 1789 id
2700 1740 2886 1806 agant:
2951 1749 3089 1805 quos
3135 1731 3284 1786 enim
3316 1731 3386 1786 ab
3443 1731 3561 1803 ipso

240 1824 356 1880 Deo
389 1831 444 1880 et
471 1824 634 1879 Patre
675 1832 867 1881 nostro
898 1824 955 1880 in
998 1824 1240 1881 adventu
1269 1827 1494 1882 Domini
1520 1826 1693 1882 nostri
1722 1828 1849 1882 Jesu
1878 1839 1926 1900 Β
1960 1829 2073 1885 Deo
2111 1825 2301 1885 doctos
2355 1825 2512 1894 dicit,
2554 1823 2919 1897 promptiores
2958 1839 3074 1878 esse
3103 1821 3301 1878 debere
3345 1821 3402 1877 in
3439 1821 3561 1878 fra-

251 1910 462 1969 Cbristi
512 1928 639 1968 cum
688 1911 950 1968 omnibus
989 1913 1192 1970 sanctis
1235 1915 1368 1971 suis.
1403 1940 1421 1962 ι
1469 1916 1540 1972 Ut
1591 1915 1852 1988 gaudium

243 2017 436 2068 suum,
486 2016 597 2073 quo
644 1999 712 2056 de
755 2001 834 2058 eis
874 2002 1095 2074 gaudet,
1135 2007 1381 2061 cumulet
1409 2005 1665 2062 omnibus
1693 2005 1855 2062 bonis

242 2089 610 2162 multiplicari
641 2091 767 2147 illos
808 2101 1034 2165 exoptat
1067 2111 1080 2160 ;
1114 2103 1176 2150 ut
1224 2095 1452 2151 veniens
1491 2094 1559 2150 ad
1589 2113 1700 2163 eos,
1733 2096 1855 2168 plus

241 2175 497 2234 inveniat
525 2177 582 2233 in
611 2178 710 2246 eis,
744 2179 891 2252 quod
945 2181 1107 2238 laude
1136 2182 1365 2255 dignum
1397 2184 1488 2252 sit,
1521 2200 1683 2256 quam
1707 2183 1854 2238 aTi-

244 2267 473 2324 motheo
503 2267 787 2325 audierat:
840 2278 902 2326 ut
945 2272 1453 2345 irreprehensibiles
1497 2274 1853 2331 inveniantur

243 2373 373 2414 cum
417 2357 622 2414 sanctis
671 2357 730 2413 in
773 2358 1039 2418 charitate
1068 2362 1168 2418 Dei
1197 2363 1394 2432 Patris,
1425 2372 1480 2420 et
1523 2363 1580 2418 in
1611 2362 1852 2419 adventu

244 2447 475 2504 Domini
505 2448 681 2504 nostri
708 2449 835 2505 Jesu
863 2450 1092 2519 Christi,
1123 2469 1247 2508 cum
1276 2454 1502 2526 coeperit
1525 2459 1650 2507 ante
1681 2450 1852 2507 tribu-

245 2537 339 2592 nal
404 2534 522 2608 ejus
593 2539 931 2596 examinatio
993 2541 1240 2614 singulos
1299 2541 1618 2614 approbare.
1676 2543 1851 2597 Deum

247 2637 413 2684 vocat
479 2637 702 2702 propter
758 2641 1022 2689 terrorem
1077 2633 1376 2705 majestatis
1427 2635 1576 2708 ejus:
1637 2635 1851 2690 Patrem

250 2734 388 2774 vero
418 2726 640 2792 propter
681 2720 1100 2794 benignitatem,
1133 2740 1240 2796 qua
1284 2723 1541 2797 dignatur
1568 2723 1853 2782 credentes

249 2805 360 2864 sibi
389 2807 647 2882 adoptare
681 2811 737 2867 in
765 2810 932 2880 ﬁlios,
966 2811 1114 2886 quod
1144 2814 1203 2869 in
1223 2811 1467 2871 adventu
1494 2814 1721 2873 Domini
1742 2829 1853 2868 ma-

249 2897 622 2958 nifestabitur.

880 3027 1108 3086 CAPUT
1137 3028 1233 3084 IV.

330 3125 516 3196 (Vers.
557 3125 634 3198 1.)
683 3149 700 3172 ι
731 3124 890 3191 Quod
919 3134 1166 3196 superest
1195 3125 1400 3197 itaque,
1434 3124 1646 3192 fratres,
1689 3141 1854 3197 roga-

1964 1927 2121 1975 terna
2172 1917 2470 1975 dilectione
2517 1916 2809 1988 signiﬁcat.
2860 1916 3089 1988 Propter
3141 1914 3370 1969 multam
3410 1913 3559 1971 enim

1965 2008 2286 2066 charitatem
2337 2010 2484 2065 Deus
2527 2008 2788 2064 misertus
2829 2014 2911 2063 est
2953 2005 3150 2074 nostri,
3183 2003 3342 2077 cujus
3380 2003 3559 2062 imita-

1965 2105 2112 2155 tores
2140 2097 2340 2165 effecti,
2384 2114 2496 2153 non
2535 2095 2814 2153 immerito
2843 2096 3128 2170 adoptatos
3174 2111 3273 2150 nos
3307 2093 3561 2152 ostendi-

1966 2205 2090 2244 mus
2119 2206 2149 2244 a
2178 2191 2291 2244 Deo
2323 2187 2381 2244 in
2411 2187 2575 2243 ﬁlios.

2041 2287 2222 2360 (Vers.
2261 2288 2374 2360 11.)
2420 2314 2438 2335 ι
2470 2289 2766 2345 Hortamur
2793 2293 2976 2342 autem
3004 2301 3122 2354 vos,
3157 2285 3374 2353 fratres,
3391 2284 3564 2342 abun-

1963 2379 2092 2436 dare
2143 2380 2339 2451 magis,
2385 2388 2439 2436 et
2470 2380 2607 2438 eniti
2647 2377 2948 2452 quiescere,
2992 2385 3047 2433 et
3091 2383 3337 2432 vestrum
3385 2391 3563 2448 nego-

1965 2473 2102 2531 tium
2139 2491 2318 2545 agere,
2359 2483 2413 2530 et
2447 2474 2658 2548 operari
2701 2473 2955 2529 manibus
2983 2470 3201 2536 vestris,
3232 2469 3377 2526 sicut
3405 2466 3564 2524 vobis

1965 2567 2354 2640 praecepimus:
2399 2574 2460 2622 ut
2488 2567 2717 2622 honeste
2747 2565 3041 2619 ambuletis
3079 2561 3148 2616 ad
3181 2577 3274 2616 eos
3302 2560 3396 2631 qui
3431 2559 3565 2615 foris

1965 2664 2112 2725 sunt,
2147 2664 2200 2712 et
2244 2654 2456 2711 nullius
2493 2653 2828 2710 desiderium
2875 2652 2948 2707 sit
2977 2652 3035 2706 in
3073 2649 3253 2704 vobis.
3285 2673 3302 2694 ι
3361 2649 3566 2703 Iterum

1965 2747 2151 2801 eadem
2223 2744 2496 2810 hortatur,
2557 2749 2620 2797 ut
2675 2740 2800 2796 data
2854 2755 3016 2811 opera
3069 2735 3351 2792 abundent
3404 2734 3566 2790 bonis

1965 2833 2182 2890 actibus
2205 2850 2218 2898 ;
2252 2839 2314 2888 ut
2342 2831 2490 2886 enim
2509 2829 2781 2901 signiﬁcet
2808 2844 2932 2884 vere
2953 2828 3058 2884 hoc
3075 2841 3212 2890 esse,
3234 2823 3378 2898 quod
3392 2823 3569 2896 placet

1966 2923 2082 2979 Deo
2113 2921 2252 2992 (1.1),
2301 2920 2616 2994 frequenter
2647 2918 2752 2975 hoc
2780 2925 2983 2974 monet.
3033 2913 3269 2972 Iustitiae
3297 2913 3444 2969 enim
3478 2909 3570 2968 via

1967 3011 2205 3088 tenenda
2241 3020 2342 3081 est,
2374 3020 2434 3067 ut
2472 3009 2540 3066 ad
2573 3007 3006 3066 misericordiam
3032 3006 3158 3079 jure
3188 3006 3471 3062 veniatur:
3504 3009 3569 3059 ut

1967 3103 2061 3178 qui
2101 3110 2230 3159 sunt
2281 3102 2571 3160 inferiores
2601 3099 2930 3169 substantia,
2981 3096 3237 3154 manibus
3279 3093 3561 3153 laborent:

254 3185 382 3270 [mis
424 3231 524 3270 vos
571 3185 629 3271 εί
662 3185 1012 3270 “gemma;
1055 3215 1111 3270 in
1144 3185 1396 3271 Domino'
1410 3216 1557 3282 Iesu,
1590 3185 1649 3272 ui
1677 3185 1860 3289 quam,
1895 3197 1938 3258 C
1975 3202 2036 3251 ut
2064 3194 2180 3266 ipsa
2210 3192 2516 3250 intentione
2544 3192 2812 3248 tollantur
2850 3207 2882 3245 a
2917 3188 3132 3263 vulgari
3159 3185 3563 3289 inquietudine,

253 3303 564 3359 admodum
595 3304 882 3377 accepistis
918 3321 950 3360 a
997 3305 1156 3361 nobis
1201 3305 1438 3378 qualiter
1477 3313 1722 3379 oporteat
1766 3323 1864 3362 vos

259 3389 569 3458 ambulare,
617 3399 672 3447 et
717 3392 931 3465 placere
975 3395 1110 3462 Deo,
1161 3394 1304 3451 sicut
1347 3401 1400 3450 et
1429 3395 1746 3463 ambulatis,
1804 3403 1865 3452 ut

260 3483 560 3541 abundetis
588 3487 779 3559 magis.
815 3514 834 3537 ι
894 3490 1010 3545 Hoc
1036 3497 1137 3557 est,
1181 3489 1328 3562 quod
1369 3506 1533 3562 supra
1563 3489 1702 3556 dixi,
1735 3488 1866 3562 quia

263 3575 406 3634 281
477 3573 546 3630 ad
607 3577 1001 3633 cumulandum
1062 3577 1322 3650 gaudium
1401 3595 1561 3634 suum
1622 3595 1866 3635 crescere

257 3669 392 3726 illos
443 3671 569 3728 vult
619 3671 678 3728 in
734 3673 896 3730 bonis
941 3675 1199 3748 operibus
1254 3676 1557 3733 secundum
1610 3677 1867 3733 mandata

257 3760 584 3832 apostolica.

329 3849 519 3916 (Vers.
556 3849 712 3922 2-6.)
758 3874 777 3899 ‹
800 3850 963 3909 Scitis
992 3854 1139 3910 enim
1171 3870 1293 3929 qua
1322 3866 1592 3929 praecepta
1620 3857 1867 3915 dederim

259 3938 425 3994 vobis
455 3954 554 4010 per
587 3941 883 3998 Dominum
920 3951 1170 4000 nostrum
1215 3946 1419 4003 Jesum.
1460 3947 1594 4002 Nam
1644 3947 1760 4004 haec
1789 3956 1870 4004 est

261 4029 526 4084 voluntas
573 4029 672 4084 Dei
722 4031 1084 4088 sanctiﬁcatio
1132 4043 1332 4103 vestra,
1384 4035 1656 4092 abstinere
1696 4053 1794 4091 vos
1840 4053 1872 4092 a

265 4115 662 4186 fornicatione,
695 4127 753 4175 et
785 4119 924 4177 scire
955 4138 1402 4196 unumquemque
1433 4134 1676 4181 vestrum
1709 4142 1869 4182 suum

266 4223 365 4264 vas
398 4207 676 4280 possidere
700 4209 756 4263 in
781 4210 1147 4267 sanctimonia
1175 4222 1229 4268 et
1258 4212 1497 4269 honore:
1535 4231 1645 4269 non
1677 4214 1734 4269 in
1755 4230 1871 4286 pas-

264 4294 424 4352 sione
456 4295 742 4363 desiderii,
771 4299 914 4354 sicut
943 4307 998 4354 et
1029 4309 1214 4371 gentes
1234 4317 1353 4372 quas
1386 4302 1640 4372 ignorant
1668 4304 1868 4359 Deum:

262 4392 314 4441 et
342 4393 413 4441 ut
442 4401 510 4442 ne
539 4387 664 4458 quis
690 4384 1156 4459 supergrediatur,
1187 4405 1362 4462 neque
1391 4390 1786 4447 circumveniat
1814 4390 1874 4446 in

266 4473 494 4548 negotio
518 4475 742 4532 fratrem
776 4478 1236 4550 suum,quoniam
1268 4479 1476 4534 vindex
1507 4487 1588 4535 est
1606 4481 1875 4536 Dominus

1973 3293 2027 3342 et
2053 3301 2222 3357 prava
2251 3283 2603 3356 cogitatione,
2645 3289 2708 3338 ut
2750 3281 3043 3354 disciplina
3080 3297 3269 3338 eorum
3299 3278 3466 3335 etiam
3500 3275 3569 3333 ab

1975 3373 2293 3430 inﬁdelibus
2323 3374 2598 3442 laudetur,
2632 3381 2686 3429 et
2718 3371 3005 3447 provocari
3038 3370 3104 3426 ad
3137 3369 3298 3426 ﬁdem
3333 3367 3566 3440 possint.

2047 3473 2231 3544 (Vers.
2285 3474 2370 3541 12,
2408 3472 2520 3543 13.)
2583 3497 2600 3519 α
2626 3470 2898 3527 Nolumus
2945 3478 3124 3526 autem
3165 3483 3264 3522 vos
3296 3466 3568 3538 ignorare,

1974 3559 2190 3628 fratres,
2222 3561 2290 3618 de
2319 3561 2389 3616 iis
2411 3562 2507 3634 qui
2538 3560 2859 3627 dormiunt;
2892 3576 2960 3615 ne
2989 3555 3394 3616 contristemini
3427 3553 3567 3625 (12),

1975 3649 2119 3706 sicut
2164 3657 2218 3706 et
2246 3650 2428 3707 cateri
2462 3651 2557 3723 qui
2604 3666 2755 3723 spem
2799 3667 2909 3707 non
2942 3648 3163 3704 habent.
3198 3648 3332 3705 Nam
3365 3645 3412 3702 si
3442 3661 3571 3703 cre-

1975 3739 2161 3795 dimus
2203 3739 2349 3810 quod
2381 3741 2536 3796 Jesus
2566 3748 2816 3796 mortuus
2857 3748 2937 3796 est
2967 3747 3019 3795 et
3055 3738 3377 3804 resurrexit,
3409 3737 3489 3792 sic
3517 3743 3574 3792 et

1975 3830 2122 3885 Deus
2146 3828 2272 3885 illos
2311 3829 2406 3900 qui
2449 3827 2813 3898 dormierunt,
2845 3845 2942 3902 per
2968 3829 3150 3885 Iesum
3183 3826 3419 3884 adducet
3445 3840 3571 3880 cum

1977 3934 2063 3986 eo,
2097 3943 2115 3967 ι
2175 3917 2463 3974 Manifesta
2501 3926 2581 3974 est
2623 3919 2786 3987 ratio,
2832 3919 2962 3991 quia
2992 3917 3037 3974 si
3078 3915 3405 3973 resurrectio
3443 3928 3572 3968 cre-

1979 4006 2132 4062 ditur
2162 4015 2504 4063 mortuorum
2537 4007 2740 4074 futura,
2774 4023 2884 4062 non
2904 4015 3035 4064 sunt
3067 4004 3307 4078 lugendi,
3331 4001 3425 4074 qui
3447 4014 3570 4053 cum

1980 4097 2138 4171 signo
2175 4097 2354 4154 crucis
2391 4105 2614 4154 exeunt.
2648 4097 2892 4170 Lugendi
2939 4104 3119 4150 autem
3154 4107 3280 4147 vere
3317 4097 3447 4144 sunt
3481 4088 3575 4142 in-

1981 4187 2189 4254 ﬁdeles,
2223 4189 2317 4260 qui
2367 4187 2499 4244 hinc
2545 4192 2831 4242 transeunt
2875 4185 2932 4238 in
2977 4180 3304 4252 gehennam,
3338 4183 3400 4231 ut
3449 4173 3577 4230 edi-

1983 4286 2136 4334 scant
2165 4294 2357 4334 verum
2407 4294 2521 4333 esse
2565 4276 2712 4349 quod
2742 4272 2960 4330 credere
3010 4269 3326 4324 noluerunt.
3363 4266 3577 4323 Fideles

1982 4377 2164 4424 autem
2192 4374 2474 4438 resurgent
2501 4365 2568 4420 ad
2599 4363 2850 4436 gloriam,
2885 4369 2945 4416 ut
2967 4357 3062 4432 qui
3092 4357 3149 4414 in
3187 4359 3389 4415 saeculo
3419 4355 3575 4413 stulti

1983 4457 2160 4514 habiti
2218 4463 2348 4512 sunt
2397 4462 2617 4526 propter
2659 4451 2844 4518 ﬁdem,
2894 4449 3187 4506 videantur
3238 4447 3570 4523 prudentes:

264 4538 454 4620 devhis
477 4565 736 4622 omnibus
761 4610 774 4632 ,
797 4538 1024 4624 sicut'et
1052 4568 1412 4640 praediximus
1439 4568 1617 4638 vobis,
1647 4578 1700 4626 et
1727 4571 1860 4626 testis

1990 4546 2355 4620 providerunt
2382 4543 2528 4600 enim
2559 4541 2662 4598 sibi
2695 4541 2944 4615 gloriam.
2979 4540 3045 4596 Hi
3075 4547 3206 4596 sunt
3232 4538 3328 4613 qui
3359 4555 3454 4613 per
3480 4539 3579 4594 Je-

270 4654 426 4712 ﬁcati
456 4672 668 4714 sumus.
698 4683 716 4706 ι
757 4658 1024 4726 Quamvis
1054 4661 1240 4717 laudet
1268 4679 1361 4719 eos
1389 4660 1445 4717 in
1478 4669 1594 4716 tota
1621 4659 1870 4732 epistola,

267 4751 455 4801 tamen
504 4756 818 4804 commonet
863 4765 930 4805 ne
961 4749 1148 4824 aliqua
1187 4750 1544 4824 subreptione
1584 4749 1650 4806 ad
1679 4748 1874 4805 illicita

270 4833 646 4902 deducantur,
678 4843 731 4892 et
764 4837 1050 4895 incurrant
1077 4840 1405 4909 vindictam,
1435 4856 1597 4914 quam
1621 4838 1872 4895 ultricem

271 4925 546 4980 malorum
594 4924 940 4983 didicerunt:
989 4927 1225 4985 scientes
1273 4929 1378 4986 hoc
1420 4931 1532 4985 Deo
1565 4930 1798 5002 placere,
1829 4927 1874 4983 si

271 5027 508 5084 corpora
537 5029 635 5069 sua
681 5014 1117 5072 incontaminata
1146 5017 1482 5086 custodiant,
1528 5018 1620 5074 sed
1667 5026 1875 5075 etcum

273 5100 540 5160 fratribus
593 5105 924 5179 simpliciter
988 5114 1169 5180 agant,
1245 5123 1313 5165 ne
1362 5107 1572 5165 similes
1626 5106 1878 5180 gentibus

271 5190 512 5260 inventi,
544 5193 858 5268 adoptionis
888 5195 1112 5255 nomine
1138 5196 1482 5254 abdicantur.

342 5282 531 5355 (Vers.
566 5282 620 5353 7,
649 5283 730 5357 8.)
779 5309 797 5333 ι
823 5284 945 5342 Non
976 5283 1125 5340 enim
1145 5287 1365 5342 vocavit
1394 5302 1495 5342 nos
1522 5286 1668 5342 Deus
1699 5284 1756 5340 in
1779 5284 1878 5340 im-

277 5371 634 5443 munditiam,
683 5373 780 5431 sed
812 5373 869 5430 in
914 5373 1356 5432 sanctimoniam.
1407 5375 1749 5449 Quapropter
1786 5373 1879 5448 qui

345 5515 428 5592 (9)
469 5517 626 5574 Rom.
654 5517 812 5592 edit,
841 5516 904 5592 in_
925 5524 1094 5592 noset
1128 5519 1186 5574 in
1215 5533 1388 5574 omnes
1407 5526 1510 5592 ;_et
1541 5527 1665 5592 post
1690 5520 1878 5591 paulo,

279 5587 437 5664 porcia
480 5589 1166 5664 vestrairrepreltensibilia
1192 5608 1214 5657 ,°
1245 5588 1521 5664 vet.__edit_.
1542 5587 1615 5648 ac
1645 5587 1775 5664 mss.
1818 5587 1881 5647 ut

278 5659 332 5712 in
377 5665 556 5729 textu,
616 5660 725 5716 nisi
769 5659 916 5734 quod
973 5660 1032 5717 in
1094 5680 1224 5720 mss.
1283 5659 1612 5737 quibusdam
1658 5662 1877 5734 legitur,

281 5730 436 5787 corda
465 5737 670 5787 nostra.

1981 4654 2125 4704 sum,
2172 4636 2227 4692 id
2272 4645 2373 4701 est,
2427 4633 2528 4690 sub
2580 4649 2673 4706 spe
2711 4632 2838 4690 ﬁdei
2878 4631 3046 4704 hujus
3093 4638 3375 4696 exeuntes,
3409 4628 3578 4684 addu-

1982 4735 2179 4788 centur
2214 4741 2340 4780 cum
2369 4740 2433 4779 eo
2470 4723 2527 4778 in
2569 4722 2811 4779 adventu
2851 4719 3006 4792 ejus:
3059 4728 3120 4776 ut
3162 4717 3230 4775 ab
3260 4718 3579 4776 hominibus

1984 4817 2297 4874 videantur.
2331 4813 2468 4870 Cum
2519 4820 2700 4868 tamen
2747 4811 2863 4883 ipse
2891 4809 3139 4866 defuncti
3183 4825 3468 4868 excessum
3500 4810 3579 4865 lu-

1987 4905 2224 4981 gendum
2257 4901 2569 4976 prohibeat,
2601 4901 2716 4973 ipse
2755 4899 2888 4956 alibi
2919 4897 3091 4958 dicit:
3140 4923 3158 4947 ι
3187 4899 3263 4957 Ne
3294 4899 3578 4957 tristitiam

1985 4996 2244 5053 haberem
2295 4994 2556 5067 (Philipp.
2591 5009 2650 5060 II,
2697 4990 2810 5064 27).
2838 5015 2857 5040 ι
2915 4989 3020 5048 Sed
3052 4989 3169 5063 jam
3199 5005 3299 5048 suo
3347 4990 3468 5046 loco
3497 5004 3580 5045 so-

1986 5087 2165 5143 lutum
2186 5091 2286 5141 est.

2061 5193 2242 5268 (Vers.
2297 5191 2521 5265 14-17.)
2597 5214 2614 5238 ι
2662 5191 2778 5248 Hoc
2823 5188 2972 5247 enim
3029 5187 3190 5246 vobis
3241 5186 3476 5244 dicimus
3523 5183 3582 5268 in

1988 5267 2157 5341 verbo
2185 5281 2432 5352 Domini,
2463 5279 2594 5355 quia
2620 5295 2720 5336 nos
2747 5276 2843 5353 qui
2871 5276 3137 5343 vivimus,
3173 5275 3268 5350 qui
3297 5267 3582 5331 subrelicti

1989 5390 2180 5432 sumus
2213 5373 2271 5429 in
2311 5373 2613 5430 adventum
2644 5369 2891 5438 Domini,
2923 5383 3036 5425 non
3064 5365 3462 5442 praeveniemus
3491 5372 3585 5414 eos

2091 5516 2179 5584 10)
2209 5514 2396 5575 Codex
2425 5513 2623 5582 Laud.,
2644 5513 2745 5569 Dei
2768 5511 3056 5584 interponit
3083 5507 3401 5584 doctrinam.

2092 5576 2177 5655 11)
2225 5589 2374 5645 Idem
2423 5587 2545 5644 cod.
2579 5576 2787 5650 Laud,
2828 5576 3112 5655 signiﬁcat,
3141 5583 3190 5632 at
3222 5590 3339 5630 vere
3367 5576 3459 5631 hoc
3487 5584 3580 5646 est,

1989 5660 2488 5733 ςαρᾴριροειυεος,
2660 5731 2668 5733 _
2985 5718 3050 5733 ,.

2065 5722 2181 5804 (12)
2216 5731 2373 5788 Rom.
2405 5728 2564 5795 edit.,
2614 5731 2803 5782 utnon
2832 5723 2946 5778 sitis
2980 5722 3167 5774 tristes.
