4108 6184
258 398 362 456 477

1253 381 1619 443 COMMENT.
1660 377 1732 437 IN
1772 375 1990 434 EPIST.
2032 375 2055 431 Ι
2093 375 2190 431 ΑΙ)
2226 370 2558 428 THESSAL.

3469 358 3576 417 L78

262 533 323 581 ut
374 521 715 596 cognoscatis
762 533 855 575 eos
902 515 996 589 qui
1049 513 1297 570 laborant
1339 509 1398 566 in
1427 508 1588 565 vobis
1619 505 1761 580 (16),
1806 513 1862 562 et
1894 509 1945 570 Α
1980 508 2075 570 let,
2126 515 2239 558 non
2291 494 2472 554 audiri
2517 491 2787 566 patienter
2833 489 3052 557 debere,
3091 487 3187 546 sed
3213 485 3403 546 omnia
3425 482 3576 541 dicte

259 621 496 688 praesunt
546 609 706 666 vobis
736 608 796 664 in
849 605 1109 672 Domino,
1148 611 1202 660 et
1229 607 1456 658 monent
1485 615 1619 655 vos:
1662 604 1724 653 ut
1756 596 1869 652 illis

260 717 534 759 summum
593 698 859 754 honorem
922 693 1169 750 habeatis
1225 692 1283 747 in
1331 689 1599 746 charitate
1647 692 1870 758 propter

259 809 422 867 opera
460 791 739 864 ipsorum:
795 803 981 860 pacem
1029 784 1226 841 habete
1274 782 1420 837 inter
1450 794 1569 834 vos.
1603 777 1720 832 Hoc
1765 781 1866 838 est,

258 864 410 956 quod
465 879 607 937 dicit
657 877 836 934 etin
891 874 1002 932 alia
1054 871 1289 945 epistola
1347 869 1405 940 (ι
1461 867 1596 924 Tim.
1641 881 1698 956 γ,
1754 864 1866 933 I7),

257 953 611 1045 presbyteros
658 965 869 1040 duplici
912 963 1125 1020 honore
1173 956 1548 1045 honorandos,
1582 954 1676 1028 qui
1712 953 1870 1008 labo-

257 1044 384 1117 rant
432 1059 491 1115 in
518 1056 687 1113 verbo
726 1054 1014 1112 doctrinae.
1069 1052 1254 1107 Potest
1300 1046 1446 1104 enim
1485 1044 1668 1117 pigere
1719 1057 1867 1111 eum,

259 1149 354 1224 qui
388 1147 634 1220 inopiam
666 1145 894 1218 patitur,
934 1139 1263 1197 exercitium
1294 1137 1490 1202 facere,
1523 1131 1669 1206 quod
1698 1129 1871 1204 prosit

258 1218 637 1295 audientibus.
704 1232 852 1301 Quid
915 1230 1064 1287 enim
1133 1226 1351 1300 prodest
1412 1223 1676 1279 honorem
1751 1218 1870 1275 sine

261 1327 451 1384 fructu
503 1326 739 1382 habere:
790 1329 885 1378 aut
947 1318 1080 1393 quid
1133 1331 1390 1388 magnum
1443 1319 1525 1368 est
1575 1310 1771 1366 offerre
1816 1305 1867 1362 ei

259 1416 524 1484 carnalia,
557 1413 651 1487 qui
700 1411 897 1468 tribuit
926 1405 1197 1480 spiritalia
1218 1405 1246 1461 ?
1283 1403 1438 1460 Sicut
1467 1399 1617 1457 enim
1655 1397 1868 1454 divitiae

257 1503 650 1578 negligentiam
680 1503 902 1575 pariunt
947 1497 1159 1564 salutis,
1211 1495 1290 1551 ita
1316 1499 1526 1578 egestas
1545 1489 1678 1546 dum
1709 1497 1870 1545 satu-

257 1601 369 1659 rari
401 1599 616 1675 quaerit,
648 1614 680 1652 a
701 1596 924 1669 justitia
951 1593 1214 1651 declinat.
1271 1590 1415 1647 Hinc
1466 1588 1723 1646 Salomon
1767 1598 1870 1640 nec

259 1690 430 1748 nimis
500 1687 730 1766 divitem
799 1701 857 1741 se
930 1684 1068 1756 petit
1143 1680 1286 1747 fieri,
1356 1696 1458 1737 nec
1523 1684 1868 1750 egestuosum

260 1782 452 1854 (Prov.
487 1794 627 1845 xxx,
658 1763 740 1846 8).
771 1775 890 1831 Hoc
920 1773 1100 1844 ipsum
1132 1778 1317 1826 tamen
1350 1769 1408 1825 in
1453 1767 1720 1824 charitate
1750 1763 1869 1820 fieri

256 1870 483 1938 debere,
530 1875 593 1923 ut
623 1863 1050 1922 honorificentia
1089 1859 1388 1918 sacerdotis
1435 1874 1546 1913 non
1576 1856 1642 1912 de
1671 1855 1871 1910 timore

257 1963 442 2036 magis
487 1961 582 2026 sit,
629 1958 724 2015 sed
769 1958 838 2014 de
883 1972 1102 2013 amore:
1154 1962 1217 2009 ut
1264 1953 1429 2009 etiam
1477 1951 1562 2007 illi
1594 1947 1863 2023 proficiat,

259 2053 362 2127 qui
416 2051 568 2108 facit.
628 2052 732 2108 Res
777 2049 926 2106 enim
974 2063 1095 2121 quae
1122 2053 1316 2119 sponte
1354 2061 1464 2102 non
1495 2046 1576 2114 fit,
1609 2045 1678 2100 ad
1702 2043 1866 2100 affec-

257 2151 384 2200 tum
424 2157 536 2197 non
578 2139 868 2214 pervenit;
920 2137 1176 2212 quamvis
1218 2137 1288 2192 ad
1331 2153 1568 2210 praesens
1616 2133 1869 2208 proficiat

258 2231 528 2301 sumenti,
559 2229 700 2287 nihil
747 2237 934 2286 tamen
969 2226 1214 2302 proderit
1259 2226 1316 2283 in
1354 2229 1542 2284 futuro
1571 2225 1744 2282 danti.
1795 2225 1867 2280 Et

259 2329 393 2405 quia
423 2328 693 2386 dissensio
720 2328 896 2385 multa
920 2332 1140 2401 generat
1163 2325 1327 2393 mala,
1351 2323 1610 2398 pacificos
1637 2338 1729 2378 eos
1749 2334 1868 2376 esse

259 2419 538 2476 hortatur.

341 2511 524 2582 (Vers.
559 2506 765 2579 14-17.)
803 2530 822 2554 ι
852 2507 1126 2578 Rogamus
1153 2520 1286 2560 vero
1319 2519 1437 2571 vos,
1486 2502 1702 2570 fratres,
1734 2516 1868 2557 cor-

263 2609 434 2683 ripite
482 2606 776 2680 inquietos,
820 2604 1187 2664 consolamini
1233 2603 1630 2677 pusillanimes,
1675 2602 1870 2674 opitu-

265 2708 465 2765 lamini
505 2707 765 2774 infirmis,
810 2705 1079 2778 patientes
1128 2711 1300 2760 estote
1329 2701 1398 2758 ad
1427 2717 1637 2758 omnes.
1671 2700 1870 2758 Videte

260 2821 337 2863 ne
370 2806 494 2879 quis
532 2804 737 2861 malum
769 2818 867 2875 pro
898 2801 1044 2858 malo
1072 2799 1240 2856 alicui
1273 2798 1499 2856 reddat:
1532 2799 1626 2854 sed
1655 2813 1871 2868 semper

262 2901 415 2979 quod
453 2901 658 2958 bonum
703 2906 786 2956 est
832 2896 1145 2964 sectamini,
1191 2903 1244 2951 et
1290 2895 1349 2950 in
1401 2894 1666 2960 invicem,
1715 2901 1771 2948 et
1812 2891 1868 2946 in

261 3008 478 3052 omnes.
513 2991 740 3062 Semper
770 2988 997 3060 gaudete
1037 2989 1094 3043 in
1126 2985 1390 3046 Domino,
1431 2983 1550 3038 sine
1580 2979 1872 3036 intermis-

262 3086 419 3144 sione
450 3089 622 3148 orate,
658 3081 715 3136 in
746 3078 1004 3134 omnibus
1033 3075 1234 3149 gratias
1259 3074 1422 3146 agite.
1455 3073 1583 3128 Haec
1612 3080 1693 3127 est
1723 3071 1872 3126 enim

263 3178 526 3233 voluntas
575 3171 674 3228 Dei
724 3170 782 3224 in
826 3167 1048 3224 Christo
1078 3166 1205 3220 Jesu
1245 3163 1302 3218 in
1345 3161 1605 3219 omnibus
1632 3161 1810 3217 vobis.
1839 3185 1857 3209 ι

262 3266 542 3335 Quoniam
571 3273 793 3317 necesse
819 3265 901 3314 est
930 3256 1191 3330 quosdam
1238 3255 1295 3310 in
1336 3254 1491 3326 plebe
1520 3269 1634 3311 esse
1663 3251 1872 3308 immo-

263 3364 472 3429 destos,
524 3356 788 3431 quosdam
833 3364 1013 3412 autem
1042 3353 1438 3426 pusillanimes,
1479 3353 1586 3409 hoc
1630 3359 1733 3420 est,
1789 3351 1870 3408 ti-

268 3454 470 3520 midos,
521 3449 784 3524 quosdam
831 3465 964 3504 vero
1007 3447 1114 3503 fide
1151 3445 1438 3502 infirmos:
1491 3443 1722 3517 ideoque
1770 3443 1870 3502 hos

264 3546 361 3618 qui
392 3540 661 3600 moderati
691 3547 822 3597 sunt
852 3541 970 3613 (17)
1002 3548 1057 3596 et
1085 3539 1476 3613 magnanimes,
1503 3546 1558 3594 et
1596 3538 1704 3595 ﬁde
1732 3539 1872 3595 fun-

260 3639 404 3705 dati,
434 3638 690 3694 hortatur
720 3652 846 3692 cum
878 3651 1058 3708 prece,
1089 3643 1152 3692 ut
1181 3635 1268 3690 his
1300 3635 1611 3702 consulant,
1642 3641 1704 3690 ut
1735 3650 1870 3707 pos-

259 3729 377 3786 sint
425 3726 717 3801 proficere,
765 3727 1087 3783 sufferentes
1130 3740 1242 3790 eos,
1283 3741 1352 3780 ne
1389 3725 1435 3780 si
1477 3726 1767 3786 retributio
1805 3729 1869 3787 fit

261 3819 568 3886 malorum,
601 3815 812 3889 pejores
842 3833 900 3874 se
928 3817 1082 3873 fiant.
1110 3815 1321 3874 Idcirco
1350 3815 1492 3872 nihil
1523 3817 1675 3875 aliud
1706 3837 1868 3894 quam

260 3914 470 3973 bonum
517 3913 840 3970 sectandum
883 3911 1160 3978 hortatur,
1208 3928 1320 3968 non
1364 3913 1544 3968 solum
1596 3915 1654 3970 in
1703 3932 1871 3973 causa

261 4004 522 4071 fratrum,
567 4002 660 4057 sed
707 4009 762 4057 et
809 4002 867 4057 in
913 4002 1190 4058 omnium.
1242 4002 1477 4059 Possunt
1527 4005 1674 4061 enim
1711 4005 1870 4061 bonis

263 4093 523 4166 cperibus
570 4091 773 4147 attrahi
826 4090 1075 4147 infideles
1122 4091 1189 4146 ad
1229 4091 1638 4162 credulitatem,
1665 4111 1734 4150 ex
1764 4111 1873 4168 qua

260 4200 478 4256 semper
521 4182 820 4257 gaudeatur
865 4182 922 4237 in
970 4181 1230 4249 Domino,
1259 4182 1363 4238 hoc
1393 4190 1497 4249 est,
1527 4183 1586 4240 in
1633 4185 1866 4242 bonum-

259 4273 549 4330 Orandum
597 4281 786 4329 autem
829 4271 949 4327 sine
997 4270 1442 4328 intermissione:
1484 4272 1686 4330 sedulae
1721 4273 1869 4332 enim

259 4387 454 4444 preces
483 4377 784 4442 provocant
815 4369 1061 4424 animum
1097 4365 1304 4438 judicis
1334 4367 1400 4422 ad
1430 4367 1665 4427 dandam
1698 4371 1872 4427 mise-

261 4459 584 4518 ricordiam.
630 4461 691 4516 In
723 4457 983 4514 omnibus
1005 4472 1139 4512 vero
1167 4456 1383 4512 actibus
1411 4455 1571 4514 bonis
1598 4461 1710 4516 Deo
1740 4477 1872 4532 gra—

261 4555 370 4611 tias
400 4553 656 4626 agendas,
687 4553 783 4626 qui
816 4551 958 4608 hanc
995 4550 1195 4608 tribuit
1222 4551 1534 4608 doctrinam
1565 4550 1622 4606 in
1651 4551 1870 4610 Christo

263 4644 399 4700 Iesu
429 4644 668 4700 Domino
697 4651 906 4699 nostro.

336 4735 524 4807 (Vers.
571 4733 794 4806 18-22.)
841 4758 859 4780 ι
902 4733 1170 4807 Spiritum
1237 4730 1410 4788 nolite
1475 4731 1867 4806 exstinguere:

263 4825 584 4900 prophetias
633 4827 807 4882 nolite
863 4841 1138 4898 spernere.
1192 4822 1393 4880 Omnia
1422 4823 1684 4896 probate:
1724 4826 1872 4902 quod

261 4918 476 4975 bonum
524 4925 627 4986 est,
670 4926 880 4975 tenete:
931 4917 999 4974 ab
1030 4916 1182 4974 omni
1223 4918 1402 4988 specie
1430 4918 1572 4974 mala
1601 4918 1870 4976 abstinete

262 5029 387 5070 vos.
419 5036 437 5058 ι
482 5010 598 5067 Hoc
625 5009 780 5077 dicit,
831 5016 895 5066 ut
928 5025 1040 5066 non
1072 5009 1234 5066 facile
1274 5008 1440 5064 alicui
1479 5027 1575 5082 per
1613 5012 1869 5084 spiritum

263 5101 517 5177 loquenti
564 5099 928 5159 interdicatur
983 5099 1380 5171 (exstinguitur
1429 5099 1598 5168 enim,
1639 5102 1686 5157 si
1717 5101 1870 5160 inci-

261 5195 471 5270 pientis
499 5195 650 5270 loqui
680 5195 867 5251 fervor
895 5192 1336 5250 contradictione
1365 5193 1580 5264 sopitur
1610 5191 1780 5270 [l8]),
1799 5212 1870 5251 ne

262 5289 407 5347 forte
439 5305 550 5346 non
595 5288 968 5359 intelligentes
1005 5283 1116 5341 dici
1163 5285 1232 5341 ab
1279 5301 1342 5342 eo
1374 5284 1664 5358 spiritalia,
1709 5287 1870 5362 inju-

262 5379 402 5437 riam
451 5378 659 5437 faciant
701 5376 930 5450 Spiritui
976 5383 1186 5444 sancto,
1220 5384 1274 5432 et
1295 5384 1527 5448 peccent
1575 5394 1670 5450 per
1701 5377 1869 5452 igno-

265 5472 498 5530 rantiam
528 5490 540 5528 :
567 5487 747 5546 neque
774 5471 1012 5546 aliquem
1043 5471 1139 5546 qui
1178 5470 1331 5545 quasi
1363 5473 1672 5546 scripturas
1699 5489 1866 5530 reve-

337 5614 455 5685 (16)
475 5616 646 5696 item.
672 5613 854 5696 edit.,.
873 5612 966 5686 qui
993 5613 1245 5670 laborant
1271 5612 1409 5684 inter
1435 5629 1545 5671 vos.
1595 5615 1668 5672 Et
1697 5615 1863 5684 infra,

263 5699 443 5757 pacem
470 5688 646 5743 habete
663 5703 780 5742 cum
807 5688 899 5742 eis.

269 5829 289 5887 Ι
333 5758 457 5887 517)
501 5759 652 5816 Edit.
699 5775 765 5816 ac
818 5775 947 5814 mss.
997 5757 1275 5838 nonnulli,
1366 5757 1680 5842 uimodesti
1715 5765 1859 5818 sunt.

294 5845 328 5886 n
355 5845 416 5887 ra
443 5846 575 5888 vero
602 5829 778 5888 codex
800 5827 997 5899 Laud,
1022 5846 1229 5904 pejores
1256 5846 1310 5889 ss
1331 5775 1559 5904 ἵαοιαηι.

1903 4615 1951 4675 D

1975 594 2304 661 examinari,
2333 599 2388 649 et
2427 591 2510 648 sic
2533 588 2805 662 judicari:
2845 604 2913 645 ne
2962 587 3102 644 forte
3133 585 3359 657 gratiam
3389 583 3573 640 datam

1977 689 2135 747 fratri
2198 687 2328 743 dum
2381 687 2668 753 respuunt,
2731 677 2939 734 auctori
3005 683 3329 749 repugnent.
3377 673 3577 730 Omnia

1977 798 2106 853 ergo
2152 795 2273 853 quae
2323 773 2608 838 dicuntur,
2654 767 2932 842 probanda
2981 774 3188 834 monet,
3217 775 3273 822 et
3304 764 3574 839 quidquid

1978 873 2160 930 sobrie
2200 880 2255 927 et
2300 868 2438 924 bene
2485 865 2689 921 dictam
2739 861 2927 925 fuerit,
2984 859 3356 916 retinendum.
3405 860 3576 927 Quat—

1977 982 2195 1038 cunque
2241 961 2388 1018 enim
2441 957 2814 1030 apostolorum
2847 961 2901 1008 et
2939 951 3110 1024 ipsius
3144 952 3368 1008 Domini
3409 949 3576 1008 dictis

1977 1057 2313 1126 congruunt,
2374 1065 2438 1105 ea
2487 1047 2626 1103 bene
2673 1045 2822 1102 dicta
2865 1043 3118 1100 habenda
3163 1051 3294 1098 sunt
3337 1049 3392 1099 et
3436 1041 3577 1096 reti-

1977 1148 2156 1207 nenda
2185 1164 2196 1201 :
2229 1145 2297 1201 ab
2332 1143 2420 1198 his
2472 1149 2654 1197 autem
2703 1156 2825 1212 qua:
2856 1138 3083 1194 inimica
3119 1137 3248 1194 fidei
3297 1135 3574 1204 videntur,

1978 1237 2390 1298 abstinendum.
2426 1233 2577 1291 Solet
2623 1229 2774 1287 enim
2822 1228 3052 1300 spiritus
3081 1227 3279 1284 mundi
3312 1225 3580 1282 fallaciter

1979 1342 2134 1418 quasi
2187 1357 2281 1414 per
2329 1335 2692 1394 imitationem
2740 1331 2924 1390 dicere
2966 1331 3134 1398 bona,
3175 1335 3231 1384 et
3261 1327 3406 1383 inter
3435 1322 3581 1380 284

1979 1417 2097 1491 haec
2121 1430 2487 1488 subinducere
2513 1443 2701 1499 prava,
2725 1433 2789 1482 ut
2815 1440 2908 1496 per
2937 1422 3056 1479 haec
3097 1436 3218 1495 quas
3247 1417 3393 1475 bona
3425 1423 3575 1484 sunt,

1977 1530 2198 1595 accepto
2240 1521 2487 1576 ferantur
2523 1525 2578 1572 et
2625 1517 2800 1572 mala:
2854 1520 2916 1568 ut
2966 1511 3094 1585 quia
3138 1510 3306 1566 unius
3352 1505 3578 1581 spiritus

1977 1613 2125 1670 dicta
2162 1616 2450 1684 putantur,
2487 1622 2600 1662 non
2649 1604 3034 1660 discernantur
3070 1599 3136 1655 ab
3170 1597 3408 1654 invicem
3439 1614 3450 1650 :
3485 1595 3579 1652 sed

1978 1719 2074 1776 per
2113 1701 2170 1757 id
2218 1699 2364 1773 quod
2413 1695 2628 1752 licitum
2676 1702 2781 1760 est,
2840 1688 3259 1748 commendetur
3317 1686 3578 1743 illicitum

1979 1794 2302 1853 auctoritate
2318 1788 2581 1856 nominis,
2606 1803 2716 1844 non
2736 1786 2947 1841 ratione
2963 1783 3208 1839 virtutis.
3227 1781 3416 1838 Solent
3432 1779 3578 1836 enim

1901 1878 1946 1939 B
1981 1886 2081 1943 sub
2135 1883 2505 1956 apostolorum
2556 1876 2781 1934 nomine
2817 1883 2870 1930 et
2902 1873 3074 1946 ipsius
3103 1869 3323 1927 Domini
3357 1868 3583 1924 infanda

1921 2021 1924 2024 .
1978 1977 2173 2034 docere
2205 1981 2262 2029 et
2291 1972 2519 2028 adversa
2544 1988 2554 2026 :
2599 1969 2831 2039 ideoque
2854 1983 2887 2021 ο
2913 1964 3041 2020 auia
3069 1961 3350 2035 probanda
3372 1965 3578 2025 monet,

1980 2067 2110 2140 quia
2165 2080 2276 2121 non
2317 2068 2545 2135 possunt
2598 2056 2818 2130 eloquia
2869 2053 3094 2111 Domini
3157 2067 3273 2108 esse
3339 2049 3576 2106 diversa.

1980 2139 2122 2213 Hinc
2179 2161 2262 2209 est
2309 2149 2453 2206 unde
2483 2157 2537 2205 et
2580 2145 2806 2203 Joannis
2832 2142 3063 2216 apostoli
3103 2141 3366 2215 epistola:
3415 2164 3433 2186 ι
3460 2139 3579 2196 Νο-

1981 2247 2100 2315 lite,
2145 2241 2350 2316 inquit,
2384 2239 2536 2296 omni
2559 2237 2780 2311 spiritui
2813 2234 3032 2291 credere
3058 2250 3070 2288 :
3101 2231 3193 2287 sed
3223 2229 3447 2304 probate
3472 2228 3578 2301 spi-

1979 2339 2138 2404 ritus,
2165 2333 2210 2390 si
2241 2349 2308 2388 ex
2342 2333 2452 2388 Deo
2483 2329 2594 2386 sint
2627 2328 2684 2398 (I
2707 2327 2864 2382 Joan.
2892 2341 2969 2390 ιν,
3006 2323 3084 2393 1),
3115 2345 3134 2367 ι
3178 2320 3305 2394 quia
3331 2318 3377 2376 si
3407 2318 3583 2375 multa

1975 2429 2121 2485 bona
2174 2425 2340 2490 dicat,
2405 2422 2463 2478 in
2516 2420 2704 2493 aliquo
2767 2421 2948 2472 autem
3007 2411 3152 2484 quod
3205 2409 3331 2466 fidei
3375 2408 3582 2464 adver-

1979 2536 2098 2574 sum
2132 2525 2234 2585 est,
2272 2520 2502 2585 promat,
2529 2511 2734 2568 sciatur
2763 2525 2873 2563 non
2905 2520 3021 2562 esse
3069 2499 3308 2574 Spiritus
3338 2506 3578 2556 sanctus.

1977 2608 2127 2666 Nihil
2178 2607 2325 2662 enim
2379 2602 2581 2659 erroris
2629 2601 2686 2655 in
2716 2597 2926 2669 Spiritu
2964 2601 3153 2649 sancto
3183 2591 3388 2663 poterit
3418 2605 3581 2660 repe—

1978 2698 2102 2756 riri.
2143 2697 2247 2752 Sed
2274 2710 2368 2764 per
2402 2687 2730 2746 exercitium
2764 2681 2946 2753 eloqui
3001 2677 3247 2750 quaedam
3289 2676 3579 2746 spiritalia,

1981 2785 2228 2861 quaedam
2261 2761 2393 2836 vero
2426 2773 2690 2837 carnalia,
2735 2771 2863 2843 quia
2893 2767 3075 2824 omnis
3106 2780 3260 2821 error
3287 2761 3440 2818 carni
3476 2761 3583 2818 de-

1981 2849 2226 2950 putatur,
2275 2877 2371 2926 ant
2407 2874 2553 2926 certe
2582 2867 2895 2920 commento
2924 2855 3161 2932 quodam
3194 2850 3410 2909 astutia)
3441 2849 3584 2906 bona

1985 2941 2143 3039 fingit
2173 2981 2184 3019 :
2219 2971 2280 3020 ut
2310 2959 2398 3016 his
2428 2959 2630 3014 inserat
2673 2953 2833 3017 mala,
2866 2948 3010 3006 sicut
3040 2961 3203 3018 supra
3233 2941 3535 2999 memoravi
3565 2958 3576 2997 :

1982 3031 2445 3132 quemadmodum
2495 3049 2553 3104 in
2593 3045 2875 3111 Montano,
2923 3048 2976 3097 et
3024 3035 3294 3102 Priscilla,
3325 3041 3379 3089 et
3409 3031 3580 3089 Maxi-

1985 3123 2139 3205 milla
2161 3143 2442 3222 prophetis
2478 3137 2933 3212 cataphrygarum
2965 3130 3193 3204 spiritus
3231 3123 3426 3222 mundi
3458 3123 3581 3222 imi-

1901 3241 1944 3301 C
1981 3212 2189 3296 tatione
2227 3212 2458 3311 quadam
2488 3229 2621 3288 boni
2655 3224 2978 3284 simulavit:
3011 3228 3074 3277 ut
3101 3234 3197 3293 per
3236 3215 3410 3272 multa
3437 3212 3579 3270 veri-

1983 3335 2212 3404 similia,
2244 3309 2458 3390 necnon
2477 3336 2532 3385 et
2557 3341 2707 3391 vera,
2736 3319 3064 3378 mentiretur
3089 3333 3145 3374 se
3167 3329 3284 3372 esse
3309 3309 3578 3387 Spiritum

1982 3435 2254 3486 sanctum.

2056 3545 2239 3616 (Vers.
2300 3539 2418 3612 23.)
2462 3561 2481 3584 ι
2511 3539 2630 3610 Ipse
2674 3541 2858 3590 autem
2905 3531 3050 3586 Deus
3081 3523 3231 3600 pacis
3276 3517 3580 3616 sanctiﬁcet

1982 3611 2081 3692 vos
2128 3651 2224 3708 per
2275 3629 2462 3687 omnia
2509 3625 2800 3700 perfectos,
2857 3628 2919 3678 ut
2959 3620 3167 3691 integer
3215 3611 3444 3688 spiritus
3488 3627 3576 3667 ve-

1983 3707 2218 3799 ster,iet
2277 3726 2482 3791 anima,
2513 3731 2568 3779 et
2605 3735 2804 3792 corpus
2831 3718 2949 3774 sine
2986 3712 3208 3788 querela
3235 3709 3293 3766 in
3337 3707 3578 3764 adventu

1981 3822 2202 3881 Domini
2260 3819 2437 3876 nostri
2475 3817 2601 3873 Jesu
2631 3812 2837 3873 Christi
2876 3815 3144 3868 servetur.
3176 3828 3195 3851 ι
3240 3804 3385 3858 Deus
3432 3798 3580 3874 pacis

1982 3911 2236 3970 Christus
2269 3919 2350 3966 est
2383 3927 2394 3966 :
2449 3908 2528 3964 ait
2557 3905 2702 3962 enim
2731 3921 2743 3960 :
2800 3927 2818 3950 ι
2846 3903 3039 3958 Pacem
3072 3910 3248 3952 meam
3295 3891 3366 3948 do
3397 3889 3575 3954 vobis,

1981 4019 2172 4077 pacem
2228 4017 2402 4056 meam
2461 3998 2713 4070 relinquo
2761 3991 2921 4049 vobis
2981 3989 3161 4058 (Joan.
3213 3978 3494 4077 xxvi-27)..
3545 3997 3562 4020 -

1983 4067 2198 4170 Duippe
2247 4111 2369 4152 cum
2420 4067 2781 4163 omnia—quae
2828 4083 2991 4140 habet
3048 4079 3226 4140 Pater,
3260 4069 3391 4127 Filii
3443 4067 3577 4170 sint,

1983 4161 2150 4248 hunc-
2195 4189 2536 4247 sanctificare
2588 4161 2692 4241 nos
2741 4185 2894 4251 optat
2923 4168 3241 4243 Apostolus,
3271 4169 3334 4218 ut
3386 4177 3486 4216 nos
3516 4161 3577 4216 il-

1982 4287 2179 4343 lustret
2207 4286 2410 4358 pietate
2433 4275 2741 4339 clementiae
2772 4286 2902 4335 suae,
2926 4273 2981 4320 et
3009 4274 3228 4318 omnem
3251 4262 3431 4314 actum
3458 4254 3575 4326 (19)

1982 4347 2232 4433 nostrum
2289 4375 2488 4446 dirigat
2536 4370 2595 4425 in
2627 4362 2984 4440 perfectione,
3015 4364 3078 4412 ut
3108 4355 3319 4425 integer
3356 4349 3429 4406 sit
3471 4347 3578 4421 spi-

1981 4468 2122 4526 ritus
2171 4470 2333 4526 datus
2379 4462 2558 4520 nobis.
2594 4462 2749 4516 Tunc
2785 4453 2930 4513 enirn
2965 4453 3175 4521 integer
3207 4456 3312 4516 est,
3343 4445 3387 4503 si
3419 4446 3576 4503 bonae

1983 4559 2111 4614 vitae
2167 4557 2504 4622 studeamus,
2560 4551 2798 4608 animam
2859 4545 3121 4604 habentes
3180 4537 3467 4604 mundam,
3522 4543 3578 4592 et

1979 4665 2179 4722 corpus
2228 4649 2347 4706 sine
2401 4645 2641 4719 querela,
2673 4648 2735 4698 ut
2781 4646 2933 4695 totus
2962 4637 3128 4692 homo
3165 4632 3239 4690 sit
3279 4629 3572 4704 perfectus.

1980 4744 2164 4800 Potest
2210 4744 2357 4798 enim
2397 4755 2595 4810 corpus
2628 4734 2894 4792 mundum
2931 4747 3069 4797 esse,
3101 4737 3156 4786 ct
3184 4727 3370 4783 anima
3395 4722 3576 4796 inqui-

1981 4833 2101 4890 nari
2156 4849 2252 4906 per
2309 4831 2513 4886 malum
2562 4829 2898 4902 cogitatum:
2935 4823 3167 4896 ideoque
3209 4820 3468 4892 spiritum
3518 4817 3576 4873 in

1981 4924 2206 4981 homine
2254 4922 2522 4981 mundum
2562 4918 2699 4978 dicit
2727 4935 2842 4978 esse
2871 4917 3088 4976 debere.
3120 4914 3178 4973 Si
3219 4921 3400 4972 autem
3434 4911 3579 4968 mala

1984 5019 2097 5076 vita
2133 5019 2220 5076 vel
2267 5015 2528 5090 cogitatio
2578 5013 2900 5079 intercedat,
2935 5025 3048 5067 non
3085 5006 3192 5065 erit
3229 5005 3440 5078 integer
3469 5001 3574 5076 spi-

1978 5111 2140 5178 ritus,
2193 5110 2322 5185 quia
2368 5107 2571 5166 deserit
2624 5105 2905 5163 hominem
2960 5099 3199 5177 peccatis
3246 5093 3574 5154 obnoxium.

1978 5203 2120 5258 Dum
2147 5184 2295 5258 enim
2323 5199 2578 5258 dissentit
2606 5196 2790 5253 anima
2818 5202 2872 5251 et
2908 5207 3127 5265 corpus,
3157 5185 3411 5263 quamvis
3458 5184 3577 5240 sine

1979 5309 2142 5349 sensu
2173 5291 2267 5360 sit,
2299 5289 2466 5347 alieni
2495 5288 2563 5344 ab
2598 5302 2663 5343 eo
2700 5285 3036 5344 efﬁciuntur.
3077 5289 3131 5337 et
3160 5279 3316 5336 velut
3346 5271 3577 5348 perdens

1978 5398 2088 5450 eos,
2122 5398 2233 5438 non
2267 5380 2374 5438 erit
2417 5381 2628 5452 integer
2681 5376 2911 5450 spiritus
2941 5393 2954 5430 :
2989 5373 3058 5429 ad
3088 5371 3195 5427 hoc
3235 5367 3384 5424 enim
3412 5361 3576 5452 datur

1976 5447 2216 5541 homini,
2246 5480 2309 5529 ut
2353 5447 2569 5528 maneat
2620 5466 2677 5524 in
2712 5447 2799 5535 eo,
2844 5472 2900 5522 et
2949 5461 3022 5519 sit
3050 5456 3206 5533 quasi
3239 5459 3405 5526 caput
3431 5447 3571 5522 ejus.

2045 5614 2164 5759 έ18)
2197 5614 2324 5672 Mss.
2357 5613 2587 5686 aliquot,
2618 5608 3032 5668 contradictione
3055 5602 3292 5673 rapitur.

2073 5688 2162 5758 19)
2193 5687 2396 5744 Omnes
2423 5684 2583 5754 edit.,
2611 5689 2661 5739 et
2687 5699 2836 5739 omne
2869 5684 3087 5740 votum;
3114 5685 3292 5729 omne:

2073 5675 2162 5758 19)
2193 5687 2396 5744 Omnes
2423 5675 2584 5754 edit.,
2611 5689 2661 5739 et
2687 5699 2836 5739 omne
2869 5684 3087 5740 votum;
3114 5685 3308 5729 omnes
3337 5685 3491 5740 mss.,
3523 5675 3572 5727 et

1970 5774 2173 5819 omnem
2199 5763 2398 5817 actum.
