4108 6184
507 344 610 400 479

1520 339 1616 397 ΑΙ)
1658 339 1893 397 ΟΡΕΒΑ
1946 338 1999 396 S.
2043 338 2374 397 AMBROSII
2411 338 2794 398 APPENDIX.

3712 342 3818 402 480

505 469 721 540 Integer
767 484 895 540 ergo
931 482 1045 523 non
1099 465 1226 535 erit,
1257 465 1386 540 quia
1430 464 1613 538 perdit
1642 467 1906 534 membra,
1962 467 2093 523 dum
2125 471 2175 530 Α
2207 465 2404 534 stiana,
2459 473 2653 525 caetera
2709 465 2950 522 carnalia
3004 472 3152 534 sunt,
3199 466 3327 538 quia
3371 466 3650 541 quidquid
3697 469 3820 528 sine

505 556 713 614 recedit
763 556 829 613 ab
886 573 950 613 eo
1000 555 1168 613 homo
1213 572 1277 612 ea
1319 571 1485 629 agens
1531 572 1653 630 quae
1701 556 1820 614 odit
1865 557 2104 630 Spiritus
2211 554 2432 613 Christo
2452 555 2545 625 ﬁt,
2575 558 2792 613 carnale
2821 562 2924 624 est,
2964 571 3026 611 ac
3064 572 3161 628 per
3205 553 3311 611 hoc
3339 563 3394 611 et
3424 558 3678 615 mortale.
3712 559 3821 629 Qui

505 654 744 703 sanctus.

581 735 762 806 (Vers.
800 733 892 803 24,
922 734 1038 807 25.)
1079 760 1096 782 ι
1124 733 1329 790 Fidelis
1358 743 1440 791 est
1471 734 1618 791 enim
1672 736 1838 804 Deus,
1871 736 1966 810 qui
2013 754 2106 793 vo-

505 824 655 881 cavit
697 840 815 891 vos,
849 822 944 897 qui
975 831 1028 879 et
1056 821 1238 878 faciet.
1270 824 1508 892 Fratres,
1537 831 1686 882 orate
1736 842 1834 898 pro
1864 825 2042 882 nobis.
2077 853 2094 874 ι

507 911 752 970 Fidelem
791 915 965 969 Deum
1019 911 1158 968 dicit
1202 912 1259 968 in
1308 913 1593 986 promissis
1639 913 1774 982 suis,
1818 922 1879 970 ut
1931 915 2109 972 securi

508 1004 576 1060 de
623 1001 850 1075 praemio
903 1009 1051 1058 recte
1101 1010 1408 1058 versentur.
1463 1003 1535 1058 Et
1586 1002 1716 1076 quia
1761 1004 1856 1077 qui
1911 1004 2109 1060 vivunt

500 1091 664 1165 juxta
703 1092 1087 1166 Evangelium,
1139 1092 1298 1149 facile
1343 1099 1601 1166 poterunt
1653 1093 1942 1166 impetrare
1989 1112 2109 1168 quas

507 1183 812 1256 postulant,
854 1183 1062 1240 idcirco
1093 1199 1247 1238 orare
1287 1199 1380 1238 eos
1407 1201 1506 1256 pro
1532 1201 1588 1240 se
1629 1183 1920 1254 hortatur;
1952 1186 2110 1242 facile

505 1272 654 1329 enim
687 1271 850 1328 multi
883 1271 1183 1345 impetrant
1212 1272 1359 1345 quod
1390 1273 1723 1329 desiderant.

579 1363 758 1435 (Vers.
813 1362 926 1436 26.)
981 1387 1000 1411 ι
1043 1364 1288 1420 Salutate
1329 1365 1527 1421 fratres
1591 1381 1780 1422 omnes
1817 1365 1876 1422 in
1923 1368 2111 1423 osculo

507 1460 716 1510 sancto.
753 1477 772 1501 ι
817 1452 1016 1509 Sancta
1069 1455 1257 1510 oscula
1296 1461 1426 1510 sunt
1473 1454 1531 1509 in
1569 1454 1898 1511 salutatione
1955 1455 2112 1513 Chri-

2215 643 2362 699 enim
2393 654 2670 701 auctorem
2700 646 2826 700 vita:
2859 644 3188 712 contemnit,
3211 645 3270 699 in
3297 653 3472 702 morte
3501 655 3601 703 est.

2291 737 2473 809 (Vers.
2506 736 2622 807 27.)
2661 760 2678 783 ι
2698 735 2908 807 Adjuro
2923 753 3023 792 vos
3053 751 3146 807 per
3166 735 3490 804 Dominum,
3517 745 3580 793 ut
3608 739 3825 812 legatur

2217 827 2448 900 epistola
2479 826 2596 883 hac
2623 827 2881 883 omnibus
2915 827 3196 883 fratribus.
3231 853 3250 875 ι
3291 827 3567 902 Astringit
3613 845 3729 900 eos,
3760 839 3822 889 ut

2217 917 2446 973 solliciti
2477 916 2589 972 sint
2617 917 2686 972 ad
2718 916 3001 990 legendam
3041 918 3331 989 epistolam
3376 919 3594 976 cunctis
3622 920 3824 977 fratri-

2217 1006 2339 1073 bus,
2373 1013 2435 1062 ut
2463 1013 2795 1078 cognoscant
2825 1013 2878 1061 et
2913 1005 3102 1062 laudes
3138 1014 3192 1062 et
3220 1006 3633 1066 admonitiones
3675 1027 3816 1081 suas,

2218 1111 2314 1168 per
2339 1113 2474 1167 quas
2507 1096 2642 1152 ﬁant
2670 1095 2921 1169 perfecti.

2295 1187 2476 1260 (Vers.
2524 1186 2640 1258 28.)
2687 1212 2705 1234 ι
2741 1187 2928 1242 Gratia
2964 1185 3189 1242 Domini
3234 1187 3407 1245 nostri
3443 1189 3573 1246 Jesu
3611 1190 3823 1250 Christi

2219 1275 2530 1332 vobiscum.
2561 1303 2579 1325 ι
2627 1275 2718 1332 Sic
2747 1276 2874 1332 illos
2907 1276 2966 1332 in
2996 1275 3158 1332 bonis
3187 1277 3446 1348 operibus
3491 1281 3615 1337 vult
3646 1282 3822 1354 proﬁ—

2220 1382 2360 1435 cere,
2406 1375 2467 1423 ut
2512 1367 2684 1438 gratia
2725 1367 2952 1422 Domini
2996 1366 3172 1424 nostri
3197 1367 3323 1424 Jesu
3355 1367 3563 1428 Christi
3595 1387 3822 1443 perma-

2222 1463 2347 1512 neat
2375 1455 2433 1510 in
2462 1455 2541 1513 eis
2570 1455 2631 1512 in
2663 1465 2951 1512 aeternum.

509 1759 622 1844 1N
705 1757 1055 1842 EPIST.
1133 1756 1230 1842 B.
1311 1756 1637 1842 PAULI
1715 1757 1862 1843 AD
1943 1758 3080 1850 THESSALONICENSES
3157 1763 3798 1858 SECUNDAM.

1108 2076 1493 2137 PROLOGUS.

575 2171 847 2240 Quoniam
894 2169 953 2228 in
1006 2168 1192 2244 prima
1244 2169 1476 2242 epistola
1502 2167 1571 2225 ad
1599 2167 2112 2230 Thessalonicenses

506 2262 635 2320 data
669 2263 814 2318 inter
837 2267 1033 2318 caetera
1061 2259 1225 2316 etiam
1247 2259 1315 2316 de
1339 2259 1580 2316 adventu
1611 2259 1835 2316 Domini
1861 2259 2108 2332 quaedam

463 2391 474 2398 .
505 2349 744 2422 scripsit,
777 2357 830 2406 et
859 2348 927 2405 de
964 2349 1362 2406 resurrectione
1393 2359 1729 2417 sanctorum,
1763 2366 1915 2406 nunc
1943 2349 2107 2404 aliam

506 2438 699 2495 scribit
727 2437 796 2494 ad
816 2453 927 2505 eos,
952 2437 1009 2493 in
1031 2454 1137 2510 qua
1155 2436 1454 2511 signiﬁcat,
1485 2437 1614 2494 licet
1644 2437 1874 2495 obscure
1907 2440 2108 2512 (neque

506 2527 651 2584 enim
699 2534 885 2600 aperte
938 2527 1122 2599 potuit
1161 2526 1447 2598 scribere),
1485 2526 1552 2581 de
1602 2525 1904 2584 abolitione
1953 2531 2106 2600 regni

505 2616 761 2684 Romani,
793 2623 847 2672 et
877 2615 945 2673 de
973 2613 1288 2672 antichristi
1316 2615 1635 2689 apparentia
1655 2625 1709 2673 et
1731 2615 2104 2690 damnatione,

505 2713 559 2764 et
587 2705 654 2762 de
683 2705 1045 2779 quorumdam
1079 2705 1313 2761 fratrum
1339 2704 1748 2778 inquietudine.

1029 2848 1258 2906 CAPUT
1294 2848 1588 2906 PRIMUM.

579 2972 760 3044 (Vers.
799 2970 942 3042 1-3.)
989 2995 1006 3017 ι
1029 2971 1252 3038 Paulus,
1283 2977 1336 3026 et
1386 2970 1663 3040 Silvanus,
1695 2979 1748 3029 et
1785 2972 2110 3035 Timotheus

504 3058 767 3116 Ecclesiae
794 3057 1366 3115 Thessalonicensium
1399 3059 1457 3114 in
1487 3061 1600 3116 Deo
1627 3061 1785 3116 Patre
1813 3073 2021 3132 nostro,
2053 3073 2108 3121 et

505 3148 564 3206 in
592 3146 831 3205 Domino
857 3149 984 3204 Jesu
1030 3146 1272 3205 Christo.
1307 3148 1495 3206 Gratia
1525 3149 1684 3206 vobis
1710 3157 1764 3207 et
1793 3167 1899 3224 pax
1928 3169 1959 3208 a
1994 3155 2106 3211 Deo

503 3243 661 3299 Patre
692 3249 902 3314 nostro,
925 3251 980 3300 et
1013 3243 1250 3301 Domino
1277 3245 1404 3301 Iesu
1433 3245 1672 3302 Christo.
1697 3273 1716 3295 ι
1758 3247 2107 3306 Solemuibus

503 3332 686 3390 verbis
716 3333 911 3391 scribit
939 3332 1008 3390 ad
1036 3349 1165 3391 eos:
1197 3334 1362 3391 solito
1410 3336 1558 3392 enim
1592 3354 1742 3394 more
1788 3355 2106 3397 sermonum

504 3431 667 3500 caput
713 3423 1032 3481 continetur
1073 3425 1355 3497 epistolae:
1402 3432 1457 3480 et
1499 3425 1642 3481 idem
1673 3426 1777 3500 ipsi
1810 3436 1922 3484 tres
1951 3438 2100 3500 sunt,
2135 3435 2180 3494 B

502 3528 739 3585 quorum
787 3514 1011 3569 nomine
1061 3513 1344 3582 scribitur,
1379 3513 1521 3569 sicut
1569 3522 1622 3569 et
1671 3515 1847 3586 prima
1875 3517 2108 3589 epistola

505 3601 564 3671 (Ι
596 3600 769 3655 Thess.
803 3617 844 3669 ι,
885 3601 962 3671 1).

591 3714 610 3737 ε
639 3687 853 3746 Gratias
899 3703 1055 3762 agere
1105 3687 1367 3746 debemus
1398 3690 1514 3747 Deo
1551 3705 1764 3764 semper
1809 3691 1877 3749 de
1924 3695 2101 3766 vobis,

503 3780 720 3848 fratres,
769 3779 910 3837 sicut
953 3779 1182 3851 dignum
1223 3790 1324 3850 est,
1385 3781 1642 3856 quoniam
1675 3789 2107 3856 superexcrescit

503 3870 639 3927 ﬁdes
661 3877 862 3939 vestra,
894 3879 949 3927 et
974 3871 1379 3944 multiplicatur
1399 3872 1641 3929 charitas
1669 3873 2105 3948 uniuscujusque

503 3972 746 4023 vestrum
774 3965 1024 4022 omnium
1053 3965 1112 4020 in
1135 3983 1233 4022 vos
1262 3967 1523 4024 invicem.
1550 3992 1567 4014 ι
1603 3968 1716 4024 Deo
1744 3984 1800 4024 se
1829 3967 2104 4026 debitores

501 4054 569 4112 de
599 4054 795 4112 borum
829 4055 1079 4130 profectu
1110 4054 1165 4111 in
1189 4055 1485 4126 gratiarum
1508 4057 1722 4113 actione
1753 4059 2100 4129 profitentur,

501 4151 556 4202 et
603 4154 664 4203 ut
707 4161 817 4202 non
867 4145 1250 4220 qualecunque
1298 4162 1412 4202 esse
1450 4145 1698 4202 debilum
1755 4147 2098 4205 ostenderet:

515 4257 534 4280 ι
570 4234 725 4292 Sicut
757 4234 986 4308 dignum
1018 4243 1121 4302 est,
1153 4260 1172 4283 ι
1212 4236 1312 4304 ait,
1343 4243 1406 4291 ut
1435 4252 1533 4308 pro
1562 4244 1674 4292 tam
1707 4235 1928 4293 inﬁnito
1956 4237 2102 4294 dono

503 4338 726 4395 magnas
784 4325 985 4395 gratias
1036 4323 1347 4381 referendas
1402 4326 1517 4382 Deo
1565 4332 1913 4381 testarentur.
1974 4326 2103 4384 Post

502 4419 778 4486 acceptam
830 4413 978 4469 enim
1035 4418 1178 4476 285
1226 4414 1461 4486 primam
1502 4415 1790 4489 epistolam
1848 4415 2102 4474 meliores

503 4525 639 4578 esse,
683 4527 847 4584 quam
890 4510 1129 4578 fuerant,
1163 4511 1540 4582 perstiterunt,
1590 4512 1667 4569 ita
1708 4521 1771 4569 ut
1814 4511 1873 4570 in
1901 4530 1964 4570 eo
1997 4531 2101 4572 co-

503 4599 646 4671 piosi
675 4609 730 4656 et
748 4599 1091 4658 abundantes
1110 4599 1453 4670 viderentur,
1475 4602 1620 4674 quod
1645 4611 1768 4676 post
1796 4604 2020 4661 Domini
2046 4612 2102 4661 et

502 4690 603 4749 Dei
629 4691 980 4750 devotionem
1030 4690 1298 4748 habemus
1327 4693 1668 4764 mandatum,
1698 4703 1761 4752 ut
1807 4696 2100 4770 diligamus

503 4795 604 4838 nos
633 4781 871 4840 invicem
905 4783 1088 4854 (Joan.
1117 4800 1241 4851 xm,
1274 4782 1388 4856 34).
1607 4835 1610 4840 .

577 4870 760 4942 (Vers.
793 4871 850 4941 4,
879 4871 961 4944 5.)
1008 4897 1026 4920 ι
1053 4873 1135 4929 Ita
1164 4880 1224 4929 ut
1253 4891 1352 4930 nos
1379 4874 1484 4948 ipsi
1515 4875 1583 4932 de
1612 4876 1771 4933 vobis
1799 4877 2096 4948 gloriemur

504 4958 562 5015 in
586 4959 848 5018 Ecclesiis
877 4961 975 5018 Dei
1018 4979 1117 5035 pro
1148 4963 1412 5036 patientia
1449 4971 1630 5021 vestra
1657 4973 1711 5022 et
1737 4965 1844 5022 fide
1876 4967 1934 5022 in
1966 4983 2096 5022 om-

501 5048 668 5108 nibus
723 5050 1197 5124 persecutionibus
1254 5053 1452 5110 vestris
1507 5063 1561 5110 et
1616 5055 1904 5128 pressuris,
1963 5072 2098 5129 quas

499 5139 787 5199 sustinetis
831 5141 889 5197 in
918 5143 1234 5216 exemplum
1259 5142 1395 5216 justi
1431 5144 1632 5217 judicii
1661 5145 1783 5214 Dei,
1817 5145 1874 5200 in
1903 5144 2009 5202 hoc
2037 5152 2098 5200 ut

497 5229 652 5305 digni
682 5229 998 5289 habeamini
1038 5249 1205 5305 regno
1235 5233 1354 5300 Dei,
1386 5249 1484 5307 pro
1519 5250 1628 5306 quo
1678 5241 1733 5289 et
1761 5233 2035 5306 patimini.
2065 5260 2084 5282 -

497 5321 740 5380 Gloriam
772 5339 890 5381 esse
921 5339 1077 5379 suam
1108 5322 1168 5379 in
1194 5322 1392 5379 horum
1434 5323 1853 5380 conversatione
1887 5330 1940 5380 et
1967 5339 2098 5396 per-

497 5410 778 5468 secutione
804 5413 1040 5468 tolerata
1067 5417 1320 5478 testatur,
1350 5409 1406 5466 in
1437 5417 1648 5466 tantum
1679 5421 1750 5468 ut‘
1769 5413 1912 5484 apud
1943 5421 2098 5468 caete-

494 5516 582 5557 ras
611 5502 888 5562 Ecclesias
917 5502 1172 5574 exempla
1199 5515 1391 5557 eorum
1422 5500 1794 5573 proferantur,
1827 5511 1889 5559 ut
1915 5502 2098 5560 imita-

2123 4800 2172 4859 D

2135 2064 2186 2124 Α
2215 2062 2368 2120 tione
2419 2079 2606 2121 eorum
2647 2074 2895 2124 crescant
2940 2067 2998 2124 in
3030 2067 3327 2128 devotione
3355 2070 3674 2145 passionum
3726 2092 3824 2148 pro

2221 2150 2464 2220 Christo,
2505 2162 2559 2210 et
2597 2163 2913 2212 mereantur
2939 2158 3200 2231 consequi
3244 2176 3363 2234 quae
3395 2162 3668 2234 promissa
3695 2173 3825 2221 sunt

2219 2241 2444 2308 sanctis,
2486 2242 2547 2297 in
2584 2242 2673 2298 die
2696 2241 2834 2315 justi
2871 2244 3072 2318 judicii
3105 2247 3228 2317 Dei,
3258 2248 3417 2321 cujus
3446 2267 3634 2308 amore
3669 2270 3823 2310 mun-

2218 2329 2349 2385 dum
2389 2347 2643 2402 spernere
2683 2350 2796 2389 non
2826 2334 3170 2393 dubitarunt.
3205 2339 3340 2410 Ipsae
3377 2340 3522 2397 enim
3556 2358 3825 2415 pressura

2218 2422 2468 2493 exempla
2494 2429 2624 2477 sunt
2653 2422 2968 2481 futurorum
3010 2427 3333 2483 meritorum
3369 2429 3426 2485 in
3457 2429 3546 2486 his
3593 2432 3690 2505 qui
3721 2450 3817 2506 pa-

2217 2509 2452 2578 tiuntur,
2485 2512 2552 2568 ad
2579 2513 2807 2584 gloriam
2836 2530 2847 2568 :
2881 2514 2941 2570 in
2986 2515 3099 2571 illis
3148 2523 3331 2573 autem
3358 2518 3453 2592 qui
3485 2533 3821 2595 persequun-

2217 2606 2328 2666 tur,
2355 2601 2421 2655 ad
2463 2600 2853 2673 perditionem.

2292 2689 2473 2759 (Vers.
2506 2689 2644 2763 6-9.)
2693 2716 2710 2739 ε
2751 2691 3037 2766 Siquidem
3073 2692 3285 2766 justum
3322 2703 3405 2752 est
3447 2697 3589 2771 apud
3645 2701 3821 2759 Deum

2217 2777 2520 2836 retribuere
2557 2779 2654 2848 eis,
2702 2783 2796 2855 qui
2845 2799 2944 2838 vos
2989 2784 3332 2857 deprimunt,
3365 2804 3721 2860 pressuram:
3769 2800 3823 2849 et

2217 2867 2376 2924 vobis
2404 2869 2497 2942 qui
2529 2871 2879 2929 aﬂlictionem
2912 2875 3217 2945 sustinetis,
3253 2877 3497 2951 requiem
3530 2879 3821 2940 nobiscum

2218 2957 2276 3014 in
2319 2959 2655 3017 revelatione
2699 2962 2922 3018 Domini
2964 2964 3091 3020 Jesu
3139 2965 3206 3021 de
3258 2967 3397 3023 coelo
3435 2984 3562 3025 cum
3614 2971 3822 3041 angelis

2217 3046 2442 3104 virtutis
2472 3048 2587 3121 ejus
2635 3050 2693 3105 in
2744 3052 2868 3124 igne
2897 3051 3131 3110 ﬂammae
3184 3054 3368 3113 dantis
3397 3056 3708 3117 vindictam
3762 3061 3821 3117 in

2216 3151 2308 3193 eos
2359 3138 2454 3210 qui
2511 3155 2620 3195 non
2670 3151 2948 3199 noverunt
2995 3144 3194 3213 Deum,
3246 3153 3301 3201 et
3330 3146 3389 3202 in
3424 3163 3515 3204 eos
3555 3148 3652 3221 qui
3708 3166 3821 3206 non

2216 3227 2522 3284 obaudiunt
2573 3230 2877 3302 Evangelio
2920 3233 3144 3289 Domini
3189 3236 3363 3291 nostri
3412 3237 3538 3292 Jesu
3588 3236 3819 3307 Christi,

2215 3315 2310 3387 qui
2350 3333 2536 3388 poenas
2581 3321 2796 3374 solvent
2839 3319 2897 3375 in
2944 3320 3232 3378 interitum
3285 3331 3550 3381 aeternum
3597 3342 3628 3380 a
3680 3327 3816 3385 facie

2215 3404 2461 3473 Domini,
2491 3414 2546 3462 et
2573 3423 2604 3461 a
2635 3408 2810 3480 gloria
2837 3410 3060 3467 virtutis
3082 3411 3218 3483 ejus.
3251 3437 3270 3460 ι
3315 3413 3586 3480 Quoniam
3617 3431 3822 3473 exem-

2216 3494 2369 3566 plum
2394 3494 2532 3567 justi
2557 3497 2756 3570 judicii
2787 3500 2885 3556 Dei
2923 3517 3183 3573 apparere
3211 3503 3358 3560 dixit
3382 3504 3500 3560 sive
3529 3505 3586 3560 in
3618 3505 3816 3576 honos,

2215 3581 2331 3640 sive
2363 3585 2418 3640 in
2452 3587 2641 3655 malos,
2698 3587 2904 3645 idcirco
2949 3589 3273 3648 subsecutus
3319 3591 3436 3648 ait:
3484 3617 3501 3640 α
3533 3593 3820 3666 Siquidem

2209 3672 2424 3745 justum
2472 3682 2554 3732 est
2599 3676 2745 3749 apud
2781 3679 2977 3746 Deum,
3010 3704 3028 3726 ι
3073 3687 3136 3734 ut
3170 3679 3362 3736 reddat
3399 3681 3707 3756 unicuique
3743 3699 3820 3740 se-

2214 3763 2456 3820 cundum
2501 3783 2663 3838 opera
2705 3785 2822 3825 sua.
2869 3768 3013 3835 Quid
3045 3778 3154 3824 tam
3179 3768 3415 3840 justum,
3450 3787 3614 3844 quam
3650 3780 3712 3828 ut
3763 3770 3821 3827 hi

2214 3853 2308 3926 qui
2339 3853 2398 3911 in
2449 3858 2650 3914 saeculo
2680 3858 3000 3930 deprimunt
3027 3858 3222 3928 bonos,
3254 3868 3309 3917 et
3341 3867 3590 3917 extorres
3619 3877 3714 3916 eos
3743 3861 3821 3917 fa-

2213 3943 2368 3999 ciunt
2420 3946 2919 4017 persecutionibus,
2963 3948 3021 4003 in
3067 3948 3256 4004 futuro
3313 3948 3498 4004 eadem
3533 3949 3819 4021 patiantur

2213 4048 2333 4104 quae
2378 4033 2622 4090 faciunt:
2666 4035 2750 4092 illi
2783 4043 2965 4092 autem
2997 4044 3059 4092 ut
3091 4037 3205 4092 sint
3236 4037 3292 4093 in
3339 4037 3526 4110 requie
3554 4053 3683 4092 cum
3715 4054 3820 4094 caa-

2213 4120 2344 4176 teris
2374 4123 2598 4192 sanctis,
2629 4125 2723 4196 qui
2771 4124 2839 4181 de
2882 4141 3079 4195 magna
3113 4125 3474 4182 tribulatione
3505 4125 3811 4195 venientes,

2211 4225 2439 4280 regnum
2486 4212 2760 4284 accipient
2803 4222 3070 4270 aeternum
3103 4214 3160 4269 in
3189 4214 3435 4272 adventu
3478 4214 3708 4272 Domini
3752 4216 3818 4273 de

2211 4299 2393 4355 ccelo:
2444 4317 2570 4356 cum
2619 4303 2847 4376 coeperit
2890 4304 3080 4360 venire
3130 4321 3258 4361 cum
3307 4305 3517 4362 caelesti
3568 4306 3820 4363 exercitu

2210 4403 2309 4448 suo
2356 4396 2409 4446 et
2454 4390 2709 4448 ministro
2752 4393 2875 4466 igne
2911 4393 2979 4449 ad
3010 4392 3254 4450 dandum
3289 4394 3599 4451 vindictam
3638 4397 3700 4452 in
3729 4411 3817 4468 pa-

2211 4492 2396 4547 ganos,
2429 4479 2524 4551 qui
2565 4482 2820 4554 ignorant
2849 4484 3021 4539 Deum
3062 4483 3278 4539 Patrem
3326 4499 3440 4539 esse
3488 4483 3619 4541 Iesu
3655 4482 3818 4542 Chri-

2209 4567 2300 4637 sti,
2358 4577 2412 4625 et
2459 4571 2698 4640 Iudaeos,
2754 4573 2848 4644 qui
2900 4571 3145 4629 dicentes
3178 4589 3237 4629 se
3284 4574 3459 4630 Deum
3508 4573 3673 4642 scire,
3705 4589 3817 4630 non

2209 4657 2441 4715 credunt
2485 4659 2787 4732 Evangelio
2841 4659 3066 4730 Christi,
3117 4662 3266 4736 quod
3313 4661 3467 4719 dedit
3522 4661 3609 4719 illi
3658 4663 3819 4719 Pater

2212 4750 2376 4820 Deus,
2405 4759 2467 4807 ut
2501 4753 2734 4808 traderet
2763 4751 2936 4808 servis
2970 4756 3085 4810 suis
3106 4755 3134 4811 7
3165 4755 3312 4823 Quos
3342 4771 3532 4812 omnes
3564 4771 3820 4827 praesen-

2210 4849 2287 4906 tia
2315 4849 2563 4916 Domini,
2615 4859 2668 4908 et
2717 4852 2890 4924 gloria
2920 4851 3223 4925 majestatis
3251 4852 3369 4925 ejus
3414 4853 3559 4925 ignis
3595 4861 3814 4928 exuret,

2203 4949 2265 4997 ut
2326 4940 2536 4998 debitas
2588 4943 2818 5000 reddant
2856 4959 3042 5016 pcenas
3097 4943 3359 5000 interitus
3414 4944 3472 5001 in
3519 4952 3810 5002 aeternum,

2205 5055 2419 5113 semper
2449 5040 2720 5113 patientes
2750 5041 2890 5115 (20),
2933 5058 3046 5098 non
3075 5049 3260 5100 tamen
3290 5042 3512 5116 penitus
3537 5042 3815 5100 deficien-

2205 5144 2322 5192 tes:
2358 5145 2420 5193 ut
2445 5139 2559 5210 ipsa
2583 5153 2741 5210 poena
2791 5137 2916 5192 illos
2946 5137 3186 5210 quodam
3215 5136 3381 5194 modo
3421 5144 3646 5211 generet
3676 5153 3812 5194 sem-

2205 5245 2320 5301 per,
2344 5247 2452 5303 quo
2481 5238 2898 5286 consumantur.

2280 5318 2462 5389 (Vers.
2517 5317 2630 5388 i0.)
2674 5342 2692 5365 ε
2719 5317 2856 5375 Cum
2903 5317 3118 5374 venerit
3167 5316 3461 5374 clariﬁcari
3509 5317 3568 5372 in
3605 5316 3815 5374 sanctis

2207 5411 2342 5476 suis,
2402 5421 2455 5468 et
2505 5411 2788 5470 miriﬁcari
2840 5411 2899 5468 in
2955 5411 3214 5468 omnibus
3275 5412 3370 5484 qui
3432 5410 3810 5478 crediderunt,

2208 5503 2338 5575 quia
2366 5502 2530 5560 ﬁdem
2575 5503 2770 5560 habuit
2812 5501 3192 5559 testimonium
3244 5509 3494 5557 nostrum
3521 5514 3687 5572 super
3715 5515 3814 5555 vos

567 5635 686 5708 (20)
732 5639 823 5713 _Ita
869 5657 997 5705 mss.
1034 5637 1219 5711 plures
1274 5637 1651 5712 potioresque:
1715 5637 1849 5697 edit.
1894 5655 2024 5696 vero
2076 5639 2331 5697 cumaliis
2406 5655 2534 5698 mss.
2597 5637 2947 5713 quibusdam,
3007 5652 3207 5708 semper
3273 5634 3567 5694 sentientes.
3625 5631 3812 5690 Minus

493 5708 802 5767 commode.
