4070 6186
533 242 639 302 483

1571 235 1667 294 AD
1709 235 1944 294 OPERA
1982 234 2038 292 S.
2080 229 2413 293 AMBROSII
2442 229 2826 292 APPENDIX.

3719 225 3829 288 484

521 375 584 423 ut
628 366 760 424 deos
787 365 962 424 coluit
990 365 1209 437 vulgus,
1239 343 1475 436 quorum
1526 361 1598 417 sit
1626 362 1741 433 ipse
1781 360 1992 432 primus
2019 369 2114 416 aut
2142 362 2192 421 Α
2225 369 2324 429 est,
2370 359 2496 416 ideo
2556 361 2669 416 non
2715 356 2993 416 dubitavit
3035 357 3214 430 primo
3238 355 3541 414 Dominum
3570 364 3828 412 nostrum

521 472 795 524 summus,
825 454 972 529 quod
995 455 1276 526 signorum
1309 451 1612 508 virtutibus
1637 450 1802 507 faciet
1831 450 2115 507 credibile.

521 546 650 604 Ideo
675 562 807 602 vero
837 553 1089 618 portenta
1120 543 1390 601 mendacii
1420 544 1585 612 dixit,
1618 541 1751 615 quia
1782 542 1886 598 hoc
1912 558 1967 598 se
1998 541 2119 597 vult

518 641 667 699 credi
701 655 796 713 per
823 638 1000 713 signa,
1032 640 1179 713 quod
1206 656 1314 695 non
1345 648 1462 706 est;
1496 646 1557 695 ut
1587 639 1825 710 decipiat
1855 656 1992 713 quos
2013 639 2117 695 cir-

518 739 917 786 cumventurus
944 737 1062 787 est:
1103 729 1246 803 quod
1278 729 1484 787 sanctis
1512 729 1636 786 ideo
1667 728 1990 803 praedictum
2011 736 2115 798 est,

519 827 584 876 ut
613 821 791 876 sciant
819 820 953 894 quid
983 829 1230 876 caveant.

590 907 774 982 (Vers.
811 909 1039 982 IO.)-Et
1069 909 1126 965 in
1159 909 1309 965 omni
1343 909 1563 966 fallacia
1594 909 2006 982 iniquitatis,iis
2021 911 2115 984 qui

515 1007 764 1073 pereunt:
789 1015 888 1073 pro
914 1017 977 1057 eo
997 1000 1143 1073 quod
1168 1000 1520 1057 dilectionem
1541 1000 1791 1058 veritatis
1813 1018 1922 1057 non
1937 1019 2116 1058 susce-

513 1096 732 1161 perunt,
762 1089 828 1145 ad
852 1089 959 1146 hoc
991 1097 1049 1145 ut
1075 1089 1214 1145 salvi
1246 1089 1458 1146 ﬁerent.
1511 1115 1528 1137 ι
1573 1091 1646 1147 Iis
1675 1091 1811 1148 dicit
1841 1091 2112 1149 fallaciam

512 1177 831 1251 iniquitatis
872 1178 1250 1251 prodigiorum
1292 1179 1410 1251 ejus
1441 1179 1722 1253 proﬁcere,
1755 1181 1847 1255 qui
1882 1182 2111 1255 perituri

512 1277 659 1335 sunt;
695 1266 823 1340 quia
850 1267 996 1324 enim
1027 1269 1278 1324 veritatis
1307 1269 1633 1326 charitatem
1665 1281 2114 1345 spreverunt,per

510 1373 674 1430 quam
736 1358 938 1414 salvari
996 1365 1288 1430 potuerant
1333 1359 1600 1431 apostolis
1660 1361 2108 1434 praedicantibus,

509 1445 698 1503 traditi
744 1455 874 1503 sunt
910 1447 1168 1505 diabolo:
1231 1450 1481 1506 nolentes
1510 1451 1660 1506 enim
1689 1452 1917 1523 salvari,
1947 1452 2111 1510 dese-

509 1545 711 1594 runtur
739 1554 770 1594 a
794 1539 927 1597 Deo.

581 1627 763 1691 (Vere.
800 1629 914 1700 11.)
973 1653 992 1678 ι
1037 1631 1110 1687 Et
1147 1631 1356 1688 idcirco
1397 1631 1580 1689 mittet
1607 1632 1718 1689 illis
1747 1634 1894 1689 Deus
1923 1650 2108 1706 opera-

2227 452 2408 507 Jesum
2465 450 2744 508 Christum
2795 465 3104 516 nominare,
3155 446 3354 502 deinde
3397 447 3577 502 Deum
3609 445 3831 504 Patrem

2227 551 2477 599 nostrum
2537 543 2859 615 dignatione
2892 541 3030 612 ejus,
3060 555 3170 596 non
3195 537 3425 594 veritate
3449 544 3696 594 naturae:
3729 537 3833 611 qui

2227 634 2284 690 in
2323 642 2536 692 tantum
2594 635 2794 691 dilexit
2833 651 2956 703 nos,
3000 642 3062 690 ut
3109 631 3314 689 Filium
3353 646 3514 686 suum
3544 630 3699 687 daret
3727 647 3833 703 pro

2226 725 2588 790 nobis(Joan.
2622 742 2706 792 tu,
2750 726 2865 796 16),
2898 726 3070 781 Deum
3102 739 3200 796 pro
3232 719 3573 787 hominibus,
3597 737 3694 792 pro
3714 737 3833 778 ser-

2226 817 2313 871 vis
2337 815 2662 882 Dominum,
2689 830 2786 887 pro
2806 813 3084 886 adoptivis
3114 811 3318 868 Filium
3348 826 3564 877 verum;
3596 817 3657 865 ut
3679 827 3832 867 mors

2225 905 2340 979 ejus
2387 907 2501 963 vita
2546 916 2733 962 nostra
2777 905 2869 972 sit,
2903 913 2955 960 et
2988 904 3318 961 resurrectio
3350 901 3469 974 ejus
3493 900 3824 974 justiﬁcatio

2223 1006 2447 1067 nostra;
2480 996 2754 1054 secundus
2791 1003 2970 1052 autem
3000 996 3269 1052 adventus
3295 991 3414 1065 ejus
3447 994 3664 1066 requies
3692 993 3826 1050 vitae

2222 1097 2445 1157 nostrae,
2476 1097 2530 1145 et
2554 1089 2727 1161 gloria
2761 1087 2819 1142 in
2849 1095 3111 1143 aeternum
3139 1102 3152 1153 ;
3187 1092 3249 1140 ut
3279 1085 3386 1140 ista
3413 1099 3536 1156 spes
3563 1083 3828 1140 consola—

2227 1179 2302 1235 tio
2345 1179 2417 1234 sit
2461 1177 2810 1252 przesentium
2849 1191 3243 1249 pressurarum,
3278 1190 3375 1246 per
3409 1189 3576 1247 quam
3604 1172 3825 1230 fundati

2222 1277 2530 1326 crescerent
2559 1269 2618 1324 in
2650 1267 2811 1325 bonis
2837 1265 3098 1340 operibus
3136 1270 3192 1321 et
3214 1264 3485 1322 doctrina.

2854 1410 3083 1470 CAPUT
3109 1411 3203 1467 III.

2294 1540 2477 1610 (Vers.
2513 1541 2564 1608 I,
2608 1539 2690 1612 2.)
2723 1564 2741 1587 ι
2785 1536 2944 1606 Quod
2972 1537 3247 1610 reliquum
3275 1543 3377 1604 est,
3417 1533 3636 1604 fratres,
3666 1544 3824 1593 orate

2218 1647 2319 1703 pro
2344 1630 2532 1698 nobis,
2557 1639 2618 1686 ut
2647 1629 2878 1686 verbum
2909 1627 3134 1686 Domini
3165 1634 3350 1684 currat
3380 1635 3435 1683 et
3461 1626 3822 1698 clariﬁcetur,

506 1716 712 1774 tionem
765 1719 986 1785 erroris,
1019 1720 1075 1774 in
1111 1719 1217 1776 hoc
1262 1729 1324 1776 ut
1352 1721 1578 1778 credant
1625 1722 1949 1791 mendacio;
1981 1740 2108 1796 qua-
2137 1731 2185 1793 Β
2217 1721 2360 1777 sicut
2408 1728 2462 1776 et
2511 1720 2656 1792 apud
2704 1737 2820 1788 vos,
2871 1726 2926 1774 et
2968 1725 3030 1775 ut
3060 1717 3360 1775 liberemur
3385 1715 3456 1772 ab
3483 1716 3824 1789 importunis

507 1815 668 1864 tenus
684 1807 1005 1881 judicentur
1024 1827 1215 1867 omnes
1236 1812 1329 1885 qui
1353 1828 1463 1868 non
1492 1812 1846 1870 crediderunt
1863 1815 2106 1885 veritati,

506 1895 601 1952 sed
656 1908 1052 1956 consenserunt
1099 1901 1405 1976 iniquitati.
1438 1927 1457 1950 ι
1503 1903 1762 1975 Operatio
1790 1905 1996 1961 erroris
2023 1913 2104 1961 est

505 1983 658 2042 falsis
691 1985 856 2044 ﬁdem
901 1991 1267 2060 committere,
1314 1999 1376 2048 ut
1416 1992 1507 2065 qui
1539 1993 1844 2050 claritatem
1877 1995 2106 2053 luminis

505 2078 650 2137 287
697 2074 843 2133 diem
875 2093 989 2135 esse
1028 2081 1340 2137 consentire
1370 2082 1691 2152 noluerunt,
1725 2091 1924 2156 putant
1955 2092 2105 2141 tene-

504 2171 785 2233 brasdiem
814 2176 922 2234 dici
955 2177 1172 2235 debere:
1203 2185 1265 2236 ut
1300 2180 1511 2253 possint
1538 2183 1877 2255 propensiori
1899 2185 2103 2241 delicto

503 2265 581 2322 rei
633 2265 786 2335 facti,
819 2267 938 2323 sine
967 2269 1406 2327 contradictione
1437 2271 1688 2329 damnari
1717 2274 1968 2332 veritatis
1999 2275 2102 2330 ini-

502 2355 656 2426 mici,
691 2358 930 2416 fautores
954 2370 1135 2417 autem
1167 2361 1498 2436 iniquitatis.

574 2449 756 2520 (Vers.
794 2452 880 2518 I2,
915 2453 1028 2524 13.)
1085 2479 1103 2502 ε
1133 2457 1242 2512 Nos
1272 2472 1402 2511 vero
1429 2455 1691 2513 debemus
1719 2457 1919 2528 gratias
1945 2475 2100 2531 agere

499 2538 614 2594 Deo
643 2553 856 2611 semper
877 2539 946 2598 de
967 2541 1147 2611 vobis,
1180 2543 1374 2598 fratres
1403 2544 1592 2600 dilecti
1623 2561 1654 2599 a
1682 2547 1939 2615 Domino,
1970 2549 2101 2620 quia

497 2627 794 2698 assumpsit
823 2644 922 2684 vos
949 2629 1096 2685 Deus
1123 2647 1155 2686 a
1184 2631 1464 2704 principio
1492 2633 1559 2688 ad
1591 2634 1844 2692 salutem.
1878 2637 1935 2690 in
1977 2653 2098 2693 san-

497 2714 888 2772 ctiﬁcationem
941 2718 1191 2791 spiritus,
1239 2729 1292 2776 et
1346 2721 1510 2778 ﬁdem
1543 2724 1814 2793 veritatis,
1845 2724 1900 2780 in
1931 2741 2094 2798 quam

498 2807 777 2864 revocavit
824 2825 923 2866 vos
958 2826 1054 2882 per
1094 2811 1460 2884 Evangelium
1505 2822 1756 2870 nostrum
1780 2816 1838 2871 in
1860 2817 2094 2890 acquisi-

494 2898 647 2956 tione
676 2900 862 2972 gloria:
893 2903 1114 2958 Domini
1139 2905 1311 2960 nostri
1342 2906 1468 2962 Jesu
1499 2905 1726 2964 Christi.
1763 2935 1780 2958 ι
1825 2910 1941 2966 Hoc
1975 2911 2094 2967 loco

496 2989 838 3059 praescientia
868 2990 961 3046 Dei
993 3000 1266 3064 personat,
1292 2996 1420 3067 quia
1451 2996 1555 3052 scit
1593 2998 1842 3054 omnium
1884 3011 2093 3057 mentes

2216 1818 2271 1866 et
2299 1826 2533 1883 nequam
2565 1810 2904 1877 hominibus;
2929 1824 3038 1866 non
3061 1809 3209 1866 enim
3233 1808 3483 1864 omnium
3511 1815 3589 1863 est
3616 1807 3801 1865 ﬁdes.»

2215 1903 2294 1958 De
2323 1910 2518 1959 caetero
2549 1902 2814 1959 orandum
2851 1901 3122 1970 hortatur,
3154 1908 3215 1956 ut
3244 1899 3504 1972 dignetur
3531 1899 3672 1954 Deus
3699 1896 3820 1953 do-

2214 1992 2446 2049 ctrinam
2498 2009 2648 2050 suam
2700 1990 3031 2064 infatigabili
3063 2007 3228 2047 cursu
3254 1989 3517 2061 dirigere,
3545 1995 3600 2043 et
3628 1995 3821 2043 trans-

2218 2081 2446 2138 fundere
2472 2098 2569 2155 per
2596 2099 2656 2139 os
2697 2082 2944 2155 Apostoli
2974 2081 3058 2137 sui
3089 2081 3143 2136 in
3173 2096 3333 2137 aures
3359 2078 3727 2146 audientium,
3755 2085 3821 2134 et

2213 2181 2275 2228 ut
2303 2179 2671 2245 compesceret
2700 2179 2754 2228 et
2781 2171 2994 2228 sedaret
3024 2171 3293 2226 malorum
3334 2169 3623 2225 hominum
3653 2166 3819 2224 sedi-

2215 2263 2413 2330 tiones,
2465 2263 2558 2335 qui
2596 2262 2857 2318 diﬂidunt
2904 2261 3147 2327 veritati,
3193 2269 3249 2316 et
3296 2257 3560 2332 loquendi
3611 2257 3816 2315 ﬁducia

2211 2360 2480 2410 cresceret
2526 2354 2790 2426 Apostolo
2836 2352 2904 2409 ad
2951 2351 3068 2424 ejus
3108 2352 3369 2420 fructum,
3419 2359 3474 2407 et
3501 2349 3817 2407 conversio-

2212 2459 2336 2500 nem
2373 2443 2697 2500 multorum.

2285 2533 2465 2604 (Vera.
2494 2533 2577 2605 3.)
2614 2558 2632 2582 ε
2662 2532 2870 2591 Fidelis
2895 2541 3078 2590 autem
3098 2533 3266 2600 Deus,
3298 2531 3392 2604 qui
3424 2530 3665 2588 stabiliet
3692 2546 3813 2600 eos,

2209 2634 2262 2682 et
2317 2624 2591 2681 custodiet
2627 2641 2659 2680 a
2711 2625 2874 2682 malo.
2917 2649 2936 2673 ι
2991 2623 3263 2692 Quoniam
3294 2625 3440 2680 Deus
3466 2621 3727 2678 fidelibus
3755 2629 3817 2676 et

2206 2713 2366 2771 bona;
2416 2714 2546 2771 vitae
2597 2713 2919 2772 hominibus
2981 2715 3254 2772 auxilium
3308 2729 3462 2770 suum
3497 2727 3606 2768 non
3637 2709 3818 2766 defu-

2206 2811 2390 2861 turum
2444 2805 2502 2861 in
2555 2805 2874 2862 necessitate
2927 2804 3181 2876 promisit
3229 2803 3298 2860 ad
3327 2800 3810 2859 conﬁrmationem

2206 2894 2452 2965 illorum,
2494 2893 2534 2951 ii
2564 2902 2745 2953 autem
2778 2906 2888 2953 tam
2921 2897 2978 2951 in
3003 2895 3112 2952 ﬁde
3141 2911 3304 2968 quam
3335 2894 3392 2950 in
3424 2908 3588 2965 opere
3617 2891 3814 2948 aemuli

2202 2991 2358 3039 erant
2414 2983 2724 3056 bonorum,
2775 2985 2983 3042 idcirco
3044 2984 3262 3041 ﬁdelem
3317 2984 3490 3040 Deum
3552 2981 3687 3038 dicit
3740 2981 3814 3037 in

494 3085 620 3134 ante
649 3078 995 3137 nativitatem
1027 3100 1217 3140 eorum
1248 3104 1262 3154 ;
1299 3102 1400 3144 nec
1429 3087 1576 3144 enim
1619 3090 1750 3146 latet
1781 3091 1961 3160 illum,
1997 3093 2091 3166 qui

2210 3075 2494 3144 promissis
2545 3074 2686 3147 ejus,
2741 3073 2872 3148 quia
2919 3072 3271 3148 providentia
3321 3071 3442 3145 ejus
3489 3079 3626 3129 esset
3653 3070 3810 3128 circa

491 3167 755 3226 credituri
804 3180 952 3228 sunt.
1001 3172 1213 3231 Idcirco
1263 3192 1292 3232 a
1319 3177 1594 3250 principio
1624 3179 1728 3236 scit
1767 3179 1867 3237 hos
1906 3181 2096 3239 ﬁdeles

492 3269 607 3325 ore,
643 3257 734 3331 qui
787 3259 1071 3320 credentes
1109 3275 1464 3337 augmentum
1518 3266 1644 3324 ﬁdei
1690 3269 1925 3340 faciunt,
1984 3289 2096 3329 non

489 3342 907 3405 fdetrimentum
933 3369 946 3416 ;
979 3352 1305 3412 sanctiﬁcati
1333 3357 1479 3412 enim
1511 3374 1606 3430 per
1634 3358 1797 3414 ﬁdem
1847 3361 2095 3418 veritatis

488 3437 774 3512 Evangelii
807 3442 935 3497 Filii
962 3444 1080 3500 Dei.
1120 3446 1485 3518 acquiruntur
1515 3448 1580 3503 ad
1611 3459 1964 3520 augmentum
1982 3454 2092 3523 glo-

491 3525 587 3580 ria:
636 3530 880 3599 corporis
929 3531 1160 3601 Christi,
1202 3536 1346 3590 sicut
1387 3544 1441 3591 et
1472 3536 1528 3590 in
1565 3537 1674 3592 alia
1701 3538 1932 3609 epistola
1961 3540 2038 3595 ait
2072 3558 2084 3595 :

485 3619 549 3667 ut
600 3624 866 3684 crescant,
922 3617 1126 3689 inquit,
1195 3623 1384 3678 omnia
1442 3621 1501 3677 in
1546 3623 1949 3681 incrementum
1993 3627 2088 3682 Dei

487 3700 718 3772 (Coloss.
773 3720 834 3772 ιι,
869 3705 981 3777 19).
1036 3705 1363 3782 Quicunque
1391 3710 1565 3780 enim,
1603 3712 1818 3771 deserto
1842 3716 2084 3787 diabolo,

482 3789 809 3864 confugiunt
852 3793 920 3850 ad
975 3793 1137 3851 ﬁdem
1185 3795 1422 3869 Christi,
1481 3811 1839 3874 augmentum
1873 3805 2087 3862 faciunt

481 3879 594 3937 Deo
643 3881 704 3937 in
761 3898 990 3956 corpore
1047 3885 1278 3958 Christi,
1313 3889 1412 3964 qui
1451 3891 1605 3963 prius
1647 3893 1889 3952 fecerant
1918 3894 2082 3952 detri-

481 3984 605 4026 men
612 3977 726 4027 tum
737 4015 749 4028 .

551 4062 735 4134 (Vers.
771 4063 884 4139 14.)
931 4067 1186 4142 «Itaque,
1230 4069 1446 4140 fratres,
1477 4079 1642 4141 state,
1677 4081 1731 4130 et
1758 4082 1940 4131 tenete
1971 4084 2076 4132 tra-

475 4151 716 4212 ditiones
766 4166 1000 4228 nostras,
1053 4176 1187 4234 quas
1218 4161 1516 4234 didicistis,
1549 4164 1668 4221 sive
1699 4179 1796 4239 per
1821 4167 2073 4237 verbum,

475 4242 592 4299 sive
637 4261 733 4318 per
785 4249 1072 4320 epistolam
1103 4261 1371 4310 nostram.
1406 4279 1425 4303 ι
1486 4256 1556 4312 Ut
1601 4256 1948 4328 przescientia
1975 4257 2075 4313 Dei

473 4341 694 4389 moneat
743 4337 800 4392 in
844 4341 1076 4396 salutem
1113 4343 1360 4413 illorum,
1415 4344 1625 4402 idcirco
1664 4346 1720 4402 in
1773 4347 2073 4405 traditione

2206 3179 2461 3327 eo:OVers.
2490 3253 2572 3326 li.)
2617 3277 2636 3302 ι
2667 3252 3011 3311 Conﬁdimus
3037 3261 3221 3310 autem
3256 3253 3314 3308 in
3342 3251 3580 3309 Domino
3612 3249 3678 3306 de
3705 3265 3806 3306 vo-

2204 3345 2311 3415 bis,
2367 3347 2627 3420 quoniam
2689 3364 2810 3420 quae
2850 3346 3228 3419 praecepimus,
3281 3354 3336 3402 et
3385 3343 3591 3412 facitis,
3617 3350 3671 3398 et
3707 3341 3808 3397 fa-

2203 3436 2380 3493 cietis.
2423 3462 2441 3483 ι
2510 3437 2737 3510 Propter
2784 3437 2930 3510 quod
2978 3436 3175 3493 mereri
3207 3435 3353 3504 illos,
3384 3443 3446 3490 ut
3475 3433 3572 3490 Dei
3597 3431 3806 3488 defen-

2201 3525 2356 3582 sione
2398 3533 2547 3582 totus
2589 3527 2831 3597 praestari
2863 3525 3201 3585 conﬁderet:
3235 3524 3441 3580 idcirco
3471 3540 3535 3580 ea
3559 3539 3678 3597 quae
3715 3522 3803 3577 il-

2199 3615 2267 3671 lis
2312 3615 2662 3689 praecipiebat
2710 3617 2768 3673 in
2821 3616 3045 3672 nomine
3084 3614 3334 3685 Domini,
3360 3614 3479 3670 ﬁeri
3509 3611 3578 3669 ab
3602 3611 3711 3668 illis
3739 3620 3802 3668 et

2198 3705 2385 3762 futura
2416 3722 2530 3763 esse
2552 3723 2664 3763 non
2702 3706 2942 3764 dubitat.

2271 3796 2452 3868 (Vers.
2496 3797 2578 3869 5.)
2625 3822 2644 3845 ι
2679 3799 2950 3854 Dominus
2977 3804 3160 3853 autem
3188 3795 3392 3870 dirigat
3421 3791 3583 3853 corda
3611 3800 3797 3849 vestra

2198 3885 2259 3942 in
2308 3885 2607 3944 dilectione
2648 3888 2770 3956 Dei,
2801 3897 2856 3945 et
2903 3887 3167 3961 patientia
3195 3886 3405 3944 Christi
3439 3884 3573 3958 (23).
3606 3908 3624 3931 -
3669 3881 3801 3937 Hoc

2192 3973 2306 4031 illis
2351 3983 2608 4048 exorptat
2645 3992 2677 4033 a
2710 3979 2844 4048 Deo,
2887 3978 3034 4054 quod
3062 3995 3173 4036 non
3203 3977 3436 4051 ambigit
3461 3989 3610 4048 posse
3631 3987 3797 4044 pree-

2189 4065 2356 4133 stari;
2406 4073 2468 4122 ut
2513 4065 2573 4122 in
2627 4068 2727 4125 Dei
2771 4069 3038 4127 charitate
3065 4087 3160 4127 cor
3188 4085 3380 4126 eorum
3409 4063 3693 4140 proﬁceret
3715 4060 3794 4118 ad

2187 4155 2618 4226 exspectandum
2678 4159 2977 4216 adventum
3028 4158 3276 4227 Domini,
3325 4165 3388 4214 ut
3423 4154 3792 4212 condemnato

2185 4243 2392 4301 saeculo
2450 4244 2592 4318 (24),
2653 4246 2995 4305 desideretur
3039 4248 3312 4304 adventus
3339 4245 3459 4318 ejus
3481 4242 3576 4317 qui
3603 4256 3792 4298 saecu-

2182 4332 2300 4388 lum
2329 4335 2485 4393 vicit.

470 4420 765 4495 Evangelii
823 4427 1079 4483 standum
1123 4447 1186 4486 ac
1227 4435 1685 4503 perseverandum
1735 4445 1968 4506 monet;
2009 4446 2070 4494 ut
2104 4457 2154 4517 D
2189 4513 2198 4524 .
2258 4423 2440 4524 (Vers:
2499 4425 2580 4499 6.)
2643 4450 2662 4474 ι
2702 4427 3108 4524 Denuntiamus
3139 4431 3320 4524 autem
3352 4421 3534 4524 vobis,
3565 4419 3787 4522 fratres,

473 4512 703 4571 solliciti
726 4515 858 4585 sint,
883 4532 952 4573 ne
979 4517 1190 4574 desidia
1219 4529 1273 4577 et
1301 4523 1416 4578 otio
1436 4531 1715 4597 torpentes
1741 4525 1798 4581 in
1815 4527 2074 4600 operibus

468 4602 592 4671 Dei,
645 4609 759 4660 non
805 4605 1072 4678 impleant
1107 4610 1252 4682 quod
1283 4621 1586 4684 coeperunt.
1618 4614 1710 4672 Sic
1742 4615 1890 4672 enim
1924 4634 2073 4690 prae-

471 4690 576 4748 scit
607 4693 827 4751 credere
857 4703 912 4752 et
941 4713 1097 4771 posse
1127 4715 1370 4773 manere,
1395 4703 1442 4759 si
1470 4703 1661 4762 crebra
1688 4705 2068 4764 admonitione

465 4781 775 4853 pulsentur.

539 4870 720 4943 (Vers.
773 4875 859 4936 15,
911 4874 1024 4950 16.)
1081 4903 1100 4928 ι
1155 4879 1276 4952 Ipse
1321 4893 1502 4940 autem
1554 4885 1826 4942 Dominus
1878 4893 2065 4942 noster

459 4957 618 5016 Iesus
656 4962 930 5031 Christus,
973 4975 1027 5024 et
1061 4969 1205 5024 Deus
1232 4986 1295 5026 ac
1325 4972 1484 5028 Pater
1511 4981 1718 5042 noster,
1746 4974 1840 5046 qui
1861 4975 2061 5031 dilexit

461 5065 580 5117 nos,
614 5059 669 5108 et
707 5052 862 5113 dedit
887 5058 1325 5115 consolationem
1367 5069 1650 5127 aeternam,
1693 5071 1746 5118 et
1775 5079 1926 5134 spem
1957 5063 2056 5118 bo-

457 5155 582 5197 nam
618 5141 676 5199 in
708 5146 900 5217 gratia,
932 5149 1254 5203 consoletur
1281 5149 1452 5206 corda
1479 5157 1683 5217 vestra,
1715 5159 1770 5207 et
1813 5150 2056 5209 stabiliat

455 5229 516 5288 in
565 5233 718 5290 omni
764 5250 928 5306 opere
955 5243 1010 5291 et
1037 5238 1206 5292 verbo
1235 5238 1401 5294 bono.
1430 5263 1448 5288 ι
1499 5241 1771 5306 Quoniam
1812 5241 1971 5296 Pater
1998 5249 2053 5298 et

453 5321 632 5380 Filius
675 5337 786 5379 una
830 5322 1034 5395 virtus,
1090 5342 1308 5400 unaque
1368 5327 1636 5386 divinitas
1661 5339 1717 5389 et
1745 5329 2047 5388 substantia

525 5539 834 5620 (232nm.
863 5539 1020 5614 edit.,
1049 5541 1108 5600 in
1134 5541 1457 5601 dilectionem
1483 5544 1666 5616 Dei,“
1691 5549 2042 5620 exspectatio-

449 5627 566 5668 nam
597 5615 817 5671 Christi.
877 5699 880 5704 Ι

2184 4513 2244 4572 in
2289 4516 2514 4574 nomine
2563 4518 2788 4575 Domini
2832 4517 3004 4575 nostri
3034 4522 3162 4575 Jesu
3189 4515 3418 4585 Christi,
3442 4511 3652 4571 secerni
3682 4527 3788 4567 vos

2183 4604 2253 4662 ab
2295 4606 2449 4662 omni
2504 4606 2672 4662 fratre
2723 4607 3153 4678 intemperanter
3200 4605 3542 4668 ambulante,
3586 4610 3639 4658 et
3667 4616 3787 4655 non

2179 4695 2482 4751 secundum
2538 4693 2894 4750 traditionem
2942 4713 3106 4770 quam
3136 4695 3426 4769 accepistis
3453 4710 3483 4749 a
3522 4690 3700 4748 nobis.
3750 4715 3772 4738 ι

2177 4783 2453 4850 Quoniam
2485 4782 2543 4838 in
2586 4783 2737 4838 omni
2760 4785 2917 4856 plebe
2954 4802 3064 4842 non
3085 4803 3276 4842 omnes
3297 4784 3616 4844 obedientes
3644 4787 3786 4837 sunt

2171 4871 2340 4927 verbo
2392 4871 2679 4942 doctrinae,
2731 4889 2842 4929 non
2889 4875 3041 4946 legis,
3077 4875 3172 4932 sed
3229 4893 3390 4932 suum
3423 4871 3686 4947 placitum
3721 4877 3783 4926 et

2169 4965 2463 5023 consilium
2509 4977 2834 5041 sequentes;
2887 4977 3108 5042 propter
3151 4969 3256 5026 hoc
3283 4965 3672 5025 declinandum
3706 4961 3784 5018 ab

2170 5056 2239 5113 iis
2271 5058 2536 5131 praecipit,
2569 5067 2630 5115 ut
2660 5068 2992 5133 cognoscant
3019 5060 3343 5132 semetipsos
3371 5071 3575 5115 errare.

2239 5148 2422 5220 (Vera.
2462 5151 2513 5218 7,
2545 5151 2600 5216 8,
2631 5151 2713 5221 9.)
2751 5151 2898 5222 «Ipsi
2929 5151 3076 5208 enim
3107 5149 3262 5208 scitis
3300 5143 3778 5224 quemadmodum

2167 5237 2412 5296 debeatis
2451 5238 2661 5296 imitari
2714 5257 2834 5309 nos,
2881 5242 3144 5314 quoniam
3188 5257 3300 5297 non
3330 5241 3774 5310 intemperanter

2158 5327 2410 5385 viximus
2455 5329 2600 5386 inter
2649 5347 2767 5402 vos,
2815 5347 2992 5406 neque
3037 5331 3205 5405 gratis
3245 5345 3446 5405 panem
3475 5326 3694 5384 edimus
3739 5339 3777 5379 a

2224 5547 2343 5625 (24)
2379 5549 2531 5609 Edit.
2565 5567 2691 5610 cum
2727 5551 2916 5625 paucis
2947 5566 3103 5624 mss.,
3134 5556 3196 5606 ut
3220 5553 3515 5620 contempto
3543 5545 3773 5604 simulo.
