4108 6184
259 300 367 360 485

1244 291 1605 354 COMMENT.
1647 292 1718 349 1N
1754 289 1972 347 EPIST.
2015 289 2063 346 Il
2102 290 2198 344 AD
2236 285 2571 344 THESSAL.

3461 279 3565 346 186

258 446 527 505 quoquam
554 428 670 502 (25)
698 446 711 496 ;
763 426 859 483 sed
889 427 950 484 in
981 425 1166 482 labore
1215 432 1270 482 et
1314 423 1654 496 fatigatione,
1706 427 1852 486 288
1884 426 1934 484 Α
1965 414 2261 505 disciplina
2288 413 2611 479 Dominica;
2643 412 2844 505 horum
2874 413 3023 505 enim
3062 423 3254 470 venter
3279 416 3428 471 Deus
3457 424 3564 484 est,

257 536 416 584 nocte
443 526 641 601 dieque
669 533 984 598 operantes,
1014 523 1083 580 ad
1113 524 1219 581 hoc
1251 541 1320 580 ne
1365 541 1558 598 graves
1607 536 1850 580 essemus

255 618 508 691 cuiquam
540 625 789 674 vestrum
824 635 837 673 :
874 633 984 673 non
1026 616 1155 690 quia
1202 633 1313 672 non
1358 616 1715 672 habuerimus
1746 631 1852 686 po—

255 719 531 778 testatem,
588 710 681 766 sed
757 718 820 765 ut
892 712 1257 781 nosmetipsos
1311 709 1543 764 formam
1599 707 1856 763 daremus

255 799 412 858 vobis
433 799 501 855 ad
538 799 838 856 ‘mitandos
884 815 1002 855 nos.
1038 823 1055 846 ι
1109 799 1242 854 Illos
1297 796 1435 854 dicit
1477 813 1589 852 non
1637 797 1857 868 ignaros

254 891 438 962 operis
464 897 519 945 et
547 889 749 945 laboris
777 889 887 956 sui,
918 905 1078 962 quem
1111 887 1305 943 sedulo
1333 887 1489 942 exitu
1532 885 1858 957 operabatur

254 978 398 1052 (26),
431 995 498 1035 ne
535 995 672 1051 pane
704 978 976 1051 indigeret
1006 978 1210 1043 alieno,
1249 985 1310 1031 ut
1354 975 1670 1047 exemplum
1703 973 1856 1030 daret

250 1069 332 1125 eis
359 1069 426 1126 ad
456 1068 787 1124 imitandum
838 1069 1019 1122 illum.
1069 1067 1256 1139 Neque
1305 1065 1451 1122 enim
1501 1064 1856 1137 reprehensi-

250 1157 386 1214 bilis
416 1165 576 1227 esset,
623 1158 669 1214 si
718 1173 912 1230 panem
943 1155 1012 1211 ab
1050 1155 1137 1211 his
1183 1153 1446 1226 reciperet
1493 1153 1560 1209 ad
1609 1151 1856 1225 corporis

251 1262 465 1316 curam,
498 1248 593 1321 qui
626 1247 828 1302 animis
857 1246 1080 1301 illorum
1125 1259 1300 1300 escam
1351 1242 1654 1314 spiritalem
1706 1259 1855 1313 pree-

252 1334 437 1404 hebat,
464 1351 585 1408 quas
606 1336 770 1391 etiam
802 1334 1018 1406 corpori
1037 1333 1509 1388 immortalitatem
1532 1347 1656 1386 cum
1681 1331 1857 1403 gloria

251 1431 592 1496 procuraret.
625 1425 778 1479 Tunc
807 1421 1010 1479 etenim
1044 1429 1230 1477 exerta
1261 1428 1439 1492 potest
1469 1436 1585 1476 esse
1608 1419 1852 1488 libertas,

250 1511 298 1568 si
353 1514 709 1584 semetipsum
735 1513 857 1584 quis
887 1510 1098 1567 ventris
1126 1526 1290 1568 causa
1315 1517 1412 1566 aut
1439 1507 1686 1582 pecunia:
1713 1509 1856 1565 nulli

251 1601 528 1674 subjiciat,
565 1618 665 1658 suo
716 1617 854 1674 pane
901 1607 1238 1668 contentus;
1298 1600 1540 1655 maxime
1588 1599 1740 1674 quod
1787 1598 1856 1654 ad

254 1691 471 1748 laudem
521 1693 696 1764 magis
740 1690 978 1764 proiicit,
1038 1690 1084 1746 si
1125 1707 1252 1746 cum
1301 1690 1483 1758 liceat,
1537 1699 1591 1747 et
1641 1691 1713 1747 sit
1754 1707 1858 1746 su-

249 1788 440 1846 mendi
475 1795 737 1861 potestas,
769 1788 1093 1867 contineat;
1141 1785 1235 1844 hic
1274 1787 1403 1843 talis
1460 1787 1714 1860 prodesse
1756 1805 1865 1860 po-

252 1889 360 1940 test
417 1882 774 1940 audientibus
815 1896 872 1936 se
913 1897 924 1936 :
963 1881 1326 1937 reverentiam
1378 1881 1528 1937 enim
1578 1875 1861 1936 habebunt

249 1979 458 2050 rigoris
485 1978 671 2051 hujus.
705 1985 757 2033 et
784 1995 846 2034 ea
873 1994 994 2051 quae
1024 1976 1092 2032 ab
1122 1975 1229 2034 hoc
1251 1975 1606 2045 mandantur,
1637 1983 1859 2050 praeter-

250 2072 408 2130 mitti
442 2090 554 2130 non
585 2081 864 2146 poterunt.

331 2183 516 2254 (Vers.
553 2183 665 2255 10.)
712 2209 729 2232 ι
758 2186 895 2242 Nam
929 2203 1056 2244 cum
1104 2203 1351 2245 essemus
1394 2185 1540 2260 apud
1586 2203 1707 2253 vos,
1755 2185 1862 2244 hoc

250 2273 712 2348 praecipiebamus
744 2274 922 2344 vobis,
952 2277 1098 2350 quod
1128 2279 1175 2335 si
1193 2278 1319 2352 quis
1344 2295 1454 2335 non
1477 2279 1600 2334 vult
1619 2276 1857 2350 operari,

251 2381 358 2422 nec
406 2365 721 2424 manducet.
751 2393 769 2416 ν
837 2369 958 2425 Non
1000 2371 1178 2426 solum
1227 2369 1412 2427 verbis
1458 2368 1711 2437 docebat,
1763 2369 1858 2426 sed

251 2457 586 2516 hortabatur
614 2468 668 2516 et
699 2461 860 2517 factis
889 2479 900 2517 :
939 2461 1123 2517 idonei
1174 2463 1323 2519 enim
1377 2461 1624 2533 magistri
1676 2468 1780 2528 est,
1811 2459 1856 2516 si

253 2563 320 2604 ea
349 2565 473 2622 quae
503 2549 688 2606 verbis
707 2550 886 2620 docet,
919 2551 1178 2624 operibus
1205 2553 1440 2624 expleat.
1472 2552 1627 2608 Tunc
1655 2549 1858 2606 etenim

251 2640 605 2700 sddiscentes
634 2660 759 2701 vera
807 2662 923 2703 esse
968 2645 1154 2703 sciunt
1196 2662 1315 2718 quae
1362 2643 1616 2711 audiunt,
1661 2643 1706 2699 si
1750 2659 1858 2698 ne-

254 2732 387 2805 gligi
422 2732 516 2789 illa
545 2750 655 2791 non
693 2734 935 2791 viderint
963 2752 992 2792 a
1020 2735 1263 2793 doctore.
1286 2733 1550 2801 Quamvis
1574 2734 1721 2791 enim
1746 2749 1857 2788 ma-

253 2821 456 2878 nifeste
511 2839 641 2879 vera
687 2839 801 2881 esse
847 2840 958 2881 non
1005 2825 1328 2898 ignorentur
1375 2841 1496 2898 qua;
1548 2823 1855 2888 docentur;

255 2919 464 2980 tamen,
495 2913 538 2970 si
573 2914 772 2988 negligi
801 2915 1068 2988 coeperint
1096 2932 1129 2971 a
1159 2915 1442 2983 magistro,
1465 2912 1692 2968 diﬂicile
1723 2927 1860 2982 pro-

256 2999 449 3058 ﬁcient
504 3002 908 3060 audientibus:
943 3003 1116 3074 magis
1168 3005 1317 3060 enim
1385 3018 1552 3074 opera
1605 3000 1858 3069 suadent,

257 3107 423 3165 quam
454 3092 641 3150 verba.
664 3093 1033 3160 Quamobrem
1068 3095 1280 3166 magnis
1321 3095 1564 3166 praemiis
1593 3108 1859 3150 remune-

255 3181 418 3240 randi
467 3190 614 3249 sunt,
658 3184 755 3254 qui
804 3184 1209 3255 negligentibus
1277 3184 1574 3256 magistris,
1616 3183 1684 3241 de
1729 3184 1862 3239 solis

255 3277 451 3333 verbis
503 3277 800 3349 proﬁciunt
846 3286 962 3334 tam
1011 3279 1071 3334 in
1129 3295 1292 3353 opere
1341 3295 1502 3354 quam
1559 3279 1618 3336 in
1674 3294 1858 3335 sensu.

260 3373 478 3442 Forma,
491 3387 620 3446 ergo
649 3383 762 3430 erat
790 3373 858 3429 iis
888 3373 984 3446 qui
1014 3374 1310 3433 mediocris
1338 3377 1423 3432 vel
1473 3375 1658 3432 tenuis
1706 3383 1862 3431 erant

259 3459 585 3518 substantiae
618 3462 677 3518 in
708 3463 885 3533 plebe,
943 3471 1004 3519 ut
1051 3462 1324 3521 discerent
1371 3471 1640 3538 quatenus
1687 3463 1864 3519 liber-

253 3557 427 3607 tatem
482 3567 635 3606 suam
693 3569 804 3609 non
861 3553 1199 3611 amitterent.
1238 3555 1390 3612 Unde
1443 3562 1498 3610 et
1552 3554 1856 3612 Salomon:

272 3666 292 3689 ι
329 3641 494 3708 Raro,
526 3641 726 3714 inquit,
773 3643 974 3700 inferes
1007 3643 1196 3716 pedem
1223 3644 1292 3700 ad
1321 3647 1561 3700 amicum
1590 3652 1771 3714 tuum,
1795 3661 1863 3700 ne

259 3737 540 3788 saturatus
580 3731 661 3787 tui
690 3732 869 3788 oderit
901 3741 952 3788 te
977 3734 1162 3802 (Prov.
1196 3750 1336 3802 xxv,
1372 3735 1482 3806 17).
1515 3757 1534 3781 ι
1578 3733 1684 3800 Qui
1713 3733 1860 3789 enim

257 3817 581 3891 frequenter
609 3819 676 3874 ad
707 3820 942 3878 alienam
973 3839 1218 3880 mensam
1247 3824 1533 3890 convenit,
1550 3824 1666 3880 otio
1695 3823 1864 3880 dedi-

253 3919 344 3968 tus
375 3912 636 3971 aduletur
665 3932 886 3974 necesse
930 3926 1013 3974 est
1059 3921 1302 3991 pascenti
1352 3936 1447 3987 se;
1493 3935 1620 3975 cum
1667 3918 1862 3991 religio

255 4010 444 4056 nostra
470 4001 537 4058 ad
584 4003 890 4063 libertatem
938 4006 1194 4066 homines
1246 4010 1500 4067 advocet.
1549 4011 1786 4082 Ideoque
1815 4009 1862 4066 si

257 4099 408 4171 quis,
443 4101 646 4174 inquit,
683 4103 1014 4160 manducare
1041 4107 1272 4178 spernit,
1306 4115 1479 4165 cesset
1525 4107 1595 4164 ab
1639 4123 1801 4179 opere
1844 4125 1856 4164 :

254 4187 352 4245 sed
387 4189 514 4261 quia
548 4191 735 4248 nullus
763 4193 883 4250 sine
913 4193 1039 4250 cibo
1069 4203 1248 4267 potest
1279 4198 1485 4266 vivere,
1519 4197 1609 4254 det
1639 4213 1860 4269 operam

257 4275 582 4346 laborandi;
613 4286 675 4334 ut
702 4280 938 4336 arbitrio
967 4298 1066 4338 suo
1086 4283 1283 4341 vivens
1303 4287 1479 4341 Deum
1512 4285 1859 4358 possithabe-

254 4380 313 4421 re
354 4367 682 4440 propitium.

329 4477 519 4550 (Vers.
560 4483 673 4555 11.)
722 4507 741 4532 ι
763 4482 1098 4541 Audivimus
1117 4485 1266 4541 enim
1287 4485 1551 4558 quosdam
1582 4487 1861 4543 ambulare

257 4576 411 4624 inter
437 4587 535 4627 vos
566 4571 1013 4645 intemperanter,
1051 4574 1194 4631 nihil
1227 4585 1535 4649 operantes,
1566 4577 1659 4632 sed
1688 4577 1866 4632 curio-

258 4673 313 4715 se
370 4669 611 4731 agentes.
641 4687 659 4710 ιι
708 4662 815 4731 Qui
867 4665 1030 4721 otiosi
1077 4682 1194 4724 esse
1239 4666 1574 4736 desiderant,
1610 4665 1662 4722 id
1692 4674 1861 4738 agunt

259 4757 536 4821 quatenus
590 4754 805 4811 occasio
863 4765 1122 4813 nascatur
1175 4774 1281 4832 qua
1337 4759 1630 4815 introitum
1697 4774 1861 4815 suum

260 4837 682 4900 desiderabilem
718 4844 919 4902 faciant
956 4847 1215 4904 domibus
1259 4847 1522 4919 divitum,
1562 4848 1864 4906 ambulan-

259 4935 340 4986 tes
375 4939 524 5002 gesta
553 4940 606 4988 et
635 4935 926 5006 opiniones
947 4936 1240 4993 verborum
1273 4939 1551 4996 subtiliter
1571 4939 1861 5013 colligunt,

261 5019 501 5077 scientes
525 5022 659 5096 quid
704 5023 770 5080 de
813 5041 921 5098 quo
972 5027 1148 5082 velint
1194 5027 1406 5094 audire,
1440 5036 1502 5083 ut
1549 5029 1782 5086 libenter
1810 5037 1864 5086 et

262 5108 520 5181 requisiti
553 5121 850 5184 pascantur
901 5113 1061 5181 Quod
1089 5115 1296 5173 factum
1329 5116 1489 5174 valde
1529 5116 1790 5176 abhorret
1834 5135 1867 5175 a

485 5298 644 5378 R_orn.
678 5299 834 5378 edit._,
861 5316 1052 5378 pauem
1079 5303 1370 5375 accepimus
1408 5323 1442 5360 α
1470 5322 1756 5378 quoquam.

335 5368 459 5447 (26)
508 5371 716 5429 Eadem
761 5368 897 5429 edit.
938 5373 1122 5445 Rom.,
1176 5368 1329 5447 quem
1381 5368 1866 5436 seditio-exercitio

264 5441 607 5510 operabatur.

1959 503 2054 577 qui
2085 503 2226 560 foeda
2253 519 2386 558 cura
2414 502 2716 557 necessaria
2745 501 3057 574 provident.

2038 595 2223 667 (Vers.
2272 593 2382 665 12.)
2438 616 2456 638 ι
2487 593 2586 648 His
2634 592 2803 664 igitur
2840 592 2934 665 qui
2986 590 3365 662 hujuscemodi
3411 601 3560 660 sunt,

1964 683 2378 752 denuntiamus,
2406 690 2461 738 et
2486 683 2848 739 exhortamur
2887 683 2944 739 in
2977 681 3216 739 Domino
3244 681 3370 738 Iesu
3409 679 3564 740 Chri-

1970 783 2076 843 sto,
2118 783 2179 830 ut
2207 791 2331 830 cum
2363 775 2548 847 quiete
2578 782 2870 845 operantes
2891 790 3050 829 suum
3084 789 3279 845 panem
3340 772 3564 828 mandu-

1969 873 2116 922 cent.
2143 889 2161 911 ι
2210 865 2277 920 Ut
2308 865 2385 919 eis
2414 863 2632 919 facilius
2681 861 2930 927 suadeat,
2981 860 3307 934 interposito
3343 859 3567 916 nomine

1966 953 2194 1010 Domini
2233 953 2360 1008 Jesu
2390 952 2618 1020 Christi,
2660 951 2994 1008 exhortatur
3022 965 3115 1006 eos
3160 959 3222 1005 ut
3269 950 3569 1007 obaudiant

1965 1043 2114 1115 quod
2146 1043 2226 1098 eis
2256 1042 2327 1097 sit
2365 1041 2520 1098 utile.

2038 1131 2222 1202 (Vers.
2259 1132 2344 1200 13,
2381 1131 2466 1198 iis,
2521 1132 2636 1202 15.)
2681 1154 2700 1178 ι
2731 1132 2846 1188 Vos
2881 1138 3092 1196 autem,
3136 1129 3352 1195 fratres,
3398 1126 3571 1185 nolite

1963 1220 2198 1278 deﬁcere
2253 1221 2311 1277 in
2365 1220 2763 1278 benefaciendo
2811 1220 2953 1292 (27).
3000 1219 3160 1287 Quod
3202 1219 3249 1275 si
3282 1219 3409 1292 quis
3460 1233 3571 1275 non

1964 1308 2153 1365 obedit
2202 1309 2370 1366 verbo
2419 1319 2610 1366 nostro
2657 1325 2754 1382 per
2803 1309 3115 1380 epistolam,
3169 1307 3322 1364 hunc
3362 1315 3569 1376 notate,

1967 1404 2022 1452 et
2070 1399 2242 1456 nolite
2290 1415 2417 1456 cum
2463 1416 2528 1455 eo
2577 1398 2916 1466 conversari,
2947 1405 3010 1453 ut
3063 1397 3375 1455 reverentia
3425 1411 3570 1453 con-

1967 1486 2238 1544 fundatur
2295 1506 2308 1544 :
2364 1496 2419 1545 et
2479 1505 2591 1546 non
2657 1489 2809 1546 velut
2865 1487 3156 1545 inimicum
3212 1486 3566 1556 existimetis,

1965 1577 2061 1633 sed
2088 1576 2380 1634 admonete
2418 1578 2693 1648 consiliis,
2731 1586 2793 1635 ut
2823 1579 3072 1636 fratrem.
3103 1602 3123 1626 ι
3167 1577 3396 1650 Propter
3424 1577 3570 1650 quod

1965 1668 2219 1740 superius
2272 1685 2726 1745 unumquemque
2775 1687 2937 1728 suum
2989 1685 3184 1744 panem
3233 1667 3566 1726 manducare

1895 1793 1940 1853 Β
1970 1756 2168 1815 debere
2201 1759 2483 1853 praecepit,
2516 1775 2593 1853 ne
2611 1760 2751 1853 forte
2781 1760 3005 1853 quidam
3045 1760 3271 1816 illorum
3320 1758 3572 1853 occasio-

1971 1863 2095 1903 nem
2153 1848 2438 1921 parcitatis
2477 1856 2531 1905 et
2580 1848 3006 1906 inhumanitatis
3050 1855 3336 1922 captarent
3387 1865 3399 1903 :
3447 1847 3572 1904 ideo

1971 1942 2156 1995 statim
2187 1939 2423 2011 subjecit
2463 1958 2475 1997 :
2521 1965 2540 1988 ι
2568 1940 2681 1998 Vos
2708 1951 2914 2010 autem,
2964 1941 3178 2009 fratres,
3209 1939 3382 1995 nolite
3409 1938 3572 1995 defa-

1973 2031 2136 2101 tigari
2182 2029 2605 2087 benefacientes.
2639 2056 2656 2078 ι
2709 2033 2896 2105 Neque
2941 2031 3090 2088 enim
3147 2031 3208 2086 in
3265 2028 3572 2102 reprehen-

1972 2120 2184 2176 sionem
2216 2121 2390 2187 venit,
2427 2120 2520 2192 qui
2554 2119 2914 2178 humanuset
2951 2123 3134 2194 largus
3163 2127 3285 2187 est;
3337 2119 3432 2176 sed
3480 2118 3573 2175 hic

1973 2208 2067 2281 qui
2098 2225 2223 2264 cum
2257 2212 2430 2280 possit
2472 2209 2524 2266 la
2551 2208 2737 2264 borem
2773 2210 2936 2278 ferre,
2969 2209 3026 2264 in
3073 2209 3187 2265 otio
3233 2209 3356 2264 vult
3398 2208 3572 2264 vitam

1971 2319 2147 2378 agere.
2181 2303 2354 2371 Quem
2384 2303 2429 2359 si
2457 2303 2702 2376 epistola:
2731 2304 3032 2362 auctoritas
3063 2320 3172 2360 non
3198 2304 3450 2378 corrigit,
3477 2321 3570 2359 no-

1971 2397 2204 2454 t..ndum
2237 2396 2406 2466 hunc,
2447 2407 2500 2453 et
2533 2414 2634 2454 nec
2661 2397 3102 2454 conversandum
3155 2414 3281 2454 cum
3330 2413 3395 2452 eo
3425 2413 3574 2469 pra;-

1970 2487 2106 2558 cipit
2133 2505 2147 2554 ;
2177 2495 2238 2541 ut
2264 2489 2546 2556 confusus,
2579 2488 2672 2560 qui
2702 2489 2770 2544 ab
2799 2487 3058 2543 omnibus
3087 2488 3329 2543 evitatur
3383 2484 3570 2557 subji-

1970 2584 2116 2633 ceret
2143 2594 2197 2632 se
2228 2577 2518 2649 praeceptis
2555 2577 2828 2650 Apostoli.
2861 2576 3020 2644 Quod
3066 2587 3252 2633 tamen
3299 2576 3419 2631 siuc
3453 2576 3572 2631 ira-

1969 2666 2171 2722 cundia
2202 2673 2255 2720 et
2285 2665 2620 2721 contumelia
2654 2673 2774 2720 vult
2802 2664 2945 2726 ﬁeri,
2977 2674 3040 2720 ut
3088 2664 3362 2738 patienter
3408 2663 3572 2719 decli-

1969 2765 2133 2812 netur
2161 2756 2230 2811 ab
2259 2771 2324 2810 eo
2359 2774 2370 2810 :
2408 2757 2481 2810 ita
2512 2762 2716 2824 tamen,
2753 2763 2814 2809 ut
2852 2757 2895 2810 si
2935 2771 3019 2811 res
3049 2756 3239 2811 tulerit
3271 2753 3421 2827 loqui
3447 2771 3574 2810 cum

1971 2864 2056 2917 eo,
2092 2846 2427 2902 monendum
2460 2845 2642 2912 illum,
2702 2853 2764 2902 ut
2810 2848 3051 2920 patiatur
3091 2863 3149 2904 se
3202 2845 3430 2918 corripi,
3477 2863 3577 2904 nec

1970 2939 2119 2993 ultra
2150 2943 2417 3009 praecepta
2447 2935 2694 3009 Apostoli
2717 2937 3121 2995 contemnenda
3152 2955 3166 3006 ;
3212 2935 3572 2992 familiarita—

1971 3032 2078 3080 tem
2133 3039 2352 3097 quoque
2401 3022 2597 3080 tandiu
2648 3041 2772 3080 cum
2815 3039 2880 3080 eo
2922 3040 3034 3081 non
3084 3023 3303 3094 habere,
3327 3022 3574 3098 quandiu

1969 3115 2273 3171 obaudiens
2302 3115 2396 3171 ﬁat
2447 3114 2588 3188 (28).
2621 3115 2756 3172 Nam
2799 3119 2846 3171 si
2883 3115 2950 3173 ad
2981 3113 3329 3172 iracundiam
3377 3123 3570 3172 contu-

1971 3204 2154 3260 meliis
2186 3205 2501 3274 lacessatur,
2530 3203 2683 3276 pejor
2711 3221 2767 3260 se
2793 3203 2887 3261 ﬁet
2915 3223 2928 3261 :
2969 3204 3292 3261 incitabitur
3321 3205 3470 3262 enim
3504 3203 3573 3260 ad

1972 3292 2408 3362 contentionem,
2441 3299 2496 3348 et
2526 3293 2755 3364 incipiet
2792 3303 3033 3350 erratum
3091 3311 3252 3350 suum
3296 3295 3439 3351 velle
3484 3293 3572 3349 de-

1970 3383 2220 3452 fendere,
2270 3391 2393 3456 post
2445 3390 2626 3439 autem
2681 3383 3000 3441 erubescere
3039 3384 3334 3440 emendare
3376 3399 3452 3450 se,
3505 3399 3575 3440 ne

1971 3474 2120 3549 quod
2153 3473 2309 3547 prius
2329 3472 2649 3542 excusabat,
2691 3483 2878 3546 postea
2902 3474 3059 3530 fateri
3086 3473 3358 3530 videatur.

2046 3565 2229 3634 (Vers.
2260 3565 2370 3636 l6.)
2391 3590 2408 3611 ι
2427 3566 2546 3637 Ipse
2567 3571 2750 3620 autem
2770 3566 2914 3620 Deus
2931 3565 3080 3637 pacis
3095 3565 3187 3620 det
3204 3563 3362 3620 vobis
3383 3578 3570 3636 pacem

1971 3670 2185 3727 semper
2215 3653 2272 3709 in
2303 3653 2454 3711 omni
2485 3653 2627 3710 loco.
2658 3654 2929 3710 Dominus
2949 3655 3020 3709 sit
3049 3671 3172 3710 cum
3203 3653 3461 3711 omnibus
3483 3669 3574 3709 vo-

1969 3742 2074 3800 bis.
2095 3769 2113 3789 »
2158 3743 2383 3816 Semper
2410 3743 2556 3818 quod
2587 3759 2747 3800 suum
2777 3752 2880 3812 est,
2911 3743 3057 3800 bono
3086 3751 3218 3800 voto
3248 3742 3373 3800 illos
3395 3759 3574 3817 prose-

1972 3833 2182 3905 quitur,
2215 3833 2370 3905 quasi
2401 3833 2756 3889 cnarissimos
2784 3833 2951 3902 ﬁlios,
2981 3840 3179 3907 optans
3206 3848 3418 3906 semper
3447 3847 3573 3888 cum

1973 3925 2086 3983 illis
2111 3944 2295 3999 pacem
2333 3945 2572 3995 manere,
2606 3945 2725 4002 quae
2760 3939 2842 3986 est
2869 3929 2986 3986 dux
3007 3929 3074 3986 ad
3097 3929 3267 3985 vitam
3287 3937 3570 3986 aeternam.

1971 4027 2108 4086 Cum
2141 4025 2231 4082 his
2246 4026 2394 4082 enim
2423 4026 2696 4083 Dominus
2720 4044 2778 4084 se
2807 4043 2922 4083 esse
2949 4027 3232 4099 promisit,
3254 4028 3348 4099 qui
3365 4023 3576 4082 fuerint

1971 4115 2209 4191 paciﬁci.

2045 4208 2228 4281 (νοτε.
2269 4208 2384 4281 i7.)

1971 4298 2118 4372 quod
2151 4308 2231 4355 est
2252 4299 2472 4372 signum
2502 4299 2561 4354 in
2591 4297 2744 4353 omni
2772 4297 3004 4368 epistola
3040 4313 3052 4352 :
3089 4297 3166 4352 ita
3192 4295 3575 4353 scribo.-Pro-

1970 4395 2093 4459 pter
2157 4387 2458 4458 interpolas
2486 4396 2539 4442 et
2567 4386 2968 4441 adulteratores
2995 4383 3404 4458 Scripturarum
3433 4400 3570 4442 sem-

1974 4491 2070 4547 per
2100 4491 2156 4531 se
2195 4491 2363 4531 manu
2392 4491 2490 4530 sua
2521 4477 2580 4529 in
2610 4473 2762 4529 omni
2790 4474 3022 4546 epistola
3061 4491 3160 4531 sua
3188 4475 3572 4531 salutationem

1975 4564 2322 4622 subscribere
2371 4571 2626 4631 testatur;
2677 4572 2740 4620 ut
2778 4564 2880 4619 sub
2931 4563 3156 4621 nomine
3199 4563 3317 4636 ejus
3346 4565 3578 4638 epistola

1971 4665 2192 4727 accepto
2222 4656 2354 4712 ferri
2382 4673 2494 4714 non
2524 4657 2698 4730 possit
2726 4671 2846 4730 quae
2890 4673 3004 4712 non
3046 4656 3216 4712 fuerit
3260 4671 3430 4712 manu
3458 4655 3576 4727 ejus

1967 4744 2072 4802 sub
2085 4743 2185 4801 scri
2192 4755 2304 4818 pta.

2047 4835 2229 4907 (Vera.
2265 4834 2376 4907 18.)
2421 4858 2440 4882 ι
2471 4833 2658 4892 Gratia
2704 4834 2930 4892 Domini
2987 4834 3164 4892 nostri
3205 4835 3334 4892 Iesu
3363 4829 3576 4892 Christi

1971 4940 2099 4982 cum
2125 4925 2388 4982 omnibus
2416 4924 2595 4980 vobis.
2628 4949 2647 4971 ι
2693 4925 2818 4982 Haec
2847 4925 3105 4982 salutatio
3125 4941 3290 4982 manu
3322 4922 3575 4998 Apostoli

1973 5016 2287 5089 conscripta
2334 5025 2434 5085 esl,
2494 5032 2602 5089 qua
2653 5016 2881 5089 gratiam
2940 5017 3165 5074 Domini
3222 5015 3396 5090 nostri
3449 5013 3577 5070 Jesu

1973 5107 2182 5165 Christi
2211 5115 2365 5181 optat
2393 5123 2509 5164 esse
2529 5123 2654 5163 cum
2679 5108 2775 5165 eis.
2808 5111 3008 5165 Amen.

2447 4231 2467 4256 ι
2526 4209 2648 4282 Ipsa
2703 4207 2964 4264 salutatio
3010 4221 3131 4262 mea
3183 4219 3350 4261 manu
3395 4201 3573 4275 Pauli,

2075 5288 2167 5373 27)
2201 5301 2363 5358 Rom.
2387 5297 2547 5369 edit.,
2578 5293 2740 5356 nolite
2769 5298 3060 5370 defatigars'
3089 5295 3481 5373 benefacientes.

2075 5304 2167 5373 27)
2201 5304 2363 5358 Rom.
2387 5304 2547 5369 edit.,
2578 5304 2740 5356 nolite
2769 5304 3060 5370 defatigari
3089 5304 3462 5367 benefacturus

2048 5304 2168 5446 $28)
2198 5373 2468 5431 Nonnulli
2497 5389 2626 5428 mss.
2637 5414 2654 5440 ,
2680 5372 2920 5444 quandiu
2947 5387 3055 5424 non
3084 5367 3322 5423 obediens
3349 5366 3462 5435 ﬁat.
