4070 6186
493 263 596 326 487

1488 266 1583 320 ΑΙ)
1621 261 1855 321 ΟΡΕΒΑ
1894 261 1949 319 S.
1991 259 2326 322 AMBROSII
2363 257 2743 322 APPENDIX.

3688 257 3799 322 488

626 595 740 679 ΙΝ
827 591 1462 678 EPISTOLAM
1554 590 1654 676 B.
1753 589 2076 675 PAULI
2167 589 2314 672 AD
2405 585 3080 673 TIMOTHEUM
3169 584 3647 671 PRIMAM.

990 901 1135 960 289
1193 893 1578 953 PROLOGUS.

558 1001 882 1058 Timotheus
908 999 1058 1055 ﬁlius
1086 998 1194 1053 fuit
1216 997 1463 1054 mulieris
1478 995 1676 1052 Iudaea;
1703 993 1903 1062 ﬁdelis,
1931 1000 2084 1065 patre

489 1093 699 1160 Graeco,
727 1091 887 1163 cujus
914 1106 1076 1146 causa
1097 1088 1360 1160 parvulus
1388 1086 1714 1144 circumcidi
1747 1101 1858 1142 non
1879 1083 2080 1158 potuit.

487 1179 593 1247 Qui
633 1180 819 1237 studio
848 1181 1040 1236 matris
1065 1196 1175 1235 suae
1197 1193 1374 1233 sacras
1404 1178 1638 1232 Litteras
1659 1172 2086 1246 didicit,quibus

489 1289 711 1345 operam
760 1272 914 1339 dans,
967 1271 1168 1326 bonam
1218 1269 1324 1325 sibi
1373 1267 1545 1323 vitam
1595 1265 1858 1322 instituit.
1929 1264 2087 1320 Hunc

489 1361 789 1434 Apostolus
820 1377 945 1417 cum
980 1358 1245 1414 voluisset
1271 1373 1568 1425 assumere,
1601 1355 1779 1411 sciens
1824 1352 2083 1409 idoneum

492 1451 612 1508 fore
638 1451 1073 1524 dispensatorem
1107 1447 1440 1520 evangelica
1471 1445 1744 1512 veritatis,
1798 1459 1966 1499 causa
1997 1442 2086 1496 Ju-

489 1540 732 1598 daeorum
749 1542 1068 1614 compulsus
1084 1547 1166 1596 est
1191 1536 1586 1596 circumcidere
1597 1552 1720 1591 eum
1733 1533 2089 1602 ,instantibus

489 1633 592 1698 eis,
626 1640 687 1688 ut
717 1631 810 1706 qui
844 1639 1016 1688 matre
1044 1629 1231 1686 Iudaea
1273 1637 1441 1685 notus
1486 1635 1646 1695 esset,
1669 1624 2090 1682 incircumcisus

489 1722 695 1777 assumi
733 1737 845 1777 non
875 1720 1096 1776 deberet
1137 1718 1204 1774 ad
1252 1717 1624 1790 magisterium
1670 1724 1893 1788 propter
1941 1713 2088 1771 testi-

491 1810 742 1866 monium
803 1809 1015 1881 generis
1056 1811 1195 1881 (Act.
1247 1824 1367 1876 xvi,
1419 1807 1569 1878 1-5).
1621 1806 1780 1862 Hunc
1818 1821 1945 1878 ergo
1974 1803 2087 1876 jam

492 1909 734 1960 creatum
769 1901 1084 1972 episcopum
1119 1898 1345 1954 instruit
1373 1915 1469 1971 per
1499 1897 1785 1971 epistolam
1812 1894 2090 1970 quomodo

491 1991 712 2048 deberet
759 1988 1065 2048 Ecclesiam
1093 1987 1368 2045 ordinare.

1011 2107 1239 2166 CAPUT
1277 2107 1569 2164 PRIMUM.

568 2216 751 2291 (Vers.
804 2216 853 2285 1,
900 2215 980 2288 2.)
1050 2241 1067 2263 ε
1118 2215 1321 2272 Paulus
1371 2213 1649 2286 apostolus
1700 2210 1908 2271 Christi
1965 2211 2090 2266 Jesu

495 2312 800 2370 secundum
834 2311 1128 2385 imperium
1160 2311 1257 2367 Dei
1291 2309 1592 2366 Salvatoris
1625 2309 1820 2376 nostri,
1852 2315 1906 2364 et
1936 2305 2092 2363 Chri-

494 2403 563 2459 sti
581 2402 708 2458 Jesu
729 2401 840 2474 spei
858 2409 1079 2468 nostrae,
1102 2399 1392 2456 Timotheo
1424 2414 1682 2471 germano
1711 2397 1828 2453 ﬁlio
1873 2396 1931 2452 in
1962 2395 2089 2452 ﬁde.

495 2491 702 2560 Gratia,
733 2490 1134 2558 misericordia,
1167 2497 1222 2547 et
1251 2507 1356 2562 pax
1388 2506 1418 2544 a
1445 2491 1560 2545 Deo
1589 2489 1748 2544 Patre
1795 2494 2008 2554 nostro,
2041 2493 2095 2540 et

495 2579 715 2637 Christo
744 2579 871 2636 Jesu
897 2579 1135 2636 Domino
1155 2587 1364 2634 nostro.
1391 2605 1408 2626 ι
1437 2578 1613 2634 Patris
1628 2589 1681 2633 et
1703 2577 1831 2632 Filii
1860 2574 2094 2646 imperio

495 2672 804 2743 apostolum
819 2685 876 2726 se
891 2670 1095 2726 factum
1113 2669 1373 2737 ostendit,
1392 2679 1453 2726 ut
1472 2669 1526 2724 in
1550 2671 1664 2725 Deo
1682 2667 1843 2723 Patre
1859 2667 2091 2722 salutem

495 2767 549 2815 et
577 2760 800 2818 Christo
830 2760 973 2815 Filio
993 2759 1112 2832 ejus
1132 2777 1283 2832 spem
1307 2758 1628 2831 praedicaret
1660 2778 1670 2814 :
1697 2766 1757 2814 ut
1782 2758 1911 2830 quia
1931 2773 2094 2813 nemo

496 2857 657 2923 negat
685 2852 916 2908 salutem
954 2868 1070 2908 esse
1101 2853 1157 2907 in
1188 2853 1319 2919 Deo,
1351 2868 1452 2908 nec
1503 2851 1796 2925 quisquam
1819 2850 2096 2907 dubitaret

498 2956 648 3012 spem
680 2956 796 2996 esse
834 2941 892 2996 in
921 2940 1141 2998 Christo
1167 2941 1314 3009 Jesu,
1343 2957 1504 3014 quem
1543 2958 1575 2996 a
1606 2941 1841 2996 mortuis
1874 2941 2094 2996 excita-

498 3037 638 3099 tum,
671 3032 984 3103 exemplum
1003 3031 1169 3103 hujus
1197 3032 1311 3103 spei
1343 3030 1557 3087 dedisse
1576 3039 1943 3104 cognosceret.
1979 3031 2095 3088 Hoc

502 3119 666 3176 modo
712 3121 907 3177 scribit
958 3119 1272 3191 Timotheo,
1331 3129 1393 3178 ut
1445 3137 1670 3178 securus
1717 3127 1857 3178 esset
1892 3119 1960 3175 de
1990 3137 2090 3176 sua

499 3210 848 3268 ordinatione
872 3230 886 3279 ;
921 3211 1051 3286 quia
1081 3210 1314 3284 imperio
1343 3211 1519 3268 Patris
1539 3220 1592 3268 et
1618 3211 1747 3268 Filii
1778 3212 1983 3268 electus
2013 3220 2094 3268 est

497 3301 565 3359 ad
594 3302 924 3360 docendum.
967 3302 1140 3371 Quem
1174 3320 1366 3360 verum
1398 3303 1575 3360 ﬁlium
1621 3304 1880 3376 appellat,
1910 3301 2001 3359 sed
2034 3301 2094 3358 in

497 3390 625 3448 ﬁde.
659 3391 802 3450 sicut
823 3392 892 3451 ad
921 3392 1240 3450 Corinthios
1277 3412 1288 3450 :
1314 3418 1330 3440 ι
1360 3394 1419 3448 In
1451 3390 1672 3450 Christo
1704 3393 1852 3460 Iesu,
1885 3391 2090 3463 inquit,

500 3498 598 3554 per
652 3481 1012 3556 Evangelium
1067 3499 1165 3555 ego
1214 3499 1312 3538 vos
1361 3481 1521 3552 genui
1570 3482 1627 3551 (Ι
1656 3481 1781 3535 Cor.
1816 3478 2031 3549 iv,15).
2061 3502 2079 3525 ι

506 3569 633 3625 Haec
661 3586 792 3625 vero
822 3579 875 3626 et
906 3571 1062 3625 ﬁrma
1093 3569 1370 3642 generatio
1418 3576 1518 3636 est,
1571 3584 1691 3639 quae
1739 3568 1914 3624 nescit
1941 3583 2093 3623 occa-

512 3674 655 3725 sum,
688 3657 863 3713 nescit
891 3657 1112 3713 morbos
1145 3665 1200 3714 et
1228 3656 1621 3728 pestilentiam,
1645 3664 1698 3712 et
1727 3673 1846 3729 quae
1877 3657 2094 3727 ignorat
2126 3641 2169 3701 Ο

499 3750 701 3805 famem
734 3755 787 3802 et
819 3746 971 3803 sitim
1002 3766 1013 3804 :
1043 3746 1242 3803 didicit
1271 3754 1452 3803 autem
1484 3745 1541 3801 in
1565 3762 1732 3818 regno
1757 3745 1856 3802 Dei
1884 3745 2094 3804 nullius

497 3855 654 3912 egere
688 3839 839 3913 (29);
873 3838 1003 3913 quia
1031 3839 1217 3895 futura
1242 3846 1322 3896 est
1369 3837 1516 3894 dono
1565 3838 1664 3894 Dei
1711 3837 2094 3894 immortalitas

500 3931 739 4004 gloriosa
790 3930 848 3985 in
901 3945 1067 4002 regno
1097 3929 1196 3986 Dei
1229 3938 1282 3986 et
1312 3928 1538 3998 Christi,
1572 3944 1807 4003 quorum
1839 3928 2090 4002 gratiam,

500 4021 959 4092 misericordiam,
989 4029 1043 4078 et
1068 4039 1257 4095 pacem
1297 4031 1520 4095 ex0ptat
1549 4040 1674 4079 cum
1705 4022 1811 4078 isto
1853 4038 2090 4079 manere.

572 4123 756 4195 (Vers.
819 4121 874 4192 3,
931 4121 1012 4196 4.)
1075 4145 1093 4169 ‹
1149 4121 1302 4178 Sicut
1358 4121 1545 4194 rogavi
1600 4129 1653 4177 te
1709 4122 2094 4178 subremanere

498 4213 727 4285 Ephesi,
757 4227 882 4271 cum
939 4208 1076 4268 irem
1123 4209 1180 4268 in
1230 4210 1627 4279 Macedoniam,
1680 4208 1741 4266 ut
1799 4210 2094 4267 denunties

498 4299 854 4377 quibusdam,
883 4317 950 4360 ne
980 4304 1138 4360 aliter
1159 4302 1440 4370 docerent,
1462 4318 1601 4358 neve
1622 4300 1913 4357 intendant
1940 4299 2093 4355 fabu-

501 4390 573 4448 lis
614 4401 667 4447 et
696 4393 1028 4464 genealogiis
1053 4393 1307 4460 inﬁnitis,
1329 4409 1449 4466 quae
1479 4391 1806 4464 quaestiones
1837 4397 2095 4462 prastant

501 4479 698 4553 magis,
723 4497 883 4552 quam
940 4483 1360 4540 aediﬁcationem
1407 4483 1526 4552 Dei,
1576 4499 1697 4554 quae
1744 4488 1825 4537 est
1869 4479 1928 4534 in
1953 4479 2089 4548 ﬁde;

504 4575 584 4634 ita
611 4573 800 4631 facito.
837 4600 856 4624 ι
898 4575 1074 4633 Filius
1103 4593 1134 4632 a
1163 4586 1314 4650 patre
1341 4577 1522 4650 rogari
1551 4593 1663 4632 non
1713 4569 1904 4631 debuit
1931 4591 1945 4641 ;
1996 4573 2094 4630 sed

502 4683 725 4747 propter
779 4674 1066 4733 charitatis
1113 4677 1367 4734 aﬁ‘ectum
1416 4685 1470 4732 et
1516 4685 1578 4734 ut
1616 4678 1698 4733 illi
1730 4677 1962 4734 formam
1993 4677 2093 4733 hu-

502 4765 756 4823 militatis
784 4767 1117 4836 ostenderet,
1140 4770 1387 4826 obsecrat
1406 4769 1692 4843 episcopus
1707 4770 2089 4842 coepiSCOpum

500 4871 684 4930 suum,
718 4872 785 4911 ne
813 4865 1092 4928 pateretur
1127 4859 1344 4918 Iudaeos
1397 4861 1557 4916 aliter
1597 4860 1883 4932 populum,
1929 4874 2089 4930 quam

500 4947 568 5005 ab
597 4947 864 5019 Apostolo
892 4949 1229 5021 tradebatur,
1290 4953 1521 5020 docere;
1579 4961 1640 5007 ut
1687 4953 2093 5008 oblectarentur

501 5039 725 5107 fabulis,
757 5055 891 5111 quas
939 5053 1158 5095 narrare
1198 5043 1447 5097 consueti
1495 5049 1625 5097 sunt
1669 5041 1845 5096 Judaei
1892 5040 1958 5095 de
2004 5056 2089 5110 ge-

503 5126 786 5186 neratione
817 5144 1039 5183 suarum
1069 5129 1368 5201 originum,
1396 5130 1463 5186 de
1492 5129 1792 5198 Abraham,
1836 5136 1892 5184 et
1919 5127 2084 5198 Isaac,

502 5225 557 5274 et
603 5217 814 5275 caateris
861 5217 1208 5290 patriarchis,
1253 5229 1308 5276 et
1353 5219 1421 5275 de
1446 5219 1887 5287 circumcisione,
1917 5227 1972 5275 et
2005 5218 2090 5275 his

500 5325 620 5382 quae
653 5317 838 5382 postea
865 5307 1068 5364 tradita
1115 5318 1244 5365 sunt
1271 5326 1303 5364 a
1334 5310 1558 5382 Moyse;
1610 5326 1678 5366 ne
1723 5309 2089 5366 circumveni-

501 5409 692 5455 rentur
719 5399 788 5456 ad
817 5398 933 5456 hac
956 5397 1206 5464 colenda,
1238 5415 1358 5473 quas
1384 5398 1678 5454 carnaliter
1697 5398 1824 5454 data
1852 5397 2088 5457 fuerant.

501 5487 647 5556 Quid
676 5496 824 5552 enim
855 5510 993 5570 opus
1019 5500 1104 5550 est
1131 5493 1567 5566 generationum,
1589 5508 1723 5566 quas
1741 5499 1954 5550 constat
1978 5509 2092 5550 esse

2115 895 2165 953 Α
2195 886 2445 943 inﬁnitas
2475 903 2571 959 per
2597 887 2901 955 traducem,
2943 887 3117 944 facere
3165 886 3527 956 mentionem,
3571 897 3624 945 et
3660 890 3797 963 quid

2197 987 2251 1033 et
2284 984 2556 1050 quatenus
2585 976 2790 1032 factum
2839 984 2921 1032 est
2958 975 3059 1032 sub
3107 993 3437 1048 unoquoque
3471 993 3702 1045 eorum;
3746 987 3800 1034 et

2197 1081 2308 1119 non
2340 1066 2523 1137 potius
2553 1065 2880 1137 compendio
2912 1082 3007 1136 per
3043 1064 3211 1120 ﬁdem
3243 1065 3475 1121 salutem
3506 1069 3796 1139 quaerere?

2197 1156 2330 1212 Inde
2359 1156 2506 1211 enim
2531 1157 2859 1229 quaestiones
2879 1156 3286 1225 oriuntur,cum
3309 1156 3786 1231 quid,etquando,

2199 1253 2253 1301 et
2277 1246 2574 1318 quomodo,
2608 1254 2662 1302 et
2691 1263 2858 1319 quare
2890 1246 3097 1303 factum
3125 1254 3224 1314 est,
3258 1253 3675 1320 tractaturzquze
3705 1265 3791 1305 res

2200 1335 2432 1406 impedit
2465 1336 2718 1390 salutem.

2275 1423 2456 1495 (Vers.
2480 1425 2534 1491 5,
2568 1423 2620 1493 6,
2655 1423 2734 1496 7.)
2783 1449 2800 1472 ε
2829 1422 2966 1479 Nam
3006 1421 3134 1478 ﬁnis
3182 1422 3438 1496 pracepti
3475 1432 3557 1481 est
3615 1424 3798 1483 chari-

2202 1519 2283 1568 tas
2311 1513 2377 1569 de
2407 1514 2571 1571 corde
2600 1531 2760 1587 puro,
2787 1522 2841 1570 et
2869 1515 3211 1573 conscientia
3242 1514 3406 1586 bona,
3443 1524 3499 1572 et
3527 1515 3635 1572 ﬁde
3682 1533 3800 1572 non

2202 1609 2351 1679 ﬁcta,
2392 1627 2422 1665 a
2478 1611 2680 1684 quibus
2722 1611 2945 1684 quidam
2986 1611 3319 1681 aberrantes,
3368 1613 3618 1669 conversi
3668 1623 3802 1670 sunt

2201 1697 2259 1752 in
2284 1699 2690 1772 vaniloquium,
2727 1701 2975 1756 volentes
3027 1715 3143 1756 esse
3182 1700 3318 1772 legis
3364 1699 3626 1767 doctores,
3679 1717 3796 1756 non

2205 1787 2575 1859 intelligentes
2623 1804 2799 1861 neque
2847 1805 2968 1861 quae
3020 1788 3236 1857 dicunt,
3271 1806 3446 1863 neque
3489 1790 3553 1845 de
3583 1790 3794 1863 quibus

2202 1877 2496 1933 afﬁrmant.
2526 1903 2544 1926 ι
2587 1877 2857 1944 Quoniam
2889 1879 3137 1934 omnium
3188 1878 3365 1951 major
3410 1887 3492 1936 est
3535 1879 3799 1949 charitas,

2203 1967 2346 2023 hanc
2374 1967 2538 2022 ﬁnem
2556 1983 2671 2023 esse
2687 1967 2855 2035 dixit,
2872 1967 2927 2024 id
2948 1977 3048 2036 est,
3069 1969 3422 2040 perfectionis
3453 1986 3798 2027 consumma-
3822 2013 3832 2020 .

2201 2056 2432 2124 tionem,
2456 2057 2706 2112 omnium
2738 2067 3132 2129 praceptorum
3162 2076 3174 2125 ;
3209 2058 3256 2113 si
3307 2066 3487 2115 tamen
3533 2075 3604 2115 ex
3634 2060 3800 2118 corde

2203 2162 2340 2218 puro
2369 2147 2440 2203 sit
2486 2156 2539 2203 et
2581 2147 2726 2203 bona
2753 2147 3109 2204 conscientia.
3165 2148 3316 2205 Vera
3358 2149 3510 2205 enim
3555 2150 3798 2208 charitas

2202 2251 2314 2291 non
2342 2243 2521 2307 potest
2551 2237 2748 2292 malam
2780 2236 2976 2304 vitam,
3015 2253 3118 2295 nec
3146 2238 3461 2295 simulatam
3489 2238 3653 2295 ﬁdem
3681 2239 3796 2297 ha-

2201 2324 2348 2394 bere,
2390 2325 2450 2380 in
2479 2323 2681 2398 quibus
2718 2326 2916 2384 omnis.
2968 2327 3083 2383 Lex
3128 2327 3391 2400 impletur
3422 2336 3476 2385 et
3503 2328 3793 2402 Propheta;

2207 2415 2419 2486 (Matth.
2445 2432 2549 2483 vn,
2588 2417 2701 2486 12).
2735 2415 2970 2482 Quidam
3010 2424 3191 2471 autem
3223 2417 3536 2474 Judaeorum
3583 2425 3802 2491 myste-

2206 2504 2348 2559 rium
2391 2504 2526 2577 legis
2553 2503 2872 2576 ignorantes
2901 2511 2955 2562 et
2993 2505 3406 2579 prophetarum,
3452 2506 3582 2581 quia
3626 2523 3803 2582 usque

2203 2593 2273 2649 ad
2328 2592 2610 2650 Christum
2664 2596 2933 2652 servanda
2996 2603 3126 2652 sunt
3181 2597 3417 2665 tradita;
3477 2605 3802 2655 erraverunt

2204 2691 2477 2756 putantes,
2527 2685 2822 2757 praedicato
2879 2685 3120 2755 Christo,
3179 2687 3343 2743 etiam
3412 2687 3585 2760 legem
3654 2693 3805 2751 290

2204 2782 2474 2837 factorum
2534 2781 2593 2836 in
2635 2783 2964 2851 neomeniis,
3007 2793 3062 2840 et
3108 2784 3532 2842 circumcisione
3577 2794 3631 2841 et
3655 2786 3800 2843 escis

2203 2870 2584 2927 discernendis
2605 2871 2810 2928 servari
2832 2872 3050 2929 debere.
3076 2873 3288 2930 Idcirco
3319 2874 3378 2929 in
3407 2874 3800 2948 vaniloquium

2202 2961 2339 3017 dicit
2384 2977 2476 3018 eos
2531 2978 2868 3020 conversos:
2933 2963 3063 3036 quia
3115 2963 3377 3021 volebant
3430 2963 3618 3022 docere
3671 2980 3806 3037 qua

2203 3051 2549 3124 ignorabant.

2277 3143 2459 3214 (Vers.
2486 3143 2663 3216 8-11.)
2710 3168 2729 3192 ι
2755 3139 2973 3201 Scimus
3001 3153 3183 3200 autem
3213 3143 3342 3218 quia
3370 3143 3514 3201 bona
3537 3153 3618 3201 est
3657 3144 3758 3200 lex
3787 3163 3802 3213 ;

2203 3232 2250 3288 si
2287 3232 2411 3305 quis
2443 3249 2506 3288 ea
2534 3233 2781 3306 legitime
2809 3240 3015 3302 utatur,
3048 3241 3258 3290 certum
3291 3233 3496 3290 habens
3515 3233 3621 3290 hoc
3651 3233 3805 3306 quod

2197 3321 2349 3394 justo
2380 3321 2468 3377 lex
2503 3338 2612 3378 non
2646 3331 2728 3378 est
2756 3322 2953 3393 posita,
2989 3320 3081 3378 sed
3109 3321 3332 3394 injustis
3351 3330 3405 3378 et
3420 3321 3807 3394 inobsequen-

2202 3412 2372 3478 tibus,
2407 3412 2596 3483 impiis
2622 3420 2675 3466 et
2705 3413 3100 3484 peccatoribus,
3133 3415 3378 3471 scelestis
3429 3423 3484 3471 et
3531 3413 3802 3487 profanis,

2203 3501 2493 3576 parricidis
2523 3509 2576 3558 et
2615 3503 2945 3572 matricidis,
2976 3503 3426 3573 fornicatoribus,
3476 3503 3800 3572 homicidis,

2205 3593 2574 3650 masculorum
2603 3592 3076 3661 concubitoribus,
3095 3595 3398 3667 plagiariis,
3419 3594 3800 3662 mendacibus,

2204 3682 2441 3755 perjuris
2468 3699 2479 3737 :
2508 3688 2563 3738 et
2591 3682 2635 3738 si
2659 3682 2794 3754 quid
2825 3682 2978 3739 aliud
3006 3699 3151 3739 sanae
3173 3683 3441 3740 doctrinae
3456 3683 3804 3753 adversatur,

2203 3788 2323 3843 quze
2351 3781 2434 3828 est
2479 3771 2781 3829 secundum
2836 3771 3198 3844 Evangelium
3249 3772 3436 3845 gloriae
3481 3773 3624 3831 beati
3670 3773 3803 3843 Dei,

2203 3861 2349 3932 quod
2371 3860 2643 3918 creditum
2672 3868 2754 3917 est
2785 3860 2945 3917 mihi.
2979 3885 2997 3910 ι
3041 3862 3249 3918 Bonam
3279 3879 3396 3920 esse
3446 3864 3632 3935 legem,
3670 3879 3806 3934 quae

2201 3965 2299 4023 per
2351 3952 2576 4023 Moysen
2625 3949 2753 4006 data
2796 3957 2897 4018 est,
2957 3966 3067 4006 non
3121 3961 3308 4024 negat;
3355 3953 3430 4009 ita
3474 3960 3672 4019 tamen,
3731 3959 3807 4009 ut

2202 4060 2394 4100 sensus
2422 4042 2540 4115 ejus
2571 4043 2796 4112 sciatur,
2827 4052 2881 4100 et
2929 4045 3208 4117 quomodo
3249 4044 3377 4102 data
3419 4055 3516 4116 est,
3563 4045 3806 4118 accipia-

2202 4141 2312 4190 tur.
2354 4133 2458 4190 Hic
2485 4133 2632 4188 enim
2663 4133 2766 4190 scit
2788 4135 2984 4206 legem,
3014 4143 3067 4191 et
3102 4151 3210 4209 qua
3236 4151 3400 4193 causa
3426 4135 3553 4192 data
3579 4134 3802 4207 sit,qui,

2203 4221 2500 4295 praadicato
2527 4221 2766 4283 Christo.
2811 4221 3014 4279 deserit
3041 4223 3194 4290 illam
3242 4241 3311 4280 ex
3347 4233 3519 4297 parte,
3551 4241 3658 4298 qua
3700 4224 3802 4280 lex

2203 4314 2473 4371 factorum
2504 4315 2811 4386 appellatur
2842 4331 2854 4370 :
2897 4313 3042 4370 circa
3069 4314 3425 4371 dilectionem
3466 4324 3649 4371 autem
3686 4315 3793 4372 Dei

2203 4405 2381 4460 utitur
2435 4420 2516 4473 ea,
2566 4420 2810 4461 asserens
2853 4411 2908 4460 et
2963 4404 3241 4461 afﬁrmans
3291 4421 3414 4478 quat
3445 4421 3477 4460 a
3510 4405 3804 4461 Salvatore

2203 4494 2351 4551 dicta
2379 4502 2508 4550 sunt
2553 4494 2612 4550 in
2661 4495 2777 4567 lege
2810 4501 2864 4550 et
2910 4493 3212 4567 prophetis.
3247 4495 3350 4551 Hic
3377 4494 3526 4551 enim
3557 4493 3807 4565 legitime

2201 4584 2379 4641 utitur
2409 4585 2546 4657 lege,
2577 4582 2674 4656 qui
2703 4592 2879 4655 potest
2910 4583 3222 4640 discernere
3248 4600 3312 4640 ea
3337 4601 3458 4657 quae
3487 4582 3556 4640 ad
3582 4591 3805 4654 tempus

2201 4674 2327 4730 data
2379 4681 2526 4740 sunt,
2574 4672 2643 4726 ab
2701 4670 2770 4727 iis
2813 4688 2933 4744 quae
2979 4681 3241 4745 perpetua
3287 4679 3418 4729 sunt
3453 4691 3466 4741 ;
3499 4681 3696 4745 etquae
3729 4672 3806 4728 ad

2202 4768 2408 4826 Christi
2437 4766 2713 4838 pertinent
2743 4777 3170 4839 sacramentum,
3219 4769 3429 4826 seruari
3466 4767 3579 4840 jam
3623 4767 3681 4822 in
3713 4767 3806 4822 fu-

2199 4865 2384 4912 turum
2433 4872 2543 4911 non
2617 4865 2888 4928 oportere,
2953 4860 3108 4932 quasi
3177 4867 3444 4915 venturus
3517 4855 3802 4925 credatur,

2201 4947 2297 5019 qui
2319 4945 2432 5018 jam
2461 4947 2634 5002 venit.
2656 4947 2713 5002 Si
2744 4963 2872 5020 ergo
2907 4948 3093 5003 omnia
3119 4949 3254 5004 locis
3285 4948 3399 5005 suis
3417 4947 3798 5019 accipiantur,

2201 5036 2347 5092 bona
2403 5044 2531 5092 sunt
2590 5055 2602 5092 :
2663 5037 2710 5091 si
2766 5037 3082 5108 quominus,
3118 5038 3261 5093 mala
3316 5046 3483 5094 erunt
3539 5051 3807 5109 perverse

2197 5127 2509 5194 asserenti;
2563 5142 2785 5198 peccare
2837 5133 2917 5183 est
2971 5128 3142 5197 enim,
3173 5143 3513 5202 unaquaeque
3559 5125 3801 5184 minime

2198 5218 2334 5275 locis
2376 5217 2490 5273 suis
2536 5233 2830 5288 exponere.
2875 5217 3144 5275 Praeterea
3172 5218 3302 5296 quia
3341 5217 3508 5290 justis
3540 5218 3652 5290 lege
3679 5231 3805 5272 non

2199 5327 2338 5382 opus
2365 5317 2466 5378 est,
2499 5308 2551 5364 id
2582 5317 2682 5378 est,
2714 5309 2784 5365 iis
2812 5310 2906 5384 qui
2936 5319 3158 5384 accepta
3189 5310 3516 5369 remissione
3545 5316 3807 5382 peccato-

2200 5417 2319 5456 rum
2337 5399 2629 5472 justiﬁcati
2657 5409 2807 5469 sunt,
2851 5417 2918 5457 ne
2941 5399 3056 5473 jam
3091 5402 3287 5458 vivant
3315 5401 3417 5458 sub
3456 5403 3595 5474 lege,
3627 5416 3659 5456 a
3686 5414 3810 5473 qua

2202 5491 2422 5548 liberati
2449 5498 2578 5550 sunt
2605 5489 2752 5550 dono
2776 5491 2877 5550 Dei
2904 5508 3001 5566 per
3029 5491 3196 5552 ﬁdem
3237 5492 3444 5554 Christi
3473 5498 3536 5550 ut
3579 5489 3646 5548 de
3693 5505 3808 5547 caa-

575 5639 692 5712 (29)
725 5643 882 5702 Rom.
912 5645 1070 5718 edit.,
1104 5643 1208 5714 Qui
1233 5645 1371 5702 enim
1397 5651 1519 5702 sunt
1548 5643 1607 5698 in
1644 5660 1803 5714 regno
1833 5644 1949 5712 Dei,
1971 5643 2174 5700 nullius
2196 5647 2356 5714 egent.
