4108 6184
315 226 417 301 489

1342 233 1704 312 COMMEN‘I‘.
1744 236 1816 314 tu
1851 236 2068 315 aliter.
2108 238 2132 315 i
2167 251 2264 318 AD
2301 242 2594 323 unam.

3501 242 3605 341 eo

290 383 413 438 tero
440 386 656 438 servata
686 378 802 457 lege
818 384 1050 451 naturae,
1074 396 1194 485 quae
1214 383 1886 485 Creatoris-cognitionem
1916 402 1968 463 Α
2004 391 2356 485 descendens,
2395 413 2612 458 carnem
2662 400 2868 477 peccati
2897 402 3106 483 accepit
3159 408 3274 485 (31)
3314 430 3326 471 :
3367 416 3602 477 terrenis

290 469 505 544 recipit,
565 477 619 529 et
679 489 795 529 non
850 489 1074 547 peccare
1122 472 1379 534 hortatur
1428 496 1440 535 :
1493 476 1695 551 judicii
1743 476 1890 539 diem

285 571 628 633 exspectent,
664 561 724 619 in
770 579 879 637 quo
902 561 1040 635 justi
1077 568 1467 626 remunerandi
1515 579 1663 640 sunt,
1713 578 1891 629 custo-

284 648 497 707 dientes
525 652 702 724 legem
746 655 1074 723 naturalem,
1107 671 1270 729 quam
1303 658 1348 713 si
1379 658 1681 715 humanum
1723 678 1893 733 genus

281 736 479 796 ducem
501 739 609 797 sibi
629 740 932 812 habuisset,
956 745 1045 800 lex
1066 744 1126 799 in
1158 745 1361 802 litteris
1389 764 1485 819 per
1512 749 1739 821 Moysen
1766 748 1894 805 data

280 844 395 883 non
442 835 603 884 esset.
656 828 760 886 Sed
813 831 942 904 quia
992 834 1335 907 contemptui
1384 834 1552 892 ducta
1594 845 1694 905 est,
1737 839 1893 911 quasi

276 917 501 972 nullius
531 925 673 973 esset
711 920 1079 990 auctoritatis,
1112 922 1397 995 Scriptura
1426 923 1644 981 ﬁrmata
1680 933 1796 993 est;
1829 933 1891 981 ut

275 1005 522 1062 sciretur
570 1009 721 1080 quod
777 1010 1048 1067 servanda
1104 1019 1265 1080 esset,
1306 1019 1360 1067 et
1396 1020 1619 1085 propter
1674 1022 1891 1087 tempus

275 1112 542 1169 praesens,
575 1105 630 1153 et
676 1098 806 1172 quia
843 1100 1211 1173 requisiturus
1249 1108 1329 1157 est
1375 1102 1435 1158 in
1482 1103 1754 1171 futurum,
1792 1103 1889 1176 qui

275 1182 437 1242 illam
467 1186 735 1257 ﬁrmavit,
764 1206 796 1243 a
824 1189 1026 1262 quibus
1071 1192 1337 1263 neglecta,
1388 1198 1443 1248 et
1472 1208 1504 1247 a
1551 1192 1752 1266 quibus
1781 1210 1888 1249 ser-

274 1286 410 1333 vata
440 1285 543 1333 est.
576 1278 767 1351 Itaque
813 1295 925 1334 non
955 1280 1133 1335 solum
1182 1287 1405 1353 propter
1442 1281 1615 1337 malos
1643 1289 1796 1338 actus
1834 1290 1888 1339 et

273 1368 420 1425 vitia
464 1370 714 1442 corporis
760 1370 932 1444 legem
983 1370 1168 1427 datam
1216 1372 1374 1441 dicit,
1422 1373 1518 1430 sed
1573 1382 1628 1430 et
1665 1382 1889 1449 prepter

270 1455 585 1528 perﬁdiam,
643 1475 750 1531 qua
805 1458 1135 1531 spernebant
1196 1460 1556 1530 Creatorem;
1619 1471 1680 1519 ut
1748 1463 1887 1522 bene

270 1544 464 1603 vivere
496 1546 844 1605 addiscerent
870 1555 925 1604 et
959 1549 1161 1622 gratias
1191 1559 1415 1624 agerent
1446 1552 1756 1612 Conditori.

348 1675 532 1749 (Vers.
568 1677 657 1744 I2,
691 1677 778 1746 13,
814 1677 929 1749 14.)
977 1702 996 1725 ε
1028 1679 1104 1735 Et
1151 1680 1352 1752 gratias
1397 1697 1498 1753 ago
1533 1682 1607 1752 ei,
1654 1683 1750 1756 qui
1796 1701 1884 1741 me

267 1767 618 1825 confortavit
649 1768 710 1824 in
757 1769 979 1827 Christo
1019 1770 1149 1826 Jesu
1194 1772 1436 1829 Domino
1487 1782 1697 1843 nostro,
1753 1776 1882 1850 quia
1911 1774 1958 1836 B

265 1858 501 1915 ﬁdelem
532 1875 619 1915 me
665 1859 982 1929 aestimavit,
1009 1875 1220 1933 ponens
1249 1879 1336 1919 me
1375 1862 1434 1918 in
1486 1864 1878 1934 ministerium,

266 1946 409 2019 quia
436 1947 594 2020 prius
619 1964 769 2005 eram
796 1948 1175 2021 blasphemus,
1203 1959 1257 2007 et
1281 1960 1616 2023 persecutor,
1646 1961 1701 2009 et
1738 1968 1882 2011 con-

266 2035 610 2093 tumeliosus
638 2080 654 2106 ,
705 2038 798 2094 sed
847 2037 1280 2095 misericordiam
1340 2049 1668 2098 consecutus
1721 2059 1876 2110 sum;

263 2123 406 2197 quia
432 2126 695 2198 ignorans
712 2127 818 2184 feci
840 2128 1091 2184 nondum
1118 2128 1365 2186 credens.
1398 2130 1879 2203 Superabundavit

262 2222 456 2271 autem
486 2217 660 2288 gratia
687 2218 911 2275 Domini
941 2220 1118 2276 nostri
1162 2236 1287 2277 cum
1332 2220 1442 2277 ﬁde
1471 2228 1526 2277 et
1554 2221 1872 2293 dilectione,

261 2319 391 2376 quae
419 2313 501 2361 est
531 2305 589 2362 in
637 2306 858 2366 Christo
886 2310 1033 2366 Jesu.
1065 2333 1086 2358 ι
1129 2310 1358 2383 Propter
1392 2311 1541 2385 quod
1583 2312 1764 2369 omnis
1793 2314 1875 2371 in-

260 2394 530 2452 credulus
582 2396 964 2455 inﬁrmitatem
1018 2399 1189 2456 animi
1237 2400 1488 2471 patitur,
1536 2402 1875 2460 constrictus

260 2486 476 2542 carnali
508 2485 742 2554 ratione,
774 2503 845 2543 ne
871 2486 1059 2544 credat
1087 2488 1351 2557 spiritali;
1390 2488 1599 2547 idcirco
1629 2507 1686 2547 se
1714 2491 1872 2549 Chri-

259 2582 349 2631 sto
383 2576 588 2647 gratias
641 2575 781 2635 dicit
820 2592 999 2650 agere,
1040 2578 1171 2651 quia
1208 2579 1526 2652 apparentia
1570 2581 1875 2655 majestatis

259 2682 378 2721 sua:
428 2664 867 2723 imbecillitatem
927 2668 1129 2725 mentis
1183 2669 1301 2743 ejus
1358 2671 1645 2730 roboravit
1687 2692 1699 2730 :
1743 2674 1872 2747 quia

261 2753 612 2826 impossibile
642 2755 869 2828 putabat
897 2773 1032 2827 esse,
1053 2758 1201 2830 quod
1229 2758 1298 2815 de
1324 2759 1550 2817 Domini
1581 2768 1870 2834 potestate,

259 2851 318 2900 et
364 2843 583 2915 gemina
628 2845 939 2915 nativitate,
970 2855 1025 2904 et
1054 2848 1474 2918 resurrectione,
1506 2859 1561 2907 et
1603 2868 1697 2922 spe
1722 2868 1873 2924 prae-

259 2931 575 2991 dicabatur.
607 2936 980 2996 Conﬁrmatus
1031 2947 1216 2996 autem
1259 2941 1388 2996 talis
1437 2941 1593 2998 visus
1635 2951 1737 3011 est,
1777 2944 1872 3016 qui

259 3022 466 3096 dignus
495 3032 638 3080 esset
671 3041 734 3082 ac
774 3035 959 3098 posset
1000 3044 1115 3084 esse
1158 3028 1508 3100 dispensator
1544 3033 1871 3089 sacramenti

258 3111 546 3168 Dominici
571 3130 584 3167 :
618 3123 681 3170 ut
707 3131 771 3170 ea
798 3131 930 3171 vera
948 3132 1045 3187 per
1073 3117 1247 3187 legem
1274 3115 1537 3188 ﬁrmaret,
1569 3136 1690 3193 quae
1719 3122 1870 3194 prius
1903 3132 1947 3193 ο

256 3217 450 3257 amore
480 3200 619 3271 legis
645 3199 998 3259 incredibilia
1017 3202 1325 3275 judicabat,
1347 3214 1401 3263 et
1429 3206 1486 3263 in
1521 3212 1866 3280 persecutio-

256 3288 432 3345 nibus
484 3288 762 3360 gauderet,
821 3308 954 3364 quas
1006 3294 1158 3365 prius
1204 3295 1357 3368 quasi
1399 3295 1547 3369 juste
1582 3301 1864 3360 credenti-

256 3384 369 3440 bus
399 3382 688 3451 inferebat,
739 3381 932 3438 dolens
960 3382 1089 3456 quia
1136 3384 1359 3453 fecerat,
1412 3388 1570 3445 laetus
1598 3390 1729 3463 quia
1756 3407 1865 3464 pa-

255 3472 519 3531 tiebatur.
550 3475 778 3530 Tantam
808 3473 956 3530 enim
994 3490 1143 3546 spem
1188 3474 1460 3534 didicerat
1488 3478 1546 3533 in
1586 3494 1672 3549 eo,
1694 3496 1855 3553 quem

249 3568 384 3617 ante
412 3562 663 3635 negabat,
698 3570 759 3619 ut
803 3564 929 3635 plus
983 3563 1245 3635 gauderet
1273 3564 1333 3619 in
1383 3567 1643 3638 patiendo
1691 3587 1856 3644 quam

245 3649 409 3723 prius
436 3653 809 3708 exsultaverat
851 3651 910 3707 in
948 3653 1346 3726 persequendo.
1377 3654 1498 3712 Non
1537 3658 1687 3715 enim
1728 3678 1856 3717 ma-

249 3740 381 3797 litia
410 3740 517 3798 hoc
546 3740 755 3815 agebat,
788 3740 885 3798 sed
913 3758 1116 3811 errore,
1152 3743 1244 3801 cui
1292 3743 1455 3801 facile
1497 3756 1695 3819 potest,
1726 3766 1852 3807 cum

244 3828 547 3902 resipiscit,
592 3830 821 3901 ignosci.
872 3830 980 3898 Qui
1022 3839 1205 3889 autem
1249 3833 1355 3889 scit
1392 3850 1523 3891 vera
1548 3852 1683 3906 esse,
1731 3855 1851 3913 quae

243 3925 431 3990 negat,
479 3917 573 3975 hic
610 3935 721 3975 non
762 3936 947 3977 errore
993 3918 1101 3977 hoc
1129 3920 1264 3993 agit,
1309 3923 1404 3980 sed
1439 3926 1849 3998 malevolentia,

242 4003 416 4078 hujus
454 4006 766 4064 incurabile
793 4011 999 4064 vulnus
1018 4016 1100 4065 est
1132 4025 1145 4064 :
1176 4009 1391 4067 invidia
1418 4013 1566 4070 enim
1597 4017 1850 4089 compel-

241 4092 385 4151 litur
413 4095 612 4152 falsum
645 4097 922 4169 appellare
952 4097 1101 4168 quod
1129 4097 1233 4155 scit
1259 4114 1475 4155 verum.

311 4222 503 4297 (Vers.
544 4224 632 4293 i5,
666 4224 780 4295 16.)
825 4248 844 4271 ι
874 4224 1161 4281 Humanus
1207 4242 1388 4284 sermo
1416 4236 1470 4285 et
1499 4230 1653 4285 omni
1682 4246 1847 4287 acce-

238 4312 433 4385 ptione
478 4311 698 4384 dignus,
754 4311 884 4386 quia
937 4312 1190 4371 Christus
1236 4320 1375 4378 291
1420 4316 1575 4373 Jesus
1606 4319 1758 4375 venit
1787 4319 1845 4375 in

237 4408 395 4466 hunc
445 4411 714 4466 mundum
772 4417 1087 4482 peccatores
1133 4410 1315 4466 salvos
1365 4412 1564 4481 facere,
1604 4431 1839 4487 quorum

2001 499 2058 540 se
2108 484 2425 558 admiscuit,
2465 495 2528 546 ut
2584 508 2708 549 eum
2768 495 3043 555 caelestem
3103 484 3338 561 eﬁiceret
3386 524 3399 564 :
3458 510 3600 567 mori

2000 590 2057 630 se
2096 592 2285 647 passus
2330 586 2433 646 est,
2465 587 2523 635 ut
2554 578 2717 639 illum
2754 587 2918 643 morti
2947 596 3164 645 erutum
3198 594 3448 665 paradiso
3477 597 3595 655 red.

2000 661 2156 720 deret
2185 665 2599 726 immortalem?
2631 670 2764 738 Quis
2794 674 2910 733 haec
2947 661 3217 737 beneﬁcia
3242 699 3355 738 non
3382 685 3439 740 in
3470 687 3596 745 inﬁ-

2000 751 2182 808 nitum
2213 756 2461 825 extollat,
2495 774 2615 831 quae
2632 761 3044 835 Deuspraastitit
3066 768 3302 840 homini,
3327 774 3601 833 Dominus

2000 854 2179 909 servo,
2217 843 2484 902 Conditor
2511 855 2774 905 creaturae
2795 850 2824 907 ‘l
2853 860 2915 908 ut
2965 856 3089 925 plus
3144 868 3284 916 esset
3330 860 3512 918 adhuc
3542 864 3600 921 in

1998 929 2283 988 beneﬁciis
2311 934 2587 1007 humanis,
2617 956 2780 1012 quam
2805 959 2931 998 cum
2956 944 3107 1013 fecit,
3130 964 3249 1019 quae
3278 967 3390 1007 non
3419 961 3595 1025 erant,

2000 1027 2347 1094 posteaquam
2380 1024 2528 1082 fecit.
2565 1028 2787 1085 Etenim
2820 1030 3118 1091 derelictus
3145 1035 3213 1091 ab
3243 1037 3350 1107 his,
3381 1050 3435 1097 et
3472 1024 3599 1099 con-

1996 1114 2258 1179 temptus,
2290 1119 2344 1167 et
2367 1117 2726 1172 contumeliis
2756 1121 3054 1192 appetitus,
3076 1124 3295 1181 addidit
3327 1127 3394 1183 ad
3420 1129 3599 1187 bene-

1996 1192 2122 1251 ﬁcia
2161 1213 2272 1253 non
2305 1200 2621 1273 requisitus,
2654 1212 2716 1260 ut
2763 1209 2970 1279 gratior
2998 1220 3162 1280 esset,
3192 1223 3249 1270 et
3291 1218 3416 1288 plus
3454 1236 3600 1291 prae-

1994 1283 2275 1356 ferendus,
2308 1289 2440 1346 dum
2473 1304 2708 1366 reparat,
2740 1312 2905 1371 quam
2933 1316 3062 1357 cum
3093 1302 3257 1360 fecit:
3291 1283 3367 1361 ut
3405 1283 3601 1366 osten-

1996 1372 2149 1431 deret
2178 1394 2351 1434 unum
2395 1397 2451 1437 se
2503 1399 2642 1453 esse,
2672 1386 2766 1458 qui
2810 1386 2928 1446 haec
2969 1392 3158 1449 omnia
3196 1395 3389 1466 possit.
3418 1398 3600 1470 Igitur

1995 1462 2077 1521 sic
2105 1464 2357 1523 Christus
2388 1470 2706 1542 praesidium
2754 1477 2889 1533 tulit
2923 1477 3162 1550 homini,
3191 1462 3255 1538 ut
3300 1462 3596 1558 puritatem

1994 1568 2148 1610 suam
2198 1572 2309 1613 non
2340 1557 2592 1629 violaret,
2624 1579 2727 1620 nec
2766 1565 3043 1625 amitteret
3085 1578 3433 1643 potestatem.
3474 1577 3599 1633 Ho-

1993 1644 2200 1701 minem
2255 1648 2403 1704 enim
2456 1665 2511 1706 se
2567 1653 2720 1709 nasci
2768 1657 2987 1725 voluit,
3038 1675 3137 1731 pro
3192 1670 3340 1719 certo
3389 1663 3597 1723 habens

1992 1734 2172 1790 carnis
2218 1746 2478 1795 contactu
2522 1756 2580 1796 se
2636 1740 2866 1800 minime
2905 1745 3105 1803 violari
3140 1767 3152 1806 :
3186 1754 3595 1811 conversationi

1989 1820 2244 1881 humanae
2290 1842 2346 1882 se
2391 1826 2637 1899 miscuit,
2686 1831 2864 1889 sciens
2917 1837 3156 1907 peccatis
3210 1856 3268 1896 se
3313 1844 3592 1917 corrumpi

1988 1928 2100 1968 non
2130 1930 2289 1985 posse
2324 1934 2336 1973 :
2372 1918 2552 1975 occidi
2580 1937 2637 1977 se
2679 1939 2869 1994 passus
2898 1933 3002 1994 est,
3036 1942 3150 1984 non
3186 1929 3407 1989 nescius
3432 1949 3591 1990 mor.

1987 2009 2098 2058 tem
2132 2004 2237 2060 sibi
2283 2004 2560 2064 dominari
2606 2026 2718 2067 non
2746 2029 2923 2084 posse,
2964 2016 3058 2072 sed
3113 2034 3231 2075 eam
3262 2036 3361 2077 sua
3409 2024 3591 2097 oppri-

1989 2106 2137 2145 mere
2168 2099 2455 2163 potestate.
2486 2096 2614 2153 Haec
2638 2113 2765 2172 ergo
2796 2102 2980 2174 gessit,
3022 2112 3084 2160 ut
3129 2108 3317 2163 omnia
3346 2125 3403 2165 se
3432 2127 3590 2183 posse

1987 2176 2226 2237 doceret.
2270 2182 2571 2241 Humilitas
2602 2187 2749 2243 enim
2781 2190 2886 2247 ista
2910 2208 3022 2248 non
3054 2193 3122 2249 ad
3156 2176 3585 2259 diminutionem

1986 2267 2104 2339 ejus
2134 2270 2374 2342 proficit,
2426 2274 2521 2330 sed
2551 2275 2620 2332 ad
2667 2278 2896 2350 gloriam
2932 2298 2944 2349 ;
2979 2290 3033 2339 et
3080 2300 3193 2341 non
3231 2287 3410 2344 solum
3445 2289 3584 2363 ejus,

1984 2369 2176 2412 verum
2226 2357 2391 2416 etiam
2444 2361 2502 2418 in
2560 2363 2741 2437 ipsum
2782 2367 3156 2439 credentium;
3209 2357 3586 2447 dignitas'est

1983 2444 2131 2499 enim
2178 2463 2399 2505 servum
2443 2467 2558 2508 esse
2606 2457 2865 2525 potentis.
2916 2458 3053 2516 Cum
3084 2469 3212 2518 ante
3255 2444 3583 2537 Apostolum

1986 2533 2148 2589 multi
2202 2537 2397 2610 utique
2445 2541 2809 2599 credidissent
2868 2547 3184 2606 Iudaeorum
3239 2533 3325 2607 ex—
3367 2554 3437 2611 iis
3488 2559 3583 2629 qui

1984 2621 2163 2694 ipsum
2194 2625 2494 2683 Dominum
2549 2630 2912 2701 occiderunt;
2944 2636 3243 2707 Apostolus
3290 2649 3473 2698 tamen
3502 2621 3584 2701 ἰιι

1982 2727 2039 2767 se
2067 2711 2347 2781 humiliet,
2378 2714 2558 2772 adhuc
2587 2717 2780 2776 dolens
2805 2721 2873 2777 de
2902 2738 3002 2777 sua
3037 2723 3443 2797 incredulitate,
3472 2733 3583 2804 pri-

1982 2816 2136 2854 mum
2168 2816 2226 2856 se
2255 2801 2503 2858 omnium
2540 2808 2887 2876 peccantium
2915 2820 3097 2868 vocat.
3129 2814 3402 2882 Quoniam
3432 2801 3579 2877 enim

1982 2903 2093 2959 pra;
2122 2887 2336 2945 caeteris
2372 2902 2715 2953 sacramento
2750 2914 2809 2954 se
2857 2898 3061 2958 imbuit
3086 2902 3407 2977 Salvatoris,
3440 2926 3581 2982 pro—

1981 2983 2107 3054 pius
2135 2983 2204 3040 ad
2255 2991 2689 3060 cognoscendam
2741 2996 3211 3069 magniﬁcentiam
3263 3002 3381 3076 ejus
3426 3020 3577 3062 acce-

1980 3072 2137 3140 dens,
2200 3086 2421 3134 accusat
2476 3097 2532 3137 se
2570 3084 2765 3159 magis,
2820 3088 2917 3160 qui
2970 3099 3185 3148 tantum
3236 3072 3369 3149 boni
3426 3096 3576 3153 tarde

1975 3165 2221 3235 agnovit,
2244 3183 2345 3224 nec
2373 3169 2541 3240 ultro,
2569 3174 2665 3230 sed
2692 3174 3068 3236 misericordia
3096 3180 3215 3254 ejus
3240 3193 3572 3255 praeventus,

1973 3262 2036 3310 ut
2066 3255 2183 3327 ipse
2227 3260 2386 3315 testis
2433 3270 2574 3319 esset
2604 3264 2916 3325 divinitatis
2953 3269 3093 3341 ejus,
3126 3288 3288 3346 quem
3328 3274 3485 3346 prius
3513 3284 3576 3331 ut

1971 3343 2255 3403 hominem
2287 3358 2573 3407 mortuum
2620 3354 2946 3413 aestimabat.
2982 3359 3109 3417 Haec
3143 3343 3429 3418 accusatio
3458 3363 3575 3435 ejus

1969 3442 2072 3503 est,
2108 3436 2227 3493 laus
2271 3455 2406 3495 vero
2460 3439 2780 3512 Salvatoris,
2832 3445 2927 3518 qui
2982 3447 3051 3503 ad
3107 3449 3422 3521 exemplum
3473 3468 3573 3508 cae-

1968 3528 2211 3580 terornm
2266 3526 2611 3584 credentium
2670 3541 3086 3606 persequentem
3139 3552 3196 3592 se
3242 3539 3461 3596 vocavit
3502 3540 3572 3597 ad

1965 3613 2215 3684 gratiam;
2239 3624 2302 3672 ut
2332 3633 2429 3690 per
2460 3619 2781 3691 patientiam
2806 3639 2958 3680 suam
2984 3634 3037 3683 et
3064 3627 3567 3699 magnanimitatem

1964 3700 2021 3756 in
2050 3719 2116 3758 eo
2154 3705 2469 3763 ostenderet
2519 3710 2752 3779 caeteris,
2812 3712 2908 3785 qui
2962 3713 3195 3773 inimico
3241 3724 3353 3773 tam
3401 3717 3567 3776 bene-

1960 3794 2123 3849 volus
2151 3796 2447 3866 exstiterit,
2494 3798 2672 3871 qualis
2715 3810 2856 3859 esset
2898 3802 3120 3862 futurus
3173 3806 3243 3862 ad
3291 3823 3348 3863 se
3375 3806 3564 3865 decur-

1961 3881 2231 3939 rentibus.

2034 3970 2218 4040 (Vers.
2253 3972 2367 4045 17.)
2415 3998 2434 4022 ι
2473 3974 2605 4049 Regi
2652 3986 2834 4036 autem
2884 3980 3211 4038 saeculorum
3260 3980 3563 4036 immortali

1958 4066 2012 4114 et
2044 4058 2341 4130 invisibili,
2375 4064 2478 4120 soli
2507 4067 2622 4123 Deo
2650 4067 2833 4124 honor
2860 4077 2914 4125 et
2944 4069 3120 4139 gloria
3149 4068 3208 4122 in
3237 4071 3438 4124 saecula
3463 4087 3558 4125 sa:-

1956 4147 2230 4218 culorum,
2297 4167 2476 4210 amen.
2508 4179 2527 4204 ι
2596 4156 2723 4212 Haec
2769 4156 2839 4211 ad
2889 4155 2989 4211 Dei
3042 4154 3220 4209 Patris
3271 4171 3558 4227 personam

1955 4236 2254 4307 pertinent,
2287 4256 2451 4314 quem
2484 4242 2857 4298 immortalem
2889 4242 3015 4298 ideo
3049 4243 3228 4297 solum
3271 4251 3325 4299 et
3367 4244 3556 4302 invisi-

1952 4323 2122 4381 bilem
2170 4330 2429 4401 appellat,
2479 4331 2610 4402 quia
2665 4329 2847 4386 omnis
2901 4330 3291 4390 immortalitas
3337 4334 3404 4390 ab
3436 4335 3556 4408 ipso

1952 4422 2054 4484 est,
2083 4423 2146 4472 ut
2196 4417 2301 4489 ipsi
2349 4417 2453 4473 soli
2487 4418 2662 4490 magis
2708 4427 2981 4493 competat
3027 4421 3086 4478 in
3130 4423 3392 4493 veritate;
3425 4426 3551 4499 quia

237 4499 456 4570 primus
484 4514 604 4555 sum
632 4516 752 4571 ego.
777 4498 882 4556 Sed
902 4499 1028 4556 ideo
1048 4498 1485 4557 misericordiam
1515 4513 1839 4560 consecutus
1867 4487 1916 4546 Ῑ)
1949 4503 2199 4576 quisquis
2246 4505 2578 4564 immortalis
2611 4518 2711 4579 est,
2744 4526 2856 4566 non
2903 4527 2934 4567 a
2970 4527 3027 4568 se
3075 4511 3218 4571 hanc
3247 4512 3432 4583 habet,
3459 4517 3550 4572 sed

235 4597 451 4655 sum,ut
470 4588 529 4644 in
551 4605 637 4645 me
652 4588 834 4662 primo
850 4588 1162 4647 ostenderet
1180 4589 1436 4649 Christus
1449 4590 1604 4648 Jesus
1619 4609 1837 4649 omnem

236 4676 752 4750 magnanimitatem
803 4686 857 4736 et
907 4680 1228 4752 patientiam
1275 4680 1345 4737 ad
1392 4682 1709 4755 exemplum
1750 4700 1837 4741 eo-

236 4781 358 4822 rum
395 4767 537 4839 (30),
573 4767 667 4842 qui
713 4768 980 4826 credituri
1026 4778 1156 4827 sunt
1210 4770 1317 4840 illi,
1364 4770 1423 4828 in
1472 4772 1643 4830 vitam
1683 4782 1835 4831 aeter-

234 4869 385 4911 nam.
418 4881 438 4905 ι
481 4856 628 4924 Quid
652 4865 765 4914 tam
797 4865 1012 4931 gratum
1055 4868 1276 4932 tamque
1299 4859 1630 4932 jucundum;
1667 4880 1830 4937 quam

232 4946 615 5016 peccatoribus
664 4947 1064 5021 indulgentiam
1120 4949 1466 5023 praedicare?
1495 4951 1630 5019 Quis
1682 4953 1830 5009 enim

232 5034 349 5093 sine
381 5045 607 5110 peccato
636 5045 738 5107 est,
771 5047 832 5095 ut
872 5036 978 5096 hoc
1010 5056 1213 5097 munus
1243 5056 1356 5097 non
1383 5057 1510 5097 cum
1542 5044 1691 5100 omni
1714 5061 1830 5118 gra-

230 5124 434 5182 tiarum
481 5126 700 5185 actione
754 5127 1038 5201 suscipiat,
1098 5130 1270 5186 Deum
1319 5138 1598 5187 auctorem
1663 5130 1828 5205 hujus

230 5215 545 5286 praeferens,
588 5224 643 5274 et
689 5218 1013 5276 collaudans
1042 5217 1102 5274 in
1131 5216 1383 5288 Christo;
1418 5220 1512 5295 qui
1544 5227 1606 5277 ut
1634 5219 1828 5277 homi-

233 5319 357 5362 nem
405 5307 647 5379 peccatis
692 5307 960 5378 ablueret,
1008 5307 1076 5364 de
1131 5309 1443 5366 cmlestibus
1495 5312 1563 5368 ad
1611 5319 1825 5368 terrena

302 5541 420 5615 (30)
453 5543 611 5601 Rom.
643 5542 777 5602 edit.
830 5542 924 5600 hic
971 5551 1028 5602 et
1066 5543 1231 5612 infra,
1271 5543 1343 5600 ad
1394 5544 1821 5615 informationem

234 5626 427 5673 eorum.

543 5712 783 5772 Parnoa.
823 5712 999 5773 XVII.

1947 4592 2014 4647 ab
2063 4593 2180 4651 illo.
2226 4595 2411 4653 Simili
2456 4596 2622 4655 modo
2653 4607 2706 4655 et
2749 4600 2809 4656 in
2858 4601 3162 4673 Evangelia
3215 4603 3436 4677 legitur,
3468 4606 3549 4662 di-

1944 4688 2102 4737 cente
2130 4683 2370 4741 Domino
2403 4704 2415 4743 :
2465 4711 2483 4735 ι
2518 4688 2658 4755 Quia
2697 4706 2859 4745 nemo
2904 4698 2987 4747 est
3027 4689 3226 4759 bonus,
3257 4691 3367 4748 nisi
3406 4709 3550 4749 unus

1942 4772 2088 4828 Deus
2120 4772 2315 4843 (Marc.
2348 4792 2407 4843 x,
2438 4777 2551 4848 18).
2575 4802 2592 4824 ι
2628 4780 2699 4834 Et
2728 4779 2929 4835 iterum
2950 4780 3065 4853 ipse
3088 4779 3225 4839 dicit
3256 4801 3268 4839 :
3318 4808 3337 4831 ι
3362 4784 3549 4842 Bonus

1942 4862 2110 4919 homo
2149 4862 2217 4920 de
2249 4863 2396 4922 bono
2445 4865 2705 4925 thesauro
2751 4870 2962 4942 profert
3006 4870 3151 4927 bona
3182 4871 3397 4945 (Matth.
3440 4891 3542 4941 xu,

1941 4950 2057 5024 35).
2089 4974 2108 5000 ι
2151 4953 2324 5010 Nemo
2356 4961 2541 5012 tamen
2572 4956 2681 5013 nisi
2710 4974 2857 5016 unus
2888 4960 3035 5017 Deus
3062 4959 3241 5017 bonus
3269 4968 3381 5028 est;
3415 4962 3542 5036 quia

1940 5043 2054 5113 ipse
2101 5041 2226 5099 fons
2266 5042 2534 5101 bonitatis
2561 5053 2661 5116 est,
2708 5062 2777 5105 ex
2819 5065 2929 5123 quo
2956 5048 3141 5108 caeteri
3168 5056 3449 5123 potantur,
3480 5057 3542 5104 ut

1935 5130 2070 5187 boni
2118 5132 2248 5190 sint.
2295 5135 2415 5208 Ipse
2459 5143 2543 5193 est
2589 5144 2644 5193 et
2683 5137 2984 5196 invisibilis
3030 5140 3180 5197 solus
3219 5140 3367 5196 Deus
3412 5136 3537 5209 quia

1936 5219 2078 5276 nulli
2108 5237 2352 5295 unquam
2370 5225 2526 5281 visus
2545 5231 2627 5281 est
2645 5244 2659 5293 ;
2679 5225 2870 5300 omnia
2889 5226 3038 5283 enim
3063 5226 3175 5298 agit
3190 5242 3287 5298 per
3309 5223 3532 5286 Filium,

1934 5325 2099 5382 quem
2148 5309 2355 5368 idcirco
2403 5313 2586 5370 visum
2616 5313 2876 5385 dicimus,
2907 5323 2970 5372 ut
3009 5313 3141 5371 licet
3167 5314 3327 5369 aliter
3370 5323 3531 5382 quam

2009 5546 2126 5619 (31)
2184 5546 2393 5606 Eadem
2455 5550 2616 5608 Rom.
2678 5549 2837 5619 edit.,
2894 5545 3297 5605 similitudinem
3348 5542 3529 5599 carnis

3177 5706 3243 5771 l6

1924 5618 2126 5690 peccati
2153 5620 2367 5692 accqiit.
