  <div class='ocr_page' id='page_1' title='image "/cluster/home/n/w/nwhite01/storage/ocr_20150623/17/hvd.32044096580436/251.png"; bbox 0 0 4070 6186; ppageno 0'>
   <div class='ocr_carea' id='block_1_1' title="bbox 549 297 769 376">
    <p class='ocr_par' dir='ltr' id='par_1_1' title="bbox 549 297 769 376">
     <span class='ocr_line' id='line_1_1' title="bbox 549 297 769 376; baseline -0.018 -1"><span class='ocrx_word' id='word_1_1' title='bbox 549 297 650 376; x_wconf 71' lang='lat' dir='ltr'>tsi</span> <span class='ocrx_word' id='word_1_2' title='bbox 750 357 769 371; x_wconf 84' lang='lat'>.</span> 
     </span>
    </p>
   </div>
   <div class='ocr_carea' id='block_1_2' title="bbox 1580 299 2822 367">
    <p class='ocr_par' dir='ltr' id='par_1_2' title="bbox 1580 299 2822 367">
     <span class='ocr_line' id='line_1_2' title="bbox 1580 299 2822 367; baseline -0.002 0"><span class='ocrx_word' id='word_1_3' title='bbox 1580 309 1676 367; x_wconf 87' lang='lat' dir='ltr'>AD</span> <span class='ocrx_word' id='word_1_4' title='bbox 1704 301 1936 366; x_wconf 80' lang='lat' dir='ltr'>OPEl’tA</span> <span class='ocrx_word' id='word_1_5' title='bbox 1974 307 2028 366; x_wconf 93' lang='lat' dir='ltr'>S.</span> <span class='ocrx_word' id='word_1_6' title='bbox 2071 299 2404 366; x_wconf 76' lang='lat' dir='ltr'><strong>AMBROSII</strong></span> <span class='ocrx_word' id='word_1_7' title='bbox 2443 299 2822 366; x_wconf 78' lang='lat' dir='ltr'>APPENDIX.</span> 
     </span>
    </p>
   </div>
   <div class='ocr_carea' id='block_1_3' title="bbox 3734 308 3844 369">
    <p class='ocr_par' dir='ltr' id='par_1_3' title="bbox 3734 308 3844 369">
     <span class='ocr_line' id='line_1_3' title="bbox 3734 308 3844 369; baseline 0.036 -4"><span class='ocrx_word' id='word_1_8' title='bbox 3734 308 3844 369; x_wconf 70' lang='grc'>492</span> 
     </span>
    </p>
   </div>
   <div class='ocr_carea' id='block_1_4' title="bbox 547 425 3846 518">
    <p class='ocr_par' dir='ltr' id='par_1_4' title="bbox 547 425 3846 518">
     <span class='ocr_line' id='line_1_4' title="bbox 547 425 3846 518; baseline -0.003 -16"><span class='ocrx_word' id='word_1_9' title='bbox 547 432 649 513; x_wconf 79' lang='lat' dir='ltr'>ést,</span> <span class='ocrx_word' id='word_1_10' title='bbox 679 439 991 518; x_wconf 68' lang='lat' dir='ltr'>apparuisse</span> <span class='ocrx_word' id='word_1_11' title='bbox 1033 443 1214 497; x_wconf 84' lang='lat' dir='ltr'>tamen</span> <span class='ocrx_word' id='word_1_12' title='bbox 1262 429 1421 493; x_wconf 84' lang='lat' dir='ltr'>illum</span> <span class='ocrx_word' id='word_1_13' title='bbox 1452 425 1824 508; x_wconf 72' lang='lat' dir='ltr'>significemus</span> <span class='ocrx_word' id='word_1_14' title='bbox 1855 432 1996 507; x_wconf 81' lang='lat'>(32).</span> <span class='ocrx_word' id='word_1_15' title='bbox 2028 425 2133 490; x_wconf 60' lang='lat' dir='ltr'>Hoo</span> <span class='ocrx_word' id='word_1_16' title='bbox 2161 433 2212 495; x_wconf 87' lang='lat' dir='ltr'><strong>A</strong></span> <span class='ocrx_word' id='word_1_17' title='bbox 2242 437 2370 492; x_wconf 89' lang='lat' dir='ltr'>sunt</span> <span class='ocrx_word' id='word_1_18' title='bbox 2403 451 2414 491; x_wconf 88' lang='lat'>:</span> <span class='ocrx_word' id='word_1_19' title='bbox 2447 437 2509 490; x_wconf 85' lang='lat' dir='ltr'>ut</span> <span class='ocrx_word' id='word_1_20' title='bbox 2564 425 2831 508; x_wconf 81' lang='lat' dir='ltr'>placidam</span> <span class='ocrx_word' id='word_1_21' title='bbox 2877 441 2931 490; x_wconf 93' lang='lat' dir='ltr'>et</span> <span class='ocrx_word' id='word_1_22' title='bbox 2984 431 3225 508; x_wconf 86' lang='lat' dir='ltr'>quietam</span> <span class='ocrx_word' id='word_1_23' title='bbox 3270 431 3441 490; x_wconf 89' lang='lat' dir='ltr'>vitam</span> <span class='ocrx_word' id='word_1_24' title='bbox 3487 429 3752 507; x_wconf 79' lang='lat' dir='ltr'>degamus</span> <span class='ocrx_word' id='word_1_25' title='bbox 3784 437 3846 493; x_wconf 90' lang='lat' dir='ltr'>ni</span> 
     </span>
    </p>
   </div>
   <div class='ocr_carea' id='block_1_5' title="bbox 547 521 2138 602">
    <p class='ocr_par' dir='ltr' id='par_1_5' title="bbox 547 521 2138 602">
     <span class='ocr_line' id='line_1_5' title="bbox 547 521 2138 602; baseline -0.006 -11"><span class='ocrx_word' id='word_1_26' title='bbox 547 530 950 592; x_wconf 76' lang='lat' dir='ltr'>noriﬁeentiam</span> <span class='ocrx_word' id='word_1_27' title='bbox 981 536 1109 602; x_wconf 87' lang='lat' dir='ltr'>ergo</span> <span class='ocrx_word' id='word_1_28' title='bbox 1144 533 1198 585; x_wconf 86' lang='lat' dir='ltr'>et</span> <span class='ocrx_word' id='word_1_29' title='bbox 1229 525 1457 601; x_wconf 76' lang='lat' dir='ltr'>gloriam</span> <span class='ocrx_word' id='word_1_30' title='bbox 1502 525 1615 581; x_wconf 89' lang='lat' dir='ltr'>Deo</span> <span class='ocrx_word' id='word_1_31' title='bbox 1644 522 1794 580; x_wconf 93' lang='lat' dir='ltr'>Patri</span> <span class='ocrx_word' id='word_1_32' title='bbox 1822 521 1880 580; x_wconf 90' lang='lat' dir='ltr'>in</span> <span class='ocrx_word' id='word_1_33' title='bbox 1910 522 2138 582; x_wconf 90' lang='lat' dir='ltr'>veritate</span> 
     </span>
    </p>
   </div>
   <div class='ocr_carea' id='block_1_6' title="bbox 548 611 2138 695">
    <p class='ocr_par' dir='ltr' id='par_1_6' title="bbox 548 611 2138 695">
     <span class='ocr_line' id='line_1_6' title="bbox 548 611 2138 695; baseline -0.006 -16"><span class='ocrx_word' id='word_1_34' title='bbox 548 619 887 695; x_wconf 71' lang='lat' dir='ltr'>pronuntiat,</span> <span class='ocrx_word' id='word_1_35' title='bbox 943 615 1101 691; x_wconf 81' lang='lat' dir='ltr'>eujus</span> <span class='ocrx_word' id='word_1_36' title='bbox 1156 615 1352 690; x_wconf 87' lang='lat' dir='ltr'>pietate</span> <span class='ocrx_word' id='word_1_37' title='bbox 1386 622 1439 671; x_wconf 85' lang='lat' dir='ltr'>et</span> <span class='ocrx_word' id='word_1_38' title='bbox 1491 612 1838 688; x_wconf 81' lang='lat' dir='ltr'>providentia</span> <span class='ocrx_word' id='word_1_39' title='bbox 1887 611 2138 672; x_wconf 84' lang='lat' dir='ltr'>Christus</span> 
     </span>
    </p>
   </div>
   <div class='ocr_carea' id='block_1_7' title="bbox 545 706 1460 784">
    <p class='ocr_par' dir='ltr' id='par_1_7' title="bbox 545 706 1460 784">
     <span class='ocr_line' id='line_1_7' title="bbox 545 706 1460 784; baseline -0.009 -15"><span class='ocrx_word' id='word_1_40' title='bbox 545 706 802 769; x_wconf 83' lang='lat' dir='ltr'>liberavit</span> <span class='ocrx_word' id='word_1_41' title='bbox 830 715 1138 784; x_wconf 88' lang='lat' dir='ltr'>peccatores</span> <span class='ocrx_word' id='word_1_42' title='bbox 1166 723 1234 763; x_wconf 83' lang='lat' dir='ltr'>ex</span> <span class='ocrx_word' id='word_1_43' title='bbox 1264 711 1460 762; x_wconf 90' lang='lat' dir='ltr'>morte.</span> 
     </span>
    </p>
   </div>
   <div class='ocr_carea' id='block_1_8' title="bbox 618 791 2135 873">
    <p class='ocr_par' dir='ltr' id='par_1_8' title="bbox 618 791 2135 873">
     <span class='ocr_line' id='line_1_8' title="bbox 618 791 2135 873; baseline -0.005 -16"><span class='ocrx_word' id='word_1_44' title='bbox 618 794 800 873; x_wconf 76' lang='lat' dir='ltr'>(Vers.</span> <span class='ocrx_word' id='word_1_45' title='bbox 835 795 922 868; x_wconf 84' lang='grc'>18,</span> <span class='ocrx_word' id='word_1_46' title='bbox 956 797 1043 864; x_wconf 81' lang='grc'>19,</span> <span class='ocrx_word' id='word_1_47' title='bbox 1073 797 1188 867; x_wconf 82' lang='lat'>20.)</span> <span class='ocrx_word' id='word_1_48' title='bbox 1253 821 1271 844; x_wconf 75' lang='grc' dir='ltr'>ι</span> <span class='ocrx_word' id='word_1_49' title='bbox 1302 793 1418 852; x_wconf 86' lang='lat' dir='ltr'>Hoc</span> <span class='ocrx_word' id='word_1_50' title='bbox 1447 797 1775 869; x_wconf 72' lang='lat' dir='ltr'>praeceptum</span> <span class='ocrx_word' id='word_1_51' title='bbox 1809 791 2135 853; x_wconf 90' lang='lat' dir='ltr'>commendo</span> 
     </span>
    </p>
   </div>
   <div class='ocr_carea' id='block_1_9' title="bbox 543 879 2136 960">
    <p class='ocr_par' dir='ltr' id='par_1_9' title="bbox 543 879 2136 960">
     <span class='ocr_line' id='line_1_9' title="bbox 543 879 2136 960; baseline -0.003 -14"><span class='ocrx_word' id='word_1_52' title='bbox 543 879 667 959; x_wconf 92' lang='lat' dir='ltr'>tibi,</span> <span class='ocrx_word' id='word_1_53' title='bbox 708 888 789 946; x_wconf 92' lang='lat' dir='ltr'>ﬁli</span> <span class='ocrx_word' id='word_1_54' title='bbox 819 887 1120 956; x_wconf 92' lang='lat' dir='ltr'>Timothee,</span> <span class='ocrx_word' id='word_1_55' title='bbox 1159 885 1461 943; x_wconf 88' lang='lat' dir='ltr'>secundum</span> <span class='ocrx_word' id='word_1_56' title='bbox 1501 886 1869 960; x_wconf 82' lang='lat' dir='ltr'>praecedentes</span> <span class='ocrx_word' id='word_1_57' title='bbox 1893 903 2054 960; x_wconf 84' lang='lat' dir='ltr'>super</span> <span class='ocrx_word' id='word_1_58' title='bbox 2085 895 2136 943; x_wconf 92' lang='lat' dir='ltr'>te</span> 
     </span>
    </p>
   </div>
   <div class='ocr_carea' id='block_1_10' title="bbox 541 977 2133 1056">
    <p class='ocr_par' dir='ltr' id='par_1_10' title="bbox 541 977 2133 1056">
     <span class='ocr_line' id='line_1_10' title="bbox 541 977 2133 1056; baseline -0.002 -19"><span class='ocrx_word' id='word_1_59' title='bbox 541 981 876 1056; x_wconf 90' lang='lat' dir='ltr'>prophetias,</span> <span class='ocrx_word' id='word_1_60' title='bbox 909 985 970 1035; x_wconf 90' lang='lat' dir='ltr'>ut</span> <span class='ocrx_word' id='word_1_61' title='bbox 1002 977 1207 1036; x_wconf 76' lang='lat' dir='ltr'>milites</span> <span class='ocrx_word' id='word_1_62' title='bbox 1250 977 1310 1035; x_wconf 90' lang='lat' dir='ltr'>in</span> <span class='ocrx_word' id='word_1_63' title='bbox 1341 977 1453 1036; x_wconf 86' lang='lat' dir='ltr'>illis</span> <span class='ocrx_word' id='word_1_64' title='bbox 1481 977 1682 1036; x_wconf 88' lang='lat' dir='ltr'>bonam</span> <span class='ocrx_word' id='word_1_65' title='bbox 1729 979 2010 1048; x_wconf 77' lang='lat' dir='ltr'>militiam,</span> <span class='ocrx_word' id='word_1_66' title='bbox 2041 977 2133 1034; x_wconf 84' lang='lat' dir='ltr'>ha-</span> 
     </span>
    </p>
   </div>
   <div class='ocr_carea' id='block_1_11' title="bbox 538 1063 2134 1142">
    <p class='ocr_par' dir='ltr' id='par_1_11' title="bbox 538 1063 2134 1142">
     <span class='ocr_line' id='line_1_11' title="bbox 538 1063 2134 1142; baseline -0.001 -17"><span class='ocrx_word' id='word_1_67' title='bbox 538 1067 674 1125; x_wconf 91' lang='lat' dir='ltr'>bens</span> <span class='ocrx_word' id='word_1_68' title='bbox 710 1063 873 1125; x_wconf 89' lang='lat' dir='ltr'>ﬁdem</span> <span class='ocrx_word' id='word_1_69' title='bbox 919 1077 973 1124; x_wconf 90' lang='lat' dir='ltr'>et</span> <span class='ocrx_word' id='word_1_70' title='bbox 1017 1084 1211 1142; x_wconf 89' lang='lat' dir='ltr'>puram</span> <span class='ocrx_word' id='word_1_71' title='bbox 1249 1067 1666 1138; x_wconf 80' lang='lat' dir='ltr'>conscientiam,</span> <span class='ocrx_word' id='word_1_72' title='bbox 1697 1085 1859 1141; x_wconf 89' lang='lat' dir='ltr'>quam</span> <span class='ocrx_word' id='word_1_73' title='bbox 1908 1067 2134 1141; x_wconf 90' lang='lat' dir='ltr'>quidam</span> 
     </span>
    </p>
   </div>
   <div class='ocr_carea' id='block_1_12' title="bbox 539 1155 2134 1235">
    <p class='ocr_par' dir='ltr' id='par_1_12' title="bbox 539 1155 2134 1235">
     <span class='ocr_line' id='line_1_12' title="bbox 539 1155 2134 1235; baseline -0.003 -17"><span class='ocrx_word' id='word_1_74' title='bbox 539 1161 883 1235; x_wconf 79' lang='lat' dir='ltr'>repellentes,</span> <span class='ocrx_word' id='word_1_75' title='bbox 917 1159 1062 1218; x_wconf 91' lang='lat' dir='ltr'>circa</span> <span class='ocrx_word' id='word_1_76' title='bbox 1084 1159 1251 1217; x_wconf 88' lang='lat' dir='ltr'>ﬁdem</span> <span class='ocrx_word' id='word_1_77' title='bbox 1286 1159 1752 1234; x_wconf 88' lang='lat' dir='ltr'>naufragaverunt</span> <span class='ocrx_word' id='word_1_78' title='bbox 1787 1177 1798 1214; x_wconf 95' lang='lat'>:</span> <span class='ocrx_word' id='word_1_79' title='bbox 1834 1175 1902 1216; x_wconf 83' lang='lat' dir='ltr'>ex</span> <span class='ocrx_word' id='word_1_80' title='bbox 1931 1155 2134 1231; x_wconf 84' lang='lat' dir='ltr'>quibus</span> 
     </span>
    </p>
   </div>
   <div class='ocr_carea' id='block_1_13' title="bbox 536 1239 2133 1322">
    <p class='ocr_par' dir='ltr' id='par_1_13' title="bbox 536 1239 2133 1322">
     <span class='ocr_line' id='line_1_13' title="bbox 536 1239 2133 1322; baseline -0.001 -17"><span class='ocrx_word' id='word_1_81' title='bbox 536 1258 619 1306; x_wconf 90' lang='lat' dir='ltr'>est</span> <span class='ocrx_word' id='word_1_82' title='bbox 657 1249 988 1322; x_wconf 71' lang='lat' dir='ltr'>Hymenaeus</span> <span class='ocrx_word' id='word_1_83' title='bbox 1024 1257 1079 1306; x_wconf 90' lang='lat' dir='ltr'>et</span> <span class='ocrx_word' id='word_1_84' title='bbox 1123 1239 1459 1318; x_wconf 82' lang='lat' dir='ltr'>Alexander,</span> <span class='ocrx_word' id='word_1_85' title='bbox 1501 1264 1638 1322; x_wconf 91' lang='lat' dir='ltr'>quos</span> <span class='ocrx_word' id='word_1_86' title='bbox 1667 1243 1871 1306; x_wconf 84' lang='lat' dir='ltr'>tradidi</span> <span class='ocrx_word' id='word_1_87' title='bbox 1899 1248 2133 1316; x_wconf 82' lang='lat' dir='ltr'>Satanae,</span> 
     </span>
    </p>
   </div>
   <div class='ocr_carea' id='block_1_14' title="bbox 537 1329 2135 1411">
    <p class='ocr_par' dir='ltr' id='par_1_14' title="bbox 537 1329 2135 1411">
     <span class='ocr_line' id='line_1_14' title="bbox 537 1329 2135 1411; baseline -0.001 -17"><span class='ocrx_word' id='word_1_88' title='bbox 537 1345 600 1395; x_wconf 93' lang='lat' dir='ltr'>ut</span> <span class='ocrx_word' id='word_1_89' title='bbox 655 1333 870 1395; x_wconf 85' lang='lat' dir='ltr'>discant</span> <span class='ocrx_word' id='word_1_90' title='bbox 911 1354 1023 1394; x_wconf 89' lang='lat' dir='ltr'>non</span> <span class='ocrx_word' id='word_1_91' title='bbox 1070 1329 1469 1410; x_wconf 89' lang='lat' dir='ltr'>blasphemare.</span> <span class='ocrx_word' id='word_1_92' title='bbox 1503 1363 1522 1387; x_wconf 76' lang='grc' dir='ltr'>ι</span> <span class='ocrx_word' id='word_1_93' title='bbox 1563 1337 1859 1411; x_wconf 85' lang='lat' dir='ltr'>Postquam</span> <span class='ocrx_word' id='word_1_94' title='bbox 1905 1336 2003 1394; x_wconf 90' lang='lat' dir='ltr'>Dei</span> <span class='ocrx_word' id='word_1_95' title='bbox 2039 1332 2135 1392; x_wconf 85' lang='lat' dir='ltr'>Pa-</span> 
     </span>
    </p>
   </div>
   <div class='ocr_carea' id='block_1_15' title="bbox 536 1422 2135 1504">
    <p class='ocr_par' dir='ltr' id='par_1_15' title="bbox 536 1422 2135 1504">
     <span class='ocr_line' id='line_1_15' title="bbox 536 1422 2135 1504; baseline 0 -20"><span class='ocrx_word' id='word_1_96' title='bbox 536 1428 640 1485; x_wconf 87' lang='lat' dir='ltr'>tris</span> <span class='ocrx_word' id='word_1_97' title='bbox 669 1436 724 1486; x_wconf 91' lang='lat' dir='ltr'>et</span> <span class='ocrx_word' id='word_1_98' title='bbox 764 1425 971 1488; x_wconf 90' lang='lat' dir='ltr'>Christi</span> <span class='ocrx_word' id='word_1_99' title='bbox 1009 1422 1141 1485; x_wconf 87' lang='lat' dir='ltr'>Filii</span> <span class='ocrx_word' id='word_1_100' title='bbox 1187 1429 1306 1501; x_wconf 84' lang='lat' dir='ltr'>ejus</span> <span class='ocrx_word' id='word_1_101' title='bbox 1353 1441 1474 1504; x_wconf 72' lang='lat' dir='ltr'>quae</span> <span class='ocrx_word' id='word_1_102' title='bbox 1521 1437 1576 1486; x_wconf 88' lang='lat' dir='ltr'>et</span> <span class='ocrx_word' id='word_1_103' title='bbox 1619 1438 1824 1503; x_wconf 88' lang='lat' dir='ltr'>quanta</span> <span class='ocrx_word' id='word_1_104' title='bbox 1868 1426 2135 1485; x_wconf 88' lang='lat' dir='ltr'>beneﬁcia</span> 
     </span>
    </p>
   </div>
   <div class='ocr_carea' id='block_1_16' title="bbox 539 1517 2133 1594">
    <p class='ocr_par' dir='ltr' id='par_1_16' title="bbox 539 1517 2133 1594">
     <span class='ocr_line' id='line_1_16' title="bbox 539 1517 2133 1594; baseline -0.002 -17"><span class='ocrx_word' id='word_1_105' title='bbox 539 1519 652 1577; x_wconf 91' lang='lat' dir='ltr'>sint</span> <span class='ocrx_word' id='word_1_106' title='bbox 679 1517 824 1578; x_wconf 87' lang='lat' dir='ltr'>circa</span> <span class='ocrx_word' id='word_1_107' title='bbox 853 1529 1163 1594; x_wconf 88' lang='lat' dir='ltr'>peccatores</span> <span class='ocrx_word' id='word_1_108' title='bbox 1192 1519 1445 1578; x_wconf 89' lang='lat' dir='ltr'>homines</span> <span class='ocrx_word' id='word_1_109' title='bbox 1491 1519 1839 1588; x_wconf 75' lang='lat' dir='ltr'>memoravit,</span> <span class='ocrx_word' id='word_1_110' title='bbox 1881 1518 1976 1592; x_wconf 89' lang='lat' dir='ltr'>qui</span> <span class='ocrx_word' id='word_1_111' title='bbox 2007 1536 2133 1575; x_wconf 91' lang='lat' dir='ltr'>cum</span> 
     </span>
    </p>
   </div>
   <div class='ocr_carea' id='block_1_17' title="bbox 537 1607 2136 1686">
    <p class='ocr_par' dir='ltr' id='par_1_17' title="bbox 537 1607 2136 1686">
     <span class='ocr_line' id='line_1_17' title="bbox 537 1607 2136 1686; baseline -0.001 -18"><span class='ocrx_word' id='word_1_112' title='bbox 537 1619 717 1668; x_wconf 85' lang='lat' dir='ltr'>essent</span> <span class='ocrx_word' id='word_1_113' title='bbox 746 1607 1037 1685; x_wconf 88' lang='lat' dir='ltr'>puniendi,</span> <span class='ocrx_word' id='word_1_114' title='bbox 1084 1628 1195 1668; x_wconf 90' lang='lat' dir='ltr'>non</span> <span class='ocrx_word' id='word_1_115' title='bbox 1226 1613 1404 1669; x_wconf 90' lang='lat' dir='ltr'>solum</span> <span class='ocrx_word' id='word_1_116' title='bbox 1436 1612 1650 1686; x_wconf 78' lang='lat' dir='ltr'>ignovit</span> <span class='ocrx_word' id='word_1_117' title='bbox 1693 1612 1790 1680; x_wconf 90' lang='lat' dir='ltr'>eis,</span> <span class='ocrx_word' id='word_1_118' title='bbox 1833 1611 1927 1667; x_wconf 87' lang='lat' dir='ltr'>sed</span> <span class='ocrx_word' id='word_1_119' title='bbox 1975 1619 2029 1666; x_wconf 90' lang='lat' dir='ltr'>et</span> <span class='ocrx_word' id='word_1_120' title='bbox 2049 1609 2136 1682; x_wconf 86' lang='lat' dir='ltr'>ju-</span> 
     </span>
    </p>
   </div>
   <div class='ocr_carea' id='block_1_18' title="bbox 533 1699 2136 1775">
    <p class='ocr_par' dir='ltr' id='par_1_18' title="bbox 533 1699 2136 1775">
     <span class='ocr_line' id='line_1_18' title="bbox 533 1699 2136 1775; baseline -0.001 -17"><span class='ocrx_word' id='word_1_121' title='bbox 533 1699 819 1770; x_wconf 85' lang='lat' dir='ltr'>stiﬁcavit,</span> <span class='ocrx_word' id='word_1_122' title='bbox 851 1711 904 1758; x_wconf 90' lang='lat' dir='ltr'>et</span> <span class='ocrx_word' id='word_1_123' title='bbox 950 1702 1010 1759; x_wconf 90' lang='lat' dir='ltr'>in</span> <span class='ocrx_word' id='word_1_124' title='bbox 1066 1702 1213 1760; x_wconf 88' lang='lat' dir='ltr'>ﬁlios</span> <span class='ocrx_word' id='word_1_125' title='bbox 1255 1701 1360 1758; x_wconf 90' lang='lat' dir='ltr'>sibi</span> <span class='ocrx_word' id='word_1_126' title='bbox 1408 1701 1692 1774; x_wconf 86' lang='lat' dir='ltr'>adoptavit</span> <span class='ocrx_word' id='word_1_127' title='bbox 1733 1719 1745 1757; x_wconf 89' lang='lat'><strong>:</strong></span> <span class='ocrx_word' id='word_1_128' title='bbox 1783 1718 1892 1775; x_wconf 92' lang='lat' dir='ltr'>quo</span> <span class='ocrx_word' id='word_1_129' title='bbox 1943 1701 2136 1757; x_wconf 90' lang='lat' dir='ltr'>ordine</span> 
     </span>
    </p>
   </div>
   <div class='ocr_carea' id='block_1_19' title="bbox 2247 519 3851 596">
    <p class='ocr_par' dir='ltr' id='par_1_19' title="bbox 2247 519 3851 596">
     <span class='ocr_line' id='line_1_19' title="bbox 2247 519 3851 596; baseline 0.002 -16"><span class='ocrx_word' id='word_1_130' title='bbox 2247 523 2397 580; x_wconf 91' lang='lat' dir='ltr'>omni</span> <span class='ocrx_word' id='word_1_131' title='bbox 2429 522 2629 596; x_wconf 86' lang='lat' dir='ltr'>pietate</span> <span class='ocrx_word' id='word_1_132' title='bbox 2675 531 2727 581; x_wconf 89' lang='lat' dir='ltr'>et</span> <span class='ocrx_word' id='word_1_133' title='bbox 2775 523 3042 582; x_wconf 87' lang='lat' dir='ltr'>castitate.</span> <span class='ocrx_word' id='word_1_134' title='bbox 3091 519 3206 579; x_wconf 85' lang='lat' dir='ltr'>Hoc</span> <span class='ocrx_word' id='word_1_135' title='bbox 3253 521 3398 579; x_wconf 89' lang='lat' dir='ltr'>enim</span> <span class='ocrx_word' id='word_1_136' title='bbox 3431 523 3638 581; x_wconf 90' lang='lat' dir='ltr'>bonum</span> <span class='ocrx_word' id='word_1_137' title='bbox 3670 532 3753 581; x_wconf 89' lang='lat' dir='ltr'>est</span> <span class='ocrx_word' id='word_1_138' title='bbox 3792 535 3851 583; x_wconf 90' lang='lat' dir='ltr'>et</span> 
     </span>
    </p>
   </div>
   <div class='ocr_carea' id='block_1_20' title="bbox 2247 613 3851 688">
    <p class='ocr_par' dir='ltr' id='par_1_20' title="bbox 2247 613 3851 688">
     <span class='ocr_line' id='line_1_20' title="bbox 2247 613 3851 688; baseline 0.002 -18"><span class='ocrx_word' id='word_1_139' title='bbox 2247 623 2525 686; x_wconf 90' lang='lat' dir='ltr'>acceptum</span> <span class='ocrx_word' id='word_1_140' title='bbox 2571 631 2752 670; x_wconf 89' lang='lat' dir='ltr'>coram</span> <span class='ocrx_word' id='word_1_141' title='bbox 2811 613 3036 671; x_wconf 89' lang='lat' dir='ltr'>salutari</span> <span class='ocrx_word' id='word_1_142' title='bbox 3086 619 3277 688; x_wconf 89' lang='lat' dir='ltr'>nostro</span> <span class='ocrx_word' id='word_1_143' title='bbox 3328 613 3461 681; x_wconf 92' lang='lat' dir='ltr'>Deo,</span> <span class='ocrx_word' id='word_1_144' title='bbox 3510 613 3604 686; x_wconf 88' lang='lat' dir='ltr'>qui</span> <span class='ocrx_word' id='word_1_145' title='bbox 3651 632 3851 672; x_wconf 87' lang='lat' dir='ltr'>omnes</span> 
     </span>
    </p>
   </div>
   <div class='ocr_carea' id='block_1_21' title="bbox 2247 700 3850 775">
    <p class='ocr_par' dir='ltr' id='par_1_21' title="bbox 2247 700 3850 775">
     <span class='ocr_line' id='line_1_21' title="bbox 2247 700 3850 775; baseline 0.002 -18"><span class='ocrx_word' id='word_1_146' title='bbox 2247 700 2500 758; x_wconf 88' lang='lat' dir='ltr'>homines</span> <span class='ocrx_word' id='word_1_147' title='bbox 2531 705 2652 759; x_wconf 84' lang='lat' dir='ltr'>vult</span> <span class='ocrx_word' id='word_1_148' title='bbox 2691 705 2872 760; x_wconf 77' lang='lat' dir='ltr'>salvos</span> <span class='ocrx_word' id='word_1_149' title='bbox 2920 701 3060 772; x_wconf 88' lang='lat' dir='ltr'>ﬁeri,</span> <span class='ocrx_word' id='word_1_150' title='bbox 3090 711 3145 760; x_wconf 92' lang='lat' dir='ltr'>et</span> <span class='ocrx_word' id='word_1_151' title='bbox 3173 703 3231 759; x_wconf 91' lang='lat' dir='ltr'>in</span> <span class='ocrx_word' id='word_1_152' title='bbox 3270 703 3607 775; x_wconf 87' lang='lat' dir='ltr'>agnitionem</span> <span class='ocrx_word' id='word_1_153' title='bbox 3643 705 3850 761; x_wconf 85' lang='lat' dir='ltr'>verita-</span> 
     </span>
    </p>
   </div>
   <div class='ocr_carea' id='block_1_22' title="bbox 2246 790 3854 866">
    <p class='ocr_par' dir='ltr' id='par_1_22' title="bbox 2246 790 3854 866">
     <span class='ocr_line' id='line_1_22' title="bbox 2246 790 3854 866; baseline 0.002 -19"><span class='ocrx_word' id='word_1_154' title='bbox 2246 790 2318 847; x_wconf 88' lang='lat' dir='ltr'>tis</span> <span class='ocrx_word' id='word_1_155' title='bbox 2359 791 2568 847; x_wconf 89' lang='lat' dir='ltr'>venire.</span> <span class='ocrx_word' id='word_1_156' title='bbox 2619 817 2636 840; x_wconf 75' lang='grc' dir='ltr'>ι</span> <span class='ocrx_word' id='word_1_157' title='bbox 2694 793 2820 850; x_wconf 86' lang='lat' dir='ltr'>Haec</span> <span class='ocrx_word' id='word_1_158' title='bbox 2868 794 3055 866; x_wconf 84' lang='lat' dir='ltr'>regula</span> <span class='ocrx_word' id='word_1_159' title='bbox 3084 792 3454 850; x_wconf 87' lang='lat' dir='ltr'>ecclesiastica</span> <span class='ocrx_word' id='word_1_160' title='bbox 3507 799 3608 863; x_wconf 88' lang='lat' dir='ltr'>est,</span> <span class='ocrx_word' id='word_1_161' title='bbox 3640 793 3854 851; x_wconf 81' lang='lat' dir='ltr'>tradita</span> 
     </span>
    </p>
   </div>
   <div class='ocr_carea' id='block_1_23' title="bbox 2245 880 3848 954">
    <p class='ocr_par' dir='ltr' id='par_1_23' title="bbox 2245 880 3848 954">
     <span class='ocr_line' id='line_1_23' title="bbox 2245 880 3848 954; baseline 0.003 -19"><span class='ocrx_word' id='word_1_162' title='bbox 2245 895 2277 935; x_wconf 89' lang='lat' dir='ltr'>a</span> <span class='ocrx_word' id='word_1_163' title='bbox 2306 880 2566 953; x_wconf 81' lang='lat' dir='ltr'>magistro</span> <span class='ocrx_word' id='word_1_164' title='bbox 2597 881 2866 953; x_wconf 89' lang='lat' dir='ltr'>gentium,</span> <span class='ocrx_word' id='word_1_165' title='bbox 2899 898 3006 954; x_wconf 89' lang='lat' dir='ltr'>qua</span> <span class='ocrx_word' id='word_1_166' title='bbox 3052 887 3288 937; x_wconf 89' lang='lat' dir='ltr'>utuntur</span> <span class='ocrx_word' id='word_1_167' title='bbox 3317 882 3625 939; x_wconf 86' lang='lat' dir='ltr'>sacerdotes</span> <span class='ocrx_word' id='word_1_168' title='bbox 3645 884 3848 954; x_wconf 89' lang='lat' dir='ltr'>nostri,</span> 
     </span>
    </p>
   </div>
   <div class='ocr_carea' id='block_1_24' title="bbox 2246 969 3851 1046">
    <p class='ocr_par' dir='ltr' id='par_1_24' title="bbox 2246 969 3851 1046">
     <span class='ocr_line' id='line_1_24' title="bbox 2246 969 3851 1046; baseline 0.004 -22"><span class='ocrx_word' id='word_1_169' title='bbox 2246 975 2307 1024; x_wconf 92' lang='lat' dir='ltr'>ut</span> <span class='ocrx_word' id='word_1_170' title='bbox 2335 986 2433 1042; x_wconf 88' lang='lat' dir='ltr'>pro</span> <span class='ocrx_word' id='word_1_171' title='bbox 2463 969 2720 1026; x_wconf 88' lang='lat' dir='ltr'>omnibus</span> <span class='ocrx_word' id='word_1_172' title='bbox 2749 969 3079 1041; x_wconf 88' lang='lat' dir='ltr'>supplicent,</span> <span class='ocrx_word' id='word_1_173' title='bbox 3111 969 3460 1042; x_wconf 90' lang='lat' dir='ltr'>deprecantes</span> <span class='ocrx_word' id='word_1_174' title='bbox 3488 989 3586 1044; x_wconf 90' lang='lat' dir='ltr'>pro</span> <span class='ocrx_word' id='word_1_175' title='bbox 3627 972 3851 1046; x_wconf 88' lang='lat' dir='ltr'>regibus</span> 
     </span>
    </p>
   </div>
   <div class='ocr_carea' id='block_1_25' title="bbox 2245 1057 3850 1135">
    <p class='ocr_par' dir='ltr' id='par_1_25' title="bbox 2245 1057 3850 1135">
     <span class='ocr_line' id='line_1_25' title="bbox 2245 1057 3850 1135; baseline 0.004 -20"><span class='ocrx_word' id='word_1_176' title='bbox 2245 1057 2412 1132; x_wconf 91' lang='lat' dir='ltr'>hujus</span> <span class='ocrx_word' id='word_1_177' title='bbox 2449 1060 2635 1117; x_wconf 85' lang='lat' dir='ltr'>saeculi</span> <span class='ocrx_word' id='word_1_178' title='bbox 2669 1079 2679 1118; x_wconf 90' lang='lat'><strong>:</strong></span> <span class='ocrx_word' id='word_1_179' title='bbox 2716 1067 2776 1116; x_wconf 87' lang='lat' dir='ltr'>ut</span> <span class='ocrx_word' id='word_1_180' title='bbox 2812 1059 3083 1131; x_wconf 78' lang='lat' dir='ltr'>subjectae</span> <span class='ocrx_word' id='word_1_181' title='bbox 3139 1061 3375 1117; x_wconf 88' lang='lat' dir='ltr'>habeant</span> <span class='ocrx_word' id='word_1_182' title='bbox 3419 1068 3624 1135; x_wconf 86' lang='lat' dir='ltr'>gentes,</span> <span class='ocrx_word' id='word_1_183' title='bbox 3664 1071 3727 1120; x_wconf 94' lang='lat' dir='ltr'>ut</span> <span class='ocrx_word' id='word_1_184' title='bbox 3784 1066 3850 1121; x_wconf 90' lang='lat' dir='ltr'>in</span> 
     </span>
    </p>
   </div>
   <div class='ocr_carea' id='block_1_26' title="bbox 2245 1148 3850 1226">
    <p class='ocr_par' dir='ltr' id='par_1_26' title="bbox 2245 1148 3850 1226">
     <span class='ocr_line' id='line_1_26' title="bbox 2245 1148 3850 1226; baseline 0.004 -21"><span class='ocrx_word' id='word_1_185' title='bbox 2245 1165 2374 1224; x_wconf 91' lang='lat' dir='ltr'>pace</span> <span class='ocrx_word' id='word_1_186' title='bbox 2425 1149 2612 1223; x_wconf 87' lang='lat' dir='ltr'>positi,</span> <span class='ocrx_word' id='word_1_187' title='bbox 2650 1148 2706 1204; x_wconf 91' lang='lat' dir='ltr'>in</span> <span class='ocrx_word' id='word_1_188' title='bbox 2756 1149 3158 1223; x_wconf 84' lang='lat' dir='ltr'>tranquillitate</span> <span class='ocrx_word' id='word_1_189' title='bbox 3189 1151 3389 1207; x_wconf 91' lang='lat' dir='ltr'>mentis</span> <span class='ocrx_word' id='word_1_190' title='bbox 3435 1159 3488 1207; x_wconf 92' lang='lat' dir='ltr'>et</span> <span class='ocrx_word' id='word_1_191' title='bbox 3517 1151 3850 1226; x_wconf 73' lang='lat' dir='ltr'>quieteDeo</span> 
     </span>
    </p>
   </div>
   <div class='ocr_carea' id='block_1_27' title="bbox 2245 1238 3850 1314">
    <p class='ocr_par' dir='ltr' id='par_1_27' title="bbox 2245 1238 3850 1314">
     <span class='ocr_line' id='line_1_27' title="bbox 2245 1238 3850 1314; baseline 0.004 -21"><span class='ocrx_word' id='word_1_192' title='bbox 2245 1247 2434 1295; x_wconf 88' lang='lat' dir='ltr'>nostro</span> <span class='ocrx_word' id='word_1_193' title='bbox 2488 1238 2695 1295; x_wconf 87' lang='lat' dir='ltr'>servire</span> <span class='ocrx_word' id='word_1_194' title='bbox 2756 1240 3048 1312; x_wconf 88' lang='lat' dir='ltr'>possimus.</span> <span class='ocrx_word' id='word_1_195' title='bbox 3107 1241 3336 1298; x_wconf 85' lang='lat' dir='ltr'>Orantes</span> <span class='ocrx_word' id='word_1_196' title='bbox 3393 1241 3559 1296; x_wconf 89' lang='lat' dir='ltr'>etiam</span> <span class='ocrx_word' id='word_1_197' title='bbox 3617 1259 3713 1314; x_wconf 88' lang='lat' dir='ltr'>pro</span> <span class='ocrx_word' id='word_1_198' title='bbox 3767 1242 3850 1300; x_wconf 91' lang='lat' dir='ltr'>iis</span> 
     </span>
    </p>
   </div>
   <div class='ocr_carea' id='block_1_28' title="bbox 2245 1329 3851 1405">
    <p class='ocr_par' dir='ltr' id='par_1_28' title="bbox 2245 1329 3851 1405">
     <span class='ocr_line' id='line_1_28' title="bbox 2245 1329 3851 1405; baseline 0.003 -21"><span class='ocrx_word' id='word_1_199' title='bbox 2245 1329 2447 1402; x_wconf 85' lang='lat' dir='ltr'>quibus</span> <span class='ocrx_word' id='word_1_200' title='bbox 2476 1329 2730 1387; x_wconf 90' lang='lat' dir='ltr'>sublimis</span> <span class='ocrx_word' id='word_1_201' title='bbox 2761 1335 2999 1404; x_wconf 90' lang='lat' dir='ltr'>potestas</span> <span class='ocrx_word' id='word_1_202' title='bbox 3041 1337 3123 1388; x_wconf 89' lang='lat' dir='ltr'>est</span> <span class='ocrx_word' id='word_1_203' title='bbox 3159 1331 3367 1389; x_wconf 86' lang='lat' dir='ltr'>credita</span> <span class='ocrx_word' id='word_1_204' title='bbox 3399 1350 3410 1388; x_wconf 93' lang='lat'>:</span> <span class='ocrx_word' id='word_1_205' title='bbox 3450 1335 3512 1389; x_wconf 89' lang='lat' dir='ltr'>ut</span> <span class='ocrx_word' id='word_1_206' title='bbox 3542 1333 3598 1388; x_wconf 92' lang='lat' dir='ltr'>in</span> <span class='ocrx_word' id='word_1_207' title='bbox 3624 1332 3851 1405; x_wconf 88' lang='lat' dir='ltr'>justitia</span> 
     </span>
    </p>
   </div>
   <div class='ocr_carea' id='block_1_29' title="bbox 2244 1420 3848 1497">
    <p class='ocr_par' dir='ltr' id='par_1_29' title="bbox 2244 1420 3848 1497">
     <span class='ocr_line' id='line_1_29' title="bbox 2244 1420 3848 1497; baseline 0.006 -22"><span class='ocrx_word' id='word_1_208' title='bbox 2244 1425 2298 1475; x_wconf 91' lang='lat' dir='ltr'>et</span> <span class='ocrx_word' id='word_1_209' title='bbox 2344 1420 2573 1476; x_wconf 86' lang='lat' dir='ltr'>veritate</span> <span class='ocrx_word' id='word_1_210' title='bbox 2622 1421 2929 1494; x_wconf 89' lang='lat' dir='ltr'>gubernent</span> <span class='ocrx_word' id='word_1_211' title='bbox 2984 1421 3401 1496; x_wconf 86' lang='lat' dir='ltr'>rempublicam,</span> <span class='ocrx_word' id='word_1_212' title='bbox 3457 1424 3848 1497; x_wconf 88' lang='lat' dir='ltr'>suppeditante</span> 
     </span>
    </p>
   </div>
   <div class='ocr_carea' id='block_1_30' title="bbox 2246 1507 3841 1583">
    <p class='ocr_par' dir='ltr' id='par_1_30' title="bbox 2246 1507 3841 1583">
     <span class='ocr_line' id='line_1_30' title="bbox 2246 1507 3841 1583; baseline 0.006 -21"><span class='ocrx_word' id='word_1_213' title='bbox 2246 1513 2428 1563; x_wconf 85' lang='lat' dir='ltr'>rerum</span> <span class='ocrx_word' id='word_1_214' title='bbox 2475 1507 2831 1576; x_wconf 83' lang='lat' dir='ltr'>abundantia,</span> <span class='ocrx_word' id='word_1_215' title='bbox 2863 1516 2925 1564; x_wconf 91' lang='lat' dir='ltr'>ut</span> <span class='ocrx_word' id='word_1_216' title='bbox 2967 1515 3149 1566; x_wconf 88' lang='lat' dir='ltr'>amota</span> <span class='ocrx_word' id='word_1_217' title='bbox 3182 1511 3592 1583; x_wconf 89' lang='lat' dir='ltr'>perturbatione</span> <span class='ocrx_word' id='word_1_218' title='bbox 3612 1513 3841 1571; x_wconf 57' lang='lat' dir='ltr'>seditio-</span> 
     </span>
    </p>
   </div>
   <div class='ocr_carea' id='block_1_31' title="bbox 2245 1596 3850 1672">
    <p class='ocr_par' dir='ltr' id='par_1_31' title="bbox 2245 1596 3850 1672">
     <span class='ocr_line' id='line_1_31' title="bbox 2245 1596 3850 1672; baseline 0.006 -20"><span class='ocrx_word' id='word_1_219' title='bbox 2245 1596 2356 1665; x_wconf 89' lang='lat' dir='ltr'>nis,</span> <span class='ocrx_word' id='word_1_220' title='bbox 2386 1597 2640 1654; x_wconf 86' lang='lat' dir='ltr'>succedat</span> <span class='ocrx_word' id='word_1_221' title='bbox 2673 1597 2899 1666; x_wconf 63' lang='lat' dir='ltr'>laetitia;</span> <span class='ocrx_word' id='word_1_222' title='bbox 2931 1597 3086 1672; x_wconf 88' lang='lat' dir='ltr'>panis</span> <span class='ocrx_word' id='word_1_223' title='bbox 3130 1599 3276 1656; x_wconf 91' lang='lat' dir='ltr'>enim</span> <span class='ocrx_word' id='word_1_224' title='bbox 3323 1602 3611 1658; x_wconf 80' lang='lat' dir='ltr'>conﬁrmat</span> <span class='ocrx_word' id='word_1_225' title='bbox 3642 1621 3751 1672; x_wconf 89' lang='lat' dir='ltr'>cor,</span> <span class='ocrx_word' id='word_1_226' title='bbox 3785 1613 3850 1661; x_wconf 87' lang='lat' dir='ltr'>et</span> 
     </span>
    </p>
   </div>
   <div class='ocr_carea' id='block_1_32' title="bbox 2246 1686 3847 1764">
    <p class='ocr_par' dir='ltr' id='par_1_32' title="bbox 2246 1686 3847 1764">
     <span class='ocr_line' id='line_1_32' title="bbox 2246 1686 3847 1764; baseline 0.007 -23"><span class='ocrx_word' id='word_1_227' title='bbox 2246 1686 2443 1742; x_wconf 88' lang='lat' dir='ltr'>vinum</span> <span class='ocrx_word' id='word_1_228' title='bbox 2475 1686 2716 1744; x_wconf 89' lang='lat' dir='ltr'>laetiﬁcat</span> <span class='ocrx_word' id='word_1_229' title='bbox 2738 1696 2976 1745; x_wconf 83' lang='lat' dir='ltr'>mentem</span> <span class='ocrx_word' id='word_1_230' title='bbox 3005 1689 3178 1761; x_wconf 83' lang='lat' dir='ltr'>(Psal.</span> <span class='ocrx_word' id='word_1_231' title='bbox 3204 1705 3319 1759; x_wconf 81' lang='lat' dir='ltr'>cur,</span> <span class='ocrx_word' id='word_1_232' title='bbox 3351 1689 3463 1764; x_wconf 78' lang='grc'><strong>15).</strong></span> <span class='ocrx_word' id='word_1_233' title='bbox 3496 1693 3847 1753; x_wconf 84' lang='lat' dir='ltr'>Postulantes</span> 
     </span>
    </p>
   </div>
   <div class='ocr_carea' id='block_1_33' title="bbox 535 1776 2132 1866">
    <p class='ocr_par' dir='ltr' id='par_1_33' title="bbox 535 1784 2131 1866">
     <span class='ocr_line' id='line_1_33' title="bbox 535 1784 2131 1866; baseline -0.002 -18"><span class='ocrx_word' id='word_1_234' title='bbox 535 1792 799 1866; x_wconf 88' lang='lat' dir='ltr'>populum</span> <span class='ocrx_word' id='word_1_235' title='bbox 831 1784 1128 1865; x_wconf 87' lang='lat' dir='ltr'>disciplina</span> <span class='ocrx_word' id='word_1_236' title='bbox 1168 1790 1537 1849; x_wconf 88' lang='lat' dir='ltr'>ecclesiastica</span> <span class='ocrx_word' id='word_1_237' title='bbox 1578 1790 1870 1859; x_wconf 88' lang='lat' dir='ltr'>imbueret,</span> <span class='ocrx_word' id='word_1_238' title='bbox 1907 1789 1964 1846; x_wconf 92' lang='lat' dir='ltr'>in</span> <span class='ocrx_word' id='word_1_239' title='bbox 2007 1789 2131 1846; x_wconf 82' lang='lat' dir='ltr'>sub-</span> 
     </span>
    </p>
   </div>
   <div class='ocr_carea' id='block_1_34' title="bbox 2244 1776 3845 1866">
    <p class='ocr_par' dir='ltr' id='par_1_34' title="bbox 2248 1776 3845 1851">
     <span class='ocr_line' id='line_1_34' title="bbox 2248 1776 3845 1851; baseline 0.007 -21"><span class='ocrx_word' id='word_1_240' title='bbox 2248 1791 2383 1832; x_wconf 87' lang='lat' dir='ltr'>vero</span> <span class='ocrx_word' id='word_1_241' title='bbox 2421 1793 2519 1849; x_wconf 93' lang='lat' dir='ltr'>pro</span> <span class='ocrx_word' id='word_1_242' title='bbox 2567 1776 2636 1833; x_wconf 90' lang='lat' dir='ltr'>iis</span> <span class='ocrx_word' id='word_1_243' title='bbox 2679 1777 2774 1850; x_wconf 91' lang='lat' dir='ltr'>qui</span> <span class='ocrx_word' id='word_1_244' title='bbox 2805 1777 2864 1834; x_wconf 92' lang='lat' dir='ltr'>in</span> <span class='ocrx_word' id='word_1_245' title='bbox 2904 1780 3224 1836; x_wconf 83' lang='lat' dir='ltr'>necessitate</span> <span class='ocrx_word' id='word_1_246' title='bbox 3253 1780 3406 1837; x_wconf 87' lang='lat' dir='ltr'>varia</span> <span class='ocrx_word' id='word_1_247' title='bbox 3434 1790 3572 1851; x_wconf 86' lang='lat' dir='ltr'>sunt,</span> <span class='ocrx_word' id='word_1_248' title='bbox 3599 1793 3658 1841; x_wconf 87' lang='lat' dir='ltr'>ut</span> <span class='ocrx_word' id='word_1_249' title='bbox 3684 1786 3845 1844; x_wconf 84' lang='lat' dir='ltr'>eruti</span> 
     </span>
    </p>
   </div>
   <div class='ocr_carea' id='block_1_35' title="bbox 528 1875 2134 1952">
    <p class='ocr_par' dir='ltr' id='par_1_35' title="bbox 528 1875 2134 1952">
     <span class='ocr_line' id='line_1_35' title="bbox 528 1875 2134 1952; baseline -0.001 -16"><span class='ocrx_word' id='word_1_250' title='bbox 528 1875 693 1952; x_wconf 91' lang='lat' dir='ltr'>jectis</span> <span class='ocrx_word' id='word_1_251' title='bbox 749 1881 1006 1949; x_wconf 87' lang='lat' dir='ltr'>ostendit,</span> <span class='ocrx_word' id='word_1_252' title='bbox 1064 1897 1422 1938; x_wconf 89' lang='lat' dir='ltr'>commonens</span> <span class='ocrx_word' id='word_1_253' title='bbox 1467 1887 1530 1936; x_wconf 94' lang='lat' dir='ltr'>ut</span> <span class='ocrx_word' id='word_1_254' title='bbox 1583 1896 1793 1936; x_wconf 90' lang='lat' dir='ltr'>memor</span> <span class='ocrx_word' id='word_1_255' title='bbox 1849 1879 2134 1937; x_wconf 89' lang='lat' dir='ltr'>electionis</span> 
     </span>
    </p>
   </div>
   <div class='ocr_carea' id='block_1_36' title="bbox 534 1961 2134 2042">
    <p class='ocr_par' dir='ltr' id='par_1_36' title="bbox 534 1961 2134 2042">
     <span class='ocr_line' id='line_1_36' title="bbox 534 1961 2134 2042; baseline -0.002 -16"><span class='ocrx_word' id='word_1_256' title='bbox 534 1986 649 2026; x_wconf 76' lang='lat' dir='ltr'>suae</span> <span class='ocrx_word' id='word_1_257' title='bbox 676 1976 897 2027; x_wconf 88' lang='lat' dir='ltr'>sanctus</span> <span class='ocrx_word' id='word_1_258' title='bbox 939 1961 1282 2038; x_wconf 83' lang='lat' dir='ltr'>Timotheus,</span> <span class='ocrx_word' id='word_1_259' title='bbox 1317 1968 1374 2026; x_wconf 92' lang='lat' dir='ltr'>id</span> <span class='ocrx_word' id='word_1_260' title='bbox 1416 1968 1487 2024; x_wconf 90' lang='lat' dir='ltr'>ad</span> <span class='ocrx_word' id='word_1_261' title='bbox 1525 1969 1673 2042; x_wconf 91' lang='lat' dir='ltr'>quod</span> <span class='ocrx_word' id='word_1_262' title='bbox 1713 1967 2134 2041; x_wconf 60' lang='lat' dir='ltr'>prae-destinatus</span> 
     </span>
    </p>
   </div>
   <div class='ocr_carea' id='block_1_37' title="bbox 535 2050 2133 2132">
    <p class='ocr_par' dir='ltr' id='par_1_37' title="bbox 535 2050 2133 2132">
     <span class='ocr_line' id='line_1_37' title="bbox 535 2050 2133 2132; baseline 0 -17"><span class='ocrx_word' id='word_1_263' title='bbox 535 2065 636 2128; x_wconf 87' lang='lat' dir='ltr'>est,</span> <span class='ocrx_word' id='word_1_264' title='bbox 684 2050 928 2131; x_wconf 89' lang='lat' dir='ltr'>impleat.</span> <span class='ocrx_word' id='word_1_265' title='bbox 979 2057 1404 2116; x_wconf 80' lang='lat' dir='ltr'>Praedestinatus</span> <span class='ocrx_word' id='word_1_266' title='bbox 1450 2067 1532 2116; x_wconf 91' lang='lat' dir='ltr'>est</span> <span class='ocrx_word' id='word_1_267' title='bbox 1578 2057 1749 2128; x_wconf 90' lang='lat' dir='ltr'>enim,</span> <span class='ocrx_word' id='word_1_268' title='bbox 1798 2057 2018 2132; x_wconf 87' lang='lat' dir='ltr'>quando</span> <span class='ocrx_word' id='word_1_269' title='bbox 2065 2057 2133 2115; x_wconf 88' lang='lat' dir='ltr'>ad</span> 
     </span>
    </p>
   </div>
   <div class='ocr_carea' id='block_1_38' title="bbox 534 2137 2132 2222">
    <p class='ocr_par' dir='ltr' id='par_1_38' title="bbox 534 2137 2132 2222">
     <span class='ocr_line' id='line_1_38' title="bbox 534 2137 2132 2222; baseline -0.001 -18"><span class='ocrx_word' id='word_1_270' title='bbox 534 2137 642 2204; x_wconf 90' lang='lat' dir='ltr'>hoc</span> <span class='ocrx_word' id='word_1_271' title='bbox 689 2147 756 2204; x_wconf 91' lang='lat' dir='ltr'>ab</span> <span class='ocrx_word' id='word_1_272' title='bbox 801 2147 1066 2222; x_wconf 82' lang='lat' dir='ltr'>Apostolo</span> <span class='ocrx_word' id='word_1_273' title='bbox 1121 2157 1432 2221; x_wconf 89' lang='lat' dir='ltr'>assumptus</span> <span class='ocrx_word' id='word_1_274' title='bbox 1487 2158 1591 2218; x_wconf 90' lang='lat' dir='ltr'>est,</span> <span class='ocrx_word' id='word_1_275' title='bbox 1642 2155 1705 2204; x_wconf 91' lang='lat' dir='ltr'>ut</span> <span class='ocrx_word' id='word_1_276' title='bbox 1761 2148 2132 2217; x_wconf 88' lang='lat' dir='ltr'>ordinaretur,</span> 
     </span>
    </p>
   </div>
   <div class='ocr_carea' id='block_1_39' title="bbox 534 2227 2134 2311">
    <p class='ocr_par' dir='ltr' id='par_1_39' title="bbox 534 2227 2134 2311">
     <span class='ocr_line' id='line_1_39' title="bbox 534 2227 2134 2311; baseline 0.001 -19"><span class='ocrx_word' id='word_1_277' title='bbox 534 2233 736 2309; x_wconf 89' lang='lat' dir='ltr'>dignus</span> <span class='ocrx_word' id='word_1_278' title='bbox 788 2235 1069 2308; x_wconf 88' lang='lat' dir='ltr'>judicatus</span> <span class='ocrx_word' id='word_1_279' title='bbox 1116 2237 1338 2294; x_wconf 87' lang='lat' dir='ltr'>futurus</span> <span class='ocrx_word' id='word_1_280' title='bbox 1383 2227 1700 2311; x_wconf 86' lang='lat' dir='ltr'>episcopus,</span> <span class='ocrx_word' id='word_1_281' title='bbox 1757 2246 1819 2294; x_wconf 91' lang='lat' dir='ltr'>ut</span> <span class='ocrx_word' id='word_1_282' title='bbox 1879 2237 2134 2310; x_wconf 87' lang='lat' dir='ltr'>impleret</span> 
     </span>
    </p>
   </div>
   <div class='ocr_carea' id='block_1_40' title="bbox 533 2325 2128 2402">
    <p class='ocr_par' dir='ltr' id='par_1_40' title="bbox 533 2325 2128 2402">
     <span class='ocr_line' id='line_1_40' title="bbox 533 2325 2128 2402; baseline 0 -18"><span class='ocrx_word' id='word_1_283' title='bbox 533 2325 791 2384; x_wconf 89' lang='lat' dir='ltr'>militiam</span> <span class='ocrx_word' id='word_1_284' title='bbox 830 2329 1200 2402; x_wconf 86' lang='lat' dir='ltr'>evangelicam</span> <span class='ocrx_word' id='word_1_285' title='bbox 1248 2329 1307 2384; x_wconf 89' lang='lat' dir='ltr'>in</span> <span class='ocrx_word' id='word_1_286' title='bbox 1352 2327 1460 2384; x_wconf 91' lang='lat' dir='ltr'>ﬁde</span> <span class='ocrx_word' id='word_1_287' title='bbox 1489 2336 1543 2384; x_wconf 86' lang='lat' dir='ltr'>et</span> <span class='ocrx_word' id='word_1_288' title='bbox 1580 2344 1716 2401; x_wconf 91' lang='lat' dir='ltr'>pura</span> <span class='ocrx_word' id='word_1_289' title='bbox 1745 2328 2083 2385; x_wconf 89' lang='lat' dir='ltr'>conscientia</span> <span class='ocrx_word' id='word_1_290' title='bbox 2116 2345 2128 2384; x_wconf 90' lang='lat'><strong>:</strong></span> 
     </span>
    </p>
   </div>
   <div class='ocr_carea' id='block_1_41' title="bbox 535 2417 2131 2491">
    <p class='ocr_par' dir='ltr' id='par_1_41' title="bbox 535 2417 2131 2491">
     <span class='ocr_line' id='line_1_41' title="bbox 535 2417 2131 2491; baseline 0 -18"><span class='ocrx_word' id='word_1_291' title='bbox 535 2417 630 2491; x_wconf 89' lang='lat' dir='ltr'>qui</span> <span class='ocrx_word' id='word_1_292' title='bbox 665 2417 814 2473; x_wconf 91' lang='lat' dir='ltr'>enim</span> <span class='ocrx_word' id='word_1_293' title='bbox 844 2417 1082 2475; x_wconf 89' lang='lat' dir='ltr'>ﬁdeliter</span> <span class='ocrx_word' id='word_1_294' title='bbox 1109 2418 1289 2488; x_wconf 89' lang='lat' dir='ltr'>docet,</span> <span class='ocrx_word' id='word_1_295' title='bbox 1321 2435 1433 2475; x_wconf 90' lang='lat' dir='ltr'>non</span> <span class='ocrx_word' id='word_1_296' title='bbox 1464 2425 1642 2490; x_wconf 91' lang='lat' dir='ltr'>potest</span> <span class='ocrx_word' id='word_1_297' title='bbox 1686 2418 1887 2474; x_wconf 88' lang='lat' dir='ltr'>malam</span> <span class='ocrx_word' id='word_1_298' title='bbox 1930 2417 2131 2473; x_wconf 90' lang='lat' dir='ltr'>habere</span> 
     </span>
    </p>
   </div>
   <div class='ocr_carea' id='block_1_42' title="bbox 529 2505 2132 2580">
    <p class='ocr_par' dir='ltr' id='par_1_42' title="bbox 529 2505 2132 2580">
     <span class='ocr_line' id='line_1_42' title="bbox 529 2505 2132 2580; baseline -0.001 -16"><span class='ocrx_word' id='word_1_299' title='bbox 529 2505 947 2564; x_wconf 87' lang='lat' dir='ltr'>conscientiam.</span> <span class='ocrx_word' id='word_1_300' title='bbox 994 2507 1148 2564; x_wconf 86' lang='lat' dir='ltr'>Tunc</span> <span class='ocrx_word' id='word_1_301' title='bbox 1191 2507 1338 2564; x_wconf 90' lang='lat' dir='ltr'>enim</span> <span class='ocrx_word' id='word_1_302' title='bbox 1387 2507 1551 2564; x_wconf 90' lang='lat' dir='ltr'>ﬁdem</span> <span class='ocrx_word' id='word_1_303' title='bbox 1600 2507 1826 2564; x_wconf 87' lang='lat' dir='ltr'>exhibet</span> <span class='ocrx_word' id='word_1_304' title='bbox 1864 2507 2132 2580; x_wconf 64' lang='lat' dir='ltr'>praedica-</span> 
     </span>
    </p>
   </div>
   <div class='ocr_carea' id='block_1_43' title="bbox 533 2594 2128 2666">
    <p class='ocr_par' dir='ltr' id='par_1_43' title="bbox 533 2594 2128 2666">
     <span class='ocr_line' id='line_1_43' title="bbox 533 2594 2128 2666; baseline 0.001 -16"><span class='ocrx_word' id='word_1_305' title='bbox 533 2595 703 2652; x_wconf 77' lang='lat' dir='ltr'>tibnis</span> <span class='ocrx_word' id='word_1_306' title='bbox 743 2612 874 2666; x_wconf 84' lang='lat' dir='ltr'>suae,</span> <span class='ocrx_word' id='word_1_307' title='bbox 914 2613 961 2653; x_wconf 80' lang='lat' dir='ltr'>SI</span> <span class='ocrx_word' id='word_1_308' title='bbox 1008 2612 1066 2652; x_wconf 91' lang='lat' dir='ltr'>se</span> <span class='ocrx_word' id='word_1_309' title='bbox 1114 2599 1259 2659; x_wconf 84' lang='lat'><strong>292</strong></span> <span class='ocrx_word' id='word_1_310' title='bbox 1289 2594 1562 2652; x_wconf 86' lang='lat' dir='ltr'>abstineat</span> <span class='ocrx_word' id='word_1_311' title='bbox 1611 2612 1641 2651; x_wconf 91' lang='lat' dir='ltr'>a</span> <span class='ocrx_word' id='word_1_312' title='bbox 1685 2596 1982 2652; x_wconf 89' lang='lat' dir='ltr'>contrariis</span> <span class='ocrx_word' id='word_1_313' title='bbox 2015 2613 2128 2652; x_wconf 88' lang='lat' dir='ltr'>om-</span> 
     </span>
    </p>
   </div>
   <div class='ocr_carea' id='block_1_44' title="bbox 533 2693 2134 2770">
    <p class='ocr_par' dir='ltr' id='par_1_44' title="bbox 533 2693 2134 2770">
     <span class='ocr_line' id='line_1_44' title="bbox 533 2693 2134 2770; baseline 0.003 -20"><span class='ocrx_word' id='word_1_314' title='bbox 533 2693 729 2763; x_wconf 85' lang='lat' dir='ltr'>nibus;</span> <span class='ocrx_word' id='word_1_315' title='bbox 775 2694 906 2769; x_wconf 82' lang='lat' dir='ltr'>quia</span> <span class='ocrx_word' id='word_1_316' title='bbox 934 2695 1189 2768; x_wconf 79' lang='lat' dir='ltr'>exemplo</span> <span class='ocrx_word' id='word_1_317' title='bbox 1217 2695 1490 2753; x_wconf 90' lang='lat' dir='ltr'>bonorum</span> <span class='ocrx_word' id='word_1_318' title='bbox 1535 2713 1761 2770; x_wconf 89' lang='lat' dir='ltr'>operum</span> <span class='ocrx_word' id='word_1_319' title='bbox 1791 2697 1996 2754; x_wconf 87' lang='lat' dir='ltr'>multos</span> <span class='ocrx_word' id='word_1_320' title='bbox 2042 2699 2134 2754; x_wconf 87' lang='lat' dir='ltr'>la-</span> 
     </span>
    </p>
   </div>
   <div class='ocr_carea' id='block_1_45' title="bbox 532 2783 2131 2861">
    <p class='ocr_par' dir='ltr' id='par_1_45' title="bbox 532 2783 2131 2861">
     <span class='ocr_line' id='line_1_45' title="bbox 532 2783 2131 2861; baseline 0.002 -19"><span class='ocrx_word' id='word_1_321' title='bbox 532 2783 697 2842; x_wconf 87' lang='lat' dir='ltr'>cessit</span> <span class='ocrx_word' id='word_1_322' title='bbox 724 2783 793 2842; x_wconf 87' lang='lat' dir='ltr'>ad</span> <span class='ocrx_word' id='word_1_323' title='bbox 825 2784 1227 2855; x_wconf 82' lang='lat' dir='ltr'>credulitatem,</span> <span class='ocrx_word' id='word_1_324' title='bbox 1258 2785 1491 2844; x_wconf 87' lang='lat' dir='ltr'>ﬁdentes</span> <span class='ocrx_word' id='word_1_325' title='bbox 1536 2787 1605 2844; x_wconf 90' lang='lat' dir='ltr'>de</span> <span class='ocrx_word' id='word_1_326' title='bbox 1650 2804 1744 2861; x_wconf 87' lang='lat' dir='ltr'>spe</span> <span class='ocrx_word' id='word_1_327' title='bbox 1771 2787 2131 2860; x_wconf 77' lang='lat' dir='ltr'>praedicatio-</span> 
     </span>
    </p>
   </div>
   <div class='ocr_carea' id='block_1_46' title="bbox 530 2871 2128 2949">
    <p class='ocr_par' dir='ltr' id='par_1_46' title="bbox 530 2871 2128 2949">
     <span class='ocr_line' id='line_1_46' title="bbox 530 2871 2128 2949; baseline 0.004 -21"><span class='ocrx_word' id='word_1_328' title='bbox 530 2871 656 2941; x_wconf 84' lang='lat' dir='ltr'>nis;</span> <span class='ocrx_word' id='word_1_329' title='bbox 705 2890 831 2929; x_wconf 89' lang='lat' dir='ltr'>nam</span> <span class='ocrx_word' id='word_1_330' title='bbox 869 2873 965 2946; x_wconf 90' lang='lat' dir='ltr'>qui</span> <span class='ocrx_word' id='word_1_331' title='bbox 1013 2872 1178 2931; x_wconf 88' lang='lat' dir='ltr'>ﬁdem</span> <span class='ocrx_word' id='word_1_332' title='bbox 1227 2877 1459 2947; x_wconf 89' lang='lat' dir='ltr'>spernit,</span> <span class='ocrx_word' id='word_1_333' title='bbox 1507 2877 1699 2949; x_wconf 88' lang='lat' dir='ltr'>procul</span> <span class='ocrx_word' id='word_1_334' title='bbox 1748 2876 1919 2933; x_wconf 89' lang='lat' dir='ltr'>dubio</span> <span class='ocrx_word' id='word_1_335' title='bbox 1971 2878 2128 2935; x_wconf 74' lang='lat' dir='ltr'>malai</span> 
     </span>
    </p>
   </div>
   <div class='ocr_carea' id='block_1_47' title="bbox 530 2962 2124 3040">
    <p class='ocr_par' dir='ltr' id='par_1_47' title="bbox 530 2962 2124 3040">
     <span class='ocr_line' id='line_1_47' title="bbox 530 2962 2124 3040; baseline 0.004 -22"><span class='ocrx_word' id='word_1_336' title='bbox 530 2968 611 3018; x_wconf 85' lang='lat' dir='ltr'>est</span> <span class='ocrx_word' id='word_1_337' title='bbox 666 2962 1035 3020; x_wconf 61' lang='lat' dir='ltr'>conscientias.</span> <span class='ocrx_word' id='word_1_338' title='bbox 1084 2965 1199 3021; x_wconf 83' lang='lat' dir='ltr'>Aut</span> <span class='ocrx_word' id='word_1_339' title='bbox 1251 2965 1399 3021; x_wconf 90' lang='lat' dir='ltr'>enim</span> <span class='ocrx_word' id='word_1_340' title='bbox 1449 2965 1742 3039; x_wconf 87' lang='lat' dir='ltr'>hypocrita</span> <span class='ocrx_word' id='word_1_341' title='bbox 1774 2967 2124 3040; x_wconf 80' lang='lat' dir='ltr'>praedicatur,</span> 
     </span>
    </p>
   </div>
   <div class='ocr_carea' id='block_1_48' title="bbox 528 3051 2131 3128">
    <p class='ocr_par' dir='ltr' id='par_1_48' title="bbox 528 3051 2131 3128">
     <span class='ocr_line' id='line_1_48' title="bbox 528 3051 2131 3128; baseline 0.006 -23"><span class='ocrx_word' id='word_1_342' title='bbox 528 3058 624 3106; x_wconf 88' lang='lat' dir='ltr'>aut</span> <span class='ocrx_word' id='word_1_343' title='bbox 669 3057 890 3122; x_wconf 90' lang='lat' dir='ltr'>apertus</span> <span class='ocrx_word' id='word_1_344' title='bbox 921 3051 1297 3124; x_wconf 88' lang='lat' dir='ltr'>blasphemus,</span> <span class='ocrx_word' id='word_1_345' title='bbox 1339 3053 1482 3111; x_wconf 91' lang='lat' dir='ltr'>sicut</span> <span class='ocrx_word' id='word_1_346' title='bbox 1526 3063 1685 3111; x_wconf 90' lang='lat' dir='ltr'>erant</span> <span class='ocrx_word' id='word_1_347' title='bbox 1713 3055 2044 3128; x_wconf 76' lang='lat' dir='ltr'>Hymenzeus</span> <span class='ocrx_word' id='word_1_348' title='bbox 2075 3067 2131 3116; x_wconf 92' lang='lat' dir='ltr'>et</span> 
     </span>
    </p>
   </div>
   <div class='ocr_carea' id='block_1_49' title="bbox 526 3137 2209 3227">
    <p class='ocr_par' dir='ltr' id='par_1_49' title="bbox 526 3137 2209 3227">
     <span class='ocr_line' id='line_1_49' title="bbox 526 3137 2209 3227; baseline 0.007 -33"><span class='ocrx_word' id='word_1_349' title='bbox 526 3137 866 3216; x_wconf 80' lang='lat' dir='ltr'>Alexander,</span> <span class='ocrx_word' id='word_1_350' title='bbox 893 3139 988 3212; x_wconf 91' lang='lat' dir='ltr'>qui</span> <span class='ocrx_word' id='word_1_351' title='bbox 1019 3138 1329 3198; x_wconf 87' lang='lat' dir='ltr'>deserentes</span> <span class='ocrx_word' id='word_1_352' title='bbox 1350 3142 1514 3200; x_wconf 89' lang='lat' dir='ltr'>ﬁdem</span> <span class='ocrx_word' id='word_1_353' title='bbox 1541 3144 1791 3218; x_wconf 83' lang='lat' dir='ltr'>naufragi</span> <span class='ocrx_word' id='word_1_354' title='bbox 1814 3145 1945 3203; x_wconf 88' lang='lat' dir='ltr'>facti</span> <span class='ocrx_word' id='word_1_355' title='bbox 1979 3155 2128 3217; x_wconf 90' lang='lat' dir='ltr'>sunt,</span> <span class='ocrx_word' id='word_1_356' title='bbox 2166 3165 2209 3227; x_wconf 74' lang='grc' dir='ltr'>ο</span> 
     </span>
    </p>
   </div>
   <div class='ocr_carea' id='block_1_50' title="bbox 528 3223 2125 3304">
    <p class='ocr_par' dir='ltr' id='par_1_50' title="bbox 528 3223 2125 3304">
     <span class='ocr_line' id='line_1_50' title="bbox 528 3223 2125 3304; baseline 0.008 -24"><span class='ocrx_word' id='word_1_357' title='bbox 528 3223 586 3280; x_wconf 92' lang='lat' dir='ltr'>id</span> <span class='ocrx_word' id='word_1_358' title='bbox 619 3233 723 3292; x_wconf 91' lang='lat' dir='ltr'>est,</span> <span class='ocrx_word' id='word_1_359' title='bbox 752 3225 889 3282; x_wconf 90' lang='lat' dir='ltr'>nudi</span> <span class='ocrx_word' id='word_1_360' title='bbox 921 3229 1174 3298; x_wconf 88' lang='lat' dir='ltr'>veritate,</span> <span class='ocrx_word' id='word_1_361' title='bbox 1195 3239 1291 3286; x_wconf 86' lang='lat' dir='ltr'>aut</span> <span class='ocrx_word' id='word_1_362' title='bbox 1319 3231 1522 3304; x_wconf 90' lang='lat' dir='ltr'>privati</span> <span class='ocrx_word' id='word_1_363' title='bbox 1542 3233 1676 3290; x_wconf 91' lang='lat' dir='ltr'>vita.</span> <span class='ocrx_word' id='word_1_364' title='bbox 1701 3234 1846 3302; x_wconf 91' lang='lat' dir='ltr'>Quid</span> <span class='ocrx_word' id='word_1_365' title='bbox 1863 3243 1946 3292; x_wconf 89' lang='lat' dir='ltr'>est</span> <span class='ocrx_word' id='word_1_366' title='bbox 1975 3237 2125 3293; x_wconf 88' lang='lat' dir='ltr'>enim</span> 
     </span>
    </p>
   </div>
   <div class='ocr_carea' id='block_1_51' title="bbox 529 3313 2124 3396">
    <p class='ocr_par' dir='ltr' id='par_1_51' title="bbox 529 3313 2124 3396">
     <span class='ocr_line' id='line_1_51' title="bbox 529 3313 2124 3396; baseline 0.009 -28"><span class='ocrx_word' id='word_1_367' title='bbox 529 3313 754 3384; x_wconf 90' lang='lat' dir='ltr'>veritas,</span> <span class='ocrx_word' id='word_1_368' title='bbox 788 3316 897 3372; x_wconf 88' lang='lat' dir='ltr'>nisi</span> <span class='ocrx_word' id='word_1_369' title='bbox 926 3316 1087 3374; x_wconf 78' lang='lat' dir='ltr'>vita?</span> <span class='ocrx_word' id='word_1_370' title='bbox 1117 3319 1264 3387; x_wconf 89' lang='lat' dir='ltr'>Quos</span> <span class='ocrx_word' id='word_1_371' title='bbox 1293 3321 1584 3380; x_wconf 88' lang='lat' dir='ltr'>tradidisse</span> <span class='ocrx_word' id='word_1_372' title='bbox 1627 3340 1685 3381; x_wconf 87' lang='lat' dir='ltr'>se</span> <span class='ocrx_word' id='word_1_373' title='bbox 1728 3323 1866 3382; x_wconf 87' lang='lat' dir='ltr'>dicit</span> <span class='ocrx_word' id='word_1_374' title='bbox 1892 3325 2124 3396; x_wconf 77' lang='lat' dir='ltr'>Satanae,</span> 
     </span>
    </p>
   </div>
   <div class='ocr_carea' id='block_1_52' title="bbox 529 3405 2125 3484">
    <p class='ocr_par' dir='ltr' id='par_1_52' title="bbox 529 3405 2125 3484">
     <span class='ocr_line' id='line_1_52' title="bbox 529 3405 2125 3484; baseline 0.008 -25"><span class='ocrx_word' id='word_1_375' title='bbox 529 3409 593 3459; x_wconf 91' lang='lat' dir='ltr'>ut</span> <span class='ocrx_word' id='word_1_376' title='bbox 623 3405 1051 3463; x_wconf 89' lang='lat' dir='ltr'>emendarentur</span> <span class='ocrx_word' id='word_1_377' title='bbox 1076 3423 1240 3465; x_wconf 90' lang='lat' dir='ltr'>causa</span> <span class='ocrx_word' id='word_1_378' title='bbox 1257 3409 1634 3484; x_wconf 78' lang='lat' dir='ltr'>blasphemiae.</span> <span class='ocrx_word' id='word_1_379' title='bbox 1667 3413 1915 3470; x_wconf 90' lang='lat' dir='ltr'>Traditio</span> <span class='ocrx_word' id='word_1_380' title='bbox 1943 3423 2125 3471; x_wconf 90' lang='lat' dir='ltr'>autem</span> 
     </span>
    </p>
   </div>
   <div class='ocr_carea' id='block_1_53' title="bbox 527 3490 2128 3576">
    <p class='ocr_par' dir='ltr' id='par_1_53' title="bbox 527 3490 2128 3576">
     <span class='ocr_line' id='line_1_53' title="bbox 527 3490 2128 3576; baseline 0.007 -29"><span class='ocrx_word' id='word_1_381' title='bbox 527 3490 647 3548; x_wconf 69' lang='lat' dir='ltr'>haec</span> <span class='ocrx_word' id='word_1_382' title='bbox 702 3502 805 3564; x_wconf 88' lang='lat' dir='ltr'>est,</span> <span class='ocrx_word' id='word_1_383' title='bbox 863 3495 996 3567; x_wconf 90' lang='lat' dir='ltr'>quia</span> <span class='ocrx_word' id='word_1_384' title='bbox 1049 3507 1359 3556; x_wconf 89' lang='lat' dir='ltr'>commotus</span> <span class='ocrx_word' id='word_1_385' title='bbox 1416 3501 1714 3574; x_wconf 88' lang='lat' dir='ltr'>Apostolus</span> <span class='ocrx_word' id='word_1_386' title='bbox 1765 3501 2128 3576; x_wconf 87' lang='lat' dir='ltr'>blasphemiis</span> 
     </span>
    </p>
   </div>
   <div class='ocr_carea' id='block_1_54' title="bbox 527 3583 2130 3657">
    <p class='ocr_par' dir='ltr' id='par_1_54' title="bbox 527 3583 2130 3657">
     <span class='ocr_line' id='line_1_54' title="bbox 527 3583 2130 3657; baseline 0.009 -24"><span class='ocrx_word' id='word_1_387' title='bbox 527 3595 741 3648; x_wconf 90' lang='lat' dir='ltr'>eorum,</span> <span class='ocrx_word' id='word_1_388' title='bbox 787 3583 1116 3638; x_wconf 89' lang='lat' dir='ltr'>sententiam</span> <span class='ocrx_word' id='word_1_389' title='bbox 1176 3586 1409 3657; x_wconf 90' lang='lat' dir='ltr'>protulit</span> <span class='ocrx_word' id='word_1_390' title='bbox 1453 3589 1511 3643; x_wconf 92' lang='lat' dir='ltr'>in</span> <span class='ocrx_word' id='word_1_391' title='bbox 1558 3604 1650 3644; x_wconf 92' lang='lat' dir='ltr'>eos</span> <span class='ocrx_word' id='word_1_392' title='bbox 1683 3605 1696 3644; x_wconf 92' lang='lat'>:</span> <span class='ocrx_word' id='word_1_393' title='bbox 1727 3589 1984 3647; x_wconf 89' lang='lat' dir='ltr'>diabolus</span> <span class='ocrx_word' id='word_1_394' title='bbox 2020 3608 2130 3648; x_wconf 89' lang='lat' dir='ltr'>au-</span> 
     </span>
    </p>
   </div>
   <div class='ocr_carea' id='block_1_55' title="bbox 528 3667 2133 3742">
    <p class='ocr_par' dir='ltr' id='par_1_55' title="bbox 528 3667 2133 3742">
     <span class='ocr_line' id='line_1_55' title="bbox 528 3667 2133 3742; baseline 0.01 -19"><span class='ocrx_word' id='word_1_395' title='bbox 528 3675 640 3723; x_wconf 87' lang='lat' dir='ltr'>tem</span> <span class='ocrx_word' id='word_1_396' title='bbox 674 3667 770 3740; x_wconf 90' lang='lat' dir='ltr'>qui</span> <span class='ocrx_word' id='word_1_397' title='bbox 814 3668 884 3723; x_wconf 89' lang='lat' dir='ltr'>ad</span> <span class='ocrx_word' id='word_1_398' title='bbox 921 3667 1027 3726; x_wconf 90' lang='lat' dir='ltr'>hoc</span> <span class='ocrx_word' id='word_1_399' title='bbox 1056 3680 1279 3741; x_wconf 89' lang='lat' dir='ltr'>paratus</span> <span class='ocrx_word' id='word_1_400' title='bbox 1308 3682 1410 3742; x_wconf 88' lang='lat' dir='ltr'>est,</span> <span class='ocrx_word' id='word_1_401' title='bbox 1443 3682 1506 3730; x_wconf 89' lang='lat' dir='ltr'>ut</span> <span class='ocrx_word' id='word_1_402' title='bbox 1543 3675 1800 3734; x_wconf 89' lang='lat' dir='ltr'>adversos</span> <span class='ocrx_word' id='word_1_403' title='bbox 1829 3695 1861 3735; x_wconf 90' lang='lat' dir='ltr'>a</span> <span class='ocrx_word' id='word_1_404' title='bbox 1887 3681 2000 3737; x_wconf 92' lang='lat' dir='ltr'>Deo</span> <span class='ocrx_word' id='word_1_405' title='bbox 2029 3698 2133 3739; x_wconf 90' lang='lat' dir='ltr'>ac-</span> 
     </span>
    </p>
   </div>
   <div class='ocr_carea' id='block_1_56' title="bbox 528 3753 2131 3841">
    <p class='ocr_par' dir='ltr' id='par_1_56' title="bbox 528 3753 2131 3841">
     <span class='ocr_line' id='line_1_56' title="bbox 528 3753 2131 3841; baseline 0.009 -30"><span class='ocrx_word' id='word_1_406' title='bbox 528 3753 698 3826; x_wconf 91' lang='lat' dir='ltr'>cipiat</span> <span class='ocrx_word' id='word_1_407' title='bbox 754 3754 814 3810; x_wconf 90' lang='lat' dir='ltr'>in</span> <span class='ocrx_word' id='word_1_408' title='bbox 868 3763 1194 3828; x_wconf 88' lang='lat' dir='ltr'>potestatem</span> <span class='ocrx_word' id='word_1_409' title='bbox 1225 3799 1242 3829; x_wconf 94' lang='lat'>,</span> <span class='ocrx_word' id='word_1_410' title='bbox 1295 3761 1485 3817; x_wconf 89' lang='lat' dir='ltr'>audita</span> <span class='ocrx_word' id='word_1_411' title='bbox 1530 3765 1842 3836; x_wconf 88' lang='lat' dir='ltr'>sententia,</span> <span class='ocrx_word' id='word_1_412' title='bbox 1897 3769 2131 3841; x_wconf 89' lang='lat' dir='ltr'>corripit</span> 
     </span>
    </p>
   </div>
   <div class='ocr_carea' id='block_1_57' title="bbox 529 3843 2125 3931">
    <p class='ocr_par' dir='ltr' id='par_1_57' title="bbox 529 3843 2125 3931">
     <span class='ocr_line' id='line_1_57' title="bbox 529 3843 2125 3931; baseline 0.01 -33"><span class='ocrx_word' id='word_1_413' title='bbox 529 3858 622 3898; x_wconf 89' lang='lat' dir='ltr'>eos</span> <span class='ocrx_word' id='word_1_414' title='bbox 655 3859 667 3897; x_wconf 94' lang='lat'>:</span> <span class='ocrx_word' id='word_1_415' title='bbox 700 3851 762 3899; x_wconf 89' lang='lat' dir='ltr'>ut</span> <span class='ocrx_word' id='word_1_416' title='bbox 802 3843 1178 3916; x_wconf 81' lang='lat' dir='ltr'>intelligerent</span> <span class='ocrx_word' id='word_1_417' title='bbox 1217 3846 1319 3906; x_wconf 88' lang='lat' dir='ltr'>hac</span> <span class='ocrx_word' id='word_1_418' title='bbox 1364 3867 1527 3909; x_wconf 92' lang='lat' dir='ltr'>causa</span> <span class='ocrx_word' id='word_1_419' title='bbox 1567 3870 1624 3910; x_wconf 91' lang='lat' dir='ltr'>se</span> <span class='ocrx_word' id='word_1_420' title='bbox 1668 3856 1845 3927; x_wconf 90' lang='lat' dir='ltr'>poenis</span> <span class='ocrx_word' id='word_1_421' title='bbox 1873 3858 2125 3931; x_wconf 86' lang='lat' dir='ltr'>astringi,</span> 
     </span>
    </p>
   </div>
   <div class='ocr_carea' id='block_1_58' title="bbox 531 3928 2132 4020">
    <p class='ocr_par' dir='ltr' id='par_1_58' title="bbox 531 3928 2132 4020">
     <span class='ocr_line' id='line_1_58' title="bbox 531 3928 2132 4020; baseline 0.013 -37"><span class='ocrx_word' id='word_1_422' title='bbox 531 3928 1239 4020; x_wconf 67' lang='lat' dir='ltr'>quia__blasphemaverant.</span> <span class='ocrx_word' id='word_1_423' title='bbox 1273 3936 1416 3995; x_wconf 88' lang='lat' dir='ltr'>Hinc</span> <span class='ocrx_word' id='word_1_424' title='bbox 1459 3949 1560 4010; x_wconf 90' lang='lat' dir='ltr'>est,</span> <span class='ocrx_word' id='word_1_425' title='bbox 1592 3943 1739 4001; x_wconf 90' lang='lat' dir='ltr'>unde</span> <span class='ocrx_word' id='word_1_426' title='bbox 1776 3944 1834 4001; x_wconf 90' lang='lat' dir='ltr'>in</span> <span class='ocrx_word' id='word_1_427' title='bbox 1874 3928 2132 4020; x_wconf 78' lang='lat' dir='ltr'>Evange-</span> 
     </span>
    </p>
   </div>
   <div class='ocr_carea' id='block_1_59' title="bbox 531 4009 2127 4105">
    <p class='ocr_par' dir='ltr' id='par_1_59' title="bbox 531 4009 2127 4105">
     <span class='ocr_line' id='line_1_59' title="bbox 531 4009 2127 4105; baseline 0.013 -33"><span class='ocrx_word' id='word_1_428' title='bbox 531 4009 610 4072; x_wconf 89' lang='lat' dir='ltr'>lio</span> <span class='ocrx_word' id='word_1_429' title='bbox 651 4013 859 4074; x_wconf 90' lang='lat' dir='ltr'>dictum</span> <span class='ocrx_word' id='word_1_430' title='bbox 910 4025 991 4074; x_wconf 92' lang='lat' dir='ltr'>est</span> <span class='ocrx_word' id='word_1_431' title='bbox 1037 4017 1183 4075; x_wconf 86' lang='lat' dir='ltr'>inter</span> <span class='ocrx_word' id='word_1_432' title='bbox 1225 4028 1464 4081; x_wconf 77' lang='lat' dir='ltr'>caetera:</span> <span class='ocrx_word' id='word_1_433' title='bbox 1510 4009 1676 4084; x_wconf 11' lang='lat' dir='ltr'>«71am</span> <span class='ocrx_word' id='word_1_434' title='bbox 1724 4033 1840 4088; x_wconf 90' lang='lat' dir='ltr'>noli</span> <span class='ocrx_word' id='word_1_435' title='bbox 1881 4009 2127 4105; x_wconf 73' lang='lat' dir='ltr'>peccare,</span> 
     </span>
    </p>
   </div>
   <div class='ocr_carea' id='block_1_60' title="bbox 531 4105 2116 4196">
    <p class='ocr_par' dir='ltr' id='par_1_60' title="bbox 531 4105 2116 4196">
     <span class='ocr_line' id='line_1_60' title="bbox 531 4105 2116 4196; baseline 0.008 -35"><span class='ocrx_word' id='word_1_436' title='bbox 531 4105 788 4180; x_wconf 62' lang='lat' dir='ltr'>nezquid</span> <span class='ocrx_word' id='word_1_437' title='bbox 837 4107 938 4164; x_wconf 88' lang='lat' dir='ltr'>tibi</span> <span class='ocrx_word' id='word_1_438' title='bbox 985 4107 1226 4167; x_wconf 90' lang='lat' dir='ltr'>deterius</span> <span class='ocrx_word' id='word_1_439' title='bbox 1282 4112 1564 4186; x_wconf 84' lang='lat' dir='ltr'>contingat</span> <span class='ocrx_word' id='word_1_440' title='bbox 1613 4118 1796 4189; x_wconf 82' lang='lat' dir='ltr'>(Joan.</span> <span class='ocrx_word' id='word_1_441' title='bbox 1846 4139 1904 4191; x_wconf 93' lang='lat' dir='ltr'>v,</span> <span class='ocrx_word' id='word_1_442' title='bbox 1951 4124 2066 4196; x_wconf 77' lang='grc'><strong>14),</strong></span> <span class='ocrx_word' id='word_1_443' title='bbox 2098 4151 2116 4174; x_wconf 72' lang='grc' dir='ltr'>ι</span> 
     </span>
    </p>
   </div>
   <div class='ocr_carea' id='block_1_61' title="bbox 531 4197 2129 4277">
    <p class='ocr_par' dir='ltr' id='par_1_61' title="bbox 531 4197 2129 4277">
     <span class='ocr_line' id='line_1_61' title="bbox 531 4197 2129 4277; baseline 0.014 -28"><span class='ocrx_word' id='word_1_444' title='bbox 531 4197 829 4256; x_wconf 86' lang='lat' dir='ltr'>ostendens</span> <span class='ocrx_word' id='word_1_445' title='bbox 892 4215 1056 4256; x_wconf 89' lang='lat' dir='ltr'>causa</span> <span class='ocrx_word' id='word_1_446' title='bbox 1131 4201 1342 4274; x_wconf 86' lang='lat' dir='ltr'>peccati</span> <span class='ocrx_word' id='word_1_447' title='bbox 1419 4203 1717 4277; x_wconf 87' lang='lat' dir='ltr'>aliquando</span> <span class='ocrx_word' id='word_1_448' title='bbox 1779 4210 2129 4272; x_wconf 88' lang='lat' dir='ltr'>inﬁrmitates</span> 
     </span>
    </p>
   </div>
   <div class='ocr_carea' id='block_1_62' title="bbox 533 4281 2125 4374">
    <p class='ocr_par' dir='ltr' id='par_1_62' title="bbox 533 4281 2125 4374">
     <span class='ocr_line' id='line_1_62' title="bbox 533 4281 2125 4374; baseline 0.016 -38"><span class='ocrx_word' id='word_1_449' title='bbox 533 4281 729 4339; x_wconf 77' lang='lat' dir='ltr'>inferri</span> <span class='ocrx_word' id='word_1_450' title='bbox 767 4289 1114 4358; x_wconf 91' lang='lat' dir='ltr'>corporibus.</span> <span class='ocrx_word' id='word_1_451' title='bbox 1152 4291 1227 4346; x_wconf 91' lang='lat' dir='ltr'>Et</span> <span class='ocrx_word' id='word_1_452' title='bbox 1271 4291 1401 4364; x_wconf 85' lang='lat' dir='ltr'>quia</span> <span class='ocrx_word' id='word_1_453' title='bbox 1429 4292 1688 4352; x_wconf 91' lang='lat' dir='ltr'>ministro</span> <span class='ocrx_word' id='word_1_454' title='bbox 1715 4297 1938 4358; x_wconf 91' lang='lat' dir='ltr'>diabolo</span> <span class='ocrx_word' id='word_1_455' title='bbox 1963 4303 2125 4374; x_wconf 89' lang='lat' dir='ltr'>ﬁunt,</span> 
     </span>
    </p>
   </div>
   <div class='ocr_carea' id='block_1_63' title="bbox 533 4369 2132 4452">
    <p class='ocr_par' dir='ltr' id='par_1_63' title="bbox 533 4369 2132 4452">
     <span class='ocr_line' id='line_1_63' title="bbox 533 4369 2132 4452; baseline 0.017 -27"><span class='ocrx_word' id='word_1_456' title='bbox 533 4369 833 4428; x_wconf 86' lang='lat' dir='ltr'>declaravit</span> <span class='ocrx_word' id='word_1_457' title='bbox 874 4376 1167 4446; x_wconf 90' lang='lat' dir='ltr'>Dominus,</span> <span class='ocrx_word' id='word_1_458' title='bbox 1211 4379 1400 4438; x_wconf 90' lang='lat' dir='ltr'>dicens</span> <span class='ocrx_word' id='word_1_459' title='bbox 1447 4380 1592 4438; x_wconf 91' lang='lat' dir='ltr'>inter</span> <span class='ocrx_word' id='word_1_460' title='bbox 1633 4389 1810 4445; x_wconf 83' lang='lat' dir='ltr'>multa</span> <span class='ocrx_word' id='word_1_461' title='bbox 1850 4407 1863 4446; x_wconf 90' lang='lat'><strong>:</strong></span> <span class='ocrx_word' id='word_1_462' title='bbox 1927 4413 1947 4439; x_wconf 74' lang='grc' dir='ltr'>ι</span> <span class='ocrx_word' id='word_1_463' title='bbox 2005 4369 2132 4452; x_wconf 76' lang='lat' dir='ltr'>Haec</span> 
     </span>
    </p>
   </div>
   <div class='ocr_carea' id='block_1_64' title="bbox 533 4457 2132 4552">
    <p class='ocr_par' dir='ltr' id='par_1_64' title="bbox 533 4457 2132 4552">
     <span class='ocr_line' id='line_1_64' title="bbox 533 4457 2132 4552; baseline 0.019 -41"><span class='ocrx_word' id='word_1_464' title='bbox 533 4461 716 4514; x_wconf 89' lang='lat' dir='ltr'>autem</span> <span class='ocrx_word' id='word_1_465' title='bbox 745 4474 872 4552; x_wconf 74' lang='lat' dir='ltr'>cum</span> <span class='ocrx_word' id='word_1_466' title='bbox 917 4462 989 4516; x_wconf 91' lang='lat' dir='ltr'>sit</span> <span class='ocrx_word' id='word_1_467' title='bbox 1021 4463 1137 4520; x_wconf 86' lang='lat' dir='ltr'>ﬁlia</span> <span class='ocrx_word' id='word_1_468' title='bbox 1182 4457 1438 4538; x_wconf 65' lang='lat' dir='ltr'>Abrabm,</span> <span class='ocrx_word' id='word_1_469' title='bbox 1476 4486 1638 4544; x_wconf 90' lang='lat' dir='ltr'>quam</span> <span class='ocrx_word' id='word_1_470' title='bbox 1677 4478 1997 4552; x_wconf 87' lang='lat' dir='ltr'>alligaverat</span> <span class='ocrx_word' id='word_1_471' title='bbox 2025 4484 2132 4540; x_wconf 84' lang='lat' dir='ltr'>Sa-</span> 
     </span>
    </p>
   </div>
   <div class='ocr_carea' id='block_1_65' title="bbox 2247 1863 3844 1932">
    <p class='ocr_par' dir='ltr' id='par_1_65' title="bbox 2247 1863 3844 1932">
     <span class='ocr_line' id='line_1_65' title="bbox 2247 1863 3844 1932; baseline 0.008 -13"><span class='ocrx_word' id='word_1_472' title='bbox 2247 1873 2302 1921; x_wconf 90' lang='lat' dir='ltr'>et</span> <span class='ocrx_word' id='word_1_473' title='bbox 2321 1863 2748 1932; x_wconf 89' lang='lat' dir='ltr'>liberati,Deum</span> <span class='ocrx_word' id='word_1_474' title='bbox 2778 1866 3093 1924; x_wconf 91' lang='lat' dir='ltr'>collaudent</span> <span class='ocrx_word' id='word_1_475' title='bbox 3123 1867 3518 1928; x_wconf 89' lang='lat' dir='ltr'>incolumitatis</span> <span class='ocrx_word' id='word_1_476' title='bbox 3535 1881 3844 1932; x_wconf 85' lang='lat' dir='ltr'>auctorem.</span> 
     </span>
    </p>
   </div>
   <div class='ocr_carea' id='block_1_66' title="bbox 2246 1955 3844 2038">
    <p class='ocr_par' dir='ltr' id='par_1_66' title="bbox 2246 1955 3844 2038">
     <span class='ocr_line' id='line_1_66' title="bbox 2246 1955 3844 2038; baseline 0.006 -27"><span class='ocrx_word' id='word_1_477' title='bbox 2246 1955 2561 2011; x_wconf 79' lang='lat' dir='ltr'>Referentes</span> <span class='ocrx_word' id='word_1_478' title='bbox 2608 1971 2825 2029; x_wconf 91' lang='lat' dir='ltr'>quoque</span> <span class='ocrx_word' id='word_1_479' title='bbox 2868 1957 3166 2028; x_wconf 86' lang='lat' dir='ltr'>gratiarum</span> <span class='ocrx_word' id='word_1_480' title='bbox 3197 1958 3440 2016; x_wconf 86' lang='lat' dir='ltr'>actiones</span> <span class='ocrx_word' id='word_1_481' title='bbox 3493 1979 3588 2034; x_wconf 91' lang='lat' dir='ltr'>pro</span> <span class='ocrx_word' id='word_1_482' title='bbox 3617 1962 3685 2018; x_wconf 88' lang='lat' dir='ltr'>iis</span> <span class='ocrx_word' id='word_1_483' title='bbox 3713 1979 3844 2038; x_wconf 66' lang='lat' dir='ltr'>quae</span> 
     </span>
    </p>
   </div>
   <div class='ocr_carea' id='block_1_67' title="bbox 2245 2043 3844 2124">
    <p class='ocr_par' dir='ltr' id='par_1_67' title="bbox 2245 2043 3844 2124">
     <span class='ocr_line' id='line_1_67' title="bbox 2245 2043 3844 2124; baseline 0.008 -26"><span class='ocrx_word' id='word_1_484' title='bbox 2245 2043 2406 2100; x_wconf 87' lang='lat' dir='ltr'>nobis</span> <span class='ocrx_word' id='word_1_485' title='bbox 2436 2044 2682 2117; x_wconf 86' lang='lat' dir='ltr'>quotidie</span> <span class='ocrx_word' id='word_1_486' title='bbox 2717 2047 2816 2102; x_wconf 90' lang='lat' dir='ltr'>Dei</span> <span class='ocrx_word' id='word_1_487' title='bbox 2838 2047 3188 2119; x_wconf 88' lang='lat' dir='ltr'>providentia</span> <span class='ocrx_word' id='word_1_488' title='bbox 3208 2056 3537 2121; x_wconf 88' lang='lat' dir='ltr'>praestantur</span> <span class='ocrx_word' id='word_1_489' title='bbox 3557 2051 3623 2108; x_wconf 87' lang='lat' dir='ltr'>ad</span> <span class='ocrx_word' id='word_1_490' title='bbox 3645 2053 3844 2124; x_wconf 81' lang='lat' dir='ltr'>vitam,</span> 
     </span>
    </p>
   </div>
   <div class='ocr_carea' id='block_1_68' title="bbox 2243 2133 3847 2218">
    <p class='ocr_par' dir='ltr' id='par_1_68' title="bbox 2243 2133 3847 2218">
     <span class='ocr_line' id='line_1_68' title="bbox 2243 2133 3847 2218; baseline 0.007 -28"><span class='ocrx_word' id='word_1_491' title='bbox 2243 2141 2307 2190; x_wconf 85' lang='lat' dir='ltr'>ut</span> <span class='ocrx_word' id='word_1_492' title='bbox 2337 2134 2394 2189; x_wconf 91' lang='lat' dir='ltr'>in</span> <span class='ocrx_word' id='word_1_493' title='bbox 2426 2133 2514 2190; x_wconf 90' lang='lat' dir='ltr'>his</span> <span class='ocrx_word' id='word_1_494' title='bbox 2538 2134 2798 2191; x_wconf 91' lang='lat' dir='ltr'>omnibus</span> <span class='ocrx_word' id='word_1_495' title='bbox 2813 2137 2974 2193; x_wconf 89' lang='lat' dir='ltr'>Pater</span> <span class='ocrx_word' id='word_1_496' title='bbox 3001 2138 3342 2196; x_wconf 86' lang='lat' dir='ltr'>collaudetur</span> <span class='ocrx_word' id='word_1_497' title='bbox 3369 2141 3538 2212; x_wconf 81' lang='lat' dir='ltr'>Deus,</span> <span class='ocrx_word' id='word_1_498' title='bbox 3584 2164 3602 2189; x_wconf 71' lang='grc' dir='ltr'>ι</span> <span class='ocrx_word' id='word_1_499' title='bbox 3636 2160 3701 2200; x_wconf 80' lang='lat' dir='ltr'>ex</span> <span class='ocrx_word' id='word_1_500' title='bbox 3729 2161 3847 2218; x_wconf 87' lang='lat' dir='ltr'>quo</span> 
     </span>
    </p>
   </div>
   <div class='ocr_carea' id='block_1_69' title="bbox 2243 2223 3848 2306">
    <p class='ocr_par' dir='ltr' id='par_1_69' title="bbox 2243 2223 3848 2306">
     <span class='ocr_line' id='line_1_69' title="bbox 2243 2223 3848 2306; baseline 0.009 -29"><span class='ocrx_word' id='word_1_501' title='bbox 2243 2230 2374 2278; x_wconf 87' lang='lat' dir='ltr'>sunt</span> <span class='ocrx_word' id='word_1_502' title='bbox 2401 2223 2588 2279; x_wconf 89' lang='lat' dir='ltr'>omnia</span> <span class='ocrx_word' id='word_1_503' title='bbox 2621 2224 2673 2295; x_wconf 87' lang='grc' dir='ltr'>(Ι</span> <span class='ocrx_word' id='word_1_504' title='bbox 2706 2225 2832 2283; x_wconf 82' lang='lat' dir='ltr'>Cor.</span> <span class='ocrx_word' id='word_1_505' title='bbox 2864 2243 2988 2296; x_wconf 85' lang='lat' dir='ltr'>vm,</span> <span class='ocrx_word' id='word_1_506' title='bbox 3028 2227 3085 2299; x_wconf 89' lang='grc'><strong>6)</strong></span> <span class='ocrx_word' id='word_1_507' title='bbox 3119 2246 3132 2284; x_wconf 89' lang='lat'><strong>:</strong></span> <span class='ocrx_word' id='word_1_508' title='bbox 3166 2253 3184 2277; x_wconf 79' lang='grc' dir='ltr'>ι</span> <span class='ocrx_word' id='word_1_509' title='bbox 3228 2236 3282 2286; x_wconf 91' lang='lat' dir='ltr'>et</span> <span class='ocrx_word' id='word_1_510' title='bbox 3309 2231 3486 2288; x_wconf 88' lang='lat' dir='ltr'>Filius</span> <span class='ocrx_word' id='word_1_511' title='bbox 3513 2231 3652 2304; x_wconf 83' lang='lat' dir='ltr'>ejus,</span> <span class='ocrx_word' id='word_1_512' title='bbox 3695 2255 3712 2279; x_wconf 74' lang='grc' dir='ltr'>ι</span> <span class='ocrx_word' id='word_1_513' title='bbox 3739 2250 3848 2306; x_wconf 87' lang='lat' dir='ltr'>per</span> 
     </span>
    </p>
   </div>
   <div class='ocr_carea' id='block_1_70' title="bbox 2244 2312 3848 2389">
    <p class='ocr_par' dir='ltr' id='par_1_70' title="bbox 2244 2312 3848 2389">
     <span class='ocr_line' id='line_1_70' title="bbox 2244 2312 3848 2389; baseline 0.006 -23"><span class='ocrx_word' id='word_1_514' title='bbox 2244 2325 2405 2383; x_wconf 89' lang='lat' dir='ltr'>quem</span> <span class='ocrx_word' id='word_1_515' title='bbox 2462 2317 2592 2367; x_wconf 89' lang='lat' dir='ltr'>sunt</span> <span class='ocrx_word' id='word_1_516' title='bbox 2646 2312 2836 2368; x_wconf 88' lang='lat' dir='ltr'>omnia</span> <span class='ocrx_word' id='word_1_517' title='bbox 2893 2314 3104 2387; x_wconf 82' lang='lat' dir='ltr'>(Ibid.),</span> <span class='ocrx_word' id='word_1_518' title='bbox 3149 2338 3170 2364; x_wconf 75' lang='grc' dir='ltr'>ι</span> <span class='ocrx_word' id='word_1_519' title='bbox 3223 2323 3284 2371; x_wconf 88' lang='lat' dir='ltr'>ut</span> <span class='ocrx_word' id='word_1_520' title='bbox 3334 2317 3529 2389; x_wconf 89' lang='lat' dir='ltr'>sopitis</span> <span class='ocrx_word' id='word_1_521' title='bbox 3585 2319 3848 2377; x_wconf 88' lang='lat' dir='ltr'>omnibus</span> 
     </span>
    </p>
   </div>
   <div class='ocr_carea' id='block_1_71' title="bbox 2243 2399 3840 2476">
    <p class='ocr_par' dir='ltr' id='par_1_71' title="bbox 2243 2399 3840 2476">
     <span class='ocr_line' id='line_1_71' title="bbox 2243 2399 3840 2476; baseline 0.008 -22"><span class='ocrx_word' id='word_1_522' title='bbox 2243 2414 2364 2472; x_wconf 63' lang='lat' dir='ltr'>qua;</span> <span class='ocrx_word' id='word_1_523' title='bbox 2386 2399 2518 2458; x_wconf 91' lang='lat' dir='ltr'>huic</span> <span class='ocrx_word' id='word_1_524' title='bbox 2547 2399 2780 2473; x_wconf 89' lang='lat' dir='ltr'>imperio</span> <span class='ocrx_word' id='word_1_525' title='bbox 2809 2402 3012 2459; x_wconf 79' lang='lat' dir='ltr'>infesta</span> <span class='ocrx_word' id='word_1_526' title='bbox 3031 2411 3086 2460; x_wconf 90' lang='lat' dir='ltr'>et</span> <span class='ocrx_word' id='word_1_527' title='bbox 3114 2403 3340 2462; x_wconf 87' lang='lat' dir='ltr'>inimica</span> <span class='ocrx_word' id='word_1_528' title='bbox 3367 2415 3518 2476; x_wconf 89' lang='lat' dir='ltr'>sunt,</span> <span class='ocrx_word' id='word_1_529' title='bbox 3549 2409 3608 2463; x_wconf 87' lang='lat' dir='ltr'>in</span> <span class='ocrx_word' id='word_1_530' title='bbox 3635 2409 3840 2467; x_wconf 78' lang='lat' dir='ltr'>atfectu</span> 
     </span>
    </p>
   </div>
   <div class='ocr_carea' id='block_1_72' title="bbox 2243 2489 3846 2572">
    <p class='ocr_par' dir='ltr' id='par_1_72' title="bbox 2243 2489 3846 2572">
     <span class='ocr_line' id='line_1_72' title="bbox 2243 2489 3846 2572; baseline 0.008 -28"><span class='ocrx_word' id='word_1_531' title='bbox 2243 2489 2463 2562; x_wconf 89' lang='lat' dir='ltr'>pietatis</span> <span class='ocrx_word' id='word_1_532' title='bbox 2500 2497 2554 2547; x_wconf 86' lang='lat' dir='ltr'>et</span> <span class='ocrx_word' id='word_1_533' title='bbox 2583 2491 2849 2548; x_wconf 87' lang='lat' dir='ltr'>castitatis</span> <span class='ocrx_word' id='word_1_534' title='bbox 2893 2495 3007 2549; x_wconf 92' lang='lat' dir='ltr'>Deo</span> <span class='ocrx_word' id='word_1_535' title='bbox 3051 2493 3258 2551; x_wconf 86' lang='lat' dir='ltr'>servire</span> <span class='ocrx_word' id='word_1_536' title='bbox 3287 2497 3596 2568; x_wconf 88' lang='lat' dir='ltr'>possimus:</span> <span class='ocrx_word' id='word_1_537' title='bbox 3630 2508 3846 2572; x_wconf 87' lang='lat' dir='ltr'>pertur-</span> 
     </span>
    </p>
   </div>
   <div class='ocr_carea' id='block_1_73' title="bbox 2241 2577 3847 2658">
    <p class='ocr_par' dir='ltr' id='par_1_73' title="bbox 2241 2577 3847 2658">
     <span class='ocr_line' id='line_1_73' title="bbox 2241 2577 3847 2658; baseline 0.009 -24"><span class='ocrx_word' id='word_1_538' title='bbox 2241 2577 2392 2635; x_wconf 84' lang='lat' dir='ltr'>batio</span> <span class='ocrx_word' id='word_1_539' title='bbox 2423 2579 2572 2635; x_wconf 89' lang='lat' dir='ltr'>enim</span> <span class='ocrx_word' id='word_1_540' title='bbox 2621 2589 2674 2636; x_wconf 86' lang='lat' dir='ltr'>et</span> <span class='ocrx_word' id='word_1_541' title='bbox 2716 2582 3008 2654; x_wconf 83' lang='lat' dir='ltr'>captivitas</span> <span class='ocrx_word' id='word_1_542' title='bbox 3055 2600 3156 2642; x_wconf 88' lang='lat' dir='ltr'>nec</span> <span class='ocrx_word' id='word_1_543' title='bbox 3200 2585 3456 2658; x_wconf 89' lang='lat' dir='ltr'>pietatem</span> <span class='ocrx_word' id='word_1_544' title='bbox 3507 2597 3708 2656; x_wconf 85' lang='lat' dir='ltr'>servat,</span> <span class='ocrx_word' id='word_1_545' title='bbox 3737 2607 3847 2649; x_wconf 85' lang='lat' dir='ltr'>nec</span> 
     </span>
    </p>
   </div>
   <div class='ocr_carea' id='block_1_74' title="bbox 2241 2669 3846 2748">
    <p class='ocr_par' dir='ltr' id='par_1_74' title="bbox 2241 2669 3846 2748">
     <span class='ocr_line' id='line_1_74' title="bbox 2241 2669 3846 2748; baseline 0.007 -22"><span class='ocrx_word' id='word_1_546' title='bbox 2241 2669 2568 2726; x_wconf 85' lang='lat' dir='ltr'>castitatem.</span> <span class='ocrx_word' id='word_1_547' title='bbox 2601 2669 2757 2727; x_wconf 90' lang='lat' dir='ltr'>Unde</span> <span class='ocrx_word' id='word_1_548' title='bbox 2778 2671 2926 2727; x_wconf 91' lang='lat' dir='ltr'>enim</span> <span class='ocrx_word' id='word_1_549' title='bbox 2958 2674 3100 2746; x_wconf 93' lang='lat' dir='ltr'>pius,</span> <span class='ocrx_word' id='word_1_550' title='bbox 3133 2675 3228 2748; x_wconf 92' lang='lat' dir='ltr'>qui</span> <span class='ocrx_word' id='word_1_551' title='bbox 3253 2675 3435 2732; x_wconf 86' lang='lat' dir='ltr'>nudus</span> <span class='ocrx_word' id='word_1_552' title='bbox 3457 2678 3582 2734; x_wconf 79' lang='lat' dir='ltr'>est?</span> <span class='ocrx_word' id='word_1_553' title='bbox 3609 2685 3664 2736; x_wconf 87' lang='lat' dir='ltr'>et</span> <span class='ocrx_word' id='word_1_554' title='bbox 3692 2681 3846 2738; x_wconf 90' lang='lat' dir='ltr'>unde</span> 
     </span>
    </p>
   </div>
   <div class='ocr_carea' id='block_1_75' title="bbox 2241 2757 3846 2832">
    <p class='ocr_par' dir='ltr' id='par_1_75' title="bbox 2241 2757 3846 2832">
     <span class='ocr_line' id='line_1_75' title="bbox 2241 2757 3846 2832; baseline 0.009 -20"><span class='ocrx_word' id='word_1_555' title='bbox 2241 2764 2442 2826; x_wconf 89' lang='lat' dir='ltr'>castus,</span> <span class='ocrx_word' id='word_1_556' title='bbox 2486 2757 2582 2814; x_wconf 90' lang='lat' dir='ltr'>ubi</span> <span class='ocrx_word' id='word_1_557' title='bbox 2628 2757 2745 2831; x_wconf 74' lang='grc'>(34)</span> <span class='ocrx_word' id='word_1_558' title='bbox 2798 2762 3080 2832; x_wconf 89' lang='lat' dir='ltr'>potestatis</span> <span class='ocrx_word' id='word_1_559' title='bbox 3126 2780 3237 2820; x_wconf 68' lang='lat' dir='ltr'>suae</span> <span class='ocrx_word' id='word_1_560' title='bbox 3288 2777 3399 2821; x_wconf 89' lang='lat' dir='ltr'>non</span> <span class='ocrx_word' id='word_1_561' title='bbox 3436 2767 3563 2823; x_wconf 81' lang='lat' dir='ltr'>est?</span> <span class='ocrx_word' id='word_1_562' title='bbox 3611 2768 3681 2825; x_wconf 89' lang='lat' dir='ltr'>Ut</span> <span class='ocrx_word' id='word_1_563' title='bbox 3719 2769 3846 2827; x_wconf 85' lang='lat' dir='ltr'>haec</span> 
     </span>
    </p>
   </div>
   <div class='ocr_carea' id='block_1_76' title="bbox 2243 2849 3849 2935">
    <p class='ocr_par' dir='ltr' id='par_1_76' title="bbox 2243 2849 3849 2935">
     <span class='ocr_line' id='line_1_76' title="bbox 2243 2849 3849 2935; baseline 0.01 -31"><span class='ocrx_word' id='word_1_564' title='bbox 2243 2865 2370 2922; x_wconf 86' lang='lat' dir='ltr'>ergo</span> <span class='ocrx_word' id='word_1_565' title='bbox 2396 2849 2602 2906; x_wconf 86' lang='lat' dir='ltr'>servari</span> <span class='ocrx_word' id='word_1_566' title='bbox 2626 2852 2858 2924; x_wconf 89' lang='lat' dir='ltr'>possint,</span> <span class='ocrx_word' id='word_1_567' title='bbox 2888 2855 3043 2928; x_wconf 88' lang='lat' dir='ltr'>quies</span> <span class='ocrx_word' id='word_1_568' title='bbox 3063 2859 3363 2914; x_wconf 88' lang='lat' dir='ltr'>necessaria</span> <span class='ocrx_word' id='word_1_569' title='bbox 3393 2868 3474 2916; x_wconf 89' lang='lat' dir='ltr'>est</span> <span class='ocrx_word' id='word_1_570' title='bbox 3502 2879 3514 2916; x_wconf 90' lang='lat'>:</span> <span class='ocrx_word' id='word_1_571' title='bbox 3549 2867 3609 2917; x_wconf 89' lang='lat' dir='ltr'>ut</span> <span class='ocrx_word' id='word_1_572' title='bbox 3636 2862 3849 2935; x_wconf 83' lang='lat' dir='ltr'>placita</span> 
     </span>
    </p>
   </div>
   <div class='ocr_carea' id='block_1_77' title="bbox 2239 2941 3849 3021">
    <p class='ocr_par' dir='ltr' id='par_1_77' title="bbox 2239 2941 3849 3021">
     <span class='ocr_line' id='line_1_77' title="bbox 2239 2941 3849 3021; baseline 0.009 -25"><span class='ocrx_word' id='word_1_573' title='bbox 2239 2943 2354 2997; x_wconf 93' lang='lat' dir='ltr'>Deo</span> <span class='ocrx_word' id='word_1_574' title='bbox 2383 2941 2684 3000; x_wconf 88' lang='lat' dir='ltr'>reddantur</span> <span class='ocrx_word' id='word_1_575' title='bbox 2731 2944 3012 3018; x_wconf 82' lang='lat' dir='ltr'>obsequia,</span> <span class='ocrx_word' id='word_1_576' title='bbox 3056 2948 3154 3021; x_wconf 92' lang='lat' dir='ltr'>qui</span> <span class='ocrx_word' id='word_1_577' title='bbox 3204 2965 3395 3008; x_wconf 88' lang='lat' dir='ltr'>omnes</span> <span class='ocrx_word' id='word_1_578' title='bbox 3442 2951 3687 3009; x_wconf 89' lang='lat' dir='ltr'>homines</span> <span class='ocrx_word' id='word_1_579' title='bbox 3731 2955 3849 3011; x_wconf 82' lang='lat' dir='ltr'>sal-</span> 
     </span>
    </p>
   </div>
   <div class='ocr_carea' id='block_1_78' title="bbox 2241 3031 3847 3114">
    <p class='ocr_par' dir='ltr' id='par_1_78' title="bbox 2241 3031 3847 3114">
     <span class='ocr_line' id='line_1_78' title="bbox 2241 3031 3847 3114; baseline 0.012 -31"><span class='ocrx_word' id='word_1_580' title='bbox 2241 3044 2341 3085; x_wconf 86' lang='lat' dir='ltr'>vos</span> <span class='ocrx_word' id='word_1_581' title='bbox 2370 3031 2490 3087; x_wconf 87' lang='lat' dir='ltr'>vult</span> <span class='ocrx_word' id='word_1_582' title='bbox 2535 3031 2678 3101; x_wconf 89' lang='lat' dir='ltr'>ﬁeri,</span> <span class='ocrx_word' id='word_1_583' title='bbox 2719 3041 2774 3090; x_wconf 93' lang='lat' dir='ltr'>et</span> <span class='ocrx_word' id='word_1_584' title='bbox 2802 3049 3126 3107; x_wconf 87' lang='lat' dir='ltr'>cognoscere</span> <span class='ocrx_word' id='word_1_585' title='bbox 3155 3039 3465 3097; x_wconf 84' lang='lat' dir='ltr'>veritatem.</span> <span class='ocrx_word' id='word_1_586' title='bbox 3516 3064 3535 3090; x_wconf 75' lang='grc' dir='ltr'>ι</span> <span class='ocrx_word' id='word_1_587' title='bbox 3563 3042 3689 3100; x_wconf 66' lang='lat' dir='ltr'>Haec</span> <span class='ocrx_word' id='word_1_588' title='bbox 3727 3049 3847 3114; x_wconf 84' lang='lat' dir='ltr'>est,</span> 
     </span>
    </p>
   </div>
   <div class='ocr_carea' id='block_1_79' title="bbox 2240 3117 3848 3200">
    <p class='ocr_par' dir='ltr' id='par_1_79' title="bbox 2240 3117 3848 3200">
     <span class='ocr_line' id='line_1_79' title="bbox 2240 3117 3848 3200; baseline 0.012 -27"><span class='ocrx_word' id='word_1_589' title='bbox 2240 3117 2446 3192; x_wconf 89' lang='lat' dir='ltr'>inquit,</span> <span class='ocrx_word' id='word_1_590' title='bbox 2485 3121 2602 3178; x_wconf 90' lang='lat' dir='ltr'>vita</span> <span class='ocrx_word' id='word_1_591' title='bbox 2631 3131 2856 3192; x_wconf 78' lang='lat' dir='ltr'>aeterna,</span> <span class='ocrx_word' id='word_1_592' title='bbox 2884 3132 2949 3181; x_wconf 90' lang='lat' dir='ltr'>ut</span> <span class='ocrx_word' id='word_1_593' title='bbox 2982 3138 3314 3200; x_wconf 87' lang='lat' dir='ltr'>cognoscant</span> <span class='ocrx_word' id='word_1_594' title='bbox 3343 3138 3396 3187; x_wconf 91' lang='lat' dir='ltr'>te</span> <span class='ocrx_word' id='word_1_595' title='bbox 3439 3133 3616 3188; x_wconf 89' lang='lat' dir='ltr'>solum</span> <span class='ocrx_word' id='word_1_596' title='bbox 3641 3147 3848 3192; x_wconf 88' lang='lat' dir='ltr'>verum</span> 
     </span>
    </p>
   </div>
   <div class='ocr_carea' id='block_1_80' title="bbox 2238 3207 3845 3293">
    <p class='ocr_par' dir='ltr' id='par_1_80' title="bbox 2238 3207 3845 3293">
     <span class='ocr_line' id='line_1_80' title="bbox 2238 3207 3845 3293; baseline 0.011 -29"><span class='ocrx_word' id='word_1_597' title='bbox 2238 3207 2436 3279; x_wconf 88' lang='lat' dir='ltr'>Deum,</span> <span class='ocrx_word' id='word_1_598' title='bbox 2496 3218 2551 3267; x_wconf 91' lang='lat' dir='ltr'>et</span> <span class='ocrx_word' id='word_1_599' title='bbox 2604 3228 2767 3284; x_wconf 90' lang='lat' dir='ltr'>quem</span> <span class='ocrx_word' id='word_1_600' title='bbox 2825 3214 3028 3272; x_wconf 81' lang='lat' dir='ltr'>misisti</span> <span class='ocrx_word' id='word_1_601' title='bbox 3083 3217 3268 3276; x_wconf 83' lang='lat' dir='ltr'>Jesum</span> <span class='ocrx_word' id='word_1_602' title='bbox 3323 3219 3601 3279; x_wconf 89' lang='lat' dir='ltr'>Christum</span> <span class='ocrx_word' id='word_1_603' title='bbox 3645 3224 3845 3293; x_wconf 84' lang='lat' dir='ltr'>(Joan.</span> 
     </span>
    </p>
   </div>
   <div class='ocr_carea' id='block_1_81' title="bbox 2237 3298 3847 3388">
    <p class='ocr_par' dir='ltr' id='par_1_81' title="bbox 2237 3298 3847 3388">
     <span class='ocr_line' id='line_1_81' title="bbox 2237 3298 3847 3388; baseline 0.012 -35"><span class='ocrx_word' id='word_1_604' title='bbox 2237 3313 2380 3367; x_wconf 82' lang='lat' dir='ltr'>xvrr,</span> <span class='ocrx_word' id='word_1_605' title='bbox 2413 3298 2489 3368; x_wconf 84' lang='lat'>3).</span> <span class='ocrx_word' id='word_1_606' title='bbox 2525 3325 2544 3348; x_wconf 75' lang='grc' dir='ltr'>ι</span> <span class='ocrx_word' id='word_1_607' title='bbox 2588 3300 2645 3358; x_wconf 89' lang='lat' dir='ltr'>Si</span> <span class='ocrx_word' id='word_1_608' title='bbox 2678 3303 2824 3359; x_wconf 87' lang='lat' dir='ltr'>Deus</span> <span class='ocrx_word' id='word_1_609' title='bbox 2854 3305 3066 3378; x_wconf 90' lang='lat' dir='ltr'>utique,</span> <span class='ocrx_word' id='word_1_610' title='bbox 3095 3307 3190 3380; x_wconf 89' lang='lat' dir='ltr'>qui</span> <span class='ocrx_word' id='word_1_611' title='bbox 3231 3308 3580 3382; x_wconf 89' lang='lat' dir='ltr'>omnipotens</span> <span class='ocrx_word' id='word_1_612' title='bbox 3608 3312 3847 3388; x_wconf 89' lang='lat' dir='ltr'>dicitur,</span> 
     </span>
    </p>
   </div>
   <div class='ocr_carea' id='block_1_82' title="bbox 2236 3388 3850 3477">
    <p class='ocr_par' dir='ltr' id='par_1_82' title="bbox 2236 3388 3850 3477">
     <span class='ocr_line' id='line_1_82' title="bbox 2236 3388 3850 3477; baseline 0.012 -35"><span class='ocrx_word' id='word_1_613' title='bbox 2236 3403 2429 3444; x_wconf 88' lang='lat' dir='ltr'>omnes</span> <span class='ocrx_word' id='word_1_614' title='bbox 2475 3388 2729 3448; x_wconf 90' lang='lat' dir='ltr'>homines</span> <span class='ocrx_word' id='word_1_615' title='bbox 2756 3393 2937 3450; x_wconf 84' lang='lat' dir='ltr'>salvos</span> <span class='ocrx_word' id='word_1_616' title='bbox 2967 3395 3088 3452; x_wconf 89' lang='lat' dir='ltr'>vult</span> <span class='ocrx_word' id='word_1_617' title='bbox 3120 3396 3260 3467; x_wconf 88' lang='lat' dir='ltr'>ﬁeri,</span> <span class='ocrx_word' id='word_1_618' title='bbox 3293 3415 3404 3455; x_wconf 92' lang='lat' dir='ltr'>non</span> <span class='ocrx_word' id='word_1_619' title='bbox 3434 3400 3693 3474; x_wconf 88' lang='lat' dir='ltr'>impletur</span> <span class='ocrx_word' id='word_1_620' title='bbox 3719 3404 3850 3477; x_wconf 78' lang='lat' dir='ltr'>ejus</span> 
     </span>
    </p>
   </div>
   <div class='ocr_carea' id='block_1_83' title="bbox 2241 3477 3844 3552">
    <p class='ocr_par' dir='ltr' id='par_1_83' title="bbox 2241 3477 3844 3552">
     <span class='ocr_line' id='line_1_83' title="bbox 2241 3477 3844 3552; baseline 0.013 -21"><span class='ocrx_word' id='word_1_621' title='bbox 2241 3477 2496 3533; x_wconf 90' lang='lat' dir='ltr'>voluntas</span> <span class='ocrx_word' id='word_1_622' title='bbox 2515 3478 2542 3534; x_wconf 77' lang='lat'><strong>?</strong></span> <span class='ocrx_word' id='word_1_623' title='bbox 2570 3479 2676 3535; x_wconf 91' lang='lat' dir='ltr'>Sed</span> <span class='ocrx_word' id='word_1_624' title='bbox 2705 3480 2764 3537; x_wconf 92' lang='lat' dir='ltr'>in</span> <span class='ocrx_word' id='word_1_625' title='bbox 2793 3485 2946 3540; x_wconf 88' lang='lat' dir='ltr'>omni</span> <span class='ocrx_word' id='word_1_626' title='bbox 2980 3486 3259 3544; x_wconf 89' lang='lat' dir='ltr'>locutione</span> <span class='ocrx_word' id='word_1_627' title='bbox 3287 3505 3480 3547; x_wconf 90' lang='lat' dir='ltr'>sensus</span> <span class='ocrx_word' id='word_1_628' title='bbox 3509 3500 3563 3548; x_wconf 85' lang='lat' dir='ltr'>et</span> <span class='ocrx_word' id='word_1_629' title='bbox 3589 3493 3844 3552; x_wconf 88' lang='lat' dir='ltr'>conditio</span> 
     </span>
    </p>
   </div>
   <div class='ocr_carea' id='block_1_84' title="bbox 2239 3565 3846 3649">
    <p class='ocr_par' dir='ltr' id='par_1_84' title="bbox 2239 3565 3846 3649">
     <span class='ocr_line' id='line_1_84' title="bbox 2239 3565 3846 3649; baseline 0.014 -30"><span class='ocrx_word' id='word_1_630' title='bbox 2239 3565 2393 3634; x_wconf 87' lang='lat' dir='ltr'>latet,</span> <span class='ocrx_word' id='word_1_631' title='bbox 2439 3567 2586 3623; x_wconf 89' lang='lat' dir='ltr'>unde</span> <span class='ocrx_word' id='word_1_632' title='bbox 2642 3569 2779 3627; x_wconf 89' lang='lat' dir='ltr'>dicit</span> <span class='ocrx_word' id='word_1_633' title='bbox 2827 3573 3021 3631; x_wconf 90' lang='lat' dir='ltr'>Petrus</span> <span class='ocrx_word' id='word_1_634' title='bbox 3071 3580 3350 3649; x_wconf 86' lang='lat' dir='ltr'>apostolus</span> <span class='ocrx_word' id='word_1_635' title='bbox 3399 3599 3410 3637; x_wconf 92' lang='lat'><strong>:</strong></span> <span class='ocrx_word' id='word_1_636' title='bbox 3461 3582 3654 3640; x_wconf 89' lang='lat' dir='ltr'>Omnis</span> <span class='ocrx_word' id='word_1_637' title='bbox 3693 3584 3846 3641; x_wconf 80' lang='lat' dir='ltr'>Scri-</span> 
     </span>
    </p>
   </div>
   <div class='ocr_carea' id='block_1_85' title="bbox 2240 3655 3848 3744">
    <p class='ocr_par' dir='ltr' id='par_1_85' title="bbox 2240 3655 3848 3744">
     <span class='ocr_line' id='line_1_85' title="bbox 2240 3655 3848 3744; baseline 0.015 -36"><span class='ocrx_word' id='word_1_638' title='bbox 2240 3661 2402 3744; x_wconf 87' lang='lat' dir='ltr'>ptura</span> <span class='ocrx_word' id='word_1_639' title='bbox 2429 3655 2641 3729; x_wconf 90' lang='lat' dir='ltr'>indiget</span> <span class='ocrx_word' id='word_1_640' title='bbox 2689 3660 3140 3735; x_wconf 88' lang='lat' dir='ltr'>interpretatione</span> <span class='ocrx_word' id='word_1_641' title='bbox 3171 3668 3259 3739; x_wconf 90' lang='grc' dir='ltr'>(ΙΙ</span> <span class='ocrx_word' id='word_1_642' title='bbox 3284 3669 3430 3724; x_wconf 78' lang='lat' dir='ltr'>Petr.</span> <span class='ocrx_word' id='word_1_643' title='bbox 3477 3687 3519 3739; x_wconf 79' lang='grc' dir='ltr'>ι,</span> <span class='ocrx_word' id='word_1_644' title='bbox 3558 3671 3670 3744; x_wconf 77' lang='lat'>20).</span> <span class='ocrx_word' id='word_1_645' title='bbox 3699 3673 3848 3733; x_wconf 78' lang='lat' dir='ltr'>Vult</span> 
     </span>
    </p>
   </div>
   <div class='ocr_carea' id='block_1_86' title="bbox 2239 3743 3848 3828">
    <p class='ocr_par' dir='ltr' id='par_1_86' title="bbox 2239 3743 3848 3828">
     <span class='ocr_line' id='line_1_86' title="bbox 2239 3743 3848 3828; baseline 0.015 -30"><span class='ocrx_word' id='word_1_646' title='bbox 2239 3743 2388 3800; x_wconf 91' lang='lat' dir='ltr'>enim</span> <span class='ocrx_word' id='word_1_647' title='bbox 2435 3747 2581 3803; x_wconf 89' lang='lat' dir='ltr'>Deus</span> <span class='ocrx_word' id='word_1_648' title='bbox 2619 3765 2810 3806; x_wconf 90' lang='lat' dir='ltr'>omnes</span> <span class='ocrx_word' id='word_1_649' title='bbox 2853 3751 3108 3811; x_wconf 90' lang='lat' dir='ltr'>homines</span> <span class='ocrx_word' id='word_1_650' title='bbox 3154 3756 3335 3812; x_wconf 88' lang='lat' dir='ltr'>salvos</span> <span class='ocrx_word' id='word_1_651' title='bbox 3364 3757 3506 3828; x_wconf 89' lang='lat' dir='ltr'>ﬁeri,</span> <span class='ocrx_word' id='word_1_652' title='bbox 3546 3743 3636 3816; x_wconf 89' lang='lat' dir='ltr'>sed</span> <span class='ocrx_word' id='word_1_653' title='bbox 3674 3760 3720 3817; x_wconf 92' lang='lat' dir='ltr'>si</span> <span class='ocrx_word' id='word_1_654' title='bbox 3750 3777 3848 3821; x_wconf 79' lang='lat' dir='ltr'>ac-</span> 
     </span>
    </p>
   </div>
   <div class='ocr_carea' id='block_1_87' title="bbox 2239 3833 3850 3917">
    <p class='ocr_par' dir='ltr' id='par_1_87' title="bbox 2239 3833 3850 3917">
     <span class='ocr_line' id='line_1_87' title="bbox 2239 3833 3850 3917; baseline 0.011 -25"><span class='ocrx_word' id='word_1_655' title='bbox 2239 3833 2437 3892; x_wconf 86' lang='lat' dir='ltr'>cedant</span> <span class='ocrx_word' id='word_1_656' title='bbox 2479 3835 2547 3892; x_wconf 88' lang='lat' dir='ltr'>ad</span> <span class='ocrx_word' id='word_1_657' title='bbox 2589 3854 2713 3895; x_wconf 90' lang='lat' dir='ltr'>eum</span> <span class='ocrx_word' id='word_1_658' title='bbox 2748 3857 2760 3895; x_wconf 89' lang='lat'><strong>:</strong></span> <span class='ocrx_word' id='word_1_659' title='bbox 2796 3857 2907 3897; x_wconf 89' lang='lat' dir='ltr'>non</span> <span class='ocrx_word' id='word_1_660' title='bbox 2964 3843 3113 3900; x_wconf 90' lang='lat' dir='ltr'>enim</span> <span class='ocrx_word' id='word_1_661' title='bbox 3160 3845 3239 3903; x_wconf 90' lang='lat' dir='ltr'>sic</span> <span class='ocrx_word' id='word_1_662' title='bbox 3286 3848 3431 3917; x_wconf 83' lang='lat' dir='ltr'>vult,</span> <span class='ocrx_word' id='word_1_663' title='bbox 3481 3856 3541 3905; x_wconf 90' lang='lat' dir='ltr'>ut</span> <span class='ocrx_word' id='word_1_664' title='bbox 3584 3851 3850 3910; x_wconf 87' lang='lat' dir='ltr'>nolentes</span> 
     </span>
    </p>
   </div>
   <div class='ocr_carea' id='block_1_88' title="bbox 2239 3925 3844 4010">
    <p class='ocr_par' dir='ltr' id='par_1_88' title="bbox 2239 3925 3844 4010">
     <span class='ocr_line' id='line_1_88' title="bbox 2239 3925 3844 4010; baseline 0.015 -33"><span class='ocrx_word' id='word_1_665' title='bbox 2239 3925 2523 3980; x_wconf 85' lang='lat' dir='ltr'>salventur</span> <span class='ocrx_word' id='word_1_666' title='bbox 2557 3942 2569 3982; x_wconf 92' lang='lat'><strong>:</strong></span> <span class='ocrx_word' id='word_1_667' title='bbox 2601 3925 2696 3982; x_wconf 90' lang='lat' dir='ltr'>sed</span> <span class='ocrx_word' id='word_1_668' title='bbox 2726 3929 2848 3986; x_wconf 90' lang='lat' dir='ltr'>vult</span> <span class='ocrx_word' id='word_1_669' title='bbox 2878 3931 3004 3988; x_wconf 91' lang='lat' dir='ltr'>illos</span> <span class='ocrx_word' id='word_1_670' title='bbox 3035 3934 3260 4004; x_wconf 88' lang='lat' dir='ltr'>salvari,</span> <span class='ocrx_word' id='word_1_671' title='bbox 3300 3935 3346 3992; x_wconf 89' lang='lat' dir='ltr'>si</span> <span class='ocrx_word' id='word_1_672' title='bbox 3395 3946 3447 3994; x_wconf 88' lang='lat' dir='ltr'>et</span> <span class='ocrx_word' id='word_1_673' title='bbox 3489 3937 3588 4010; x_wconf 91' lang='lat' dir='ltr'>ipsi</span> <span class='ocrx_word' id='word_1_674' title='bbox 3631 3939 3844 4001; x_wconf 87' lang='lat' dir='ltr'>velint.</span> 
     </span>
    </p>
   </div>
   <div class='ocr_carea' id='block_1_89' title="bbox 2239 4014 3848 4096">
    <p class='ocr_par' dir='ltr' id='par_1_89' title="bbox 2239 4014 3848 4096">
     <span class='ocr_line' id='line_1_89' title="bbox 2239 4014 3848 4096; baseline 0.012 -27"><span class='ocrx_word' id='word_1_675' title='bbox 2239 4014 2375 4070; x_wconf 87' lang='lat' dir='ltr'>Nam</span> <span class='ocrx_word' id='word_1_676' title='bbox 2407 4015 2601 4088; x_wconf 90' lang='lat' dir='ltr'>utique</span> <span class='ocrx_word' id='word_1_677' title='bbox 2644 4017 2738 4090; x_wconf 92' lang='lat' dir='ltr'>qui</span> <span class='ocrx_word' id='word_1_678' title='bbox 2769 4018 2943 4092; x_wconf 85' lang='lat' dir='ltr'>legem</span> <span class='ocrx_word' id='word_1_679' title='bbox 2986 4023 3244 4080; x_wconf 91' lang='lat' dir='ltr'>omnibus</span> <span class='ocrx_word' id='word_1_680' title='bbox 3291 4025 3464 4096; x_wconf 87' lang='lat' dir='ltr'>dedit,</span> <span class='ocrx_word' id='word_1_681' title='bbox 3496 4029 3708 4085; x_wconf 88' lang='lat' dir='ltr'>nullum</span> <span class='ocrx_word' id='word_1_682' title='bbox 3741 4047 3848 4088; x_wconf 78' lang='lat' dir='ltr'>ex-</span> 
     </span>
    </p>
   </div>
   <div class='ocr_carea' id='block_1_90' title="bbox 2239 4103 3846 4192">
    <p class='ocr_par' dir='ltr' id='par_1_90' title="bbox 2239 4103 3846 4192">
     <span class='ocr_line' id='line_1_90' title="bbox 2239 4103 3846 4192; baseline 0.011 -32"><span class='ocrx_word' id='word_1_683' title='bbox 2239 4103 2385 4175; x_wconf 89' lang='lat' dir='ltr'>cepit</span> <span class='ocrx_word' id='word_1_684' title='bbox 2411 4120 2444 4160; x_wconf 88' lang='lat' dir='ltr'>a</span> <span class='ocrx_word' id='word_1_685' title='bbox 2482 4106 2680 4162; x_wconf 90' lang='lat' dir='ltr'>salute.</span> <span class='ocrx_word' id='word_1_686' title='bbox 2710 4107 2994 4183; x_wconf 88' lang='lat' dir='ltr'>Numquid</span> <span class='ocrx_word' id='word_1_687' title='bbox 3031 4113 3278 4172; x_wconf 91' lang='lat' dir='ltr'>medicus</span> <span class='ocrx_word' id='word_1_688' title='bbox 3315 4133 3428 4172; x_wconf 90' lang='lat' dir='ltr'>non</span> <span class='ocrx_word' id='word_1_689' title='bbox 3480 4117 3684 4177; x_wconf 85' lang='lat' dir='ltr'>idcirco</span> <span class='ocrx_word' id='word_1_690' title='bbox 3715 4135 3846 4192; x_wconf 86' lang='lat' dir='ltr'>pro-</span> 
     </span>
    </p>
   </div>
   <div class='ocr_carea' id='block_1_91' title="bbox 2240 4193 3844 4268">
    <p class='ocr_par' dir='ltr' id='par_1_91' title="bbox 2240 4193 3844 4268">
     <span class='ocr_line' id='line_1_91' title="bbox 2240 4193 3844 4268; baseline 0.012 -21"><span class='ocrx_word' id='word_1_691' title='bbox 2240 4193 2397 4266; x_wconf 89' lang='lat' dir='ltr'>ponit</span> <span class='ocrx_word' id='word_1_692' title='bbox 2444 4193 2502 4249; x_wconf 92' lang='lat' dir='ltr'>in</span> <span class='ocrx_word' id='word_1_693' title='bbox 2541 4196 2784 4268; x_wconf 91' lang='lat' dir='ltr'>publico,</span> <span class='ocrx_word' id='word_1_694' title='bbox 2823 4203 2901 4254; x_wconf 84' lang='lat' dir='ltr'>ut</span> <span class='ocrx_word' id='word_1_695' title='bbox 2928 4217 3115 4259; x_wconf 89' lang='lat' dir='ltr'>omnes</span> <span class='ocrx_word' id='word_1_696' title='bbox 3162 4221 3220 4260; x_wconf 90' lang='lat' dir='ltr'>se</span> <span class='ocrx_word' id='word_1_697' title='bbox 3258 4207 3512 4264; x_wconf 88' lang='lat' dir='ltr'>ostendat</span> <span class='ocrx_word' id='word_1_698' title='bbox 3553 4209 3693 4266; x_wconf 72' lang='lat' dir='ltr'>velle</span> <span class='ocrx_word' id='word_1_699' title='bbox 3733 4212 3844 4268; x_wconf 84' lang='lat' dir='ltr'>sal-</span> 
     </span>
    </p>
   </div>
   <div class='ocr_carea' id='block_1_92' title="bbox 2241 4284 3844 4366">
    <p class='ocr_par' dir='ltr' id='par_1_92' title="bbox 2241 4284 3844 4366">
     <span class='ocr_line' id='line_1_92' title="bbox 2241 4284 3844 4366; baseline 0.014 -30"><span class='ocrx_word' id='word_1_700' title='bbox 2241 4298 2388 4352; x_wconf 91' lang='lat' dir='ltr'>vare,</span> <span class='ocrx_word' id='word_1_701' title='bbox 2429 4284 2474 4339; x_wconf 90' lang='lat' dir='ltr'>si</span> <span class='ocrx_word' id='word_1_702' title='bbox 2516 4293 2697 4342; x_wconf 91' lang='lat' dir='ltr'>tamen</span> <span class='ocrx_word' id='word_1_703' title='bbox 2727 4285 2795 4344; x_wconf 86' lang='lat' dir='ltr'>ab</span> <span class='ocrx_word' id='word_1_704' title='bbox 2825 4289 2982 4362; x_wconf 71' lang='lat' dir='ltr'>aegris</span> <span class='ocrx_word' id='word_1_705' title='bbox 3011 4293 3322 4366; x_wconf 89' lang='lat' dir='ltr'>requiratur</span> <span class='ocrx_word' id='word_1_706' title='bbox 3342 4296 3370 4354; x_wconf 68' lang='lat'><strong><em>7</em></strong></span> <span class='ocrx_word' id='word_1_707' title='bbox 3396 4297 3518 4354; x_wconf 87' lang='lat' dir='ltr'>Non</span> <span class='ocrx_word' id='word_1_708' title='bbox 3561 4308 3642 4355; x_wconf 89' lang='lat' dir='ltr'>est</span> <span class='ocrx_word' id='word_1_709' title='bbox 3685 4301 3844 4358; x_wconf 88' lang='lat' dir='ltr'>enim</span> 
     </span>
    </p>
   </div>
   <div class='ocr_carea' id='block_1_93' title="bbox 2241 4373 3846 4464">
    <p class='ocr_par' dir='ltr' id='par_1_93' title="bbox 2241 4373 3846 4464">
     <span class='ocr_line' id='line_1_93' title="bbox 2241 4373 3846 4464; baseline 0.014 -39"><span class='ocrx_word' id='word_1_710' title='bbox 2241 4386 2370 4427; x_wconf 89' lang='lat' dir='ltr'>vera</span> <span class='ocrx_word' id='word_1_711' title='bbox 2414 4373 2580 4443; x_wconf 86' lang='lat' dir='ltr'>salus,</span> <span class='ocrx_word' id='word_1_712' title='bbox 2621 4374 2666 4430; x_wconf 89' lang='lat' dir='ltr'>si</span> <span class='ocrx_word' id='word_1_713' title='bbox 2707 4378 2920 4433; x_wconf 91' lang='lat' dir='ltr'>nolenti</span> <span class='ocrx_word' id='word_1_714' title='bbox 2960 4377 3239 4439; x_wconf 89' lang='lat' dir='ltr'>tribuatur</span> <span class='ocrx_word' id='word_1_715' title='bbox 3279 4401 3292 4440; x_wconf 91' lang='lat'><strong>:</strong></span> <span class='ocrx_word' id='word_1_716' title='bbox 3333 4401 3435 4443; x_wconf 92' lang='lat' dir='ltr'>nec</span> <span class='ocrx_word' id='word_1_717' title='bbox 3482 4391 3712 4460; x_wconf 87' lang='lat' dir='ltr'>gaudere</span> <span class='ocrx_word' id='word_1_718' title='bbox 3744 4409 3846 4464; x_wconf 86' lang='lat' dir='ltr'>po-</span> 
     </span>
    </p>
   </div>
   <div class='ocr_carea' id='block_1_94' title="bbox 2242 4460 3847 4554">
    <p class='ocr_par' dir='ltr' id='par_1_94' title="bbox 2242 4460 3847 4554">
     <span class='ocr_line' id='line_1_94' title="bbox 2242 4460 3847 4554; baseline 0.014 -39"><span class='ocrx_word' id='word_1_719' title='bbox 2242 4466 2345 4516; x_wconf 90' lang='lat' dir='ltr'>test</span> <span class='ocrx_word' id='word_1_720' title='bbox 2381 4460 2439 4516; x_wconf 91' lang='lat' dir='ltr'>in</span> <span class='ocrx_word' id='word_1_721' title='bbox 2486 4473 2739 4538; x_wconf 87' lang='lat' dir='ltr'>percepta</span> <span class='ocrx_word' id='word_1_722' title='bbox 2785 4467 2978 4537; x_wconf 91' lang='lat' dir='ltr'>salute,</span> <span class='ocrx_word' id='word_1_723' title='bbox 3027 4471 3122 4542; x_wconf 92' lang='lat' dir='ltr'>qui</span> <span class='ocrx_word' id='word_1_724' title='bbox 3174 4472 3407 4544; x_wconf 91' lang='lat' dir='ltr'>invitus,</span> <span class='ocrx_word' id='word_1_725' title='bbox 3439 4476 3486 4532; x_wconf 91' lang='lat' dir='ltr'>si</span> <span class='ocrx_word' id='word_1_726' title='bbox 3525 4488 3702 4535; x_wconf 87' lang='lat' dir='ltr'>tamen</span> <span class='ocrx_word' id='word_1_727' title='bbox 3744 4460 3847 4554; x_wconf 72' lang='lat' dir='ltr'>po-</span> 
     </span>
    </p>
   </div>
   <div class='ocr_carea' id='block_1_95' title="bbox 533 4532 3851 4643">
    <p class='ocr_par' dir='ltr' id='par_1_95' title="bbox 533 4532 3851 4643">
     <span class='ocr_line' id='line_1_95' title="bbox 1423 4532 3818 4554; baseline -0.002 -13"><span class='ocrx_word' id='word_1_728' title='bbox 1423 4532 1434 4538; x_wconf 49' lang='grc' dir='ltr'><em>ν</em></span> <span class='ocrx_word' id='word_1_729' title='bbox 1490 4532 1509 4544; x_wconf 89' lang='grc'>.</span> <span class='ocrx_word' id='word_1_730' title='bbox 1814 4532 2094 4540; x_wconf 58' lang='grc' dir='ltr'><strong><em>η</em></strong></span> <span class='ocrx_word' id='word_1_731' title='bbox 2486 4532 2505 4535; x_wconf 83' lang='lat'>_</span> <span class='ocrx_word' id='word_1_732' title='bbox 2647 4532 2664 4538; x_wconf 93' lang='lat'>-</span> <span class='ocrx_word' id='word_1_733' title='bbox 2962 4532 2973 4537; x_wconf 86' lang='lat'>-</span> <span class='ocrx_word' id='word_1_734' title='bbox 3043 4532 3059 4542; x_wconf 86' lang='lat'>_</span> <span class='ocrx_word' id='word_1_735' title='bbox 3392 4532 3406 4544; x_wconf 89' lang='lat'>,</span> <span class='ocrx_word' id='word_1_736' title='bbox 3748 4532 3818 4554; x_wconf 38' lang='lat' dir='ltr'>re</span> 
     </span>
     <span class='ocr_line' id='line_1_96' title="bbox 533 4532 3851 4643; baseline 0.008 -44"><span class='ocrx_word' id='word_1_737' title='bbox 533 4549 690 4602; x_wconf 86' lang='lat' dir='ltr'>tanas</span> <span class='ocrx_word' id='word_1_738' title='bbox 743 4543 929 4634; x_wconf 86' lang='lat' dir='ltr'>decem</span> <span class='ocrx_word' id='word_1_739' title='bbox 963 4557 1016 4606; x_wconf 91' lang='lat' dir='ltr'>et</span> <span class='ocrx_word' id='word_1_740' title='bbox 1069 4559 1194 4608; x_wconf 91' lang='lat' dir='ltr'>octo</span> <span class='ocrx_word' id='word_1_741' title='bbox 1245 4555 1426 4627; x_wconf 89' lang='lat' dir='ltr'>annis,</span> <span class='ocrx_word' id='word_1_742' title='bbox 1477 4576 1591 4620; x_wconf 90' lang='lat' dir='ltr'>non</span> <span class='ocrx_word' id='word_1_743' title='bbox 1631 4532 1876 4639; x_wconf 61' lang='lat' dir='ltr'>oportouit</span> <span class='ocrx_word' id='word_1_744' title='bbox 1922 4573 2066 4630; x_wconf 74' lang='grc' dir='ltr'>εοινί</span> <span class='ocrx_word' id='word_1_745' title='bbox 2103 4589 2135 4632; x_wconf 61' lang='lat'><strong>3</strong></span> <span class='ocrx_word' id='word_1_746' title='bbox 2162 4532 2212 4592; x_wconf 81' lang='lat' dir='ltr'><strong>D</strong></span> <span class='ocrx_word' id='word_1_747' title='bbox 2244 4549 2535 4643; x_wconf 30' lang='lat' dir='ltr'>test-ﬁeri,</span> <span class='ocrx_word' id='word_1_748' title='bbox 2576 4556 2785 4629; x_wconf 86' lang='lat' dir='ltr'>accepit</span> <span class='ocrx_word' id='word_1_749' title='bbox 2832 4558 3182 4630; x_wconf 89' lang='lat' dir='ltr'>medicinam,</span> <span class='ocrx_word' id='word_1_750' title='bbox 3224 4569 3286 4619; x_wconf 92' lang='lat' dir='ltr'>ut</span> <span class='ocrx_word' id='word_1_751' title='bbox 3334 4581 3448 4621; x_wconf 90' lang='lat' dir='ltr'>non</span> <span class='ocrx_word' id='word_1_752' title='bbox 3499 4567 3676 4624; x_wconf 87' lang='lat' dir='ltr'>dicam</span> <span class='ocrx_word' id='word_1_753' title='bbox 3706 4572 3851 4643; x_wconf 83' lang='lat' dir='ltr'>quia</span> 
     </span>
    </p>
   </div>
   <div class='ocr_carea' id='block_1_96' title="bbox 537 4630 1692 4726">
    <p class='ocr_par' dir='ltr' id='par_1_96' title="bbox 537 4630 1692 4726">
     <span class='ocr_line' id='line_1_97' title="bbox 537 4630 1692 4726; baseline 0.014 -36"><span class='ocrx_word' id='word_1_754' title='bbox 537 4634 764 4694; x_wconf 90' lang='lat' dir='ltr'>vinculo</span> <span class='ocrx_word' id='word_1_755' title='bbox 791 4630 882 4695; x_wconf 86' lang='lat' dir='ltr'>die</span> <span class='ocrx_word' id='word_1_756' title='bbox 902 4638 1123 4698; x_wconf 87' lang='lat' dir='ltr'>Sabbati</span> <span class='ocrx_word' id='word_1_757' title='bbox 1155 4641 1307 4717; x_wconf 88' lang='lat' dir='ltr'>(Luc.</span> <span class='ocrx_word' id='word_1_758' title='bbox 1345 4663 1470 4720; x_wconf 85' lang='lat' dir='ltr'>xm,</span> <span class='ocrx_word' id='word_1_759' title='bbox 1506 4651 1593 4726; x_wconf 81' lang='grc'><strong>16)</strong></span> <span class='ocrx_word' id='word_1_760' title='bbox 1614 4654 1642 4710; x_wconf 80' lang='lat'><strong>?</strong></span> <span class='ocrx_word' id='word_1_761' title='bbox 1667 4630 1692 4706; x_wconf 60' lang='grc' dir='ltr'>ξ</span> 
     </span>
    </p>
   </div>
   <div class='ocr_carea' id='block_1_97' title="bbox 1139 4771 1473 4836">
    <p class='ocr_par' dir='ltr' id='par_1_97' title="bbox 1139 4771 1473 4836">
     <span class='ocr_line' id='line_1_98' title="bbox 1139 4771 1473 4836; baseline 0.012 -4"><span class='ocrx_word' id='word_1_762' title='bbox 1139 4771 1368 4832; x_wconf 86' lang='lat' dir='ltr'><strong>CAPUT</strong></span> <span class='ocrx_word' id='word_1_763' title='bbox 1405 4777 1473 4836; x_wconf 87' lang='lat' dir='ltr'>II.</span> 
     </span>
    </p>
   </div>
   <div class='ocr_carea' id='block_1_98' title="bbox 613 4867 2128 4964">
    <p class='ocr_par' dir='ltr' id='par_1_98' title="bbox 613 4867 2128 4964">
     <span class='ocr_line' id='line_1_99' title="bbox 613 4867 2128 4964; baseline 0.024 -40"><span class='ocrx_word' id='word_1_764' title='bbox 613 4867 796 4964; x_wconf 61' lang='grc' dir='ltr'>(γεςε.</span> <span class='ocrx_word' id='word_1_765' title='bbox 816 4869 953 4946; x_wconf 68' lang='grc' dir='ltr'><strong>Νι.)</strong></span> <span class='ocrx_word' id='word_1_766' title='bbox 985 4875 1317 4940; x_wconf 66' lang='lat' dir='ltr'>iExhoi-tare</span> <span class='ocrx_word' id='word_1_767' title='bbox 1337 4901 1463 4960; x_wconf 88' lang='lat' dir='ltr'>ergo</span> <span class='ocrx_word' id='word_1_768' title='bbox 1487 4887 1602 4962; x_wconf 88' lang='lat'>(33)</span> <span class='ocrx_word' id='word_1_769' title='bbox 1623 4889 1862 4964; x_wconf 86' lang='lat' dir='ltr'>primum</span> <span class='ocrx_word' id='word_1_770' title='bbox 1881 4899 2128 4959; x_wconf 88' lang='lat' dir='ltr'>omnium</span> 
     </span>
    </p>
   </div>
   <div class='ocr_carea' id='block_1_99' title="bbox 540 4957 2130 5064">
    <p class='ocr_par' dir='ltr' id='par_1_99' title="bbox 540 4957 2130 5064">
     <span class='ocr_line' id='line_1_100' title="bbox 540 4957 2130 5064; baseline 0.023 -51"><span class='ocrx_word' id='word_1_771' title='bbox 540 4957 662 5064; x_wconf 65' lang='lat' dir='ltr'>ueri</span> <span class='ocrx_word' id='word_1_772' title='bbox 711 4957 1140 5064; x_wconf 72' lang='lat' dir='ltr'>deprecationes,</span> <span class='ocrx_word' id='word_1_773' title='bbox 1199 4957 1505 5046; x_wconf 77' lang='lat' dir='ltr'>orationes,</span> <span class='ocrx_word' id='word_1_774' title='bbox 1546 4957 1959 5058; x_wconf 77' lang='lat' dir='ltr'>postulationes,</span> <span class='ocrx_word' id='word_1_775' title='bbox 2016 4957 2130 5064; x_wconf 50' lang='lat' dir='ltr'>gra;</span> 
     </span>
    </p>
   </div>
   <div class='ocr_carea' id='block_1_100' title="bbox 539 5047 2132 5151">
    <p class='ocr_par' dir='ltr' id='par_1_100' title="bbox 539 5047 2132 5151">
     <span class='ocr_line' id='line_1_101' title="bbox 539 5047 2132 5151; baseline 0.023 -49"><span class='ocrx_word' id='word_1_776' title='bbox 539 5047 744 5151; x_wconf 54' lang='lat' dir='ltr'>tiarum</span> <span class='ocrx_word' id='word_1_777' title='bbox 797 5052 1038 5110; x_wconf 89' lang='lat' dir='ltr'>actiones</span> <span class='ocrx_word' id='word_1_778' title='bbox 1087 5061 1187 5151; x_wconf 64' lang='lat' dir='ltr'>pro</span> <span class='ocrx_word' id='word_1_779' title='bbox 1242 5065 1501 5122; x_wconf 87' lang='lat' dir='ltr'>omnibus</span> <span class='ocrx_word' id='word_1_780' title='bbox 1543 5047 1884 5147; x_wconf 82' lang='lat' dir='ltr'>hominibus,</span> <span class='ocrx_word' id='word_1_781' title='bbox 1915 5047 2132 5151; x_wconf 46' lang='lat' dir='ltr'>progre-</span> 
     </span>
    </p>
   </div>
   <div class='ocr_carea' id='block_1_101' title="bbox 541 5132 2131 5242">
    <p class='ocr_par' dir='ltr' id='par_1_101' title="bbox 541 5132 2131 5242">
     <span class='ocr_line' id='line_1_102' title="bbox 541 5132 2131 5242; baseline 0.021 -47"><span class='ocrx_word' id='word_1_782' title='bbox 541 5132 721 5213; x_wconf 85' lang='lat' dir='ltr'>gibus,</span> <span class='ocrx_word' id='word_1_783' title='bbox 752 5145 805 5198; x_wconf 81' lang='lat' dir='ltr'>et</span> <span class='ocrx_word' id='word_1_784' title='bbox 835 5157 935 5214; x_wconf 90' lang='lat' dir='ltr'>pro</span> <span class='ocrx_word' id='word_1_785' title='bbox 965 5145 1223 5205; x_wconf 85' lang='lat' dir='ltr'>omnibus</span> <span class='ocrx_word' id='word_1_786' title='bbox 1252 5152 1346 5224; x_wconf 90' lang='lat' dir='ltr'>qui</span> <span class='ocrx_word' id='word_1_787' title='bbox 1375 5154 1433 5209; x_wconf 91' lang='lat' dir='ltr'>in</span> <span class='ocrx_word' id='word_1_788' title='bbox 1463 5153 1777 5218; x_wconf 89' lang='lat' dir='ltr'>sublimiori</span> <span class='ocrx_word' id='word_1_789' title='bbox 1808 5132 1933 5222; x_wconf 52' lang='lat' dir='ltr'>locri</span> <span class='ocrx_word' id='word_1_790' title='bbox 1967 5132 2131 5242; x_wconf 73' lang='lat' dir='ltr'>positi</span> 
     </span>
    </p>
   </div>
   <div class='ocr_carea' id='block_1_102' title="bbox 626 5345 2129 5454">
    <p class='ocr_par' dir='ltr' id='par_1_102' title="bbox 626 5345 2129 5454">
     <span class='ocr_line' id='line_1_103' title="bbox 626 5345 2129 5454; baseline 0.022 -48"><span class='ocrx_word' id='word_1_791' title='bbox 626 5345 926 5454; x_wconf 38' lang='grc' dir='ltr'>(ΒΞ),Ε(1Ξῑ.</span> <span class='ocrx_word' id='word_1_792' title='bbox 974 5372 1280 5454; x_wconf 47' lang='lat' dir='ltr'>o&#39;i&#39;nnes‘ac</span> <span class='ocrx_word' id='word_1_793' title='bbox 1335 5379 1465 5448; x_wconf 73' lang='lat' dir='ltr'>mss.</span> <span class='ocrx_word' id='word_1_794' title='bbox 1515 5373 1792 5454; x_wconf 74' lang='lat' dir='ltr'>npnnulli,</span> <span class='ocrx_word' id='word_1_795' title='bbox 1839 5395 1996 5449; x_wconf 82' lang='lat' dir='ltr'>quam</span> <span class='ocrx_word' id='word_1_796' title='bbox 2039 5392 2129 5454; x_wconf 88' lang='lat' dir='ltr'>est,</span> 
     </span>
    </p>
   </div>
   <div class='ocr_carea' id='block_1_103' title="bbox 542 5425 2134 5513">
    <p class='ocr_par' dir='ltr' id='par_1_103' title="bbox 542 5425 2134 5513">
     <span class='ocr_line' id='line_1_104' title="bbox 542 5425 2134 5513; baseline 0.02 -32"><span class='ocrx_word' id='word_1_797' title='bbox 542 5425 925 5513; x_wconf 69' lang='lat' dir='ltr'>apparuisset:</span> <span class='ocrx_word' id='word_1_798' title='bbox 966 5430 1122 5485; x_wconf 65' lang='lat' dir='ltr'>illum</span> <span class='ocrx_word' id='word_1_799' title='bbox 1175 5438 1347 5489; x_wconf 84' lang='lat' dir='ltr'>tamen</span> <span class='ocrx_word' id='word_1_800' title='bbox 1401 5425 1792 5513; x_wconf 36' lang='lat' dir='ltr'>signiﬁcemus?</span> 
     </span>
    </p>
   </div>
   <div class='ocr_carea' id='block_1_104' title="bbox 616 5540 2130 5665">
    <p class='ocr_par' dir='ltr' id='par_1_104' title="bbox 616 5540 2130 5665">
     <span class='ocr_line' id='line_1_105' title="bbox 616 5540 2130 5665; baseline 0.024 -43"><span class='ocrx_word' id='word_1_801' title='bbox 954 5571 1114 5665; x_wconf 61' lang='lat' dir='ltr'>edit,</span> <span class='ocrx_word' id='word_1_802' title='bbox 1139 5576 1416 5665; x_wconf 45' lang='lat' dir='ltr'>Eja‘hortor</span> <span class='ocrx_word' id='word_1_803' title='bbox 1443 5602 1584 5661; x_wconf 82' lang='lat' dir='ltr'>ergo.</span> <span class='ocrx_word' id='word_1_804' title='bbox 1614 5589 1686 5649; x_wconf 88' lang='lat' dir='ltr'>Et</span> <span class='ocrx_word' id='word_1_805' title='bbox 1715 5589 1880 5665; x_wconf 78' lang='lat' dir='ltr'>infra,</span> <span class='ocrx_word' id='word_1_806' title='bbox 1905 5599 1962 5655; x_wconf 84' lang='lat' dir='ltr'>ut</span> <span class='ocrx_word' id='word_1_807' title='bbox 1987 5603 2130 5657; x_wconf 83' lang='lat' dir='ltr'>tran-</span> 
     </span>
    </p>
   </div>
   <div class='ocr_carea' id='block_1_105' title="bbox 543 5639 1312 5717">
    <p class='ocr_par' dir='ltr' id='par_1_105' title="bbox 543 5639 1312 5717">
     <span class='ocr_line' id='line_1_106' title="bbox 543 5639 1312 5717; baseline 0.03 -27"><span class='ocrx_word' id='word_1_808' title='bbox 543 5639 770 5706; x_wconf 73' lang='lat' dir='ltr'>quillam</span> <span class='ocrx_word' id='word_1_809' title='bbox 795 5650 844 5700; x_wconf 81' lang='lat' dir='ltr'>et</span> <span class='ocrx_word' id='word_1_810' title='bbox 871 5639 1111 5717; x_wconf 44' lang='lat' dir='ltr'>quietam&#39;</span> <span class='ocrx_word' id='word_1_811' title='bbox 1130 5652 1312 5713; x_wconf 81' lang='lat' dir='ltr'>vitam.</span> 
     </span>
    </p>
   </div>
   <div class='ocr_carea' id='block_1_106' title="bbox 2244 4637 3845 4724">
    <p class='ocr_par' dir='ltr' id='par_1_106' title="bbox 2244 4637 3845 4724">
     <span class='ocr_line' id='line_1_107' title="bbox 2244 4637 3845 4724; baseline 0.013 -31"><span class='ocrx_word' id='word_1_812' title='bbox 2244 4637 2532 4696; x_wconf 67' lang='lat' dir='ltr'>medicinae</span> <span class='ocrx_word' id='word_1_813' title='bbox 2561 4642 2815 4702; x_wconf 74' lang='lat' dir='ltr'>effectum</span> <span class='ocrx_word' id='word_1_814' title='bbox 2847 4645 3044 4703; x_wconf 89' lang='lat' dir='ltr'>habere</span> <span class='ocrx_word' id='word_1_815' title='bbox 3075 4665 3185 4706; x_wconf 90' lang='lat' dir='ltr'>non</span> <span class='ocrx_word' id='word_1_816' title='bbox 3217 4657 3416 4724; x_wconf 89' lang='lat' dir='ltr'>potest,</span> <span class='ocrx_word' id='word_1_817' title='bbox 3449 4653 3559 4712; x_wconf 90' lang='lat' dir='ltr'>nisi</span> <span class='ocrx_word' id='word_1_818' title='bbox 3589 4656 3655 4713; x_wconf 91' lang='lat' dir='ltr'>ad</span> <span class='ocrx_word' id='word_1_819' title='bbox 3681 4637 3845 4714; x_wconf 73' lang='lat' dir='ltr'>iliam</span> 
     </span>
    </p>
   </div>
   <div class='ocr_carea' id='block_1_107' title="bbox 2242 4730 3849 4815">
    <p class='ocr_par' dir='ltr' id='par_1_107' title="bbox 2242 4730 3849 4815">
     <span class='ocr_line' id='line_1_108' title="bbox 2242 4730 3849 4815; baseline 0.015 -33"><span class='ocrx_word' id='word_1_820' title='bbox 2242 4743 2383 4800; x_wconf 75' lang='lat' dir='ltr'>aeger</span> <span class='ocrx_word' id='word_1_821' title='bbox 2434 4730 2682 4788; x_wconf 90' lang='lat' dir='ltr'>animum</span> <span class='ocrx_word' id='word_1_822' title='bbox 2715 4737 3148 4796; x_wconf 87' lang='lat' dir='ltr'>commodaverit</span> <span class='ocrx_word' id='word_1_823' title='bbox 3181 4757 3193 4796; x_wconf 92' lang='lat'><em>:</em></span> <span class='ocrx_word' id='word_1_824' title='bbox 3229 4743 3359 4815; x_wconf 89' lang='lat' dir='ltr'>quia</span> <span class='ocrx_word' id='word_1_825' title='bbox 3401 4742 3518 4802; x_wconf 61' lang='lat' dir='ltr'>hac</span> <span class='ocrx_word' id='word_1_826' title='bbox 3565 4746 3849 4805; x_wconf 85' lang='lat' dir='ltr'>medicina</span> 
     </span>
    </p>
   </div>
   <div class='ocr_carea' id='block_1_108' title="bbox 2242 4824 3847 4909">
    <p class='ocr_par' dir='ltr' id='par_1_108' title="bbox 2242 4824 3847 4909">
     <span class='ocr_line' id='line_1_109' title="bbox 2242 4824 3847 4909; baseline 0.014 -38"><span class='ocrx_word' id='word_1_827' title='bbox 2242 4833 2352 4872; x_wconf 90' lang='lat' dir='ltr'>non</span> <span class='ocrx_word' id='word_1_828' title='bbox 2389 4825 2472 4874; x_wconf 90' lang='lat' dir='ltr'>est</span> <span class='ocrx_word' id='word_1_829' title='bbox 2499 4824 2820 4894; x_wconf 86' lang='lat' dir='ltr'>corporalis,</span> <span class='ocrx_word' id='word_1_830' title='bbox 2851 4825 2946 4882; x_wconf 90' lang='lat' dir='ltr'>sed</span> <span class='ocrx_word' id='word_1_831' title='bbox 2975 4828 3262 4902; x_wconf 89' lang='lat' dir='ltr'>spiritalis,</span> <span class='ocrx_word' id='word_1_832' title='bbox 3293 4849 3414 4906; x_wconf 87' lang='lat' dir='ltr'>quae</span> <span class='ocrx_word' id='word_1_833' title='bbox 3445 4851 3618 4909; x_wconf 90' lang='lat' dir='ltr'>neque</span> <span class='ocrx_word' id='word_1_834' title='bbox 3650 4835 3847 4895; x_wconf 89' lang='lat' dir='ltr'>dubiis</span> 
     </span>
    </p>
   </div>
   <div class='ocr_carea' id='block_1_109' title="bbox 2242 4907 3847 5002">
    <p class='ocr_par' dir='ltr' id='par_1_109' title="bbox 2242 4907 3847 5002">
     <span class='ocr_line' id='line_1_110' title="bbox 2242 4907 3847 5002; baseline 0.016 -42"><span class='ocrx_word' id='word_1_835' title='bbox 2242 4907 2482 4978; x_wconf 90' lang='lat' dir='ltr'>proﬁcit,</span> <span class='ocrx_word' id='word_1_836' title='bbox 2513 4926 2690 4984; x_wconf 90' lang='lat' dir='ltr'>neque</span> <span class='ocrx_word' id='word_1_837' title='bbox 2741 4913 2936 4974; x_wconf 88' lang='lat' dir='ltr'>invitis</span> <span class='ocrx_word' id='word_1_838' title='bbox 2983 4917 3125 4992; x_wconf 75' lang='lat'>(35).</span> <span class='ocrx_word' id='word_1_839' title='bbox 3178 4921 3338 4980; x_wconf 87' lang='lat' dir='ltr'>Fides</span> <span class='ocrx_word' id='word_1_840' title='bbox 3388 4935 3471 4983; x_wconf 91' lang='lat' dir='ltr'>est</span> <span class='ocrx_word' id='word_1_841' title='bbox 3517 4907 3665 4983; x_wconf 68' lang='lat' dir='ltr'>cnim</span> <span class='ocrx_word' id='word_1_842' title='bbox 3715 4946 3847 5002; x_wconf 74' lang='lat' dir='ltr'>quae</span> 
     </span>
    </p>
   </div>
   <div class='ocr_carea' id='block_1_110' title="bbox 2242 4995 3849 5091">
    <p class='ocr_par' dir='ltr' id='par_1_110' title="bbox 2242 4995 3849 5091">
     <span class='ocr_line' id='line_1_111' title="bbox 2242 4995 3849 5091; baseline 0.015 -38"><span class='ocrx_word' id='word_1_843' title='bbox 2242 4995 2336 5054; x_wconf 88' lang='lat' dir='ltr'>dat</span> <span class='ocrx_word' id='word_1_844' title='bbox 2364 5000 2615 5072; x_wconf 91' lang='lat' dir='ltr'>salutem,</span> <span class='ocrx_word' id='word_1_845' title='bbox 2658 5020 2820 5078; x_wconf 86' lang='lat' dir='ltr'>quam</span> <span class='ocrx_word' id='word_1_846' title='bbox 2869 5008 2976 5064; x_wconf 87' lang='lat' dir='ltr'>nisi</span> <span class='ocrx_word' id='word_1_847' title='bbox 3036 5027 3190 5068; x_wconf 86' lang='lat' dir='ltr'>mens</span> <span class='ocrx_word' id='word_1_848' title='bbox 3239 5019 3354 5070; x_wconf 89' lang='lat' dir='ltr'>tota</span> <span class='ocrx_word' id='word_1_849' title='bbox 3405 5017 3704 5091; x_wconf 89' lang='lat' dir='ltr'>susceperit</span> <span class='ocrx_word' id='word_1_850' title='bbox 3751 5039 3849 5077; x_wconf 80' lang='lat' dir='ltr'>vo-</span> 
     </span>
    </p>
   </div>
   <div class='ocr_carea' id='block_1_111' title="bbox 2244 5085 3848 5175">
    <p class='ocr_par' dir='ltr' id='par_1_111' title="bbox 2244 5085 3848 5175">
     <span class='ocr_line' id='line_1_112' title="bbox 2244 5085 3848 5175; baseline 0.017 -32"><span class='ocrx_word' id='word_1_851' title='bbox 2244 5085 2476 5161; x_wconf 89' lang='lat' dir='ltr'>luntate,</span> <span class='ocrx_word' id='word_1_852' title='bbox 2525 5109 2638 5149; x_wconf 91' lang='lat' dir='ltr'>non</span> <span class='ocrx_word' id='word_1_853' title='bbox 2691 5097 2870 5154; x_wconf 90' lang='lat' dir='ltr'>solum</span> <span class='ocrx_word' id='word_1_854' title='bbox 2918 5097 3060 5156; x_wconf 90' lang='lat' dir='ltr'>nihil</span> <span class='ocrx_word' id='word_1_855' title='bbox 3107 5103 3372 5175; x_wconf 83' lang='lat' dir='ltr'>proderit,</span> <span class='ocrx_word' id='word_1_856' title='bbox 3403 5103 3497 5163; x_wconf 90' lang='lat' dir='ltr'>sed</span> <span class='ocrx_word' id='word_1_857' title='bbox 3539 5085 3593 5164; x_wconf 72' lang='lat' dir='ltr'>et</span> <span class='ocrx_word' id='word_1_858' title='bbox 3635 5109 3848 5174; x_wconf 88' lang='lat' dir='ltr'>oberit.</span> 
     </span>
    </p>
   </div>
   <div class='ocr_carea' id='block_1_112' title="bbox 2245 5178 3856 5270">
    <p class='ocr_par' dir='ltr' id='par_1_112' title="bbox 2245 5178 3856 5270">
     <span class='ocr_line' id='line_1_113' title="bbox 2245 5178 3856 5270; baseline 0.017 -37"><span class='ocrx_word' id='word_1_859' title='bbox 2245 5178 2398 5235; x_wconf 89' lang='lat' dir='ltr'>Fidei</span> <span class='ocrx_word' id='word_1_860' title='bbox 2452 5182 2655 5238; x_wconf 90' lang='lat' dir='ltr'>etenim</span> <span class='ocrx_word' id='word_1_861' title='bbox 2715 5187 2890 5257; x_wconf 88' lang='lat' dir='ltr'>gratia</span> <span class='ocrx_word' id='word_1_862' title='bbox 2945 5185 3086 5248; x_wconf 90' lang='lat' dir='ltr'>hanc</span> <span class='ocrx_word' id='word_1_863' title='bbox 3143 5191 3307 5251; x_wconf 87' lang='lat' dir='ltr'>habet</span> <span class='ocrx_word' id='word_1_864' title='bbox 3358 5203 3720 5270; x_wconf 87' lang='lat' dir='ltr'>potestatem,</span> <span class='ocrx_word' id='word_1_865' title='bbox 3782 5213 3856 5261; x_wconf 83' lang='lat' dir='ltr'>ut</span> 
     </span>
    </p>
   </div>
   <div class='ocr_carea' id='block_1_113' title="bbox 2245 5387 3852 5517">
    <p class='ocr_par' dir='ltr' id='par_1_113' title="bbox 2245 5387 3852 5517">
     <span class='ocr_line' id='line_1_114' title="bbox 2245 5387 3852 5517; baseline 0.015 -75"><span class='ocrx_word' id='word_1_866' title='bbox 2245 5387 2591 5517; x_wconf 45' lang='lat' dir='ltr'>Q‘b53chet.</span> <span class='ocrx_word' id='word_1_867' title='bbox 2641 5394 2773 5452; x_wconf 87' lang='lat' dir='ltr'>edit.</span> <span class='ocrx_word' id='word_1_868' title='bbox 2804 5414 2866 5456; x_wconf 90' lang='lat' dir='ltr'>ac</span> <span class='ocrx_word' id='word_1_869' title='bbox 2904 5417 3032 5457; x_wconf 89' lang='lat' dir='ltr'>mss.</span> <span class='ocrx_word' id='word_1_870' title='bbox 3077 5400 3309 5475; x_wconf 87' lang='lat' dir='ltr'>aliquot,</span> <span class='ocrx_word' id='word_1_871' title='bbox 3345 5410 3392 5459; x_wconf 87' lang='lat' dir='ltr'>et</span> <span class='ocrx_word' id='word_1_872' title='bbox 3420 5407 3556 5462; x_wconf 81' lang='lat' dir='ltr'>unde</span> <span class='ocrx_word' id='word_1_873' title='bbox 3598 5407 3852 5480; x_wconf 75' lang='lat' dir='ltr'>castitas,</span> 
     </span>
    </p>
   </div>
   <div class='ocr_carea' id='block_1_114' title="bbox 2277 5500 2490 5527">
    <p class='ocr_par' dir='ltr' id='par_1_114' title="bbox 2277 5500 2490 5527">
     <span class='ocr_line' id='line_1_115' title="bbox 2277 5500 2490 5527; baseline 0.019 -13"><span class='ocrx_word' id='word_1_874' title='bbox 2277 5500 2354 5527; x_wconf 68' lang='grc' dir='ltr'>ῖυν,</span> <span class='ocrx_word' id='word_1_875' title='bbox 2385 5500 2490 5518; x_wconf 61' lang='grc' dir='ltr'>υυυο</span> 
     </span>
    </p>
   </div>
   <div class='ocr_carea' id='block_1_115' title="bbox 2317 5532 3855 5660">
    <p class='ocr_par' dir='ltr' id='par_1_115' title="bbox 2317 5532 3855 5660">
     <span class='ocr_line' id='line_1_116' title="bbox 2317 5532 3855 5660; baseline 0.013 -69"><span class='ocrx_word' id='word_1_876' title='bbox 2457 5535 2662 5619; x_wconf 84' lang='lat' dir='ltr'>Eadem</span> <span class='ocrx_word' id='word_1_877' title='bbox 2695 5549 2802 5598; x_wconf 90' lang='lat' dir='ltr'>vet.</span> <span class='ocrx_word' id='word_1_878' title='bbox 2835 5542 2966 5624; x_wconf 81' lang='lat' dir='ltr'>edit.</span> <span class='ocrx_word' id='word_1_879' title='bbox 2999 5551 3051 5602; x_wconf 91' lang='lat' dir='ltr'>et</span> <span class='ocrx_word' id='word_1_880' title='bbox 3069 5563 3198 5605; x_wconf 90' lang='lat' dir='ltr'>mss.</span> <span class='ocrx_word' id='word_1_881' title='bbox 3232 5549 3510 5622; x_wconf 87' lang='lat' dir='ltr'>nonnulli,</span> <span class='ocrx_word' id='word_1_882' title='bbox 3533 5567 3650 5625; x_wconf 65' lang='lat' dir='ltr'>qua:</span> <span class='ocrx_word' id='word_1_883' title='bbox 3677 5568 3855 5625; x_wconf 78' lang='lat' dir='ltr'>neque</span> 
     </span>
     <span class='ocr_line' id='line_1_117' title="bbox 2355 5608 3087 5660; baseline 0 0"><span class='ocrx_word' id='word_1_884' title='bbox 2355 5621 2419 5660; x_wconf 77' lang='lat' dir='ltr'>us</span> <span class='ocrx_word' id='word_1_885' title='bbox 2446 5608 2674 5660; x_wconf 67' lang='lat' dir='ltr'>&#39;Droﬁmt-</span> <span class='ocrx_word' id='word_1_886' title='bbox 2705 5629 2866 5660; x_wconf 68' lang='lat' dir='ltr'>unaue</span> <span class='ocrx_word' id='word_1_887' title='bbox 2895 5611 3087 5660; x_wconf 59' lang='lat' dir='ltr'>nitaidig</span> 
     </span>
    </p>
   </div>
   <div class='ocr_carea' id='block_1_116' title="bbox 2243 5595 3106 5684">
    <p class='ocr_par' dir='ltr' id='par_1_116' title="bbox 2243 5595 3106 5684">
     <span class='ocr_line' id='line_1_118' title="bbox 2243 5595 3106 5684; baseline 0.021 -27"><span class='ocrx_word' id='word_1_888' title='bbox 2243 5595 2421 5660; x_wconf 67' lang='lat' dir='ltr'>dubiis</span> <span class='ocrx_word' id='word_1_889' title='bbox 2441 5608 2674 5682; x_wconf 82' lang='lat' dir='ltr'>proﬁcit,</span> <span class='ocrx_word' id='word_1_890' title='bbox 2705 5595 3106 5684; x_wconf 40' lang='lat' dir='ltr'>uanitate};</span> 
     </span>
    </p>
   </div>
  </div>
