4108 6184
268 377 368 444 493

1283 377 1644 444 COMMENT.
1693 378 1764 442 IN
1803 371 2019 442 EPIST.
2063 377 2085 440 Ῑ
2125 374 2220 442 AD
2260 379 2548 444 ΤῙΜΟΤΗ.

3452 380 3557 453 494

268 505 476 577 devotis
499 503 604 574 sibi
639 503 888 576 divinam
937 501 1195 573 infundat
1241 506 1540 592 medelam,
1581 503 1858 576 indevotis
1889 517 1940 579 A
1971 515 2290 592 semetipsas
2329 533 2440 574 non
2464 517 2624 575 tortis
2653 517 2919 592 crinibus,
2969 529 3064 579 aut
3093 539 3246 592 auro,
3275 531 3371 583 aut
3400 541 3558 583 mar-

266 622 392 662 vero
455 605 702 663 cenferat
761 605 1039 675 morbum,
1095 622 1191 682 per
1247 623 1408 680 quem
1467 613 1617 666 totus
1688 599 1857 665 homo

263 694 521 753 interant.

277 863 282 868 _
333 785 516 858 (Vers.
547 775 629 858 5.)
685 810 704 834 ι
733 785 884 844 Unus
913 787 1062 843 enim
1109 783 1276 856 Deus,
1317 794 1372 843 et
1398 803 1544 842 unus
1591 777 1862 844 mediator

259 876 356 933 Dei
391 885 444 934 et
473 876 763 934 hominum
819 877 987 934 homo
1046 877 1300 941 Christus
1351 878 1523 934 Iesus.
1572 902 1590 925 ι
1652 877 1751 934 Dei
1808 886 1861 934 et

261 965 471 1023 Christi
509 983 674 1023 unam
708 967 981 1040 signiﬁcat
1012 984 1128 1024 esse
1157 967 1499 1024 voluntatem
1543 967 1602 1022 in
1632 968 1860 1023 salvan-

259 1054 347 1111 dis
389 1055 732 1124 hominibus,
782 1056 930 1113 unde
976 1058 1151 1114 Deum
1180 1055 1420 1126 Patrem,
1451 1056 1581 1129 quia
1625 1057 1693 1112 ab
1739 1057 1860 1130 ipso

260 1153 340 1202 est
369 1144 554 1202 omnis
585 1147 905 1216 auctoritas,
936 1163 1109 1204 unum
1158 1163 1272 1203 esse
1318 1146 1540 1214 fatetur,
1585 1154 1639 1203 et
1685 1163 1857 1203 unum

259 1237 620 1293 mediator-em
676 1237 773 1294 Dei
832 1247 886 1294 et
956 1237 1244 1294 hominum
1303 1235 1585 1296 Christum
1650 1237 1855 1295 Iesum.

258 1335 460 1392 Missus
496 1336 645 1392 enim
696 1327 838 1390 293
878 1351 911 1390 a
960 1335 1118 1390 Patre
1159 1334 1339 1391 factus
1367 1333 1572 1390 arbiter
1600 1335 1858 1392 reconci-

260 1424 420 1480 liavit
447 1425 623 1480 Deum
644 1429 698 1480 et
727 1423 1001 1490 homines,
1024 1422 1374 1479 reformando
1403 1438 1495 1478 eos
1523 1423 1591 1480 ad
1611 1422 1860 1496 agnitio-

257 1529 382 1570 nem
417 1512 568 1584 ejus;
599 1513 731 1585 quia
759 1511 907 1568 enim
939 1527 1082 1568 unus
1119 1519 1201 1568 est
1244 1511 1360 1584 (36)
1393 1512 1554 1569 Pater
1581 1520 1634 1568 et
1661 1512 1856 1583 Filius,

257 1617 366 1659 non
414 1617 664 1674 persona,
724 1599 818 1658 sed
856 1599 1232 1658 indifferentia
1273 1607 1503 1669 naturae,
1548 1609 1610 1657 ut
1655 1600 1861 1658 arbiter

256 1701 396 1750 esset
421 1692 521 1750 Dei
551 1699 604 1748 et
632 1692 927 1748 hominum
957 1691 1134 1748 Filius
1176 1691 1299 1760 Dei,
1348 1698 1629 1764 assumpta
1672 1707 1858 1760 carne,

257 1785 425 1843 homo
455 1797 617 1846 natus
647 1795 729 1845 est
754 1805 766 1844 :
809 1795 873 1844 ut
901 1787 1171 1844 mediator
1189 1786 1288 1843 Dei
1319 1794 1374 1843 et
1411 1786 1700 1843 hominum
1723 1794 1863 1844 esset

1967 606 2176 680 garitis,
2210 614 2304 662 aut
2353 615 2502 664 veste
2551 607 2808 681 pretiosa,
2854 609 2970 681 sed,
3002 607 3148 686 quod
3179 613 3333 671 decet
3363 615 3554 673 mulie-

1967 712 2054 752 res
2086 695 2403 769 proﬁtentes
2433 697 2715 770 pietatem,
2750 715 2848 772 per
2877 717 3042 773 opera
3072 702 3234 758 bona.
3270 727 3288 749 ι
3348 695 3556 760 Humili

1968 785 2162 842 habitu
2213 783 2470 842 mulieres
2517 800 2670 843 orare
2723 787 2917 846 debere
2964 799 3166 860 monet,
3212 808 3326 847 non
3376 791 3433 848 in
3465 792 3561 866 ja-

1927 949 1931 954 δ
1968 877 2211 945 ctantia;
2263 877 2358 952 qui
2406 875 2554 934 enim
2587 877 2708 934 vult
2737 875 2939 948 audiri,
2985 880 3249 939 inclinare
3292 900 3348 940 se
3377 871 3556 952 debet,

1967 978 2150 1026 amota
2179 986 2208 1026 a
2237 988 2294 1027 se
2325 987 2544 1044 pompa,
2575 979 2636 1027 ut
2667 965 3100 1030 misericordiam
3133 975 3231 1031 Dei
3281 985 3557 1048 provocet.

1969 1059 2200 1117 Habitus
2238 1059 2384 1115 enim
2415 1060 2684 1132 superbus
2727 1077 2826 1118 nec
2857 1051 3137 1134 impetrat,
3169 1078 3270 1119 nec
3317 1072 3462 1122 recta
3495 1065 3564 1123 de

1967 1166 2023 1206 se
2053 1149 2185 1204 facit
2214 1148 2385 1206 credi.
2419 1147 2552 1216 Quis
2583 1150 2730 1206 enim
2763 1149 3118 1222 prudentium
3145 1151 3421 1224 jactanter
3464 1171 3566 1211 or-

1967 1245 2151 1294 natam
2199 1238 2488 1295 mulierem
2545 1254 2656 1294 non
2703 1235 2973 1296 horreat?
3021 1250 3226 1314 quanto
3272 1243 3446 1316 magis
3472 1260 3567 1301 au-

1967 1334 2087 1385 ctor
2115 1329 2280 1393 Deus,
2313 1327 2407 1400 qui
2445 1344 2642 1400 corpus
2677 1345 2710 1386 a
2737 1345 2792 1385 se
2823 1323 3056 1386 liberum
3088 1330 3314 1400 factum,
3347 1332 3567 1405 obliga-

1968 1424 2087 1472 tum
2111 1416 2347 1473 metallis
2378 1416 2528 1473 videt
2553 1418 2564 1473 ι
2590 1418 2726 1474 Nam
2764 1417 2993 1476 humilis
3029 1419 3251 1478 habitus
3268 1421 3426 1480 bona)
3445 1439 3567 1496 pro-

1969 1505 2194 1562 fessioni
2242 1505 2519 1578 congruit,
2580 1514 2642 1562 ut
2695 1508 2867 1580 possit
2911 1525 3021 1567 non
3068 1511 3218 1568 aliud
3284 1513 3565 1576 aestimari,

1969 1611 2133 1667 quam
2154 1597 2428 1654 cernitur:
2463 1613 2584 1670 quae
2604 1603 2784 1654 autem
2820 1598 2875 1654 in
2899 1599 3065 1656 domo
3092 1600 3191 1657 Dei
3217 1618 3344 1659 cum
3371 1618 3569 1676 pompa

1971 1702 2027 1742 se
2079 1688 2291 1743 mavult
2327 1685 2530 1754 videri,
2579 1703 2692 1743 non
2738 1688 2928 1761 utique
2978 1699 3200 1764 propter
3245 1692 3445 1762 Deum,
3473 1693 3569 1750 sed

1972 1779 2192 1848 propter
2222 1775 2475 1833 homines
2514 1778 2872 1850 consequitur
2918 1780 3065 1852 quod
3096 1781 3238 1850 vult,
3281 1788 3343 1837 ut
3371 1783 3570 1855 glorio-

257 1876 428 1934 homo
462 1876 716 1934 Christus
745 1876 920 1944 Iesus,
966 1875 1026 1932 id
1072 1883 1174 1945 est,
1223 1892 1335 1932 non
1383 1875 1502 1932 sine
1548 1875 1863 1945 divinitate,

1973 1883 2032 1924 sa
2068 1867 2346 1936 videatur,
2389 1866 2533 1923 nihil
2584 1876 2950 1926 consecutura
2989 1887 3021 1926 a
3047 1873 3183 1940 Deo,
3233 1871 3338 1928 nisi
3389 1886 3570 1929 macu-

255 1965 392 2038 quia
421 1966 480 2020 in
512 1966 630 2021 Deo
678 1965 845 2022 homo
874 1973 1008 2035 erat,
1059 1975 1113 2023 et
1139 1966 1286 2022 Deus
1315 1966 1374 2022 in
1404 1965 1662 2022 homine:
1719 1973 1774 2021 et
1805 1973 1866 2021 ut

256 2069 329 2110 ex
387 2061 621 2127 utroque
667 2061 807 2111 esset
836 2054 1125 2123 mediator,
1157 2063 1213 2111 et
1242 2062 1305 2110 ut
1330 2061 1628 2127 utrumque
1661 2071 1865 2112 recon-

253 2145 496 2214 ciliaret,
528 2145 586 2201 in
620 2162 676 2202 se
702 2145 943 2218 primum
983 2145 1088 2204 hoc
1118 2145 1268 2203 fecit.
1309 2147 1429 2204 Non
1475 2145 1623 2201 enim
1655 2153 1867 2219 poterat

256 2234 536 2291 unitatem
566 2235 668 2291 Dei
696 2235 1014 2292 custodiens
1043 2235 1317 2293 mediator
1350 2235 1452 2292 Dei
1491 2243 1545 2292 et
1574 2235 1864 2292 hominum

255 2323 471 2394 vocari,
519 2324 676 2397 quasi
734 2325 876 2382 alius
932 2332 1074 2382 esset
1127 2328 1293 2394 Deus,
1361 2325 1459 2399 qui
1505 2325 1863 2382 dissidentem

256 2412 544 2471 hominem
565 2427 597 2470 a
623 2416 736 2472 Deo
755 2415 817 2471 in
847 2416 1078 2488 gratiam
1107 2423 1387 2472 revocaret
1411 2430 1423 2470 :
1457 2415 1552 2472 sed
1582 2414 1749 2472 homo
1769 2413 1866 2487 qui

257 2504 435 2577 legem
457 2503 641 2560 datam
662 2520 776 2561 non
813 2504 1136 2578 praeteriret,
1166 2505 1343 2562 factus
1381 2512 1464 2561 est
1491 2504 1696 2560 arbiter
1721 2504 1866 2561 inter

255 2608 385 2650 eum
415 2593 511 2666 qui
542 2592 813 2665 peccavit,
844 2602 898 2650 et
930 2593 1074 2650 inter
1111 2592 1272 2650 illum
1303 2593 1397 2668 qui
1436 2609 1659 2666 peccare
1701 2594 1868 2667 igno-

257 2681 416 2738 rabat
443 2697 454 2736 :
488 2686 551 2738 ut
581 2681 673 2738 hic
700 2681 1026 2756 ignosceret,
1059 2691 1112 2741 et
1139 2682 1309 2740 homo
1337 2682 1406 2741 de
1437 2691 1636 2740 caetero
1679 2682 1737 2739 in
1766 2681 1866 2739 Dei

265 2771 377 2829 ﬁde
417 2780 681 2830 maneret.
900 2845 905 2850 δ

330 2859 517 2932 (Vers.
551 2860 604 2928 6,
638 2860 717 2932 7.)
763 2859 909 2930 «Qui
953 2861 1106 2920 dedit
1144 2861 1494 2934 semetipsum
1527 2858 1869 2932 redemptio-

255 2965 384 3006 nem
437 2965 537 3022 pro
565 2950 846 3020 omnibus,
896 2949 1056 3023 cujus
1098 2951 1482 3006 testimonium
1530 2945 1871 3018 temporibus

260 3039 381 3096 suis
408 3038 600 3096 datum
631 3047 732 3108 est,
774 3039 834 3094 in
876 3055 986 3112 quo
1017 3037 1229 3111 positus
1260 3053 1382 3094 sum
1414 3054 1512 3109 ego
1545 3035 1872 3108 pmdicator

255 3135 312 3184 et
361 3129 643 3201 apostolus
693 3126 1012 3199 (veritatem
1057 3125 1205 3194 dico,
1254 3139 1367 3181 non
1414 3123 1700 3196 mentior),
1743 3139 1869 3178 ma-

256 3219 429 3292 gister
455 3216 702 3290 gentium
732 3215 793 3271 in
821 3214 932 3271 ﬁde
963 3223 1017 3271 et
1044 3215 1297 3272 veritate.
1331 3240 1350 3265 ι
1394 3214 1667 3284 Quoniam
1699 3215 1865 3272 homo
1898 3245 1942 3306 Ο

256 3305 656 3365 reconciliatus
684 3307 820 3374 Deo,
845 3303 961 3377 jam
990 3304 1266 3362 obnoxius
1318 3312 1432 3361 erat
1479 3304 1645 3361 morti
1687 3304 1868 3361 infer-

260 3412 374 3464 nat,
432 3401 496 3452 ut
543 3395 613 3452 ad
664 3396 840 3452 Deum
897 3393 990 3452 cui
1047 3393 1434 3452 reconciliatus
1485 3403 1622 3466 erat,
1688 3405 1869 3468 posset

259 3484 575 3552 ascendere,
625 3485 879 3541 Salvator
913 3492 976 3541 ut
1000 3482 1290 3540 arbitrium
1321 3499 1482 3540 suum
1511 3485 1580 3542 ad
1613 3485 1866 3542 eﬁ‘ectum

255 3573 606 3651 perduceret,
639 3575 790 3632 mori
821 3593 877 3633 se
907 3591 1096 3650 passus
1138 3581 1220 3633 est
1260 3582 1452 3633 contra
1472 3573 1566 3648 jus
1598 3594 1610 3633 :
1668 3583 1731 3633 ut
1759 3576 1867 3633 de-

254 3665 533 3724 scendens
569 3665 638 3721 ad
685 3664 910 3735 inferos,
974 3673 1208 3724 mortem
1254 3665 1323 3722 de
1366 3665 1646 3740 impietate
1701 3681 1866 3740 quam

257 3754 318 3812 in
348 3770 416 3811 eo
447 3761 702 3828 gesserat,
755 3755 1067 3824 damnaret,
1114 3754 1370 3812 auferens
1412 3753 1494 3812 eis
1535 3771 1673 3829 quos
1702 3762 1865 3812 tene-

256 3844 374 3914 bat,
421 3852 486 3902 ut
526 3845 594 3902 de
638 3853 836 3903 caetero
883 3845 1133 3919 quisquis
1180 3845 1399 3919 signum
1456 3844 1574 3917 ejus
1620 3844 1864 3915 haberet,

256 3931 326 3987 ab
377 3948 442 3988 ea
486 3932 666 3988 teneri
721 3949 833 3989 non
890 3941 1092 4005 posset.
1143 3932 1316 4005 Cujus
1361 3933 1440 3989 rei
1491 3931 1866 3989 testimonium

258 4028 514 4094 tempore
543 4037 652 4096 quo
691 4024 1020 4091 resurrexit,
1055 4022 1335 4090 ostendit;
1386 4021 1688 4079 destructio
1718 4021 1867 4078 enim

260 4111 468 4169 mortis
530 4112 864 4168 resurrectio
929 4118 1272 4168 mortuorum
1319 4119 1420 4168 est.
1486 4111 1658 4178 Quam
1717 4127 1866 4184 spem

257 4202 471 4259 missus
499 4210 581 4258 est
621 4201 715 4260 hic
742 4203 1041 4275 Apostolus
1071 4201 1316 4275 gentium
1367 4200 1679 4275 praedicare,
1712 4209 1774 4259 ut
1801 4203 1868 4259 ab

259 4309 326 4349 eo
392 4290 668 4349 discerent
732 4305 855 4365 quas
917 4308 1040 4365 spes
1093 4299 1234 4348 esset
1290 4292 1350 4348 in
1405 4291 1672 4349 Christo:
1737 4291 1868 4349 hinc

259 4384 417 4440 enim
450 4383 632 4440 dictus
661 4391 743 4440 est
772 4381 1054 4455 magister,
1079 4389 1142 4438 ut
1169 4381 1335 4438 ﬁdem
1366 4381 1588 4439 doceret
1613 4389 1668 4439 et
1712 4382 1870 4439 veri-

259 4480 435 4531 tatem
445 4515 458 4529 .

333 4561 526 4636 (Vers.
562 4561 644 4633 8ε)
690 4585 709 4613 ι
738 4561 883 4621 Volo
910 4560 1095 4636 itaque
1121 4575 1276 4618 orare
1296 4559 1448 4620 viros
1467 4557 1525 4616 in
1555 4560 1707 4616 omni
1725 4561 1868 4630 loco,

263 4652 519 4710 levantes
551 4658 766 4710 sanctas
798 4667 993 4708 manus
1035 4650 1154 4708 sine
1182 4650 1262 4708 ira
1291 4660 1347 4710 et
1389 4651 1804 4725 disceptatione.
1835 4675 1854 4700 ι

259 4745 566 4805 Paciﬁcum
613 4745 861 4802 animum
909 4754 1096 4804 monet
1136 4743 1194 4802 in
1226 4747 1475 4804 oratione
1503 4762 1618 4803 esse
1651 4746 1868 4816 debere,

261 4844 325 4894 ut
363 4837 436 4894 ad
469 4838 724 4896 effectum
762 4836 1068 4895 deducatur
1094 4837 1308 4906 oratio;
1344 4845 1548 4896 sanctae
1576 4837 1725 4896 enim
1758 4853 1869 4894 ma-

265 4942 375 4984 nus
413 4935 565 4997 sunt,
611 4927 832 5001 quando
881 4943 978 4986 cor
1017 4927 1290 4984 mundum
1329 4932 1430 4984 est.
1478 4927 1568 4986 Sic
1596 4936 1782 4985 tamen
1809 4927 1870 4984 in

263 5015 424 5072 omni
456 5017 576 5075 loco
622 5016 890 5074 orandum
921 5015 1188 5089 praecipit,
1244 5023 1308 5076 ut
1357 5024 1670 5090 competens
1717 5019 1870 5075 locus

266 5105 642 5180 intelligatur,
665 5123 778 5164 non
804 5106 997 5181 utique
1026 5105 1346 5180 importuno
1365 5115 1460 5164 aut
1478 5106 1702 5163 sordido
1725 5107 1867 5177 loco,

265 5197 476 5271 quippe
505 5215 632 5256 cum
685 5195 975 5272 prohibeat
1016 5195 1286 5255 Dominus
1325 5197 1493 5270 vulgo
1537 5211 1729 5254 orare:
1775 5195 1870 5253 sed

268 5285 377 5344 hoc
409 5296 616 5358 monet,
649 5305 718 5346 ne
757 5288 816 5346 in
863 5288 980 5346 sola
1017 5286 1265 5345 Ecclesia
1308 5296 1564 5361 putarent
1599 5287 1867 5347 orandum

271 5377 493 5447 (Matth.
526 5396 606 5449 VI,
634 5380 692 5450 δ,
719 5379 802 5451 6).

344 5476 531 5548 (Vera.
563 5479 618 5548 9,
673 5478 786 5551 10.)
833 5501 852 5526 ι
881 5477 1150 5536 Similiter
1201 5484 1256 5534 et
1284 5477 1541 5535 mulieres
1589 5480 1646 5535 in
1675 5477 1871 5536 habitu

271 5563 552 5639 ordinato,
599 5575 726 5627 eum
775 5568 1109 5627 verecundia
1173 5575 1227 5626 et
1273 5566 1563 5642 pudicitia,
1611 5576 1870 5627 ornantes

1976 1957 2103 2012 lam.
2148 1955 2365 2023 Quanto
2423 1955 2568 2012 enim
2617 1955 2938 2016 hominibus
3001 1960 3289 2032 splendida
3329 1960 3569 2032 videtur,

1975 2051 2131 2100 tanto
2160 2045 2333 2117 magis
2362 2043 2664 2124 despicitur
2702 2063 2732 2102 a
2762 2048 2895 2104 Deo.

2050 2134 2233 2206 (Vers.
2269 2133 2354 2202 11,
2404 2135 2518 2204 12.)
2565 2159 2583 2183 ε
2629 2135 2829 2192 Mulier
2858 2137 2915 2192 in
2950 2137 3172 2196 silentio
3227 2140 3402 2199 discat
3444 2159 3571 2201 cum

1976 2226 2126 2282 omni
2177 2224 2538 2297 subjectione.
2584 2225 2719 2283 Nam
2774 2223 2969 2285 docere
3016 2231 3237 2288 mulieri
3295 2249 3407 2291 non
3438 2251 3572 2308 per-

1975 2313 2238 2392 mittitur,
2299 2330 2474 2388 neque
2520 2315 2795 2373 dominari
2836 2315 2894 2374 in
2951 2318 3156 2390 virum,
3207 2322 3298 2379 sed
3357 2339 3473 2380 esse
3516 2324 3575 2381 in

1975 2403 2216 2462 silentio.
2245 2428 2263 2452 ι
2307 2405 2428 2461 Non
2456 2406 2634 2462 solum
2667 2405 2919 2465 habitum
2951 2408 3218 2468 humilem
3255 2411 3455 2471 habere
3483 2415 3575 2472 de-

1974 2493 2102 2550 bere
2131 2495 2439 2563 mulierem,
2473 2512 2666 2553 verum
2697 2497 2862 2556 etiam
2894 2500 3279 2557 auctoritatem
3310 2502 3361 2558 ei
3399 2503 3577 2560 dene-

1976 2585 2229 2658 gandam,
2272 2593 2326 2642 et
2363 2583 2764 2655 subjiciendum
2813 2588 3061 2659 praecipit
3122 2589 3288 2645 viro:
3347 2598 3410 2646 ut
3463 2596 3576 2651 tam

1975 2673 2189 2742 habitu,
2224 2691 2387 2746 quam
2437 2673 2714 2747 obsequiis
2761 2673 2863 2731 sub
2913 2681 3181 2746 potestate
3223 2676 3295 2733 sit
3342 2677 3473 2746 viri,
3506 2695 3578 2736 ex

1975 2779 2084 2836 quo
2117 2760 2290 2816 trahit
2318 2759 2607 2834 originem.

2052 2852 2236 2923 (Vers.
2275 2851 2362 2918 13,
2401 2849 2487 2919 ili,
2521 2849 2636 2922 15.)
2683 2871 2701 2897 α
2731 2849 2908 2908 Adam
2941 2851 3088 2910 enim
3119 2849 3332 2928 primus
3360 2860 3577 2914 creatus

1978 2949 2060 2998 est
2089 2941 2244 3014 (Gen.
2292 2959 2333 3010 ι,
2367 2941 2482 3012 27),
2515 2939 2713 2997 deinde
2751 2942 2871 2997 Eva
2905 2942 3060 3014 (Gen.
3093 2958 3157 3014 η,
3186 2945 3278 3018 21)
3315 2955 3370 3004 et
3397 2947 3574 3006 Adam

1979 3051 2092 3092 non
2138 3041 2218 3091 est
2265 3033 2542 3106 seductus,
2591 3035 2792 3092 mulier
2837 3043 3019 3092 autem
3070 3036 3294 3094 seducta
3322 3038 3464 3097 facta
3491 3047 3576 3098 est
3653 3080 3656 3084 η

1977 3123 2037 3180 in
2067 3124 2517 3197 praevaricatione
2549 3124 2706 3197 (Gen.
2735 3140 2818 3194 III,
2851 3124 2931 3196 6).
2964 3125 3127 3181 Salva
3143 3132 3326 3184 autem
3351 3127 3456 3185 erit
3476 3145 3574 3202 per

1978 3213 2223 3270 ﬁliorum
2271 3215 2700 3287 generationem,
2749 3213 2798 3271 si
2826 3215 3089 3272 manserit
3131 3217 3189 3273 in
3238 3217 3346 3275 ﬁde
3390 3225 3445 3276 et
3473 3219 3572 3276 di-

1980 3301 2237 3374 lectione,
2278 3312 2332 3361 et
2376 3305 2742 3363 sanctimonia
2783 3321 2910 3362 cum
2949 3306 3236 3378 pudicitia.
3267 3331 3286 3356 ι
3347 3309 3574 3366 Prmfert

1978 3393 2163 3450 virum
2211 3393 2454 3464 mulieri,
2510 3401 2732 3468 prepter
2773 3393 2922 3467 quod
2963 3395 3175 3468 primus
3212 3404 3424 3454 creatus
3472 3406 3574 3468 est,

1977 3491 2040 3540 ut
2076 3482 2309 3540 inferior
2337 3483 2410 3540 sit
2453 3484 2675 3553 mulier,
2717 3483 2846 3559 quia
2875 3492 2996 3556 post
3052 3484 3236 3542 virum
3274 3494 3330 3544 et
3355 3501 3426 3543 ex
3455 3487 3578 3544 viro

1977 3581 2157 3630 creata
2183 3579 2284 3629 est.
2317 3571 2528 3645 Adjicit
2583 3581 2638 3629 et
2680 3573 2855 3643 aliud,
2887 3573 3016 3647 quia
3043 3573 3295 3632 diabolus
3340 3591 3451 3633 non
3482 3577 3579 3634 vi—

1977 3675 2102 3718 rum
2153 3661 2394 3730 seduxit,
2427 3661 2521 3718 sed
2562 3662 2890 3731 mulierem;
2918 3662 3007 3719 vir
3032 3671 3214 3721 autem
3246 3680 3342 3738 per
3367 3666 3579 3724 mulie-

1976 3766 2092 3806 rem
2122 3751 2384 3825 deceptus
2413 3759 2534 3809 est:
2582 3767 2646 3809 ac
2673 3767 2770 3825 per
2811 3751 2917 3810 hoc
2958 3753 3114 3810 nulla
3137 3754 3224 3810 illi
3261 3755 3579 3814 conceden-

1976 3845 2046 3904 da
2073 3846 2301 3904 audacia
2345 3854 2446 3916 est,
2498 3848 2595 3905 sed
2639 3865 2757 3905 esse
2785 3847 2948 3905 debet
2975 3848 3035 3905 in
3066 3847 3415 3908 humilitate:
3447 3851 3579 3923 quia

1975 3953 2074 4016 per
2097 3936 2252 3992 illam
2281 3951 2428 3992 mors
2466 3935 2697 3992 intravit
2749 3937 2807 3993 in
2840 3938 3132 3995 mundum.
3200 3961 3221 3985 ι
3249 3937 3413 3994 Salva
3447 3939 3573 4004 erit,

1977 4025 2180 4099 inquit,
2203 4042 2300 4099 per
2331 4026 2574 4083 ﬁliorum
2609 4027 3015 4100 generationem
3041 4045 3053 4084 :
3084 4027 3133 4083 si
3170 4034 3356 4082 tamen
3379 4025 3439 4080 in
3467 4021 3575 4082 ﬁde

1977 4115 2263 4184 manserit,
2313 4123 2366 4173 et
2414 4116 2702 4186 charitate,
2742 4125 2796 4173 et
2829 4121 2966 4189 pura
3002 4114 3139 4170 vita.
3191 4135 3211 4161 ι
3273 4113 3384 4167 Hos
3426 4111 3575 4168 enim

1976 4205 2128 4263 ﬁlios
2139 4205 2302 4276 dicit,
2330 4207 2428 4281 qui
2462 4214 2853 4281 regenerantur
2880 4220 2977 4276 per
3000 4201 3168 4258 ﬁdem
3191 4199 3420 4278 Christi,
3446 4203 3578 4276 quia

1977 4295 2024 4352 si
2048 4295 2106 4352 in
2150 4297 2502 4369 generatione
2547 4313 2644 4353 sua
2673 4295 2734 4351 hi
2780 4290 3277 4366 perseveraverint,
3315 4307 3442 4350 eum
3487 4292 3576 4351 his

1977 4384 2304 4442 liberabitur
2343 4385 2547 4441 mulier
2571 4397 2862 4456 resurgens
2889 4397 2961 4440 ex
2990 4381 3245 4452 mortuis,
3277 4395 3388 4438 non
3427 4384 3575 4457 quod

1977 4482 2045 4538 ab
2091 4482 2206 4541 illis
2253 4480 2596 4552 liberabitur,
2629 4478 2776 4538 294
2803 4482 2897 4540 sed
2933 4498 3029 4557 per
3071 4480 3295 4540 illorum
3340 4487 3574 4557 genera—

1979 4572 2222 4644 tionem;
2267 4587 2394 4631 nam
2438 4589 2563 4632 cum
2609 4573 2860 4644 credunt,
2909 4573 3006 4648 qui
3051 4571 3312 4631 destinati
3358 4577 3489 4630 sunt
3514 4573 3574 4629 in

1977 4664 2149 4721 vitam
2195 4672 2472 4734 aeternam,
2535 4665 2856 4745 pervenitur
2901 4663 2969 4721 ad
3019 4663 3474 4720 resurrectionem
3504 4676 3574 4718 ex

1979 4753 2233 4822 mortuis,
2285 4761 2338 4810 et
2377 4755 2470 4810 ﬁet
2525 4757 2695 4823 salva,
2736 4751 3089 4811 credentibus
3118 4751 3254 4822 illis,
3300 4760 3356 4810 et
3401 4752 3572 4808 vitam

1977 4851 2182 4902 castam
2238 4844 2545 4916 agentibus.
2605 4841 2822 4899 Tandiu
2871 4841 3021 4899 enim
3076 4841 3404 4899 resurrectio
3459 4851 3574 4898 sus-

1978 4946 2146 5008 pensa
2193 4941 2296 5003 est,
2361 4933 2616 5008 quandiu
2670 4948 2862 4990 omnes
2917 4931 3146 4991 credant
3201 4931 3573 5006 predestinati

1976 5024 2045 5082 ad
2077 5025 2332 5082 salutem.

2583 5111 2811 5173 CAPUT
2847 5110 2942 5171 ΙΙΙ.

2053 5203 2234 5277 (Vers.
2269 5203 2347 5278 1.)
2391 5221 2411 5253 ι
2432 5203 2718 5262 Humanus
2743 5218 2954 5261 sermo:
2977 5201 3022 5257 si
3050 5199 3174 5275 quis
3199 5193 3572 5274 episcopatum

1975 5295 2270 5366 desiderat,
2319 5295 2526 5355 bonum
2574 5311 2715 5371 opus
2755 5294 3049 5354 desiderat.
3082 5316 3101 5341 ι
3147 5290 3418 5358 Quoniam
3461 5284 3572 5356 epis

1976 5403 2201 5462 scopum
2229 5389 2388 5447 bona:
2417 5390 2548 5447 vita;
2578 5403 2694 5446 esse
2723 5393 2957 5460 oportet,
2999 5382 3208 5440 idcirco
3237 5379 3332 5452 qui
3360 5373 3572 5448 episce-

1976 5487 2164 5552 patum
2195 5478 2366 5552 cupit,
2427 5477 2635 5535 bonum
2665 5492 2802 5548 opus
2833 5471 3124 5531 desiderat.
3158 5467 3273 5523 Hoc
3297 5462 3445 5519 enim
3474 5478 3571 5520 cu-’

1976 5568 2154 5643 piens,
2184 5567 2384 5626 bonam
2415 5567 2589 5625 vitam
2614 5571 2864 5640 appetere
2892 5557 3146 5626 videtur;
3180 5553 3226 5611 si
3256 5555 3439 5609 tamen
3462 5561 3573 5610 non

349 5767 466 5844 (36)
497 5768 656 5830 Rom.
693 5767 850 5839 edit.,
882 5768 1012 5844 quia
1042 5768 1183 5829 enim
1208 5785 1376 5829 unum
1396 5774 1502 5838 est;
1530 5776 1741 5832 caeteras
1759 5784 1824 5830 ac
1845 5784 2047 5839 mss...,
2074 5782 2212 5826 unus
2241 5773 2336 5839 est,
2367 5764 2563 5841 supple
2592 5764 2756 5824 Deus.
