4070 6186
595 308 701 384 tas

1611 305 1707 378 Ai)
1747 302 1982 378 OPEl'tA
2018 311 2076 376 S.
2117 298 2451 377 AMBROSH
2489 298 2871 375 ᾹΙΨΕΝΒῘΧ.

3776 301 3869 374 ὲῡϐ

582 450 651 510 ab
703 448 772 507 iis
821 444 1060 508 declinet
1115 455 1235 523 quae
1301 445 1359 506 in
1426 441 1688 519 subjectis
1745 443 2040 514 habentur,
2108 461 2176 502 ne
2209 443 2383 519 Aqui
2414 442 2473 500 in
2515 441 2810 500 mundanis
2859 437 3021 498 rebus
3063 439 3118 496 et
3172 435 3593 496 conVersalioue
3643 430 3873 496 humana

581 541 883 598 ambitione
938 547 1032 595 aut
1074 539 1349 596 desiderio
1405 535 1650 612 pecuniae
1709 533 1815 591 hoc
1858 534 2030 608 egisse
2096 533 2176 590 vi-

581 629 799 685 deatur.

655 718 835 788 (Vers.
871 717 951 788 2.)
999 743 1016 764 ε
1064 717 1292 789 Oportet
1357 716 1505 772 enim
1564 714 1878 788 episcopum
1930 713 2177 786 irrepre-

580 805 911 863 hensibilem
951 823 1084 862 esse.
1134 830 1152 852 ι
1214 805 1404 872 Qualis
1458 805 1746 878 episcopus
1800 803 1992 861 debeat
2039 818 2174 870 esse,

579 894 873 962 describit;
925 904 986 950 ut
1014 911 1174 950 nemo
1207 894 1583 967 episcopatum
1614 902 1830 967 appetat
1861 893 1968 948 nisi
2010 893 2179 948 fuerit

579 984 744 1048 ﬁdus,
793 991 846 1038 et
892 983 986 1055 qui
1039 984 1104 1039 ab
1145 983 1402 1040 omnibus
1452 984 1744 1041 contrariis
1801 983 2076 1040 abstinere
2123 998 2178 1037 se

578 1071 750 1142 possit
774 1087 785 1124 :
819 1080 880 1126 ut
911 1088 1022 1127 non
1051 1071 1311 1145 indignus
1332 1073 1403 1128 sit
1432 1090 1531 1128 sua
1559 1072 1914 1145 professione.
1964 1096 1980 1116 ε
2004 1071 2178 1127 Unius

576 1159 769 1217 uxoris
799 1161 1003 1216 virum.
1033 1185 1050 1205 ν
1095 1160 1360 1227 Quamvis
1407 1161 1705 1218 secundam
1748 1177 1979 1217 numero
2027 1177 2179 1215 uxo-

577 1265 690 1306 rem
732 1265 842 1304 non
891 1248 962 1303 sit
1022 1248 1220 1305 habere
1272 1249 1652 1322 prohibitum;
1694 1260 1756 1306 ut
1816 1257 1999 1304 tamen
2055 1249 2178 1320 quis

577 1336 778 1408 dignus
805 1337 872 1393 ad
900 1336 1274 1410 episcopatum
1305 1338 1398 1406 sit,
1429 1339 1595 1394 etiam
1626 1338 1779 1394 licita
1825 1339 1984 1396 debet
2035 1353 2178 1410 spero

576 1441 706 1480 nere
748 1433 970 1498 propter
998 1427 1396 1482 sublimitatem
1446 1427 1620 1498 ipsius
1651 1426 1883 1495 ordinis,
1918 1425 2046 1500 quia
2079 1443 2177 1482 cae-

577 1513 710 1570 teris
766 1515 961 1570 melior
1015 1515 1177 1573 debet
1234 1533 1371 1585 esse,
1431 1515 1526 1589 qui
1585 1517 1819 1589 cupidus
1883 1523 1966 1571 est
2033 1515 2178 1572 sedis

577 1604 751 1660 illius.

650 1693 833 1765 (Vers.
859 1693 914 1761 3,
932 1693 1014 1765 4.)
1051 1720 1068 1741 ι
1087 1695 1367 1763 Sobrium,
1384 1696 1670 1768 pudicum,
1693 1705 1970 1766 ornatum,
1993 1696 2175 1769 hospi-

576 1784 764 1851 talem,
799 1783 1120 1852 docibilem,
1160 1801 1275 1841 non
1304 1786 1610 1843 obnoxium
1657 1786 1813 1856 vino,
1845 1803 1956 1843 non
1987 1787 2175 1843 verbe-
2204 1812 2250 1873 B

577 1880 838 1939 ratorem,
869 1872 962 1928 sed
1008 1874 1318 1930 modestum
1371 1876 1520 1948 (37);
1557 1895 1668 1933 non
1698 1877 2023 1949 litigiosum,
2063 1891 2175 1932 non

576 1979 828 2035 asperum
860 1979 872 2018 :
923 1963 1016 2019 sed
1050 1963 1276 2021 domum
1325 1982 1477 2021 suam
1533 1966 1669 2022 bene
1700 1974 1997 2038 regentem,
2031 1966 2177 2021 ﬁlios

576 2049 868 2107 habentem
919 2051 1168 2108 subditos
1221 2070 1346 2110 cum
1395 2055 1548 2110 omni
1598 2055 1867 2112 castitate.
1911 2081 1929 2104 ι
1989 2056 2176 2112 Talem

576 2140 857 2196 hominem
913 2140 1008 2213 qui
1057 2140 1175 2198 haec
1221 2141 1519 2211 custodiat,
1550 2159 1670 2216 quae
1695 2151 1982 2200 enumerat
2008 2145 2174 2215 bona,

574 2229 749 2287 creari
797 2229 933 2286 dicit
987 2229 1184 2286 debere
1236 2232 1576 2306 episcopum.
1634 2234 1759 2290 Haec
1813 2235 1961 2291 enim
2023 2235 2176 2308 signa

577 2327 703 2376 sunt
749 2319 1035 2391 dignitatis
1083 2319 1432 2394 episcopalis.
1485 2321 1540 2377 Si
1598 2332 1778 2379 autem
1811 2325 1933 2396 quis
1962 2323 2178 2396 potiora

577 2415 832 2478 sectatus,
894 2416 947 2464 et
976 2426 1173 2482 corpus
1202 2417 1255 2466 et
1291 2410 1531 2466 animam
1563 2428 1715 2467 suam
1745 2413 1858 2468 Deo
1886 2410 2173 2480 dicaverit,

577 2513 645 2552 ne
675 2513 730 2552 se
759 2497 978 2569 copulet
1006 2499 1393 2554 matrimonio:
1426 2508 1582 2555 tanto
1611 2501 1784 2572 magis
1813 2499 2032 2572 dignior
2057 2500 2170 2555 ﬁet.

576 2587 706 2643 Ideo
737 2586 886 2641 enim
919 2587 1238 2644 inferiorem
1278 2589 1484 2660 posuit,
1524 2597 1587 2645 ut
1637 2590 1704 2646 de
1755 2591 1967 2662 potiore
2013 2607 2174 2646 nemo

576 2673 873 2731 dubitaret.

654 2764 838 2834 (Vers.
872 2764 953 2836 5.)
1014 2789 1032 2812 ι
1065 2765 1120 2822 Si
1153 2765 1277 2838 quis
1325 2774 1507 2824 autem
1560 2767 1750 2824 domui
1797 2785 1908 2827 sua:
1947 2786 2174 2842 praeesse

584 2854 782 2922 nescit,
819 2855 1094 2926 quomodo
1140 2855 1400 2912 Ecclesiae
1450 2857 1549 2914 Dei
1579 2857 1922 2931 diligentiam
1952 2860 2174 2916 adhibe-

578 2941 703 2997 bit?
748 2964 768 2989 ι
821 2943 1172 2998 Manifestum
1213 2952 1293 2999 est
1359 2945 1489 3018 quia
1541 2954 1677 3003 tunc
1722 2958 1898 3020 potest
1946 2949 2176 3006 idoneus

578 3037 758 3086 rector
787 3029 1008 3086 futurus
1038 3030 1279 3103 probari,
1311 3032 1356 3087 si
1386 3035 1540 3105 prius
1568 3035 1793 3091 domum
1825 3053 1978 3092 suam
2026 3045 2175 3093 recte

577 3117 995 3189 gubernaverit;
1023 3119 1120 3191 qui
1145 3119 1295 3174 enim
1326 3120 1384 3175 in
1413 3121 1662 3179 minimis
1685 3123 1862 3181 ﬁdelis
1897 3133 2000 3194 est,
2033 3134 2087 3181 et
2117 3125 2172 3180 in

575 3205 789 3278 magnis
807 3205 987 3262 ﬁdelis
1011 3215 1092 3263 est
1124 3209 1276 3278 (Luc.
1304 3226 1422 3279 xvr,
1457 3212 1568 3283 10).

651 3294 835 3367 (Vera.
885 3296 965 3367 6.)
1012 3319 1029 3342 ι
1063 3296 1184 3352 Non
1231 3299 1596 3372 neophytum,
1649 3319 1716 3358 ne
1765 3303 1822 3359 in
1862 3303 2172 3376 superbiam

575 3384 770 3453 elatus,
825 3384 883 3439 in
925 3383 1199 3456 judicium
1249 3387 1456 3445 incidat
1503 3389 1731 3446 diaboli.
1765 3416 1784 3439 ι
1849 3393 2053 3449 Verum
2092 3401 2173 3450 est

575 3472 706 3544 quia
753 3472 916 3528 rudes
944 3473 1002 3528 in
1031 3473 1136 3529 ﬁde
1167 3477 1346 3530 solent
1374 3477 1570 3532 extolli
1616 3479 1890 3549 superbia,
1932 3481 2172 3536 maxime

575 3557 624 3613 si
670 3558 942 3629 accipiant
984 3561 1274 3628 ordinem;
1325 3566 1571 3619 novitate
1621 3565 1771 3620 enim
1803 3573 1856 3620 et
1905 3575 2172 3637 potestate

577 3645 829 3714 inﬂatur,
854 3646 1130 3703 arbitrans
1153 3665 1208 3704 se
1228 3666 1338 3721 prae
1369 3651 1582 3708 caeteris
1610 3653 1937 3723 digniorem.
1965 3657 2172 3712 Videns

574 3734 726 3790 enim
781 3735 960 3806 primo
1005 3752 1151 3792 anno
1200 3739 1512 3796 nativitatis
1541 3742 1804 3799 collatum
1834 3745 1891 3799 in
1922 3761 1978 3800 se
2002 3745 2173 3801 hono-

575 3839 716 3892 rem,
767 3832 924 3896 putat
960 3842 1073 3882 non
1120 3827 1293 3900 magis
1339 3829 1409 3886 ad
1459 3847 1642 3900 suum,
1689 3832 1780 3888 sed
1821 3833 1888 3890 ad
1935 3835 2169 3892 aliorum

574 3913 882 3986 profectum
931 3933 989 3971 se
1032 3925 1310 3986 vocatum,
1343 3921 1497 3992 quasi
1544 3921 1873 3979 beneﬁcium
1915 3925 2170 3998 religioni

571 4004 667 4061 det
719 4006 892 4078 magis
949 4023 1112 4079 quam
1169 4008 1402 4082 accipiat
1466 4010 1534 4066 ab
1583 4028 1674 4078 ea;
1727 4029 1822 4085 per
1850 4031 2014 4087 quam
2055 4033 2169 4072 rem

571 4095 767 4164 elatus,
790 4095 1027 4152 incurrit
1057 4097 1310 4171 laqueum
1343 4099 1552 4156 diaboli
1588 4101 1726 4172 (38).
1763 4104 1993 4160 Inventa
2020 4107 2167 4161 enim

569 4193 857 4251 occasione
909 4195 1178 4268 superbiae
1224 4197 1396 4266 illius,
1426 4198 1653 4255 Satanas
1683 4193 1992 4274 praecipitat
2019 4219 2164 4261 eum.

570 4279 802 4353 Ideoque
831 4283 889 4337 in
919 4285 1211 4341 Salomone
1256 4287 1457 4358 legitur
1489 4305 1500 4343 :
1548 4312 1564 4335 ι
1597 4289 1855 4362 Superbis
1886 4292 2031 4347 Deus
2071 4310 2168 4350 re-

569 4365 716 4422 sistit
746 4370 933 4437 (Prov.
970 4389 1051 4440 m,
1083 4373 1198 4443 34).
1226 4397 1245 4423 ι
1292 4375 1446 4432 Unde
1477 4385 1530 4433 et
1551 4379 1607 4433 in
1628 4379 1737 4434 alia
1763 4380 1994 4451 epistola
2019 4381 2164 4439 idem

2287 533 2467 591 ﬁdelis
2497 531 2725 590 minime
2765 531 3069 601 invenitur,
3099 527 3332 586 dubium
3360 544 3473 584 non
3502 527 3575 583 sit
3596 527 3724 601 quia
3752 536 3804 585 et
3823 529 3870 586 in

2286 627 2496 684 divinis
2523 625 2754 684 idoneus
2783 643 2894 683 non
2917 624 3054 682 erit:
3087 622 3133 680 si
3154 629 3335 679 autem
3367 620 3692 677 hominibus
3719 620 3872 678 fidem

2287 713 2625 781 exhibuerit,
2670 715 2846 768 multo
2896 711 3066 786 magis
3099 713 3231 767 Deo.
3280 735 3297 757 ι
3327 709 3403 764 Ne
3436 707 3496 763 in
3525 707 3872 781 opprobrium

2289 800 2500 859 incidat
2529 811 2583 858 et
2611 804 2868 875 laqueum
2907 799 3136 858 diaboli.
3172 826 3190 847 ι
3244 797 3302 854 Si
3345 797 3602 853 timorem
3632 799 3730 854 Dei
3760 809 3874 856 ante

2288 892 2477 948 oculos
2521 907 2633 947 non
2684 891 2939 947 habuerit
2986 889 3293 962 episcopus,
3353 886 3588 958 tempori
3619 887 3791 960 magis
3825 906 3875 945 se

2288 980 2664 1050 commodans,
2724 979 2874 1037 hunc
2918 979 3072 1052 quasi
3121 977 3398 1034 inﬁdelem
3449 985 3502 1033 et
3557 977 3874 1051 pseudopro-

2288 1070 2507 1142 phetam
2529 1069 2730 1126 deserit
2749 1071 2912 1138 Deus,
2947 1076 2999 1124 et
3029 1067 3294 1124 deformis
3324 1067 3604 1123 videbitur
3627 1068 3874 1125 omnibus

2289 1169 2341 1217 et
2387 1162 2736 1218 maculosus:
2791 1161 2922 1232 quia
2992 1159 3152 1215 aliter
3197 1158 3330 1214 facit
3379 1174 3541 1230 quam
3600 1157 3871 1230 praedicat,

2288 1249 2472 1306 verbis
2528 1249 2642 1305 suis
2688 1248 2805 1322 ipse
2847 1265 2904 1305 se
2956 1264 3239 1316 accusans,
3281 1246 3410 1320 quia
3465 1247 3759 1319 deputatus
3805 1255 3876 1304 est

2289 1339 2434 1414 gregi
2463 1340 2709 1404 Satanae;
2748 1347 2883 1396 tunc
2911 1338 3061 1394 enim
3093 1354 3221 1394 vera
3251 1353 3307 1392 se
3337 1336 3530 1409 probat
3569 1336 3872 1409 praedicare,

2287 1429 2334 1484 si
2380 1446 2442 1485 ea
2469 1438 2698 1486 conetur
2737 1437 2791 1485 et
2820 1443 3024 1501 gerere.
3054 1428 3249 1498 Magna
3275 1443 3404 1500 ergo
3433 1443 3565 1482 cura
3603 1427 3876 1500 eligendus

2287 1527 2370 1576 est
2397 1519 2492 1592 qui
2521 1520 2746 1576 domum
2778 1519 2876 1576 Dei
2910 1516 3203 1591 regendam
3235 1516 3473 1589 accipit;
3508 1516 3554 1572 si
3581 1516 3731 1572 enim
3762 1525 3876 1576 ter-

2286 1607 2543 1663 restrium
2577 1625 2759 1665 rerum
2787 1607 3194 1679 dispensatores
3210 1605 3397 1662 idonei
3427 1605 3708 1678 quaerendi
3731 1613 3872 1675 sunt,

2286 1704 2494 1768 quanto
2524 1697 2696 1769 magis
2738 1695 3044 1753 caelestium
3069 1697 3083 1751 l

2361 1787 2540 1859 (Vers.
2581 1787 2633 1854 8,
2685 1787 2739 1855 9,
2774 1786 2889 1858 10.)
2929 1811 2948 1833 ι
2978 1784 3251 1842 Diaconos
3278 1783 3397 1856 pari
3435 1783 3591 1840 modo
3621 1783 3872 1857 pudicos,

2287 1891 2398 1931 non
2418 1874 2715 1948 bilingues,
2742 1891 2853 1931 non
2884 1875 3016 1930 vino
3036 1876 3213 1930 multo
3237 1872 3471 1940 deditos,
3495 1889 3605 1928 non
3619 1873 3875 1946 turpibus

2287 1964 2456 2020 lucris
2492 1971 2765 2034 vacantes,
2799 1963 3062 2020 habentes
3107 1961 3435 2035 mysterium
3465 1961 3592 2018 ﬁdei
3650 1961 3709 2017 in
3739 1979 3875 2021 con-

2288 2052 2515 2111 scientia
2544 2071 2698 2127 pura.
2732 2054 2803 2109 Et
2852 2051 2910 2108 hi
2949 2059 3133 2109 autem
3178 2051 3480 2125 probentur
3529 2050 3793 2124 primum,
3831 2060 3877 2108 et

2287 2145 2366 2201 sic
2394 2143 2713 2200 ministrent
2760 2142 2877 2200 sine
2927 2141 3179 2199 crimine.
3212 2165 3232 2189 ι
3275 2141 3380 2208 Qui
3410 2148 3564 2196 tanta
3591 2139 3741 2196 circa
3769 2141 3872 2198 dia-

2285 2250 2452 2290 conos
2505 2233 2786 2305 eligendos
2833 2231 3104 2306 praecipit,
3152 2247 3289 2305 quos
3332 2238 3548 2288 constat
3604 2230 3876 2287 ministros

2286 2339 2399 2380 esse
2436 2323 2803 2390 sacerdotum,
2848 2323 3037 2395 quales
3082 2322 3204 2377 vult
3259 2337 3375 2377 esse
3426 2321 3732 2393 episcopos,
3779 2319 3873 2376 nisi

2285 2411 2428 2468 sicut
2473 2413 2587 2484 ipse
2634 2413 2734 2478 ait,
2784 2410 3312 2484 irreprehensibiles,
3373 2410 3592 2482 negotia
3644 2410 3874 2482 publica,

2283 2501 2467 2572 turpia
2519 2508 2573 2558 et
2641 2501 2777 2557 vilia
2840 2501 2992 2558 lucra
3050 2517 3162 2555 non
3210 2499 3515 2556 habentes?
3563 2498 3680 2555 Scit
3739 2498 3873 2554 enim

2286 2591 2409 2646 ideo
2439 2590 2728 2662 negotiari,
2752 2600 2815 2647 ut
2853 2591 3073 2665 capiant
3103 2594 3273 2659 lucra,
3305 2606 3406 2647 nec
3438 2589 3588 2645 aliud
3615 2589 3868 2661 proﬁten-

2284 2687 2375 2736 tur
2421 2697 2584 2754 quam
2633 2689 2848 2752 gerunt.
2896 2682 3103 2754 Turpia
3147 2687 3332 2736 autem
3377 2679 3527 2735 lucra
3575 2678 3695 2734 haec
3745 2678 3869 2736 dicit

2284 2786 2420 2838 esse,
2469 2769 2515 2826 si
2547 2769 2647 2826 sub
2678 2769 2766 2841 pia
2808 2769 3146 2841 professione
3199 2767 3500 2842 quaestibus
3554 2767 3869 2834 studeatur;

2285 2858 2464 2932 turpis
2489 2857 2638 2914 enim
2669 2857 3119 2931 deprehenditur,
3153 2873 3278 2914 cum
3301 2873 3357 2912 se
3387 2873 3588 2928 purum
3618 2864 3869 2914 ostentet.

2285 2949 2413 3004 Post
2466 2949 2783 3022 episcopum
2835 2955 3020 3003 tamen
3094 2945 3416 3003 diaconatus
3471 2947 3871 3003 ordinationem

2284 3036 2519 3109 subjecit
2553 3037 2698 3109 (40).
2731 3037 2928 3106 Quare,
2950 3035 3057 3092 nisi
3079 3035 3208 3110 quia
3223 3035 3460 3108 episcopi
3482 3043 3536 3091 et
3566 3034 3871 3108 presbyteri

2285 3143 2395 3184 una
2423 3127 2703 3184 ordinatio
2732 3128 2864 3184 est?
2908 3128 3145 3200 Uterque
3191 3126 3339 3183 enim
3371 3125 3621 3182 sacerdos
3647 3134 3755 3195 est,
3785 3124 3872 3182 sed

2282 3219 2569 3291 episcopus
2597 3218 2808 3290 primus
2835 3224 2917 3273 est
2941 3234 2952 3271 :
2987 3223 3049 3271 ut
3069 3216 3251 3272 omnis
3279 3216 3564 3288 episcopus
3594 3215 3874 3288 presbyter

2282 3309 2373 3376 sit,
2433 3324 2543 3363 non
2591 3316 2774 3364 tamen
2841 3305 3021 3362 omnis
3073 3307 3359 3380 presbyter
3405 3305 3728 3378 episcopus;
3790 3305 3874 3360 hic

2282 3397 2431 3452 enim
2461 3398 2746 3469 episcopus
2789 3405 2890 3466 est,
2940 3397 3036 3468 qui
3085 3396 3228 3452 inter
3270 3396 3618 3468 presbyteros
3668 3396 3876 3469 primus

2281 3494 2382 3543 est.
2422 3486 2668 3558 Denique
2720 3487 3072 3542 Timotheum
3120 3485 3501 3558 presbyterum
3558 3485 3873 3541 ordinatum

2280 3572 2572 3646 signiﬁcat,
2622 3574 2716 3630 sed
2757 3575 2888 3648 quia
2911 3581 3039 3631 ante
3083 3589 3140 3629 se
3184 3574 3420 3630 alterum
3467 3590 3584 3632 non
3616 3572 3871 3640 habebat,

2282 3664 2572 3736 episcopus
2617 3673 2752 3719 erat.
2787 3664 2944 3720 Unde
2970 3672 3022 3720 et
3052 3662 3514 3736 quemadmodum
3555 3663 3871 3736 episcopum

2280 3753 2521 3821 ordinet,
2553 3752 2823 3820 ostendit;
2881 3768 3058 3825 neque
3083 3753 3234 3808 enim
3265 3751 3346 3807 fas
3374 3759 3492 3807 erat
3519 3760 3612 3808 aut
3655 3751 3876 3818 licebat,

2280 3852 2341 3899 ut
2374 3843 2605 3899 inferior
2633 3843 2916 3899 ordinaret
2952 3841 3214 3914 majorem
3241 3858 3252 3896 :
3304 3858 3466 3898 nemo
3492 3842 3635 3899 enim
3677 3841 3879 3897 tribuit

2280 3936 2427 4005 quod
2454 3949 2564 3988 non
2595 3932 2825 4005 accepit.

2352 4023 2536 4096 (Vers.
2584 4025 2698 4096 11.)
2768 4049 2787 4073 ι
2844 4025 3102 4082 Mulieres
3153 4023 3408 4081 similiter
3454 4022 3694 4094 pudicas,
3763 4038 3877 4077 non

2279 4113 2560 4172 studentes
2607 4113 2920 4183 discordia,
2949 4116 3044 4171 sed
3085 4113 3316 4182 sobrias,
3369 4111 3550 4168 ﬁdeles
3581 4110 3654 4168 in
3691 4111 3875 4168 omni-

2276 4201 2398 4258 bus.
2430 4227 2448 4250 ›
2508 4203 2648 4271 Quia
2697 4211 2946 4260 sanctum
2994 4203 3243 4276 praecipit
3309 4201 3479 4259 creari
3529 4201 3874 4274 episcopum,

2275 4291 2498 4364 adaeque
2518 4299 2572 4348 et
2601 4292 2918 4361 diaconum,
2951 4307 3062 4347 non
3082 4293 3272 4364 utique
3305 4291 3577 4364 disparem
3607 4293 3732 4347 vult
3763 4305 3876 4346 esse

2275 4381 2509 4454 plebem,
2541 4383 2744 4456 quippe
2772 4399 2898 4438 cum
2921 4381 3068 4438 dicat
3091 4382 3362 4438 Dominus
3386 4398 3398 4435 :
3438 4381 3658 4438 «Sancti
3678 4389 3874 4447 estote,

568 4459 867 4527 Apostolus
911 4460 1024 4516 ait:
1093 4487 1110 4510 ι
1158 4464 1263 4529 Qui
1308 4482 1364 4521 se
1409 4477 1564 4538 putat
1612 4487 1726 4526 esse
1773 4471 2006 4544 aliquid,
2037 4490 2162 4531 cum
2192 4523 2240 4544 η
2274 4471 2404 4544 quia
2458 4480 2510 4528 et
2557 4487 2656 4544 ego
2702 4479 2922 4528 sanctus
2975 4488 3098 4528 sum
3143 4471 3334 4542 (Levii.
3367 4487 3489 4538 xix,
3521 4471 3602 4543 2).
3635 4472 3876 4542 Ideoque

621 4523 640 4527 —
1168 4523 1200 4529 τ
1410 4523 1427 4538 ι
1496 4523 1501 4524 κ
1776 4523 2006 4544 η--ι---ι
2041 4523 2162 4531 πη-
2284 4523 2402 4544 1m-
2465 4523 2508 4528 --
2562 4523 2649 4544 νο-
2703 4523 2918 4528 mm“
2976 4523 3098 4528 --η-
3368 4523 3601 4543 ----ι-ι-
3636 4523 3808 4542 -κ-τι

568 4544 712 4636 nihil
738 4546 832 4614 Sit,
864 4563 920 4602 se
955 4547 1134 4620 ipsum
1175 4551 1388 4610 seducit
1433 4557 1640 4627 (Galat.
1674 4577 1751 4628 γι,
1791 4561 1872 4631 3).
1898 4585 1915 4608 ι
1959 4563 2032 4619 Et
2059 4566 2163 4620 Do-
2192 4523 2241 4582 Β
2272 4561 2436 4617 etiam
2485 4562 2764 4632 mulieres,
2815 4579 2935 4636 quae
2965 4562 3253 4619 inferiores
3281 4561 3564 4630 videntur,
3603 4561 3732 4618 sine
3761 4561 3879 4618 cri-

565 4633 788 4691 minus:
838 4661 856 4684 ι
885 4636 991 4703 Qui
1031 4655 1109 4708 se,
1155 4639 1360 4714 inquit,
1398 4645 1748 4713 exaltaverit,
1778 4648 2165 4710 humiliabitur

571 4722 726 4792 (Luc.
758 4742 878 4795 xrv,
917 4729 1030 4801 11).
1063 4755 1082 4778 ι

639 4812 819 4884 (Vera.
857 4817 934 4887 7.)
981 4841 999 4864 ι
1027 4819 1256 4892 Oportet
1282 4831 1464 4882 autem
1502 4836 1555 4884 et
1588 4829 1746 4887 illum
1777 4832 2158 4890 testimonium

563 4900 763 4958 habere
792 4902 1000 4961 bonum
1030 4907 1098 4962 ab
1132 4910 1202 4967 iis
1235 4912 1329 4985 qui
1358 4914 1494 4971 foris
1519 4925 1680 4974 sunt.
1711 4943 1752 4968 »ι
1777 4921 2007 4979 Sensum
2054 4925 2158 4978 Do-

561 4990 841 5089 minicum.
861 5002 1104 5089 secutus,
1150 4999 1228 5055 ait
1267 5013 1517 5073 oportere
1547 5006 1797 5065 futurum
1838 5012 2155 5084 episcopum

560 5080 955 5174 testimonium
980 5081 1198 5174 bonum
1245 5086 1448 5146 habere
1476 5091 1544 5147 ab
1573 5080 1888 5166 extraneis,
1905 5080 2044 5172 quia
2060 5102 2155 5174 qui

557 5168 621 5224 in
649 5168 896 5225 minimis
925 5170 1105 5227 ﬁdelis
1133 5182 1232 5242 est,
1265 5185 1318 5232 et
1348 5178 1406 5233 in
1437 5181 1669 5253 magnis,
1702 5185 1846 5241 sicut
1869 5168 2006 5244 dicit
2035 5168 2156 5246 Di)-

559 5259 764 5316 minus.
812 5260 884 5316 Et
924 5261 970 5316 si
1021 5261 1080 5317 in
1127 5263 1309 5322 alieno
1331 5284 1645 5328 mammona
1678 5273 1794 5346 (39)
1827 5276 2014 5334 ﬁdeles
2042 5296 2154 5336 non

558 5348 766 5418 fuistis,
798 5349 944 5424 quod
985 5360 1229 5409 vestrum
1277 5364 1359 5412 est
1389 5359 1512 5430 quis
1540 5361 1694 5417 dabit
1726 5364 1886 5422 vobis
1906 5367 1934 5422 ?
1963 5368 2032 5423 Ut
2063 5369 2153 5428 hic

781 5503 986 5595 Eadem
1033 5503 1192 5595 Dom.
1225 5508 1382 5583 edit.,
1407 5516 1782 5595 compositum,
1819 5519 2148 5595 hospitalem,

556 5579 743 5659 αΡξξεζξ
766 5579 840 5659 (εει
863 5580 1237 5659 docendum.._..
1267 5579 1704 5659 non'glttigi'osum,
1735 5579 1840 5647 non
1879 5579 2147 5659 cupidum:

631 5613 741 5628 ...ιη
766 5613 840 5633 ιιιιι
863 5613 1237 5640 υιυιισιιυιυη....
1268 5613 1373 5640 vum
1402 5613 1704 5659 ungwsum,
1735 5613 1840 5647 mm
1879 5613 1941 5650 cu
1983 5613 2144 5655 tuum.

630 5643 748 5717 (38)
778 5649 982 5710 Eadem
1012 5653 1146 5714 edit.
1177 5657 1358 5727 Rom,
1384 5657 1616 5716 incurrit
1625 5660 1894 5732 judicium
1923 5613 2144 5727 diaboli.

2272 4651 2422 4707 mine
2452 4653 2574 4708 vult
2603 4669 2740 4720 esse,
2763 4661 2824 4709 ut
2851 4651 3057 4708 munda
3077 4653 3148 4707 sit
3171 4653 3418 4708 Ecclesia
3444 4651 3565 4708 Dei.
3589 4651 3700 4708 Sed
3723 4650 3879 4708 Cata-

2271 4741 2495 4814 phrygae
2524 4742 2724 4798 erroris
2753 4742 3095 4800 occasionem
3125 4749 3427 4814 captantes,
3461 4748 3693 4814 propter
3731 4737 3882 4814 quod

2269 4840 2392 4903 post
2439 4830 2698 4888 diaconos
2728 4833 2986 4890 mulieres
3013 4832 3336 4905 alloquitur,
3379 4831 3544 4888 etiam
3574 4830 3732 4904 ipsas
3761 4831 3882 4887 dia-

2268 4936 2433 4977 conas
2479 4921 2721 4978 ordinari
2774 4922 2972 4980 debere
3001 4938 3142 4978 vana
3194 4922 3624 4994 praesumptione
3681 4920 3884 4978 defen-

2267 5013 2426 5082 dunt,
2478 5031 2605 5071 cum
2662 5016 2840 5073 sciant
2890 5016 3164 5088 apostolos
3195 5025 3403 5088 septem
3451 5014 3733 5072 diaconos
3780 5015 3883 5069 ele-

2267 5106 2424 5178 gisse.
2474 5108 2757 5181 Numquid
2797 5109 2950 5164 nulla
2997 5108 3197 5166 mulier-
3244 5116 3378 5164 tunc
3409 5106 3613 5164 idonea
3645 5107 3890 5162 inventa

2263 5205 2364 5264 est,
2397 5214 2524 5254 cum
2554 5199 2700 5253 inter
2740 5198 2999 5255 undecim
3029 5199 3306 5272 apostolos
3349 5205 3567 5252 sanctas
3606 5196 3891 5252 mulieres

2264 5285 2432 5342 fuisse
2489 5287 2780 5360 legamus?
2835 5287 2940 5345 Sed
2989 5297 3051 5345 ut
3098 5287 3343 5344 haeretici
3395 5287 3653 5342 animum
3716 5289 3894 5342 suum

2262 5375 2463 5443 verbis,
2498 5391 2610 5432 non
2635 5393 2799 5433 sensu
2829 5377 2964 5450 legis
2984 5386 3226 5434 astruere
3255 5377 3574 5443 videantur,
3610 5374 3894 5448 Apostoli

2335 5525 2451 5600 (39)
2501 5529 2686 5588 Dictio
2733 5548 3031 5587 mammona
3066 5529 3124 5586 in
3181 5529 3341 5588 Rom.
3393 5527 3528 5585 edit.
3585 5537 3900 5602 expuncta

2259 5599 2461 5676 fuerat,
2484 5603 2587 5676 sed
2610 5619 2771 5676 quam
2803 5603 2872 5660 ob
2902 5620 3118 5661 causam
3139 5604 3167 5660 ?

2331 5671 2448 5747 (’10)
2483 5671 2643 5731 Rom:
2671 5675 2832 5742 edit.,
2863 5676 3088 5758 Diaconj
3123 5675 3414 5732 orationem
3443 5671 3701 5743 subjecit.
