4108 6184
274 361 380 420 497

1301 347 1665 417 COMMENT.
1708 353 1779 412 1N
1815 352 2034 410 EPIST.
2076 353 2098 410 1
2138 353 2232 410 AD
2273 354 2559 412 rmorn.

3476 355 3581 417 498

273 488 456 546 verbis
501 495 692 547 contra
738 503 960 543 sensum
1007 485 1264 543 nituntur
1305 484 1598 557 Apostoli:
1636 489 1699 538 ut
1743 499 1868 538 cum
1901 482 1952 541 A
1983 479 2204 536 visurus
2251 489 2425 536 esset:
2481 480 2574 538 sed
2619 482 2747 555 quia
2794 484 2932 540 solet
2973 469 3132 539 aliud
3173 480 3385 556 placere
3428 479 3577 553 Deo,

274 578 366 635 ille
411 577 702 635 mulierem
751 576 810 633 in
859 576 1104 633 Ecclesia
1149 575 1208 631 in
1253 574 1476 630 silentio
1521 591 1634 630 esse
1672 572 1869 629 debere

271 665 569 739 praecipiat,
618 665 704 722 illi
746 682 775 720 e
805 673 995 722 contra
1024 664 1189 722 etiam
1231 663 1615 721 auctoritatem
1658 661 1716 717 in
1754 663 1872 718 Ec-

267 757 431 812 clesia
460 754 751 812 vindicent
781 754 1098 812 ministerii.

340 847 524 918 (Vers.
562 845 650 914 12,
687 846 797 918 13.)
839 870 856 892 α
886 845 1156 901 Diacones
1188 843 1300 900 sint
1329 843 1496 899 unius
1524 842 1720 898 uxoris
1743 839 1869 908 viri,

265 935 414 992 ﬁlios
443 935 585 991 bene
615 944 882 1007 regentes,
924 941 978 989 et
1018 934 1214 990 domos
1259 933 1538 1005 preprias;
1587 932 1682 1005 qui
1723 931 1868 986 enim

261 1023 407 1080 bene
433 1025 898 1091 ministraverint,
930 1023 1160 1094 gradum
1189 1023 1394 1078 bonum
1425 1021 1529 1078 sibi
1551 1021 1866 1094 acquirunt,

264 1121 322 1168 et
369 1114 603 1170 multam
650 1113 912 1169 ﬁduciam
966 1112 1024 1166 in
1077 1111 1203 1178 ﬁde,
1254 1128 1372 1184 quae
1419 1119 1502 1166 est
1549 1110 1606 1164 in
1648 1109 1868 1166 Christo

262 1204 416 1260 Jesu.
457 1229 474 1250 ι
519 1206 598 1260 Ea
635 1220 757 1276 quae
798 1204 981 1258 minus
1011 1201 1225 1257 dixerat
1262 1199 1328 1255 de
1360 1199 1708 1255 ordinatione
1740 1197 1869 1252 dia—

262 1303 518 1362 conatus,
554 1311 702 1350 nunc
731 1292 981 1363 subjecit.
1030 1290 1284 1347 Ostendit
1319 1288 1480 1344 etiam
1514 1289 1661 1360 ipsos
1699 1287 1868 1342 unius

263 1383 458 1438 uxoris
488 1384 637 1439 viros
675 1399 790 1438 esse
820 1381 1035 1450 debere,
1071 1391 1132 1436 ut
1168 1379 1226 1435 hi
1256 1378 1324 1434 ad
1364 1377 1736 1434 ministerium
1767 1376 1864 1431 Dei

258 1471 555 1541 eligantur,
606 1471 701 1543 qui
750 1487 860 1524 non
908 1479 1040 1526 sunt
1087 1470 1286 1540 egressi
1335 1467 1700 1524 constitutum
1741 1463 1861 1521 Dei.

261 1558 485 1614 Homini
512 1559 664 1614 enim
695 1575 859 1614 unam
883 1573 1115 1614 uxorem
1144 1557 1390 1613 decrevit
1415 1558 1582 1623 Deus,
1605 1572 1731 1612 cum
1755 1571 1864 1627 qua

259 1646 619 1702 benedicatur
647 1665 658 1703 :
693 1664 855 1702 nemo
885 1645 1033 1702 enim
1066 1662 1188 1702 cum
1222 1645 1462 1700 secunda
1489 1643 1858 1700 benedicitur.

259 1734 365 1803 Qui
395 1736 441 1790 si
480 1735 626 1791 ﬁlios
654 1735 794 1792 bene
831 1734 1282 1808 gubernaverint,
1314 1742 1369 1790 et
1398 1733 1593 1789 domos
1626 1748 1774 1799 suas,
1807 1732 1862 1787 id

257 1833 360 1892 est,
394 1826 723 1881 vernaculos
753 1833 846 1880 aut
876 1823 1229 1892 domesticos,
1274 1831 1532 1894 poterunt
1561 1821 1714 1892 digni
1744 1820 1862 1876 ﬁeri
1895 1843 1940 1903 Β

256 1912 597 1980 sacerdotio,
619 1921 674 1969 et
693 1912 952 1968 ﬁduciam
975 1911 1175 1967 habere
1195 1911 1338 1982 apud
1359 1911 1532 1966 Deum
1555 1928 1568 1976 ;
1602 1919 1665 1964 ut
1687 1909 1867 1965 sciant

257 2018 317 2056 se
348 2017 508 2073 posse
556 2001 852 2072 impetrare
883 2001 1029 2073 quod
1076 2000 1377 2071 postulant,
1418 1997 1533 2070 jam
1563 1998 1630 2054 de
1669 2006 1865 2054 caetero

255 2108 316 2147 se
347 2091 418 2146 ab
447 2108 550 2147 usu
596 2091 815 2147 feminae
859 2090 1202 2146 cohibentes.
1237 2088 1529 2146 Veteribus
1571 2088 1718 2144 enim
1768 2086 1864 2142 id—

253 2180 406 2235 circo
432 2196 751 2236 concessum
787 2189 868 2235 est
899 2178 1083 2234 levitis
1119 2186 1213 2233 aut
1253 2177 1630 2234 sacerdotibus
1659 2193 1862 2232 uxores

253 2267 325 2324 ad
371 2286 530 2324 usum
581 2267 808 2336 habere,
853 2269 982 2340 quia
1030 2269 1267 2324 multum
1302 2275 1518 2340 tempus
1545 2266 1659 2323 otio
1690 2283 1864 2322 vaca-

251 2359 392 2415 bant
422 2375 453 2413 a
493 2357 805 2414 ministerio
847 2365 942 2412 aut
991 2357 1296 2413 sacerdotio
1348 2355 1672 2428 (multitudo
1710 2355 1858 2410 enim

250 2455 375 2503 erat
432 2446 801 2513 sacerdotum,
859 2453 913 2501 et
967 2462 1164 2517 magna
1213 2445 1372 2516 copia
1429 2444 1748 2509 levitarum,
1806 2451 1860 2498 et

253 2536 640 2608 unusquisque
669 2542 818 2589 certo
844 2541 1089 2606 tempore
1133 2533 1406 2590 serviebat
1447 2532 1656 2587 divinis
1685 2548 1861 2588 caere-

252 2624 468 2681 moniis
509 2623 812 2681 secundum
864 2622 1184 2678 institutum
1232 2621 1411 2678 David
1460 2622 1518 2692 (Ι
1552 2621 1742 2677 Paral.
1777 2637 1855 2686 vr,

253 2714 350 2781 31,
383 2713 517 2783 32);
567 2713 659 2769 hic
688 2713 836 2768 enim
873 2712 1070 2784 viginti
1113 2720 1167 2767 et
1205 2718 1442 2784 quatuor
1485 2711 1685 2766 classes
1713 2725 1859 2765 con-

251 2803 443 2859 stituit
489 2802 870 2870 sacerdotum,
913 2809 974 2857 ut
1020 2801 1237 2857 vicibus
1283 2800 1659 2866 deservirem;
1711 2797 1858 2853 unde

252 2892 401 2948 Abia
429 2901 676 2948 octavam
705 2891 931 2947 classem
973 2889 1188 2957 habuit,
1229 2887 1386 2958 cujus
1417 2887 1538 2943 vice
1570 2885 1860 2942 Zacharias

253 2981 590 3052 fungebatur
639 2979 970 3044 sacerdotio,
1026 2978 1171 3034 sicut
1223 2975 1542 3031 continetur
1599 2973 1656 3027 in
1715 2972 1858 3027 libro

251 3070 715 3142 Paralipomenon
748 3068 804 3138 (Ι
829 3067 1022 3122 Paral.
1054 3080 1215 3131 xxxv,
1247 3063 1365 3130 10),
1412 3062 1487 3116 ita
1514 3070 1577 3117 ut
1612 3067 1857 3131 tempore

251 3175 366 3232 quo
395 3174 509 3213 non
539 3157 666 3212 illos
687 3153 1039 3224 contingebat
1066 3151 1343 3207 deservire
1362 3149 1541 3218 altari,
1565 3149 1853 3204 domorum
1887 3187 1930 3247 Ο

251 3262 483 3304 suarum
514 3250 737 3314 agerent
767 3257 956 3298 curam
987 3259 998 3296 :
1040 3248 1095 3295 at
1123 3239 1218 3294 ubi
1256 3254 1387 3293 vero
1415 3246 1631 3309 tempus
1661 3239 1858 3294 immi-

253 3337 425 3392 nebat
455 3331 771 3400 ministerii,
807 3329 1081 3403 puriﬁcati
1113 3329 1409 3402 aliquantis
1436 3327 1652 3397 diebus,
1691 3345 1856 3384 acce-

255 3421 466 3477 debant
489 3422 557 3478 ad
587 3424 850 3495 templum
875 3422 1067 3478 offerre
1086 3422 1218 3477 Deo.
1250 3420 1408 3476 Nunc
1435 3427 1614 3474 autem
1646 3427 1854 3492 septem

253 3511 524 3568 diaconos
577 3527 692 3566 esse
737 3519 973 3582 oportet,
1024 3517 1077 3565 et
1129 3509 1438 3580 aliquantos
1486 3507 1854 3579 presbyteros,

250 3608 317 3655 ut
359 3599 479 3654 bini
509 3600 622 3655 sint
660 3617 756 3672 per
782 3598 1076 3666 Ecclesiae,
1113 3604 1166 3653 et
1195 3613 1339 3652 unus
1381 3596 1440 3651 in
1471 3595 1696 3652 civitate
1725 3597 1854 3668 epi—

248 3705 496 3761 scopus:
555 3705 618 3744 ac
672 3705 768 3760 per
824 3688 928 3744 hoc
975 3703 1166 3744 omnes
1221 3703 1252 3742 a
1305 3693 1586 3743 conventu
1632 3686 1853 3742 feminae

248 3777 529 3835 abstinere
581 3779 817 3846 debere,
871 3777 1002 3850 quia
1056 3791 1274 3832 necesse
1319 3784 1400 3831 est
1460 3792 1554 3832 eos
1605 3775 1853 3848 quotidie

249 3877 453 3942 praesto
481 3885 598 3926 esse
643 3869 700 3924 in
729 3867 997 3932 Ecclesia,
1044 3883 1144 3923 nec
1183 3865 1383 3922 habere
1411 3864 1760 3933 dilationem,
1791 3872 1854 3920 ut

249 3963 377 4027 post
403 3963 738 4013 conventum
770 3954 1012 4026 legitime
1041 3952 1422 4026 puriﬁcentur,
1454 3955 1600 4008 sicut
1620 3959 1848 4008 veteres.

250 4044 420 4099 Omni
465 4044 612 4100 enim
663 4043 1007 4099 hebdomade
1050 4041 1390 4098 oﬁ'erendum
1439 4049 1553 4109 est,
1598 4040 1764 4096 etiam
1804 4039 1850 4095 si

251 4147 367 4187 non
396 4133 642 4206 quotidie
688 4131 1010 4205 peregrinis,
1059 4130 1258 4187 incolis
1301 4139 1485 4186 tamen
1525 4131 1613 4185 vel
1658 4129 1745 4185 bis
1794 4129 1851 4184 in

250 4220 641 4278 heddomada:
694 4220 798 4277 etsi
834 4236 946 4276 non
993 4218 1211 4286 desint,
1245 4219 1340 4290 qui
1393 4233 1561 4289 prope
1600 4215 1850 4290 quotidie

251 4310 605 4381 baptizentur
650 4310 802 4382 aegri.
855 4311 990 4366 Nam
1033 4309 1312 4365 veteribus
1360 4307 1485 4363 ideo
1531 4323 1850 4364 concessum

251 4408 357 4468 est,
391 4400 521 4473 quia
551 4400 726 4457 multo
758 4406 1006 4471 tempore
1034 4398 1094 4454 in
1126 4398 1333 4469 templo
1363 4413 1474 4452 non
1497 4396 1847 4464 videbantur,

253 4491 350 4546 sed
390 4497 547 4546 erant
575 4490 799 4562 privati.
847 4488 904 4545 Si
933 4487 1084 4544 enim
1115 4484 1347 4559 plebeiis
1376 4484 1696 4541 hominibus
1717 4502 1849 4541 ora-

254 4579 427 4636 tionis
468 4596 631 4638 causa
677 4580 745 4636 ad
792 4589 1009 4652 tempus
1062 4577 1336 4633 abstinere
1380 4591 1437 4630 se
1483 4575 1754 4646 praecipit,
1787 4583 1850 4630 ut

255 4675 454 4724 vacent
487 4669 758 4737 orationi,
789 4677 994 4741 quanto
1023 4666 1197 4739 magis
1240 4664 1425 4720 levitis
1465 4672 1560 4719 aut
1588 4663 1851 4720 sacerdo-

255 4756 428 4824 tibus,
471 4773 610 4830 quos
648 4756 737 4813 die
779 4764 1050 4829 nocteque
1090 4771 1190 4826 pro
1221 4753 1376 4826 plebe
1415 4752 1521 4809 sibi
1560 4753 1853 4809 commissa

256 4855 472 4918 oportet
500 4863 656 4903 orare
681 4848 692 4902 l
733 4845 1051 4903 Mundiores
1079 4859 1208 4916 ergo
1241 4859 1355 4899 esse
1385 4841 1586 4899 debent
1615 4843 1849 4912 caeteris,

257 4935 387 5007 quia
410 4944 621 4992 actores
649 4933 747 4990 Dei
784 4941 931 4988 sunt.

330 5025 512 5096 (Vers.
548 5025 644 5092 14,
679 5024 794 5094 15.)
846 5047 864 5069 ι
904 5023 1029 5079 Haec
1057 5022 1159 5078 tibi
1198 5021 1398 5087 scribo,
1430 5019 1512 5076 ﬁli
1541 5021 1846 5089 Timothee,

257 5130 482 5186 sperans
508 5113 621 5170 cito
652 5129 739 5168 me
777 5111 967 5167 venire
999 5110 1066 5166 ad
1097 5117 1149 5165 te
1182 5128 1194 5166 :
1246 5109 1291 5165 si
1326 5117 1508 5165 autem
1537 5110 1846 5179 tardavero,

256 5214 318 5261 ut
337 5207 478 5262 scias
497 5201 960 5278 quemadmodum
983 5209 1229 5272 oporteat
1252 5209 1306 5256 te
1337 5201 1394 5256 in
1419 5201 1584 5256 domo
1603 5200 1701 5256 Dei
1726 5199 1850 5270 (41)

258 5295 594 5364 conversari,
634 5312 755 5369 quae
786 5303 868 5352 est
913 5292 1160 5350 Ecclesia
1195 5294 1292 5349 Dei
1322 5293 1459 5360 vivi,
1508 5294 1767 5350 columna
1794 5300 1850 5347 et
1887 5297 1904 5308 ν

259 5382 665 5442 ﬁrmamentum
715 5383 982 5440 veritatis.
1034 5408 1051 5430 ι
1113 5381 1389 5448 Quantum
1437 5383 1505 5438 ad
1559 5383 1846 5440 scientiam

261 5475 374 5547 ejus
421 5477 750 5551 pertinebat,
797 5476 902 5533 hoc
926 5485 1040 5534 erat
1083 5474 1141 5531 in
1185 5491 1249 5530 eo
1283 5475 1429 5546 quod
1475 5476 1640 5533 citius
1687 5476 1844 5532 illum

333 5612 449 5683 (41)
481 5614 639 5669 Rom.
677 5610 833 5679 edit.,
865 5611 1120 5684 quomodo
1154 5609 1440 5669 Ecclesium
1471 5610 1700 5680 ordines,
1732 5627 1848 5684 qme

261 5690 331 5740 est
359 5685 543 5740 domus
579 5684 673 5741 Dei
699 5684 822 5740 viri.

1979 575 2137 648 cujus
2174 577 2521 650 providentia
2555 578 2656 651 ipsi
2683 581 2784 636 soli
2805 584 3024 655 cognita
3045 590 3158 650 est;
3193 581 3335 638 296
3367 585 3581 643 idcirco

1980 681 2047 720 ne
2070 666 2233 734 forte,
2261 665 2464 738 inquit,
2493 669 2722 737 tardem,
2744 671 2923 728 scribo
2943 671 3068 738 tibi,
3093 681 3153 728 ut
3181 673 3320 728 scias
3340 689 3575 747 quomo-

1979 753 2051 810 do
2081 755 2382 811 Ecclesiam
2415 757 2659 826 ordines,
2692 776 2812 830 quae
2841 769 2920 815 est
2949 763 3146 818 domus
3189 762 3288 820 Dei
3312 781 3326 830 ;
3360 770 3422 818 ut
3451 781 3576 821 cum

1979 850 2129 898 totus
2173 843 2412 900 mundus
2441 846 2537 901 Dei
2586 847 2678 916 sit,
2725 847 2967 904 Ecclesia
3009 859 3192 907 tamen
3223 852 3419 909 domus
3462 853 3581 926 ejus

1978 931 2214 1002 dicatur,
2250 935 2408 1006 cujus
2454 936 2618 992 hodie
2668 946 2848 995 rector
2886 949 2966 995 est
3012 942 3294 999 Damasus.
3341 945 3580 1000 Mundus

1981 1023 2128 1077 enim
2174 1024 2230 1079 in
2281 1027 2734 1096 praevaricatione
2779 1038 2879 1098 est,
2928 1031 3148 1086 diverso
3190 1033 3438 1089 turbatus
3484 1051 3580 1090 er-

1978 1127 2098 1166 rore
2129 1130 2139 1167 :
2181 1112 2304 1170 ideo
2333 1115 2453 1170 illic
2485 1132 2704 1172 necesse
2734 1127 2816 1173 est
2847 1119 3066 1175 dicatur
3090 1137 3205 1177 esse
3233 1122 3430 1177 domus
3458 1125 3580 1192 Dei,

1976 1207 2030 1254 et
2057 1201 2277 1271 veritas,
2312 1203 2406 1260 ubi
2439 1205 2742 1262 secundum
2767 1207 3110 1265 voluntatem
3143 1227 3296 1266 suam
3332 1212 3582 1269 timetur.

1977 1289 2092 1346 Hoc
2127 1291 2512 1362 proﬁtentibus
2553 1294 2620 1350 de
2659 1311 2722 1351 eo
2755 1297 2948 1365 servis,
2994 1299 3140 1372 quod
3184 1300 3298 1371 ipse
3326 1301 3583 1373 dignatus

1975 1385 2058 1433 est
2105 1380 2330 1449 docere,
2381 1399 2447 1438 ne
2494 1383 2636 1438 forte
2679 1383 2847 1439 verba
2893 1385 3011 1456 ejus
3056 1397 3386 1459 negarentur
3432 1405 3578 1456 esse,
3662 1431 3666 1438 μ

1977 1467 2282 1524 virtutibus
2311 1470 2430 1527 haec
2463 1471 2724 1543 signavit,
2756 1489 2876 1545 quae
2909 1490 2939 1528 a
2970 1476 3123 1531 nullo
3160 1477 3270 1531 alio
3299 1477 3419 1532 ﬁeri
3459 1494 3578 1549 pos-

1974 1564 2124 1624 sunt,
2157 1566 2219 1613 ut
2266 1558 2352 1614 his
2398 1559 2697 1615 inﬁdelitas
2739 1569 2990 1617 accusata
3032 1563 3428 1621 inexcusabilis
3469 1582 3577 1638 pe-

1975 1651 2110 1700 reat.
2176 1646 2616 1704 Firmamentum
2677 1648 2823 1704 enim
2887 1651 3134 1709 veritatis
3194 1653 3362 1726 hujus
3423 1654 3580 1726 signa

1972 1743 2101 1790 sunt
2131 1743 2185 1790 et
2223 1737 2491 1810 prodigia.

2048 1824 2230 1892 (Vers.
2284 1827 2397 1896 16.)
2451 1850 2470 1874 ι
2522 1829 2594 1884 Et
2651 1828 2874 1901 quidem
2927 1831 3177 1886 omnium
3231 1833 3578 1888 confessione

1976 1928 2236 1984 magnum
2268 1923 2349 1970 est
2396 1915 2561 1987 hujus
2612 1918 2831 1990 pietatis
2879 1920 3226 1991 mysterium.
3279 1948 3297 1971 ι
3349 1921 3575 1979 Nullum

1974 2001 2221 2057 ﬁdelium
2262 2003 2524 2060 admirari
2571 2016 2729 2078 negat
2776 2019 3176 2066 sacramentum
3221 2012 3470 2068 veritatis
3517 2011 3574 2067 in

1970 2089 2220 2145 Ecclesia
2249 2091 2576 2162 praedicatus,
2625 2110 2787 2167 quam
2821 2095 3075 2167 pietatem
3121 2100 3394 2171 appellat;
3448 2117 3577 2155 ma—

1975 2180 2396 2250 gnanimitatem
2424 2185 2573 2238 enim
2597 2193 2650 2240 et
2679 2185 3026 2242 clementiam
3060 2205 3210 2244 suam
3245 2206 3575 2261 cognoscen-

1972 2267 2123 2324 tibus
2153 2277 2359 2326 azterna
2407 2280 2461 2328 et
2509 2273 2699 2329 divina
2747 2275 2944 2330 tribuit
2990 2276 3135 2333 dona
3174 2277 3316 2350 (42),
3349 2287 3575 2351 excepta

1972 2358 2298 2415 remissione
2367 2371 2746 2432 peccatorum,
2813 2381 2975 2437 quam
3033 2365 3124 2422 hic
3191 2366 3249 2421 in
3315 2369 3571 2440 praesenti

1971 2444 2220 2517 largitur.
2270 2474 2288 2497 ι
2327 2448 2484 2516 Quod
2516 2451 2851 2509 declaratum
2884 2462 2965 2510 est
3016 2455 3075 2510 in
3121 2471 3304 2522 carne,
3348 2456 3572 2527 justiﬁ-

1970 2542 2152 2590 catum
2177 2545 2258 2592 est
2289 2537 2347 2591 in
2377 2539 2600 2609 spiritu,
2622 2541 2804 2596 visum
2836 2552 2918 2598 est
2949 2545 3180 2613 angelis,
3209 2545 3570 2615 praedicatum

1969 2629 2050 2677 est
2069 2624 2348 2694 gentibus,
2376 2625 2649 2682 creditum
2667 2637 2748 2683 est
2776 2629 2834 2682 in
2852 2629 2958 2684 hoc
2980 2631 3206 2697 mundo,
3225 2642 3570 2703 assumptum

1969 2717 2050 2765 est
2096 2712 2153 2765 in
2196 2713 2388 2782 gloria.
2437 2737 2455 2760 ιι
2499 2713 2910 2771 Sacramentum
2955 2719 3205 2787 mysterii
3254 2718 3374 2787 Dei,
3424 2720 3568 2792 quod

1969 2805 2051 2852 est
2100 2796 2356 2852 Christus
2405 2797 2462 2852 in
2519 2816 2704 2869 carne,
2751 2801 2890 2858 dicit
2939 2801 3371 2872 manifestatum,
3423 2805 3571 2877 quod

1971 2884 2176 2940 latebat
2205 2885 2262 2941 in
2291 2888 2511 2958 spiritu.
2544 2890 2715 2948 Natus
2743 2891 2890 2950 enim
2925 2893 3091 2949 homo
3120 2894 3296 2951 Filius
3321 2895 3442 2963 Dei,
3474 2896 3571 2968 qui

1970 2971 2028 3026 in
2061 2983 2271 3030 secreto
2313 2983 2428 3031 erat
2475 2977 2620 3050 apud
2655 2981 2850 3049 Deum,
2885 2997 3048 3053 opere
3079 2990 3132 3038 et
3178 2983 3567 3054 praedicatione

1969 3060 2269 3120 declaravit
2303 3080 2360 3120 se
2388 3075 2672 3137 creaturae,
2703 3076 2758 3124 et
2801 3068 2904 3126 hoc
2933 3078 3015 3126 est
3056 3070 3420 3143 justiﬁcatum
3451 3089 3567 3130 esse

1968 3151 2026 3205 in
2073 3151 2304 3223 Spiritu,
2353 3155 2612 3226 operibus
2641 3167 2695 3213 et
2725 3158 2930 3216 virtute
2977 3161 3236 3218 claruisse
3269 3179 3417 3232 eum,
3468 3164 3565 3236 qui

1966 3249 2082 3296 erat
2107 3241 2166 3297 in
2188 3259 2371 3312 carne,
2402 3245 2528 3316 quis
2555 3255 2694 3302 esset
2720 3265 2731 3303 :
2767 3246 2966 3304 deinde
2990 3251 3304 3321 apparuisse
3333 3252 3563 3323 angelis,

1969 3345 2079 3384 non
2115 3329 2230 3401 jam
2280 3332 2339 3387 in
2386 3333 2564 3389 forma
2611 3334 2977 3405 humilitatis,
3028 3339 3122 3394 sed
3169 3339 3226 3394 in
3277 3347 3561 3410 potestate.

1967 3418 2184 3476 Tandiu
2213 3421 2359 3476 enim
2389 3431 2612 3495 aspectu
2639 3423 2871 3482 humilis
2898 3426 3052 3484 visus
3076 3435 3158 3483 est
3193 3445 3292 3500 per
3318 3444 3561 3498 carnem,

1966 3507 2216 3578 quandiu
2262 3509 2482 3566 devicta
2523 3520 2722 3580 morte,
2771 3525 3077 3588 resurgeret
3122 3517 3465 3586 a.mortuis,
3509 3527 3564 3574 et

1966 3595 2249 3653 videretur
2292 3598 2547 3670 majestas
2595 3601 2732 3673 ejus,
2777 3605 2871 3677 qui
2919 3611 3082 3661 natus
3111 3614 3172 3661 ut
3210 3606 3400 3673 homo,
3448 3623 3560 3662 non

1967 3693 2080 3740 erat
2109 3694 2259 3742 totus
2287 3686 2454 3744 homo
2481 3706 2492 3744 :
2528 3699 2589 3746 ut
2617 3699 2972 3763 agnoscentes
3001 3694 3179 3765 angeli
3209 3696 3559 3768 mysterium,

1965 3775 2110 3846 quod
2156 3775 2313 3846 prius
2345 3777 2528 3847 latuit,
2579 3780 2918 3837 declaratum
2967 3782 3026 3838 in
3068 3799 3250 3853 carne,
3304 3800 3446 3856 genu
3474 3785 3560 3840 illi

1965 3863 2246 3922 ﬂectentes
2276 3868 2432 3940 quasi
2461 3870 2597 3937 Deo,
2631 3871 2831 3942 gratias
2859 3881 3052 3944 agant,
3085 3875 3214 3946 quia
3243 3875 3561 3932 didicerunt

1963 3953 2274 4024 veritatem,
2299 3972 2419 4027 qua:
2460 3959 2712 4029 gentibus
2743 3961 3035 4032 praedicata
3057 3971 3161 4031 est,
3183 3971 3246 4018 ut
3279 3964 3347 4018 ab
3375 3978 3559 4018 errore

1963 4040 2363 4099 liberarentur:
2396 4045 2454 4100 in
2481 4063 2591 4119 quo
2619 4050 2859 4105 mundus
2885 4049 3125 4121 proﬁcit,
3157 4057 3219 4104 ut
3254 4065 3364 4103 non
3394 4050 3561 4103 dam-

1961 4138 2143 4186 netur.
2181 4154 2199 4178 ‹
2232 4131 2510 4190 Creditum
2535 4145 2614 4192 est
2644 4137 2872 4193 mundo.
2904 4163 2922 4185 ι
2957 4138 3085 4192 Ideo
3112 4136 3258 4190 enim
3287 4135 3556 4192 creditum

1961 4226 2042 4274 est
2073 4221 2281 4277 mundo
2308 4223 2407 4279 Dei
2455 4231 2880 4288 sacramentum,
2922 4231 2985 4277 ut
3033 4221 3262 4292 perﬁdia
3304 4221 3424 4294 ejus
3454 4239 3560 4279 ve-

1961 4306 2109 4363 niam
2141 4311 2346 4364 erroris
2391 4310 2589 4366 mereri
2632 4326 2744 4365 non
2775 4309 2965 4381 possit,
3001 4309 3146 4366 sicut
3175 4308 3310 4368 dicit
3356 4313 3558 4370 Domi-

1961 4411 2064 4450 nus
2111 4396 2178 4452 de
2207 4397 2447 4453 Judzeis:
2501 4421 2520 4444 ι
2567 4397 2624 4453 Si
2670 4413 2781 4452 non
2813 4397 3083 4460 venissem
3133 4405 3187 4454 et
3231 4399 3449 4458 locutus
3476 4403 3556 4459 eis

1960 4484 2226 4554 fuissem,
2287 4495 2570 4558 peccatum
2623 4502 2734 4542 non
2796 4485 3104 4544 haberent:
3170 4504 3319 4546 nunc
3371 4499 3552 4547 autem

1959 4575 2368 4631 excusationem
2399 4591 2511 4632 non
2542 4574 2821 4634 habebunt
2848 4575 2914 4632 de
2963 4585 3186 4650 peccato
3227 4595 3326 4635 suo
3368 4580 3550 4651 (Joan.

1962 4679 2060 4731 xv,
2098 4663 2212 4734 22).
2259 4690 2276 4711 ›

2047 4777 2064 4799 ι
2105 4753 2460 4826 Assumptum
2506 4766 2588 4812 est
2632 4757 2690 4811 in
2735 4758 2927 4827 gloria.
2967 4781 2983 4803 -
3029 4757 3170 4824 Quia
3211 4758 3358 4828 quod
3401 4759 3553 4814 velut

1960 4841 2245 4898 inﬁrmum
2291 4853 2345 4900 et
2389 4844 2636 4900 deforme
2683 4854 3160 4918 contempserunt,
3210 4857 3550 4920 assumptum

1958 4939 2039 4988 est
2070 4931 2126 4986 in
2159 4932 2370 5003 gloria:
2424 4941 2544 5005 post
2583 4951 2807 4990 crucem
2851 4936 2998 4992 enim
3045 4937 3390 4996 manifestata
3421 4955 3554 5010 per-

1959 5038 2091 5078 sona
2127 5030 2180 5077 et
2221 5022 2427 5078 virtute
2469 5040 2568 5079 sua
2615 5022 2864 5080 Salvator
2901 5028 3102 5097 palam,
3152 5027 3549 5084 famulantibus

1959 5111 2221 5180 nubibus,
2262 5111 2514 5170 ascendit
2542 5113 2811 5185 gloriosus
2840 5113 2900 5172 in
2929 5117 3114 5174 caelos.

2572 5256 2800 5314 CAPUT
2838 5259 2935 5318 IV.

2029 5381 2210 5451 (Vers.
2241 5383 2376 5452 1-5.)
2421 5406 2438 5429 ε
2469 5382 2707 5454 Spiritus
2731 5391 2912 5440 autem
2945 5384 3236 5438 manifesto
3253 5381 3392 5437 dicit
3421 5378 3548 5450 quia

1955 5470 2014 5526 in
2047 5471 2363 5528 novissimis
2393 5473 2735 5547 temporibus
2783 5471 3036 5529 recedent
3082 5468 3304 5544 quidam
3352 5483 3381 5522 a
3417 5465 3542 5538 ﬁde,

2030 5606 2146 5676 (42)
2191 5605 2455 5661 Nonnulli
2501 5618 2651 5678 mss_._,
2696 5601 3125 5678 magnanimitate
3163 5597 3298 5678 enim
3341 5604 3389 5652 et
3433 5600 3544 5658 ale-

1952 5667 2143 5735 θηρήιίά
2177 5695 2270 5729 mm
2300 5667 2713 5743 roqnoscmtibus
2747 5667 2998 5727 sédivina
3031 5667 3214 5725 tribuit
3244 5667 3398 5730 bona.
