4108 6184
533 287 638 364 499

1562 290 1657 349 AD
1696 288 1930 350 OPERA
1967 288 2023 348 s.
2067 288 2398 356 AMBROSII
2437 290 2817 366 APPENDIX.

3732 291 3843 350 500

535 432 878 506 attendentes
903 431 1130 506 spiritus
1159 431 1399 504 fallaces,
1419 447 1482 501 ac
1510 430 1788 496 doctrinas
1808 430 2121 488 daemonio—
2153 425 2203 504 Α
2232 429 2496 504 reprobus
2524 437 2578 502 et
2624 430 2738 506 igni
2769 430 3177 502 comburendae
3212 439 3519 491 censeatur.
3561 430 3680 513 Hoc
3706 430 3843 494 boni

536 543 659 590 rum
692 525 749 580 in
783 525 1134 597 simulatione
1164 523 1604 597 falsiioquorum,
1634 521 1985 580 cauteriatam
2015 521 2124 576 ha-

536 614 780 676 bentium
841 612 1274 682 conscientiam,
1339 611 1752 686 prohibentium
1809 613 2013 668 nubere
2073 620 2126 667 et

535 703 808 764 abstinere
835 719 866 774 a
908 702 1068 770 cibis,
1102 720 1237 776 quos
1267 704 1410 770 Deus
1457 703 1664 758 creavit
1696 701 1758 758 ad
1810 701 2127 774 percipien—

534 791 665 856 dum
715 809 840 848 cum
891 783 1185 866 gratiarum
1235 791 1447 848 actione
1497 790 1771 860 ﬁdelibus,
1822 799 1874 846 et
1926 790 1994 846 iis
2031 789 2124 863 qui

535 893 913 957 cognoverunt
958 884 1284 939 veritatem:
1340 882 1470 956 quia
1504 881 1684 938 omnis
1732 891 1981 938 creatura
2026 879 2125 946 Dei

533 972 677 1041 bona
706 981 805 1043 est,
830 979 882 1027 et
913 971 1053 1037 nihil
1088 969 1471 1043 rejiciendum,
1495 969 1642 1044 quod
1671 987 1795 1026 cum
1829 970 2122 1041 gratiarum

533 1062 748 1118 actione
785 1057 1108 1134 percipitur.
1161 1059 1548 1120 Sanctificatur
1577 1058 1724 1114 enim
1772 1075 1867 1132 per
1895 1058 2125 1128 verbum

530 1153 652 1220 Dei,
684 1162 737 1210 et
765 1153 1089 1209 orationem.
1121 1175 1139 1197 ι
1187 1150 1317 1218 Quae
1346 1150 1451 1206 sibi
1485 1148 1722 1222 Spiritus
1759 1157 1980 1206 sanctus
2028 1147 2128 1204 fu-

531 1251 656 1308 tura
702 1241 1031 1312 revelaverit
1081 1240 1148 1297 ad
1199 1239 1618 1312 instructionem
1673 1240 2041 1319 Ecclesiarum
2073 1249 2126 1310 et

529 1337 842 1406 cautelam,
909 1351 1020 1392 non
1083 1342 1269 1402 tacet,
1336 1343 1397 1392 ut
1461 1335 1798 1407 praemonitae
1863 1319 2124 1393 Ecclesiae

529 1425 783 1494 sollicitas
813 1424 943 1494 sint,
977 1440 1045 1480 ne
1074 1423 1140 1480 ab
1188 1421 1507 1496 huiusmodi
1552 1423 1763 1496 possint
1806 1423 2126 1482 circumve-

530 1516 640 1586 niri
693 1514 1032 1580 hominibus.
1091 1513 1236 1581 Quid
1279 1515 1426 1574 enim
1479 1522 1592 1572 tam
1645 1516 1854 1574 clarum
1904 1525 2125 1590 tamque

529 1619 777 1682 apertum
829 1611 895 1668 ad
955 1610 1243 1667 evitandos
1300 1617 1394 1666 aut
1447 1607 1620 1680 magis
1677 1607 2125 1666 condemnandos

528 1699 792 1757 doctrina:
813 1701 981 1772 hujus
1002 1701 1271 1773 pestiferae
1292 1702 1444 1756 viros
1473 1698 1653 1771 potuit
1681 1699 1970 1756 manifesta
1989 1714 2122 1754 voce

2235 521 2475 578 doctoris
2519 531 2602 580 est
2647 531 2810 598 atque
2859 524 3043 582 idonei
3096 523 3332 592 ministri
3382 523 3608 594 Domini
3664 525 3844 598 nostri

2234 612 2361 670 Jesu
2410 612 2653 680 Christi;
2709 614 2910 688 quippe
2961 632 3087 670 cum
3137 614 3443 671 enutritum
3495 613 3645 671 hunc
3691 615 3845 673 dicat

2235 703 2420 758 verbis
2458 702 2584 759 fidei
2631 711 2686 759 et
2723 704 2881 761 bonas
2929 704 3219 773 doctrinm,
3271 719 3435 778 quam
3483 705 3552 772 ab
3604 706 3844 766 infantia

2237 791 2386 848 hunc
2415 801 2720 850 assecutum
2754 797 2969 856 asserit.
3017 796 3121 865 Qui
3157 795 3305 852 enim
3339 795 3548 867 integre
3578 798 3842 862 omnibus

2238 884 2590 941 Hebraeorum
2624 886 2782 943 libris
2814 887 3059 944 imbutus
3085 895 3234 955 erat,
3268 895 3490 962 accepta
3522 887 3628 956 fide
3648 931 3666 959 ,
3704 906 3843 964 per-..

2236 972 2440 1030 fectum
2474 974 2603 1032 fecit
2635 975 2939 1033 doctorem.
3710 973 3716 978 ’

2311 1062 2492 1135 (Vers.
2539 1065 2587 1132 7,
2640 1064 2722 1135 8.)
2769 1090 2787 1113 ‹
2833 1066 3093 1124 Profanas
3121 1075 3301 1123 autem
3335 1073 3390 1124 et
3419 1067 3594 1132 aniles
3621 1068 3839 1135 fabulas

2235 1149 2434 1224 abnue,
2466 1170 2728 1212 exercens
2761 1155 3114 1230 temetipsum
3144 1156 3211 1213 ad
3243 1157 3522 1231 pietatem.
3554 1157 3837 1232 Corpora-

2237 1239 2306 1296 lis
2351 1242 2497 1302 enim
2544 1244 2865 1302 exercitatio
2913 1245 2981 1302 ad
3030 1245 3334 1316 modicum,
3382 1246 3555 1319 pietas
3589 1263 3723 1304 vero
3768 1247 3833 1304 ad

2237 1331 2425 1390 omnia
2467 1333 2625 1390 utilis
2671 1342 2772 1402 est,
2820 1335 3241 1408 promissionem
3275 1336 3482 1393 habens
3512 1337 3640 1396 vitae
3687 1357 3835 1416 pre-

2236 1421 2407 1477 sentis
2448 1429 2501 1477 et
2549 1422 2768 1480 futurae.
2803 1449 2822 1472 ι
2867 1424 3103 1482 Profana
3134 1425 3301 1482 verba
3341 1425 3571 1483 adversa
3615 1428 3836 1485 intelli-

2236 1516 2476 1588 guntur;
2529 1511 2706 1587 aniles
2735 1521 2917 1579 autem
2954 1513 3154 1571 fabula
3190 1515 3552 1574 deliramenta
3581 1517 3832 1591 quaedam

2234 1608 2382 1658 sunt.
2450 1601 2576 1660 Hrec
2649 1603 3013 1676 quorumdam
3088 1605 3547 1680 perstrepentium
3603 1607 3835 1664 vocibus

2234 1691 2414 1750 solent
2456 1692 2513 1750 in
2557 1695 2969 1758 contentionem
3000 1695 3234 1766 deduci;
3271 1706 3334 1761 ut
3379 1699 3529 1771 quasi
3563 1707 3836 1758 tractatus

529 1790 768 1864 praefari,
825 1789 933 1860 nisi
984 1798 1047 1848 ut
1093 1789 1553 1850 asseverationem
1605 1804 1794 1850 eorum
1848 1787 2118 1857 fallacem,
2150 1789 2196 1851 B
2232 1777 2498 1840 habeatur
2527 1783 2606 1840 rei
2653 1785 2859 1854 inanis,
2903 1786 3062 1858 cujus
3087 1787 3312 1846 effectus
3357 1789 3537 1846 nullus
3565 1797 3666 1858 est,
3715 1788 3826 1846 nisi

526 1896 590 1938 ac
619 1880 933 1938 simulatam
964 1880 1270 1938 doctrinam
1297 1879 1697 1938 daemoniorum
1737 1887 2079 1951 nuncuparet
2103 1895 2115 1936 :

528 1980 590 2040 ut
619 1988 744 2032 cum
777 1970 945 2044 hujus
984 1971 1403 2030 asseverationis
1431 1985 1707 2027 sermones
1737 1967 2058 2040 audiuntur,
2091 1984 2123 2032 a

529 2059 751 2128 diabolo
780 2063 1086 2135 composita
1114 2078 1228 2120 esse
1258 2060 1510 2118 doctrina
1536 2059 1655 2118 haec
1684 2059 1936 2128 sciretur,
1956 2075 2120 2132 quam

527 2152 860 2222 praedixerat
911 2153 1148 2226 Spiritus
1189 2162 1408 2214 sanctus
1462 2170 1583 2227 quas
1627 2152 1695 2208 de
1742 2150 2122 2208 incarnatione

527 2238 828 2300 Salvatoris
859 2243 1051 2308 asserit
1085 2243 1240 2311 falsa,
1289 2259 1407 2315 quae
1454 2258 1602 2305 nunc
1650 2241 1707 2304 in
1756 2237 2117 2311 Marcionitis,

525 2331 782 2402 quamvis
834 2348 970 2403 pene
1027 2332 1368 2402 defecerint,
1421 2329 1746 2388 Patricianis
1795 2327 1973 2400 (43),
2026 2333 2122 2383 aut

525 2418 766 2484 maxime
819 2419 876 2482 in
924 2420 1242 2487 Manichaeis
1292 2421 1586 2484 denotatur
1640 2419 1743 2486 (De
1795 2414 2120 2472 Pati-iciunis

523 2506 872 2578 Philastrius,
904 2515 952 2566 et
986 2511 1329 2580 Augustinus
1358 2510 1541 2577 luens,
1582 2509 1698 2579 (61)
1723 2509 1751 2564 ?
1789 2507 1856 2570 Hi
1887 2505 2035 2564 enim
2063 2510 2118 2560 et

525 2595 807 2663 Christum
847 2607 1035 2660 natum
1076 2606 1307 2670 negant,
1339 2607 1393 2656 et
1436 2598 1657 2669 nuptias
1702 2595 2034 2670 prohibent,
2063 2599 2117 2649 et

520 2685 907 2752 abstinendum
942 2705 973 2751 s
1010 2686 1150 2750 cibis
1180 2687 1424 2754 tradunt,
1466 2687 1710 2756 Quorum
1760 2683 2113 2744 cauteriatarn

519 2776 657 2838 dicit
705 2777 1123 2847 conscientiam,
1182 2777 1288 2840 hoc
1343 2787 1446 2847 est,
1508 2776 1862 2842 simulatione
1913 2788 2115 2834 corru-

519 2875 702 2940 ptam;
740 2868 871 2940 quia
911 2869 1058 2928 sicut
1099 2868 1401 2930 cauterium
1442 2867 1654 2930 corium
1694 2865 2034 2937 corrumpit,
2061 2869 2116 2926 et

524 2967 709 3016 notam
764 2957 984 3030 inﬂigit,
1035 2958 1112 3018 ita
1158 2966 1213 3016 et
1259 2959 1478 3018 fallacia
1527 2957 1944 3023 conscientiam.
1993 2969 2114 3027 quae

520 3045 650 3104 dolo
689 3046 1091 3116 malevolentiae
1132 3046 1286 3108 aliud
1324 3048 1449 3118 scit,
1496 3055 1550 3104 et
1601 3047 1754 3108 aliud
1801 3046 2112 3120 profitetur,

2232 1871 2514 1930 vanitatis.
2544 1872 2631 1930 Ab
2665 1875 2735 1931 iis
2759 1892 2886 1948 ergo
2913 1893 3032 1950 quae
3056 1879 3330 1936 contraria
3359 1886 3509 1946 sunt,
3538 1876 3827 1946 declinan-

2233 1959 2366 2018 dum
2399 1972 2611 2034 monet,
2637 1965 2814 2024 simili
2841 1966 3006 2026 modo
3025 1977 3079 2025 et
3109 1967 3176 2032 ab
3206 1968 3320 2026 illis
3341 1984 3461 2042 quae
3487 1969 3654 2029 anilia
3678 1977 3830 2050 sunt,

2232 2049 2476 2119 vanitate
2505 2053 2740 2128 quadam
2773 2057 3114 2129 composita;
3157 2066 3286 2114 sunt
3314 2059 3461 2116 enim
3494 2058 3705 2132 aliqui,
3735 2049 3831 2134 qui

2231 2139 2410 2196 calore
2439 2140 2608 2200 animi
2637 2143 2867 2200 mittunt
2893 2162 2950 2203 se
2981 2145 3039 2202 in
3059 2145 3460 2220 disputationes
3484 2135 3827 2221 huiusmodi.

2229 2225 2426 2284 Pietati
2453 2238 2636 2287 autem
2657 2248 2877 2306 operam
2899 2233 3133 2294 dandam
3162 2243 3495 2304 commonet,
3519 2237 3650 2309 quia
3675 2253 3828 2312 gran-

2229 2314 2353 2374 dem
2385 2315 2550 2376 habet
2578 2321 2908 2392 profectum.
2958 2323 3063 2392 Qui
3103 2325 3252 2382 enim
3291 2324 3688 2388 misericordias
3717 2335 3828 2386 stu-

2227 2404 2380 2476 dent,
2412 2409 2723 2472 senioribus
2752 2412 2930 2472 vicem
2973 2415 3262 2484 reddentes
3291 2417 3648 2490 parentibus:
3681 2426 3736 2474 et
3768 2417 3824 2476 in

2227 2499 2481 2569 praesenti
2511 2501 2627 2562 vita
2673 2505 2884 2568 auxilia
2921 2506 3021 2564 Dei
3071 2523 3182 2576 non
3212 2497 3445 2572 deerunt
3493 2506 3627 2576 illis,
3660 2515 3713 2564 et
3765 2507 3822 2566 iu

2225 2586 2414 2644 futuro
2443 2589 2912 2651 immortalitatem
2945 2595 3226 2658 habebunt
3257 2613 3384 2664 cum
3427 2597 3619 2676 gloria.
3654 2598 3824 2654 Exer-

2224 2677 2421 2736 citium
2465 2689 2647 2738 autem
2699 2685 3099 2760 corporale.ad
3148 2686 3428 2744 modicum
3471 2686 3608 2746 utile
3646 2685 3819 2760 dicit;

2219 2763 2470 2854 jejunare
2499 2771 2647 2834 enim
2679 2779 2732 2836 et
2760 2773 3037 2840 abstinere
3073 2791 3105 2830 a
3137 2775 3300 2854 cibis,
3336 2785 3591 2842 manente
3619 2784 3825 2836 aucto-.-

2225 2853 2386 2946 ritate
2435 2855 2714 2920 Creatoris
2764 2861 2906 2935 (45),
2961 2881 3071 2930 non
3128 2853 3366 2932 multum
3417 2864 3658 2946 prodest,
3711 2866 3821 2930 nisi

2223 2945 2459 3006 addatur
2486 2950 2620 3018 huic
2648 2953 2840 3026 pietas,
2864 2957 3024 3031 cujus
3043 2974 3208 3031 opera
3235 2945 3540 3028 multorum
3568 2958 3824 3033 precibus

2222 3034 2517 3110 adjuvetur
2535 3043 2603 3100 ad
2624 3045 2921 3116 Dominum
2945 3047 3391 3121 promerendum.
3414 3049 3667 3122 Denique
3693 3048 3822 3110 illos

519 3131 745 3196 denotat
773 3134 842 3193 ad
894 3133 1280 3208 perditionem.
1329 3136 1446 3194 Jam
1487 3136 1635 3196 enim
1683 3136 1784 3197 hos
1829 3137 2112 3196 immutari
2145 3144 2188 3205 C
2221 3126 2315 3198 (illi
2347 3128 2611 3198 fratribus
2640 3133 2777 3206 largi
2811 3145 2961 3208 sunt.
2991 3146 3046 3198 βι
3089 3137 3260 3202 variis
3291 3137 3473 3200 titulis
3503 3137 3822 3214 obsequen-

519 3229 680 3294 negat
731 3223 872 3295 (44),
923 3232 987 3284 ut
1041 3224 1362 3294 salvantur;
1423 3226 1551 3298 quia
1607 3225 1752 3286 sicut
1805 3227 2109 3286 cauterium

519 3310 803 3373 immutari
836 3328 948 3372 non
977 3321 1175 3386 potest,
1211 3315 1289 3372 ita
1318 3331 1418 3374 nec
1447 3331 1633 3372 eorum
1667 3315 1885 3376 animus
1913 3331 2112 3382 emen-

517 3398 676 3468 dari;
725 3401 872 3461 nihil
915 3403 1064 3462 enim
1104 3403 1258 3476 pejus
1301 3404 1672 3464 simulatione.
1706 3405 1861 3462 Tales
1889 3405 2037 3465 enim
2070 3405 2110 3465 ii

518 3498 669 3560 sunt,
691 3493 878 3564 quales
897 3501 950 3550 et
977 3493 1176 3564 Judaei,
1199 3494 1280 3552 illi
1303 3495 1397 3566 qui
1431 3493 1800 3565 intelligentes
1827 3494 2109 3554 Christum

515 3579 616 3638 Dei
644 3581 852 3640 virtute
880 3583 1114 3654 operari,
1165 3583 1223 3640 in
1269 3583 1573 3640 Beelzebub
1615 3582 1732 3642 haec
1777 3584 1845 3640 ab
1877 3599 1942 3640 eo
1989 3584 2109 3642 ﬁeri

515 3672 792 3737 dicebant.
825 3675 897 3733 Ut
923 3677 1073 3734 enim
1107 3677 1490 3735 fabricator-em
1519 3674 1663 3733 297
1692 3677 1938 3735 hominis
1967 3681 2109 3736 male

514 3771 770 3832 tractent,
803 3782 928 3825 cum
961 3775 1118 3824 natos
1155 3783 1211 3823 se
1251 3783 1362 3822 non
1391 3768 1634 3833 doleant,
1674 3766 1895 3839 nuptias
1923 3777 2107 3834 tamen

516 3852 834 3924 prohibent,
858 3863 911 3913 et
939 3855 1162 3914 Christo
1185 3873 1406 3920 carnem
1437 3856 1772 3916 subtrahunt
1807 3875 1819 3914 ι
1867 3867 1923 3916 et
1950 3868 2012 3916 ut
2039 3860 2106 3917 ad

513 3942 634 4014 ejus
662 3943 924 4016 iujuriam
972 3946 1283 4019 proficiant,
1314 3946 1383 4004 ab
1421 3947 1490 4004 iis
1519 3965 1640 4021 quas
1675 3948 1868 4007 usibus
1907 3949 2109 4006 nostris

514 4031 781 4105 instituit,
810 4035 1199 4094 abstinendum
1230 4036 1464 4104 docent;
1506 4045 1569 4094 ut
1611 4055 1708 4111 per
1732 4039 1788 4095 id
1818 4039 1964 4113 quod
2003 4039 2108 4095 de-

513 4123 846 4196 spiciuntur,
877 4128 1022 4183 mala
1061 4143 1198 4195 esse,
1246 4134 1301 4183 et
1347 4142 1377 4182 a
1427 4127 1573 4182 malo
1613 4135 1832 4185 auctore
1883 4129 2108 4184 inventa

511 4212 824 4280 videantur.
862 4217 1003 4275 Hinc
1045 4226 1126 4275 est
1173 4217 1318 4274 unde
1357 4217 1654 4290 Apostolus
1695 4217 1882 4272 omnia
1927 4233 1958 4273 a
1993 4219 2107 4274 Deo

409 4365 418 4374 1
509 4297 656 4358 bona
691 4305 834 4362 facta
881 4308 1140 4375 ostendit,
1192 4309 1238 4365 si
1275 4316 1459 4366 tamen
1495 4323 1619 4365 cum
1669 4307 1964 4378 gratiarum
2006 4323 2109 4363 ac-

512 4388 664 4448 tione
703 4405 1012 4464 sumantur,
1057 4397 1340 4455 immunda
1381 4399 1527 4455 enim
1559 4405 1722 4454 erunt
1757 4399 1828 4466 ei,
1869 4398 1961 4470 qui
1993 4416 2103 4455 non

511 4475 699 4536 laudat
729 4480 787 4536 in
836 4480 925 4538 his
969 4483 1302 4543 Creatorem.
1350 4487 1461 4543 Nec
1501 4487 1587 4542 ani

880 4483 925 4538 is
969 4483 1302 4543 Creatorem.
1350 4487 1461 4543 Nec
1501 4487 1647 4542 enim
1694 4495 1921 4559 possunt
1965 4487 2102 4544 bene
2128 4511 2178 4570 D
2214 4491 2442 4549 οοΐβοινῧ
2480 4497 2600 4549 ωδ»
2633 4491 2695 4542 ιιι
2732 4485 2897 4544 οθιθΐί
2936 4495 3091 4546 τηοῑιι
3122 4486 3413 4558 Ρτοίῖοίεηῑ
3442 4487 3509 4550 δά
3550 4485 3813 4560 Ρθτάίῑί⁰⁴

880 4587 910 4639 ι,
960 4571 1055 4644 qui
1104 4571 1183 4629 sic
1231 4572 1328 4629 illa
1377 4574 1567 4641 sumit,
1610 4581 1674 4629 ut
1724 4574 1864 4631 male
1907 4581 2104 4633 tractet
2167 4575 2170 4578 ’
2215 4580 2340 4624 nem
2377 4585 2388 4624 ε
2422 4569 2696 4640 Spiritui“
2732 4581 2916 4634 διιῑθῐη
2949 4573 3180 4647 ieiunii“
3208 4585 3264 4632 θῐ
3301 4575 3637 4643 abstinentia
3675 4584 3814 4632 ιθῐῐιο

511 4562 595 4622 illi
626 4567 910 4640 proﬁcere,
960 4571 1055 4644 qui
1104 4571 1183 4629 sic
1231 4572 1328 4629 illa
1377 4574 1567 4641 sumit,
1610 4581 1674 4629 ut
1724 4574 1864 4631 male
1907 4581 2104 4633 tractet

511 4663 792 4715 auctorem
826 4675 1036 4718 eorum.

581 4744 766 4817 (Vera.
789 4749 871 4820 6.)
916 4773 935 4797 ι
973 4750 1101 4808 Haec
1139 4749 1310 4822 igitur
1337 4766 1646 4822 proponens
1675 4752 1960 4822 fratribus,
1993 4753 2103 4810 bo-

506 4847 613 4890 nus
659 4837 768 4893 eris
818 4838 1074 4896 minister
1125 4839 1251 4896 Jesu
1299 4836 1544 4908 Christi,
1597 4841 1872 4898 enutritus
1917 4842 2101 4898 verbis

504 4918 664 4992 fidei,
714 4933 769 4982 et
823 4925 980 4984 bona
1029 4927 1330 4995 doctrinas,
1390 4943 1553 5001 quam
1609 4938 1890 4988 assecutus
1943 4948 2020 4989 es.
2069 4958 2087 4981 ι

505 5007 651 5077 Quid
680 5019 792 5069 tam
835 5029 1051 5084 verum,
1098 5015 1231 5088 quid
1277 5023 1388 5072 tam
1433 5017 1641 5074 clarum
1683 5026 1737 5074 et
1781 5019 2096 5091 providum,

503 5097 613 5156 nisi
653 5109 715 5157 ut
762 5102 1058 5176 disciplina
1104 5104 1419 5164 Christiana
1465 5106 1781 5180 incorrupte
1827 5109 2095 5179 tradatur,

501 5195 566 5244 ut
593 5189 806 5247 fructus
836 5189 955 5264 ejus
993 5192 1052 5247 in
1089 5209 1213 5254 area
1251 5195 1541 5254 Dominica
1580 5195 1779 5252 fertilis
1809 5214 1872 5255 ac
1906 5197 2098 5255 ﬁrmus

500 5275 892 5346 collaudetur;
959 5278 1064 5336 hoc
1127 5288 1246 5349 est,
1308 5289 1371 5338 ut
1436 5281 1495 5337 in
1560 5281 1651 5338 die
1715 5283 1917 5356 judicii
1984 5302 2095 5342 non

574 5419 691 5493 (43)
724 5420 978 5478 Valesius
1010 5421 1066 5480 in
1099 5420 1382 5493 Addendis
1404 5425 1611 5480 Annot.
1645 5425 1700 5482 in
1733 5426 2008 5484 Socratem
2039 5437 2095 5488 et

499 5489 862 5575 Spiomenum
918 5493 1058 5549 male
1125 5492 1216 5550 hic
1279 5493 1566 5567 legendum
1625 5497 1741 5566 ait,
1807 5499 2092 5571 Patripas-

503 5576 692 5706 “((23.8)
719 5635 922 5708 Omnes
947 5636 1082 5695 edit.
1114 5645 1167 5710 et
1206 5636 1430 5714 quidam
1463 5655 1594 5704 mss.
1625 5639 1718 5698 hos
1756 5639 1963 5702 imitari
1990 5659 2092 5699 ne-

2219 3222 2322 3286 tes,
2364 3217 2421 3274 in
2452 3220 2623 3280 vitam
2653 3231 2913 3293 aeternam
2946 3225 3207 3298 proficere
3245 3227 3594 3300 evangelicus
3638 3243 3824 3286 sermo

2223 3315 2496 3370 testatur:
2553 3312 2941 3380 dissentientes
2989 3325 3172 3382 autem
3226 3317 3295 3382 ab
3353 3317 3458 3384 hoc
3512 3333 3698 3390 opere,
3758 3317 3816 3382 in

2220 3405 2484 3464 aeternum
2517 3402 2699 3475 ignem
2749 3407 2962 3477 (Matth.
2993 3424 3131 3479 xxv,
3161 3407 3280 3478 34).
3331 3407 3588 3484 Corporis
3631 3417 3821 3476 autem

2219 3488 2548 3550 exercitium
2597 3492 2739 3556 nihil
2771 3496 2923 3560 aliud
2953 3513 3115 3570 quam
3153 3497 3332 3560 carnis
3374 3497 3528 3564 frena
3560 3507 3710 3556 sunt.
3763 3500 3820 3558 Si

2219 3577 2342 3649 quis
2370 3594 2518 3650 ergo,
2563 3582 2693 3655 quia
2734 3584 3112 3646 misericordia
3143 3603 3339 3661 magna
3367 3603 3452 3645 res
3482 3594 3584 3656 est,
3633 3587 3823 3646 lubri-

2217 3682 2342 3728 cum
2373 3676 2559 3734 tamen
2599 3675 2784 3742 carnis
2828 3677 3089 3748 patiatur,
3141 3676 3462 3751 bujusmodi
3503 3677 3637 3752 quid
3671 3677 3820 3742 ﬁet?

2217 3756 2346 3844 Sine
2373 3759 2546 3820 dubio
2576 3764 2892 3836 vapulabit;
2925 3767 3055 3840 quia
3085 3767 3224 3836 illud
3254 3768 3416 3840 (Ibid.
3441 3767 3536 3840 41)
3569 3767 3818 3844 oportuit

2217 3843 2360 3914 fieri,
2389 3858 2443 3908 et
2492 3849 2599 3912 hoc
2655 3853 2886 3918 minime
2928 3856 3278 3928 praetermitti
3310 3858 3463 3930 (Luc.
3489 3874 3570 3930 xi,
3605 3843 3720 3926 42).
3758 3855 3816 3920 Si

2217 3944 2397 3996 autem
2428 3939 2607 4002 solum
2633 3945 2880 4016 corporis
2912 3944 3107 4004 habuit
3137 3946 3466 4016 exercitium
3487 3991 3502 4016 ,
3545 3961 3815 4020 perennes

2217 4040 2402 4096 ραιηδε
2431 4029 2694 4099 patietur,
2725 4032 2871 4096 sicut
2900 4034 2958 4092 in
2997 4035 3302 4110 Evangelia
3330 4037 3595 4106 Dominus
3625 4049 3814 4110 repro-

2216 4113 2368 4174 misit
2399 4117 2612 4187 (Matth.
2639 4137 2780 4190 xxv,
2823 4123 2916 4195 41)
2947 4143 2959 4183 :
2997 4125 3180 4192 omnis
3215 4127 3364 4193 enim
3407 4140 3617 4190 summa
3645 4123 3818 4186 disci-

2215 4205 2380 4276 plinae
2413 4217 2612 4268 nostrae
2655 4210 2714 4269 in
2747 4213 3126 4278 misericordia
3161 4223 3215 4278 et
3258 4216 3460 4289 pietate.
3489 4224 3590 4284 est,
3641 4213 3818 4285 Aliud

2214 4299 2396 4356 tamen
2423 4299 2749 4362 exercitium
2779 4305 3024 4376 corporis
3053 4304 3258 4372 habent
3287 4305 3554 4373 carnales,
3577 4311 3630 4372 et
3659 4302 3818 4373 aliud

2214 4385 2517 4458 spiritales;
2548 4392 2797 4452 carnales
2827 4395 2973 4456 enim
3005 4395 3192 4468 sagina
3213 4403 3267 4453 et
3294 4395 3529 4469 dapibus
3553 4395 3815 4461 nutriunt

2214 4491 2442 4549 corpora
2480 4497 2600 4549 sua,
2633 4491 2695 4542 ut
2732 4485 2897 4544 celeri
2936 4495 3091 4546 motu
3122 4486 3413 4558 proficiant
3442 4487 3509 4550 ad
3550 4485 3813 4560 perditio~

2212 4665 2404 4726 perant
2432 4676 2662 4732 corpora
2690 4679 2824 4730 sna;
2879 4673 2941 4724 ut
2973 4665 3126 4737 pigra
3161 4665 3304 4724 facta
3341 4667 3490 4730 circa
3513 4664 3808 4734 desideria.

2210 4746 2422 4816 possint
2465 4747 2632 4820 digna
2670 4766 2786 4807 esse
2828 4751 3015 4811 futura
3057 4753 3479 4816 resurrectione.
3529 4753 3631 4818 Hic
3659 4753 3807 4810 enim

2210 4843 2434 4906 propter
2480 4853 2630 4910 spem
2680 4839 2923 4898 futuram
2967 4843 3195 4916 castigat
3241 4859 3486 4917 corpus:
3539 4842 3636 4904 illo
3679 4857 3810 4905 vero

2210 4931 2430 4995 propter
2487 4925 2659 4982 futuri
2720 4929 3155 5002 desperationem
3213 4933 3386 5001 fovet,
3441 4947 3631 4990 curam
3690 4929 3808 5004 ejus

2208 5029 2371 5084 agens
2409 5014 2478 5072 ad
2527 5024 2778 5092 tempus;
2819 5027 2883 5080 ut
2925 5028 3215 5084 moveatur
3251 5023 3418 5092 citius
3449 5023 3518 5086 ad
3563 5039 3808 5097 peccau-

2207 5100 2363 5161 dum.

2279 5199 2539 5271 (Vers.9,
2565 5201 2680 5274 10.)
2721 5226 2740 5257 ς
2773 5203 2980 5263 Fidelis
3007 5223 3207 5276 sermo,
3230 5217 3284 5266 et
3307 5209 3460 5272 omni
3485 5211 3804 5284 acceptione

2205 5285 2421 5361 dignus.
2467 5288 2559 5349 Ad
2605 5289 2711 5350 hoc
2741 5293 2889 5353 enim
2921 5295 3272 5364 laboramus,
3303 5307 3358 5358 et
3401 5300 3806 5378 persecutionis

2201 5431 2426 5506 gat_,_a_lii
2445 5433 2798 5506 iconcinnius,
2833 5447 2893 5495 ut
2924 5437 2983 5494 in
3014 5445 3192 5498 textu.

2204 5501 2391 5630 ω’(ἔέὄ)
2443 5505 2571 5562 Mss.
2631 5501 2911 5580 nonnulli,
2963 5517 3204 5569 monente
3255 5513 3572 5570 auctoritate
3624 5515 3803 5574 Crea-
