4108 6184
261 339 358 397 501

1287 333 1647 393 COMMENT.
1692 333 1761 389 IN
1800 331 2018 387 EPIST.
2061 331 2083 388 Ι
2125 331 2219 387 ΑΙ)
2258 331 2544 389 ΤΙΜΟἸῊ.

3447 331 3554 390 502

261 471 514 548 patimur,
547 471 677 544 quia
725 485 1009 544 speramus
1056 468 1114 525 in
1160 469 1332 528 Deum
1364 467 1576 538 vivum,
1627 466 1723 542 qui
1771 474 1852 522 est
1879 466 1929 526 A
1963 471 2016 519 et
2055 462 2342 531 doctrinas,
2375 463 2519 521 insta
2554 464 2612 522 in
2663 464 2792 522 illis.
2846 465 2960 524 Hoc
2987 467 3134 526 enim
3179 466 3452 537 faciendo,
3501 474 3556 522 et

259 549 510 618 salutaris
563 550 820 616 omnium
865 559 1176 627 hominum,
1231 561 1470 617 maxime
1523 559 1838 615 ﬁdelium.»

257 653 492 724 Dignum
548 659 630 707 est
671 653 834 722 plane
888 658 939 705 et
985 660 1206 723 accepto
1255 650 1541 707 ferendum
1596 667 1696 722 pro
1739 667 1852 722 spe,

256 758 374 815 quae
404 749 485 797 est
521 741 580 796 in
625 743 822 808 Deum,
854 741 965 814 pati
997 740 1430 813 persecutiones,
1468 739 1598 812 quia
1628 739 1688 793 in
1723 754 1856 811 prae-

255 831 399 887 senti
432 831 554 886 vita
598 846 720 901 spes
764 829 970 886 caduca
1000 819 1114 898 est,
1157 830 1215 885 in
1262 828 1630 901 promissione
1676 836 1859 884 autem

253 920 354 977 Dei
402 919 563 975 ﬁrma
609 927 772 993 atque
807 919 1043 976 stabilis.
1089 920 1210 991 Ipse
1251 926 1334 974 est
1374 917 1522 974 enim
1571 917 1718 974 salus
1745 933 1860 974 om-

253 1011 415 1066 nium
446 1029 460 1078 ;
501 1008 634 1082 quia
651 1012 730 1065 ex
762 1009 882 1088 ipso
915 1016 969 1064 et
996 1024 1090 1081 per
1134 1009 1314 1081 ipsum
1342 1007 1563 1078 vivunt,
1594 1015 1861 1081 quantum

254 1099 325 1155 ad
377 1107 706 1172 praesentem
765 1099 938 1154 vitam
995 1097 1253 1172 pertinet,
1313 1113 1535 1166 omnes;
1594 1104 1860 1171 quantum

256 1205 390 1249 vero
432 1188 501 1244 ad
537 1188 866 1262 promissam
915 1188 1170 1255 salutem,
1221 1185 1428 1242 ﬁdeles.
1473 1184 1862 1260 Cognoscenti-

255 1279 362 1335 bus
412 1278 562 1335 enim
609 1295 665 1334 se
693 1287 815 1350 post
863 1277 1006 1334 hanc
1033 1275 1228 1345 vitam,
1275 1292 1395 1350 quae
1425 1281 1602 1330 morte
1646 1273 1861 1339 ﬁnitur,

256 1368 424 1424 aliam
477 1385 532 1424 se
561 1367 817 1424 daturum
861 1366 1134 1439 promisit,
1167 1382 1287 1438 quae
1328 1363 1743 1421 immortalitate
1781 1362 1863 1418 vi-

255 1457 425 1530 gebit.
456 1457 582 1513 Ideo
611 1472 738 1529 ergo
769 1456 878 1512 ait:
927 1479 946 1505 ι
973 1454 1212 1511 Maxime
1239 1453 1510 1510 ﬁdelium.
1543 1476 1562 1501 ι

330 1545 514 1617 (Vers.
561 1545 645 1612 11,
701 1543 814 1615 12.)
875 1567 892 1590 ι
923 1542 1166 1615 Ρτωοὶρθ
1212 1541 1349 1611 haec,
1394 1550 1448 1598 et
1492 1542 1645 1599 doce.
1692 1541 1865 1599 Nemo

250 1634 607 1707 juventutem
637 1641 790 1690 tuam
827 1640 1170 1701 contemnat,
1211 1632 1307 1688 sed
1354 1631 1531 1689 forma
1558 1639 1674 1688 esto
1719 1631 1868 1688 ﬁde-

259 1727 400 1782 lium
437 1725 509 1800 _in
547 1724 742 1790 verbo,
795 1723 856 1780 in
897 1724 1340 1790 conversatione,
1388 1723 1447 1779 in
1485 1721 1773 1790 charitate,
1806 1721 1865 1776 in

1961 559 2015 606 te
2045 553 2224 625 ipsum
2256 553 2470 608 salvum
2512 553 2700 622 facies,
2731 563 2784 610 et
2810 572 2902 612 eos
2932 556 3027 630 qui
3060 565 3113 613 te
3142 559 3392 616 audiunt.
3422 585 3441 607 ι
3486 559 3558 617 Ut

1965 645 2142 700 forma
2169 644 2242 700 sit
2285 643 2545 700 omnibus
2597 661 2707 700 non
2751 638 3032 704 solum‘in
3083 647 3245 713 bonis
3279 649 3555 722 operibus,

1965 749 2156 788 verum
2223 733 2388 789 etiam
2461 733 2519 788 in
2586 732 2853 790 doctrina:
2918 737 3204 806 exercitio,
3278 737 3557 795 admonet.

1967 822 2242 894 Apparere
2272 823 2421 878 enim
2451 822 2649 878 debere
2662 823 2938 895 signiﬁcat
2957 826 3207 883 exercitii
3228 827 3558 900 profectum,

1969 912 2170 969 nonin
2214 913 2467 970 doctrina
2514 912 2806 982 duntaxat,
2848 915 2942 970 sed
2989 923 3042 970 et
3082 916 3139 971 in
3187 917 3387 990 gestis;
3419 918 3566 985 bona

1969 1002 2118 1058 enim
2160 1001 2321 1059 arbor
2367 1003 2542 1058 bonos
2591 1002 2723 1059 facit
2768 1003 2981 1060 fructus
3033 1002 3245 1077 (Matth.
3298 1024 3400 1075 vn,
3435 1008 3562 1079 i7):

1970 1090 2227 1147 similiter
2269 1097 2322 1147 et
2357 1091 2504 1147 bona
2534 1089 2788 1148 doctrina
2836 1094 2979 1147 mala
3017 1109 3181 1166 opera
3226 1093 3428 1151 habere
3455 1111 3569 1162 non

1969 1189 2177 1254 potest;
2213 1188 2275 1236 ut
2301 1195 2429 1236 cum
2457 1180 2577 1236 visa
2603 1179 2809 1236 fuerint
2839 1179 2984 1237 bona
3012 1197 3194 1254 opera,
3232 1181 3415 1238 divini
3445 1199 3572 1240 ma-

1972 1269 2181 1344 gisterii
2248 1269 2460 1326 fructus
2516 1285 2632 1327 esse
2699 1258 3103 1342 intelligantur,
3173 1277 3227 1326 et
3293 1271 3572 1336 auditores

1971 1361 2186 1434 possint
2215 1359 2500 1434 proﬁcere.
2532 1359 2671 1416 Tum
2710 1360 2858 1416 enim
2889 1376 3017 1417 vera
3049 1369 3104 1418 et
3132 1362 3429 1418 metuenda
3456 1379 3572 1420 esse

1973 1450 2295 1524 intelligunt
2327 1449 2467 1524 (£6),
2512 1465 2631 1523 quaa
2669 1448 2952 1518 dicuntur,
3001 1451 3220 1524 quando
3257 1451 3327 1508 ah
3359 1469 3423 1510 eo
3452 1454 3572 1527 ipso

1974 1539 2069 1614 qui
2117 1538 2300 1606 docet,
2343 1554 2541 1611 magna
2573 1538 2927 1594 veneratione
2973 1539 3252 1596 observari
3289 1542 3569 1602 videntur.

1975 1625 2133 1694 Quod
2189 1627 2388 1683 rectori
2453 1625 2630 1700 plebis
2684 1626 2900 1690 duobus
2956 1628 3173 1700 proﬁcit
3229 1629 3452 1687 modis:
3520 1639 3574 1688 et

1975 1731 2201 1772 suorum
2259 1715 2407 1771 enim
2459 1714 2733 1780 bonorum
2787 1732 3038 1788 operum,
3112 1725 3166 1774 et
3228 1717 3574 1776 audientium

253 1814 390 1880 ﬁde,
437 1823 492 1870 et
528 1813 800 1872 castitate.
822 1836 842 1860 ι
898 1813 1225 1872 Timotheus
1255 1821 1523 1886 quantum
1554 1812 1621 1869 ad
1650 1819 1864 1868 aetatem
1894 1822 1941 1884 Β
1978 1804 2283 1863 mercedem
2321 1803 2586 1876 accipiet;
2637 1804 2915 1878 quomodo
2963 1805 3010 1862 si
3057 1807 3338 1880 negligens
3385 1807 3572 1876 fuerit,

252 1906 527 1980 pertinet,
550 1904 776 1976 juvenis
803 1912 952 1962 erat:
1008 1912 1277 1978 quantum
1316 1903 1385 1959 ad
1415 1919 1594 1959 mores
1638 1910 1693 1958 et
1739 1918 1866 1959 con-

252 1993 659 2074 versationem,
692 1997 837 2056 298
883 1992 1068 2050 senior
1096 2000 1151 2049 et
1197 1991 1399 2065 gravis.
1431 1992 1604 2061 Quem
1636 1992 1759 2048 ideo
1789 1992 1869 2050 sic

253 2099 474 2164 monet,
505 2099 567 2147 ut
594 2090 874 2167 profectus
903 2090 1022 2169 ejus
1049 2106 1147 2164 per
1175 2089 1363 2147 omnia
1383 2091 1698 2168 exemplum
1729 2096 1871 2146 esset

248 2184 537 2239 bonorum
567 2197 793 2253 operum
823 2198 838 2248 ;
869 2188 932 2236 ut
961 2181 1020 2237 in
1053 2180 1398 2240 adolescente
1424 2179 1697 2242 mirabilis
1718 2178 1867 2235 vide-

254 2279 416 2327 retur
442 2277 496 2326 et
541 2269 722 2344 gravis
759 2269 1073 2344 disciplina,
1106 2276 1169 2326 ut
1197 2277 1351 2327 actus
1380 2268 1498 2344 ejus
1540 2275 1869 2332 excusarent

252 2368 506 2418 aetatem:
569 2367 622 2426 et
678 2375 791 2416 non
840 2358 994 2433 quasi
1037 2358 1284 2432 juvenis,
1336 2359 1430 2416 sed
1477 2360 1632 2434 quasi
1684 2361 1868 2420 senior

253 2449 596 2518 haberetur;
647 2457 702 2505 et
745 2448 1126 2506 erubescerent
1171 2447 1407 2520 majores
1446 2456 1599 2518 natu,
1649 2450 1757 2506 nisi
1810 2465 1868 2507 se

256 2537 659 2595 exhibuissent
691 2535 855 2610 juxta
879 2536 1113 2592 formam
1149 2536 1334 2610 hujus,
1369 2537 1786 2594 conversatione
1813 2546 1868 2594 et

254 2627 518 2684 moribus
548 2643 739 2702 graves
765 2643 779 2682 :
799 2625 1032 2702 juvenes
1059 2635 1243 2684 autem
1284 2642 1528 2683 coaevum
1568 2643 1727 2683 suum
1758 2627 1870 2684 ha-

255 2717 460 2775 berent
501 2716 846 2790 magistrum.
899 2715 1170 2774 Mirabilis
1226 2715 1541 2772 adolescens
1592 2715 1867 2773 sanctissi-

258 2822 390 2862 mus
415 2803 758 2874 Timotheus,
792 2803 949 2878 cujus
979 2806 1233 2880 exemplo
1262 2804 1677 2878 indisciplinata
1705 2820 1870 2861 coer-

259 2895 440 2953 cenda
485 2895 753 2970 juventus
798 2904 900 2978 est,
957 2903 1012 2953 et
1048 2895 1330 2955 seniorum
1375 2893 1736 2950 irreverentia
1773 2909 1868 2972 pu-

263 2985 488 3043 nieuda.

344 3078 528 3150 (Vers.
561 3078 650 3146 i3,
685 3077 800 3149 14.)
862 3099 880 3124 ι
909 3078 1054 3132 Dum
1085 3073 1271 3146 venio,
1306 3074 1527 3130 attende
1555 3073 1869 3147 lectionem,

262 3166 735 3234 exhortationem,
783 3179 846 3220 ac
896 3162 1225 3218 doctrinam.
1272 3161 1399 3218 Noli
1433 3162 1707 3236 negligere
1753 3177 1868 3234 gra-
1897 3187 1941 3250 δ

257 3257 398 3313 tiam
428 3271 550 3328 quae
581 3261 662 3308 est
701 3252 760 3308 in
806 3258 882 3322 te,
933 3267 1053 3324 qua)
1095 3251 1222 3308 data
1249 3259 1332 3307 est
1371 3250 1474 3310 tibi
1512 3267 1609 3324 per
1634 3249 1863 3328 prophe-

259 3346 424 3408 tiam,
445 3358 571 3398 cum
603 3341 956 3416 impositione
975 3358 1238 3402 manuum
1261 3341 1607 3416 presbyterii.
1632 3369 1652 3392 ι
1682 3343 1864 3399 Inten-

263 3443 387 3490 tum
417 3434 540 3489 vult
588 3432 738 3491 hunc
775 3451 890 3492 esse
921 3441 974 3491 et
1003 3433 1250 3494 deditum
1291 3434 1556 3494 exercitio
1587 3432 1861 3502 lectionis,

260 3531 326 3579 ut
356 3522 506 3578 omni
535 3540 666 3581 cura
703 3523 1101 3598 diligentiaque
1135 3524 1242 3582 hoc
1267 3524 1530 3593 enitatur,
1562 3531 1626 3580 ut
1667 3522 1866 3580 exhor-

259 3621 410 3670 tetur
456 3621 509 3671 et
553 3614 764 3672 doceat.
814 3615 1144 3675 Exhortatio
1192 3623 1293 3683 est,
1342 3631 1468 3672 cum
1517 3614 1642 3670 miti
1697 3613 1865 3676 verbo

256 3703 476 3777 aliquos
520 3721 883 3777 provocamus
923 3705 992 3761 ad
1034 3721 1172 3780 opus
1199 3704 1446 3762 bonum:
1481 3701 1676 3760 docere
1708 3718 1860 3776 vero,

257 3793 483 3868 quando
511 3812 576 3852 ea
600 3811 721 3869 quas
751 3795 943 3868 latent,
975 3794 1298 3855 intimamus
1336 3793 1615 3850 mentibus
1642 3792 1865 3849 audien-

257 3883 423 3942 tium.
456 3883 512 3940 Si
544 3885 692 3942 enim
723 3892 904 3942 rector
931 3871 1124 3958 populi
1164 3883 1232 3939 ab
1272 3882 1359 3940 his
1387 3881 1724 3951 dissimulat,
1756 3897 1864 3938 ne-

259 3972 419 4045 gligit
449 3973 677 4046 gratiam
709 3973 891 4030 datam
922 3973 1056 4042 sibi;
1091 3971 1160 4028 ad
1186 3971 1292 4030 hoc
1320 3971 1466 4028 enim
1503 3979 1720 4028 creatur
1748 3969 1864 4027 dux

260 4062 488 4134 populo,
557 4069 620 4120 ut
687 4061 855 4136 hujus
922 4061 1119 4118 salutis
1190 4059 1623 4119 sollicitudinem
1692 4067 1860 4134 gerat,

258 4149 632 4221 admonendo,
664 4152 934 4222 docendo,
966 4161 1030 4208 ut
1060 4153 1302 4210 fructum
1331 4153 1531 4209 habeat
1559 4151 1858 4209 ordinatio:

258 4255 426 4313 quem
478 4242 547 4298 ad
588 4242 696 4300 hoc
749 4242 942 4316 utique
987 4245 1134 4300 Deus
1175 4243 1485 4314 constituit,
1517 4249 1579 4299 ut
1616 4242 1865 4314 proﬁciat

259 4330 429 4386 saluti
496 4332 676 4406 plebis
730 4347 860 4388 suae.
917 4331 1023 4404 Qui
1080 4347 1208 4406 ergo
1264 4331 1323 4387 in
1383 4331 1484 4390 hac
1540 4331 1865 4392 auctoritate

261 4420 479 4492 positus
500 4420 801 4496 indiligens
829 4421 1016 4488 fuerit,
1051 4418 1150 4476 Dei
1177 4427 1521 4492 contemptor
1549 4419 1859 4492 habebitur,

1975 1905 2088 1954 tam
2149 1912 2249 1970 pro
2304 1910 2380 1963 se,
2443 1911 2606 1972 quam
2666 1911 2766 1968 pro
2822 1893 2902 1952 eis
2964 1894 3284 1966 redditurus
3349 1885 3435 1953 cst
3490 1912 3572 1960 ra-

1977 1986 2208 2046 tionem.

2606 2139 2835 2198 CAPUT
2866 2138 2934 2198 ν.

2050 2269 2234 2343 (Vers.
2295 2269 2344 2338 1,
2391 2267 2471 2342 2.)
2538 2266 2858 2325 ιδθηίοτθω
2905 2283 2974 2330 ne
3031 2265 3420 2344 increpaveris,
3477 2268 3574 2334 sed

1977 2358 2272 2418 exhortare
2305 2368 2367 2417 ut
2405 2367 2636 2434 patrem,
2671 2357 2920 2431 juniores
2965 2364 3029 2414 ut
3073 2357 3288 2428 fratres,
3335 2373 3473 2418 anus
3510 2371 3574 2421 ut

1976 2458 2198 2520 matres,
2251 2447 2686 2508 adolescentulas
2731 2455 2795 2508 ut
2846 2463 3060 2512 sorores
3100 2447 3158 2504 in
3206 2447 3359 2512 omni
3402 2445 3577 2512 casti-

1978 2547 2109 2602 tate.
2171 2562 2190 2586 ›
2259 2537 2489 2616 Propter
2539 2536 3021 2596 honoriﬁcentiam
3080 2537 3255 2593 aetatis
3311 2535 3576 2608 majorem

1976 2636 2112 2689 natu
2142 2643 2269 2684 cum
2302 2617 2728 2684 mansuetudine
2765 2624 2833 2681 ad
2861 2623 3071 2682 bonum
3101 2641 3238 2706 opus
3268 2623 3427 2681 docet
3459 2624 3576 2698 (47)

1977 2715 2414 2794 provocandum,
2448 2721 2511 2768 ut
2550 2712 2770 2768 facilius
2798 2711 3061 2784 suscipiat
3103 2711 3575 2782 admonitionem;

1977 2812 2158 2882 potest
2187 2803 2334 2864 enim
2366 2800 2544 2858 vereri
2572 2799 2964 2870 commonitus,
2995 2816 3064 2857 ne
3092 2809 3280 2879 postea
3306 2799 3582 2876 corripia-

1979 2901 2090 2962 tur,
2123 2891 2272 2965 quod
2302 2899 2460 2963 turpe
2491 2899 2572 2947 est
2600 2889 2825 2947 seniori.
2865 2889 3003 2946 Nam
3049 2889 3194 2963 apud
3232 2905 3423 2948 omnes
3461 2890 3583 2953 uti-

1981 2998 2086 3057 que
2116 2990 2300 3056 gentes
2330 2979 2672 3039 honorabilis
2701 2988 2782 3039 est
2809 2986 3088 3037 senectus:
3132 2979 3279 3036 unde
3313 2986 3368 3038 et
3393 2978 3582 3055 Syna-

1981 3087 2134 3146 goga,
2183 3079 2237 3128 et
2283 3078 2470 3148 postea
2506 3068 2753 3128 Ecclesia
2798 3069 3040 3126 seniores
3077 3067 3292 3140 habuit,
3343 3085 3579 3144 quorum

1981 3161 2098 3218 sine
2137 3161 2371 3218 consilio
2409 3160 2552 3222 nihil
2589 3159 2849 3233 agebatur
2885 3158 2945 3226 in
2989 3157 3253 3216 Ecclesia.
3284 3157 3441 3228 Quod
3471 3175 3580 3240 qua

1975 3252 2309 3326 negligentia
2329 3251 2683 3322 obsoleverit,
2714 3250 2921 3322 nescio,
2961 3249 3070 3319 nisi
3116 3251 3258 3306 forte
3287 3249 3575 3318 doctorum

1973 3341 2208 3411 desidia,
2257 3349 2351 3399 aut
2395 3341 2568 3414 magis
2596 3339 2870 3416 superbia,
2912 3338 3044 3404 dum
3090 3339 3197 3404 soli
3236 3339 3434 3398 volunt
3471 3340 3576 3398 alia

1975 3431 2113 3506 quid
2149 3430 2350 3492 videri.
2411 3430 2670 3490 Iuniores
2709 3428 2865 3512 quasi
2906 3428 3102 3486 fratres
3145 3435 3330 3486 censet
3384 3426 3572 3488 admo-

1974 3522 2185 3585 nendos
2214 3538 2342 3581 cum
2373 3519 2688 3579 dilectionis
2731 3519 2966 3590 affectu;
3000 3525 3062 3574 ut
3090 3517 3342 3580 videntes
3371 3519 3578 3578 amoris

1974 3628 2137 3672 causa
2172 3628 2228 3668 se
2273 3609 2635 3678 commoneri,
2682 3608 2904 3666 facilius
2949 3623 3005 3665 se
3034 3605 3332 3680 corrigaut,
3375 3607 3576 3682 quippe

1976 3718 2102 3759 cum
2139 3699 2364 3757 videant
2398 3715 2510 3758 non
2548 3700 2856 3776 discrepare
2886 3713 3049 3772 opera
3081 3693 3200 3770 ejus
3243 3711 3275 3758 ει
3316 3695 3576 3770 praedica-

1973 3789 2142 3848 tione.
2182 3792 2338 3861 Anus
2374 3805 2506 3846 vero
2549 3787 2708 3868 quasi
2754 3795 2994 3855 matres;
3040 3793 3103 3842 ut
3131 3784 3267 3844 dum
3314 3784 3438 3850 miti
3467 3802 3573 3844 ser-

1973 3896 2135 3938 mone
2176 3879 2361 3938 doceri
2391 3895 2447 3938 se
2486 3875 2697 3948 vident,
2730 3893 2842 3938 non
2889 3891 3078 3954 aspere
3120 3875 3412 3954 accipiant,
3447 3874 3577 3950 quia

1975 3968 2281 4026 honoriﬁce
2310 3968 2639 4046 proﬁciunt:
2673 3984 2922 4042 asperum
2955 3957 3038 4022 est
3062 3965 3212 4025 enim
3241 3961 3572 4038 senioribus,

1973 4075 2099 4115 cum
2127 4056 2506 4130 corripiuntur
2535 4071 2564 4111 a
2589 4055 2927 4138 junioribus.
2954 4053 3114 4124 Quod
3143 4055 3574 4138 temperamento

1973 4150 2209 4231 quodam
2241 4148 2403 4208 leniri
2446 4137 2601 4219 vult,
2634 4155 2699 4207 ut
2727 4145 3006 4221 profectus
3053 4142 3126 4199 sit
3171 4148 3225 4231 et
3271 4137 3570 4231 dicenti_et

1973 4226 2239 4306 audienti.
2290 4237 2746 4305 Adolescentulas
2777 4242 2840 4290 ut
2889 4245 3103 4290 sorores
3144 4227 3406 4292 admonet
3448 4226 3573 4286 edo-

1972 4327 2209 4396 cendas;
2275 4334 2336 4384 ut
2381 4332 2634 4400 prompte
2681 4322 2894 4402 possint
2931 4319 3090 4384 bona:
3135 4315 3574 4384 conversationis

1972 4418 2246 4492 suscipere
2286 4413 2660 4487 disciplinam.
2701 4409 2932 4484 Quando
2961 4408 3108 4468 enim
3144 4421 3258 4466 non
3302 4421 3430 4463 cum
3471 4405 3572 4464 im-

261 4508 531 4566 minimus
558 4509 618 4564 in
646 4495 815 4583 regno
851 4509 1117 4567 caelorum
1156 4515 1384 4565 vocatus
1415 4509 1626 4582 (Matth.
1657 4527 1714 4576 v,
1748 4510 1860 4580 l9);
1892 4543 1941 4603 D
1972 4507 2124 4579 peric
2153 4503 2422 4564 insinuari
2453 4500 2560 4559 sibi
2590 4501 2761 4570 videt,
2807 4514 2927 4573 quae
2965 4497 3035 4556 ad
3062 4495 3574 4603 bonam‘pertinent

263 4619 443 4678 neque
466 4603 615 4660 enim
645 4604 846 4678 poterit
875 4603 1073 4672 facere,
1106 4603 1204 4678 qui
1229 4619 1330 4660 nec
1359 4602 1554 4660 docere
1583 4601 1860 4676 dignatur.

266 4694 511 4751 Gratiam
548 4701 735 4750 tamen
779 4693 898 4751 dari
929 4693 1263 4751 ordinatori:
1304 4691 1577 4766 signiﬁcat
1624 4706 1718 4766 per
1743 4706 1862 4762 pro-

266 4783 513 4857 phetiam
562 4793 616 4841 et
649 4801 914 4842 manuum
952 4784 1387 4858 impositionem.
1435 4773 1729 4857 Prophetia
1759 4787 1861 4851 est,
1905 4851 1916 4863 .

270 4889 375 4948 qua
407 4875 631 4948 eligitur
667 4875 824 4950 quasi
855 4875 1046 4932 doctor
1093 4874 1314 4930 futurus
1362 4873 1630 4941 idoneus;
1670 4886 1864 4928 manus

271 4981 400 5022 vero
431 4965 812 5039 impositiones
851 4963 1015 5020 verba
1045 4971 1174 5021 sunt
1204 4962 1457 5034 mystica,
1493 4961 1693 5038 quibus
1721 4977 1864 5019 con-

272 5053 519 5124 ﬁrmatur
555 5054 626 5112 ad
670 5053 777 5111 hoc
816 5068 951 5132 opus
985 5053 1211 5120 electus,
1256 5049 1530 5125 accipiens
1558 5050 1865 5108 auctorita-

272 5149 402 5214 tem,
433 5152 568 5202 teste
611 5140 952 5202 conscientia
997 5157 1124 5210 sua;
1157 5147 1220 5196 ut
1249 5138 1446 5197 audeat
1483 5137 1605 5196 vice
1641 5138 1863 5197 Domini

273 5233 608 5291 sacriﬁcium
640 5235 754 5291 Deo
784 5231 999 5292 offerre.

345 5322 529 5393 (Vers.
564 5323 651 5391 15,
702 5321 815 5393 16.)
878 5346 896 5367 ι
925 5320 1052 5376 Haec
1083 5318 1370 5389 meditare,
1421 5319 1478 5375 in
1506 5317 1597 5374 his
1622 5325 1766 5386 esto;
1806 5325 1868 5375 ut

278 5409 554 5482 profectus
579 5418 707 5468 tuus
735 5408 1062 5468 manifestus
1088 5408 1161 5468 sit
1189 5408 1466 5468 omnibus.
1498 5406 1735 5468 Attende
1763 5406 1866 5464 tibi

277 5606 464 5748 g“(1:6)
497 5605 685 5665 Codex
713 5605 888 5675 Vall.,
927 5606 1056 5662 Tum
1082 5619 1205 5661 vero
1231 5603 1506 5660 mtuenda
1533 5618 1636 5661 esse
1661 5603 1871 5661 intelli-

343 5695 376 5733 n
407 5723 418 5734 .

343 5695 418 5734 nt.

1973 4596 2168 4666 vitam,
2194 4592 2492 4660 consentit,
2539 4590 2811 4648 humilem
2853 4603 2910 4648 se
2948 4587 3198 4662 praebens
3226 4584 3569 4644 admonenti.

1974 4683 2268 4744 Blanditiis
2297 4683 2445 4740 enim
2467 4681 2645 4742 solent
2675 4677 2934 4748 obtineri,
2965 4693 3088 4760 quae
3116 4675 3440 4733 auctoritate
3461 4688 3573 4732 non

1975 4783 2235 4851 possunt;
2268 4791 2396 4830 nam
2431 4773 2695 4830 animalia
2725 4769 2947 4844 quando
2985 4766 3231 4832 membra
3257 4781 3356 4836 sua
3381 4764 3575 4826 zelan-.

1973 4871 2085 4932 tur,
2115 4859 2406 4920 blanditiis
2430 4867 2615 4918 tamen
2644 4856 2867 4914 cedunt.

2049 4953 2230 5020 (Vers.
2281 4951 2362 5024 3.)
2434 4972 2453 4997 ε
2484 4946 2694 5007 Viduas
2742 4945 2976 5014 honora,
3034 4959 3156 5023 quas
3212 4959 3339 4999 vere
3387 4940 3573 4998 viduae

1975 5049 2123 5098 sunt.
2177 5065 2195 5088 ι
2249 5039 2356 5095 Has
2401 5035 2599 5094 viduas
2646 5031 2784 5094 dicit
2840 5031 3210 5103 honorandas,
3273 5047 3394 5112 quae
3449 5027 3578 5084 data

1975 5147 2139 5206 opera
2176 5129 2361 5186 viduae
2399 5134 2561 5184 sunt:
2614 5141 2734 5198 quae
2788 5139 2916 5181 cum
2961 5127 3185 5196 possent
3238 5117 3465 5186 nubere,
3513 5122 3576 5171 ut

1960 5221 2231 5277 meliores
2260 5225 2440 5274 essent
2470 5224 2524 5273 et
2569 5214 2746 5287 digna;
2792 5215 2928 5282 Deo,
2967 5208 3234 5267 secundas
3285 5208 3428 5268 299
3475 5217 3574 5258 nu-

1977 5316 2119 5389 ptias
2160 5321 2508 5387 respuerunt,
2566 5311 2801 5368 scientes
2860 5307 3028 5364 semel
3075 5302 3328 5361 benedici
3384 5295 3576 5389 conju-

1979 5387 2150 5478 gium,
2199 5405 2411 5468 aemulae
2453 5400 2812 5470 sanctissimae
2852 5400 3048 5465 Annae,
3088 5410 3208 5478 quae
3241 5387 3472 5474 jejuniis
3522 5393 3577 5442 et

2056 5601 2172 5675 (47)
2210 5601 2368 5675 Docet
2402 5599 2460 5657 in
2500 5597 2762 5675 omnibus
2789 5592 2924 5675 edit.
2947 5605 3011 5646 ac
3030 5584 3392 5675 rnultisniss.
3420 5583 3579 5653 desi-

1983 5662 2225 5742 deratur,
2256 5672 2349 5728 sed
2384 5687 2454 5726 ex
2475 5669 2601 5728 aliis
2625 5663 2911 5724 nonnullis
2939 5662 3272 5716 restituitur.
