4070 6186
524 343 669 403 503-

1542 342 1642 402 AD
1679 342 1915 402 OPERA
1950 342 2006 401 S.
2042 342 2377 407 AMBROSII
2412 346 2793 407 APPENDIX.

3735 351 3841 413 504

528 472 1003 532 obsecrationibus
1029 474 1143 530 Deo
1188 473 1462 531 serviebat
1498 481 1661 530 nocte
1699 474 1917 547 dieque,
1960 475 2126 532 unius
2154 478 2204 538 A
2238 480 2406 548 dicit;
2438 482 2569 556 quia
2609 482 2752 539 sicut
2779 480 2995 555 perﬁdi,
3040 479 3147 554 legi
3178 478 3405 538 Domini
3448 496 3564 537 non
3592 480 3842 543 obedivit

526 560 635 617 viri
661 571 887 633 experta
916 562 1274 620 concubitum
1299 564 1451 631 (Luc.
1482 580 1541 631 ιι,
1570 562 1658 629 36,
1692 562 1807 635 37).

601 650 785 721 (Vers.
818 650 899 723 4.)
943 676 961 699 ε
982 652 1039 708 Si
1069 668 1176 725 qua
1200 660 1384 708 autem
1414 650 1585 707 vidua
1612 652 1759 709 filios
1786 653 1874 709 vel
1904 662 2130 725 nepotes

527 737 712 807 habet,
743 738 918 797 discat
945 739 1187 812 primum
1218 740 1445 796 domum
1474 757 1629 797 suam
1658 741 1748 813 pie
1791 749 2047 807 tractare,
2074 748 2129 798 et

526 837 777 886 mutuam
807 831 985 888 vicem
1032 830 1330 901 gratiarum
1376 830 1604 888 reddere
1632 831 1979 903 parentibus:
2024 832 2130 889 hoc

524 917 673 975 enim
703 927 988 988 acceptum
1021 925 1102 973 est
1142 934 1326 974 coram
1360 921 1493 976 Deo.
1524 946 1542 969 ι
1599 920 1835 977 Viduam
1884 920 2038 993 prius
2068 923 2126 977 in

525 1003 628 1063 hac
657 1006 775 1060 vita
794 996 1307 1063 et‘conversatioue
1337 1007 1477 1063 dicit
1503 1008 1865 1080 probandam,
1902 1018 1963 1065 ut
1992 1018 2127 1066 tunc

522 1090 746 1149 demum
781 1094 949 1166 digna
989 1096 1063 1152 sit
1109 1096 1278 1153 vidua
1323 1097 1586 1153 Ecclesia:
1632 1098 1961 1171 nuncupari,
2004 1116 2124 1171 quae

521 1198 635 1241 non
669 1193 911 1256 quaestus
957 1201 1119 1241 causa
1150 1186 1322 1259 magis
1361 1202 1522 1258 quam
1556 1187 1913 1255 defensionis,
1954 1191 2125 1245 eccle-

522 1272 756 1329 siasticaa
794 1272 1119 1330 succumbat
1148 1273 1480 1347 disciplinae.
1512 1276 1713 1331 Praaire
1741 1276 1887 1332 enim
1921 1275 2125 1334 debent

522 1359 736 1429 merita,
787 1370 849 1418 ut
903 1361 1187 1435 accedenti
1251 1362 1472 1419 debitus
1536 1362 1716 1419 honor
1776 1363 1895 1435 (48)
1952 1365 2124 1422 tribui

521 1446 810 1516 videatur;
859 1432 981 1523 (ιυέ
1019 1450 1167 1505 enim
1197 1450 1424 1508 affectus
1453 1467 1582 1507 suos
1623 1451 1711 1524 pie
1752 1432 2032 1519 tractavit,
2071 1462 2125 1510 et

520 1534 747 1593 domum
768 1538 908 1595 bene
938 1539 1287 1612 gubernavit,
1315 1540 1415 1597 Dei
1445 1541 1621 1612 legem
1658 1542 1923 1611 servavit,
1956 1540 2124 1615 digna

520 1624 711 1681 eﬁ‘eeta
732 1630 1179 1685 remuneratione
1204 1629 1487 1686 Ecclesiae.

595 1716 777 1787 (Vers.
811 1718 892 1788 5.)
938 1742 956 1765 ι
980 1718 1117 1774 Nam
1149 1735 1270 1791 quae
1299 1735 1429 1775 vere
1454 1719 1625 1777 vidua
1651 1729 1733 1778 est
1762 1729 1817 1778 et
1855 1722 2117 1793 desolata,

2238 578 2299 626 ut
2323 572 2476 643 pejor
2504 570 2789 628 habeatur.
2822 572 3050 629 Necesse
3082 577 3165 626 est
3196 568 3351 626 enim
3387 577 3449 626 ut
3475 570 3719 629 deterior
3744 573 3837 643 sit,

2239 661 2334 734 qui
2366 662 2469 719 sub
2526 663 2642 734 lege
2681 672 2736 719 et
2779 663 2977 719 timore
3010 661 3109 718 Dei
3151 676 3317 733 agens
3353 667 3701 733 contemptor
3736 672 3839 734 est,

2239 768 2404 824 quam
2435 751 2532 823 qui
2570 767 2682 807 non
2713 750 2993 823 subjectus
3029 758 3111 807 est
3144 748 3282 821 legi;
3331 747 3425 807 hic
3451 749 3603 807 enim
3642 753 3838 822 nescit,

2237 838 2333 896 ille
2354 847 2538 897 autem
2558 839 2737 896 sciens
2761 839 3092 896 contemnit.

2311 929 2493 1000 (Vers.
2524 928 2578 997 9,
2606 926 2720 1000 10.)
2766 954 2785 976 ι
2805 928 2985 985 Vidua
3012 926 3249 998 eligatur
3277 941 3550 982 annorum
3580 944 3693 984 non
3723 930 3838 986 mi~

2235 1034 2342 1073 nus
2370 1017 2675 1090 sexaginta,
2709 1034 2830 1091 qua:
2861 1017 3028 1073 fuerit
3058 1015 3226 1073 unius
3263 1015 3370 1072 viri
3403 1033 3568 1086 uxor,
3613 1017 3674 1075 in
3712 1036 3834 1092 ope-

2237 1109 2391 1165 ribus
2410 1109 2569 1166 bonis
2600 1110 2982 1166 testimonium
3011 1108 3240 1176 habens,
3282 1108 3328 1163 si
3358 1105 3505 1162 filios
3545 1108 3833 1178 enutrivit,

2234 1200 2280 1256 si
2340 1200 2584 1273 hospitio
2629 1201 2855 1273 recepit,
2903 1200 2949 1256 si
2997 1207 3313 1255 sanctorum
3363 1196 3528 1269 pedes
3574 1197 3730 1267 lavit,
3788 1198 3837 1255 si

2234 1305 2541 1361 pressuram
2575 1289 2912 1362 patientibus
2940 1286 3406 1356 subministravit,
3439 1287 3487 1343 si
3516 1304 3681 1345 omne
3700 1306 3835 1363 opus

2233 1377 2439 1435 bonum
2460 1380 2749 1438 subsecuta
2767 1389 2868 1437 est.
2892 1406 2910 1429 ι
2952 1380 3007 1436 Si
3032 1379 3391 1453 prerogativa
3426 1379 3832 1451 praeteritorum

2234 1482 2460 1537 operum
2484 1468 2653 1524 vidua
2682 1468 3121 1536 commendatur,
3153 1468 3466 1540 eligendam
3487 1466 3633 1525 hanc
3651 1466 3827 1525 docet:

2231 1557 2455 1613 Domini
2484 1558 2633 1615 enim
2670 1558 2885 1630 judicio
2928 1557 3225 1616 ascribitur
3263 1573 3466 1614 nomen
3509 1556 3628 1629 ejus
3663 1559 3830 1616 eccle-

2232 1646 2467 1704 siasticis
2496 1650 2891 1719 monumentis,
2922 1664 3086 1724 quam
3124 1648 3349 1721 dignam
3381 1656 3538 1703 vetus
3582 1648 3697 1703 vita
3724 1648 3834 1704 de-

2230 1736 2421 1794 clarat.
2469 1738 2686 1794 Imbuta
2735 1738 2884 1795 enim
2929 1737 3138 1794 divinis
3166 1735 3461 1809 obsequiis,
3519 1747 3592 1794 et'
3625 1737 3686 1793 in
3735 1737 3830 1793 his

519 1812 699 1876 sperat
728 1805 799 1861 in
826 1807 962 1874 Deo,
1000 1814 1054 1862 et
1084 1807 1253 1864 instat
1280 1809 1624 1866 orationibus
1652 1818 1820 1867 noctu
1847 1809 2065 1884 dieque.
2088 1834 2106 1857 ι

2230 1826 2401 1882 vitam
2453 1834 2710 1896 atterens,
2759 1826 3109 1899 suscipienda
3147 1834 3230 1883 est
3274 1825 3335 1882 in
3385 1825 3509 1883 sinu
3540 1827 3823 1897 Ecclesiae,

518 1892 760 1949 Viduam
810 1893 957 1951 ﬁlios
1002 1904 1100 1952 aut
1154 1906 1379 1969 nepotes
1434 1897 1728 1955 habentem
1785 1916 1899 1955 non
1956 1900 2119 1958 facile

517 1980 918 2039 admittendam
961 1983 1030 2039 ad
1066 1984 1341 2056 stipendia
1368 1987 1667 2055 Ecclesiae;
1701 1987 1830 2060 quia
1871 1988 1917 2043 si
1948 1989 2037 2060 pie
2067 1997 2120 2045 et

518 2072 757 2130 sollicite
787 2073 1014 2131 domum
1050 2092 1205 2133 suam
1236 2076 1585 2149 gubernavit,
1621 2095 1840 2136 necesse
1859 2087 1942 2136 est
1962 2078 2119 2136 reddi

518 2161 604 2218 illi
628 2162 810 2219 vicem
853 2179 886 2218 a
910 2163 1046 2231 suis,
1098 2164 1240 2221 sicut
1269 2175 1324 2222 et
1352 2166 1450 2222 illa
1481 2166 1723 2224 reddidit
1754 2168 2115 2242 propinquis:

517 2252 563 2307 si
607 2260 811 2321 autem,
862 2260 925 2308 ut
974 2253 1204 2323 adsolet,
1248 2255 1504 2327 impietas
1550 2256 1720 2312 fuerit
1775 2266 2016 2329 operata,
2057 2266 2121 2314 ut

515 2354 654 2394 anus
682 2337 1066 2411 despiciatura
1103 2341 1239 2411 suis,
1270 2359 1408 2416 quos
1453 2344 1541 2416 pie
1576 2344 1851 2413 tractavit,
1883 2345 2116 2418 dignum

515 2442 632 2482 esse
673 2427 814 2484 hanc
841 2429 1046 2502 suscipi
1077 2430 1145 2487 ab
1183 2431 1448 2500 Ecclesia,
1498 2432 1629 2506 quia
1654 2433 1713 2488 in
1747 2433 1974 2489 Domini
2002 2434 2118 2506 lege

516 2515 754 2574 ﬁdeliter
781 2529 1103 2576 conversata
1145 2530 1247 2578 est.
1279 2522 1462 2579 Vidua
1500 2523 1670 2594 igitur
1696 2524 1959 2594 desolata,
2004 2533 2059 2581 et
2086 2542 2118 2581 a

517 2605 631 2660 suis
677 2615 1014 2678 contempta,
1064 2615 1244 2680 sperat
1297 2609 1354 2665 in
1410 2612 1550 2679 Deo;
1606 2612 1803 2669 videns
1839 2614 1989 2670 enim
2047 2630 2117 2670 ex

516 2695 671 2749 nulla
689 2704 842 2766 parte
872 2711 928 2751 se
958 2695 1157 2753 habere
1178 2699 1522 2771 suffragium,
1555 2708 1672 2757 toto
1701 2702 1888 2758 animo
1916 2702 2117 2760 devota

515 2790 598 2839 est
626 2786 759 2854 Deo,
800 2784 869 2840 de
910 2802 1021 2858 quo
1060 2788 1177 2844 solo
1203 2788 1478 2847 auxilium
1510 2790 1639 2847 vitae
1677 2791 1978 2866 salutisque
2007 2810 2116 2849 ex—

513 2880 744 2943 spectat.

587 2961 770 3032 (Vers.
802 2963 883 3035 6.)
929 2966 1098 3021 «Nam
1129 2982 1250 3039 quae
1278 2967 1334 3023 in
1355 2968 1571 3026 deliciis
1599 2970 1885 3040 estvidua,
1920 2972 2115 3029 vivens

513 3058 733 3106 mortua
757 3060 857 3110 est.
886 3078 904 3102 ι
950 3055 1210 3125 Viduam,
1249 3066 1472 3130 propter
1500 3060 1647 3132 quod
1688 3059 1857 3117 vidua
1886 3062 2112 3133 dicitur,

513 3136 679 3193 talem
726 3155 842 3253 esse
878 3140 1077 3198 debere
1094 3143 1381 3253 Osignliﬁcat
1425 3147 1566 3220 (49),
1603 3156 1667 3204 ut
1703 3150 1771 3205 ad
1809 3151 2110 3208 Dominum
2142 3192 2187 3253 ο

511 3228 937 3295 promerendum
969 3232 1313 3290 orationibus
1332 3246 1511 3305 vacet,
1542 3238 1658 3295 Deo
1683 3240 1929 3297 serviens
1950 3249 2109 3298 nocte

512 3310 747 3388 dieque;
806 3326 868 3374 ut
923 3320 1176 3378 ostendat
1220 3339 1276 3379 se
1323 3323 1530 3381 idcirco
1578 3327 1799 3398 nuptias
1843 3328 2109 3386 secundas

510 3404 924 3476 contempsisse,
964 3417 1028 3465 ut
1073 3410 1302 3469 instaret
1334 3412 1644 3484 disciplinae
1680 3415 2005 3472 Dominicae.
2050 3415 2108 3472 Si

511 3491 657 3577 enim
687 3494 789 3550 sub
818 3500 1044 3556 nomine
1071 3503 1257 3559 vidua).
1282 3506 1502 3562 deliciis
1540 3516 1697 3562 vacet
1725 3516 1819 3562 aut
1846 3508 2104 3577 luxuriae,

509 3576 706 3635 vivens
744 3595 960 3642 mortua
997 3587 1249 3647 habenda
1280 3602 1395 3659 est;
1431 3593 1558 3663 quia
1593 3594 1909 3667 imposturm
1937 3576 2105 3667 genus

510 3672 610 3756 est,
653 3667 803 3725 aliud
829 3688 1006 3744 agere,
1037 3684 1092 3732 et
1130 3678 1284 3734 aliud
1313 3680 1587 3753 proﬁteri:
1621 3699 1733 3737 non
1763 3682 2023 3756 obsequia
2052 3695 2106 3743 et

509 3751 858 3817 devotionem
889 3763 987 3819 Dei
1030 3764 1172 3836 (50),
1204 3768 1299 3824 sed
1314 3751 1594 3826 honorem
1644 3770 1827 3829 vidum
1855 3751 2106 3831 volentes

508 3841 744 3913 habere;
777 3866 904 3907 cum
942 3855 1186 3912 nominis
1216 3857 1390 3931 ipsius
1428 3859 1697 3932 professio
1727 3861 1833 3920 hoc
1862 3861 2099 3931 indicet;

507 3932 638 4005 quia
683 3946 864 4009 spreto
921 3941 1062 4010 viro,
1118 3945 1293 4003 Deum
1349 3948 1532 4022 elegit,
1590 3951 1684 4008 cui
1741 3950 1947 4008 serviat
1984 3958 2103 4008 tota

504 4031 710 4093 mente,
740 4036 964 4100 propter
995 4031 1167 4090 vitam
1188 4036 1533 4107 promissam.

578 4113 760 4184 (Vers.
796 4115 875 4190 7.)
917 4141 937 4166 ι
971 4119 1043 4176 Et
1073 4120 1192 4178 hac
1219 4124 1473 4198 praecipe,
1506 4134 1568 4182 ut
1591 4126 2102 4200 irreprehensihiles

504 4201 636 4259 sint.
671 4228 691 4254 ι
732 4204 962 4265 Tantam
1009 4208 1356 4285 diligentiam
1397 4222 1622 4271 actuum
1668 4234 1731 4274 ac
1774 4220 1989 4276 morum
2020 4219 2101 4276 vi-

503 4289 669 4380 duam
700 4295 820 4351 vult
852 4296 1072 4369 habere,
1094 4310 1155 4357 ut
1185 4303 1513 4376 reprehendi
1540 4323 1651 4362 non
1682 4308 1886 4380 possit;
1920 4318 2102 4367 amota

504 4378 654 4434 enim
689 4398 732 4470 ‘a
769 4400 862 4454 spe
912 4389 1206 4446 mundana:
1254 4378 1711 4465 conversationis,
1760 4405 1815 4453 et
1855 4399 2100 4470 corporis

499 4466 731 4557 curandi
761 4471 961 4541 ofﬁcio,
1012 4486 1234 4548 propter
1276 4480 1382 4538 hoc
1423 4500 1478 4539 se
1516 4485 1583 4539 ad
1626 4486 1799 4541 Deum
1840 4466 2096 4557 contulit,

498 4561 562 4609 ut
592 4556 934 4626 probabilem
967 4571 1090 4635 agat
1118 4565 1314 4624 vitam.
1344 4569 1587 4627 Sublatis
1617 4574 1763 4629 enim
1796 4550 2094 4634 occasioni:
2124 4550 2173 4610 D

498 4640 621 4711 bus,
651 4661 772 4718 quae
801 4648 986 4707 aditus
1017 4653 1195 4709 solent
1225 4657 1435 4727 aperire
1464 4660 1718 4732 peccatis,
1747 4672 1927 4736 potest
1952 4666 2097 4724 bona

497 4736 845 4793 conversatio
875 4738 1171 4799 incolumis
1197 4760 1535 4816 permanere.

570 4834 752 4902 (Vers.
787 4836 869 4910 8.)
930 4864 949 4886 ι
976 4840 1034 4897 Si
1072 4843 1196 4915 quis
1233 4853 1414 4903 autem
1451 4849 1567 4921 (51)
1601 4867 1851 4922 suorum,
1889 4864 1943 4912 et
1981 4873 2091 4912 ma-

493 4922 645 4979 xime
666 4925 1091 4987 domesticorum
1113 4949 1298 4991 curam
1322 4954 1435 4993 non
1456 4938 1638 5007 habet,
1662 4941 1826 4998 ﬁdem
1849 4946 2086 5015 negavit,

493 5022 548 5069 et
581 5025 663 5072 est
690 5016 903 5074 inﬁdeli
934 5019 1192 5078 deterior.
1226 5048 1243 5071 ι
1297 5025 1451 5083 Hauc
1490 5027 1713 5084 viduam
1745 5047 1864 5102 qua:
1903 5034 2089 5104 negli-

492 5121 625 5178 gens
663 5106 774 5162 fuit
816 5108 964 5166 circa
1008 5126 1137 5167 suos
1181 5113 1427 5185 affectus,
1484 5125 1546 5173 ut
1590 5117 1847 5176 educaret
1890 5138 1982 5179 eos
2027 5125 2085 5182 in

490 5192 786 5268 disciplina
840 5206 893 5254 et
947 5199 1287 5258 correctione
1337 5205 1584 5276 Domini,
1642 5207 2084 5271 inhonorandam

587 5373 656 5430 48
712 5374 870 5431 Rom.
901 5373 1059 5441 edit.,
1092 5381 1151 5430 ut
1176 5378 1437 5432 accedenti
1463 5379 1681 5435 meritus
1709 5383 1903 5441 honor.

561 5373 679 5515 ἕω)
730 5445 917 5505 Codex
963 5446 1134 5515 Vall.,
1183 5449 1517 5515 Quapropter
1543 5451 1759 5508 viduam
1795 5458 1891 5513 Dei

486 5444 765 5583 sigilling

484 5669 510 5707 ⁸
537 5585 679 5711 ἔδυ)
711 5588 861 5653 Idem
899 5590 1094 5675 codex,
1144 5608 1250 5649 non
1278 5593 1519 5667 obsequio
1565 5603 1616 5653 et
1655 5599 1922 5663 devotione
1954 5605 2076 5674 Dei,

510 5670 537 5711 ε
592 5654 784 5714 honore
812 5677 995 5719 nomen
1021 5664 1186 5722 vidua
1215 5666 1438 5723 volentes
1462 5667 1667 5727 habere.

1303 5683 1438 5723 entes
1462 5683 1667 5730 habere.

2228 1914 2318 1972 cui
2349 1914 2482 1973 olim
2510 1932 2567 1973 se
2595 1917 2751 1974 vovit
2783 1916 3046 1989 legitimis
3075 1915 3345 1973 servitiis.

2301 2005 2485 2076 (Vers.
2518 2006 2632 2078 11.)
2662 2031 2698 2073 ,ι
2726 2006 3181 2064 Adolescentulas
3210 2021 3342 2061 vero
3368 2004 3567 2061 viduas
3606 2004 3825 2062 devita:

2229 2111 2354 2152 cum
2375 2094 2523 2151 enim
2540 2096 2709 2151 vitam
2728 2095 2785 2151 in
2811 2095 3026 2152 deliciis
3045 2096 3282 2167 egerint,
3304 2094 3361 2151 in
3379 2094 3603 2152 Christo
3623 2095 3829 2152 nubere

2228 2186 2445 2241 volunt.
2469 2209 2487 2233 ι
2531 2184 2792 2242 Prohibet
2820 2184 3257 2243 adolescentulas
3282 2183 3479 2241 viduas
3508 2184 3566 2239 in
3593 2183 3695 2241 hac
3712 2202 3828 2241 sus-

2227 2273 2337 2345 cipi
2376 2274 2732 2346 professione,
2783 2274 3011 2331 lubricae
3066 2275 3214 2330 enim
3268 2274 3416 2330 aetati
3473 2271 3612 2329 ﬁdes
3665 2273 3828 2329 facile

2228 2360 2416 2417 haberi
2448 2376 2561 2417 non
2601 2361 2792 2430 debet;
2838 2363 3040 2436 quippe
3076 2380 3201 2419 cum
3234 2362 3597 2437 quarumdam
3644 2379 3828 2419 exem-

2228 2447 2317 2519 pla
2354 2448 2685 2521 praecedant,
2707 2468 2828 2523 qua:
2863 2460 2989 2524 post
3010 2452 3403 2524 professionem
3434 2453 3564 2508 vita:
3592 2451 3827 2510 delicia-

2227 2552 2349 2592 rum
2380 2537 2749 2595 oblectatione
2787 2553 3008 2609 nomen,
3052 2557 3162 2597 non
3200 2557 3367 2613 opera
3402 2540 3694 2598 viduitatis
3731 2541 3825 2597 ha-

2225 2624 2376 2693 bent,
2421 2635 2475 2683 et
2520 2644 2797 2684 conversae
2828 2628 3039 2702 nuptiis
3093 2617 3488 2687 sollicitantur.
3533 2629 3640 2697 Qui
3671 2631 3824 2687 enim

2224 2721 2381 2786 putat
2409 2732 2465 2771 se
2494 2716 2553 2771 in
2587 2715 2807 2774 Christo
2835 2718 3006 2774 vitam
3037 2717 3253 2775 deliciis
3280 2734 3457 2790 agere,
3489 2719 3717 2776 minime
3740 2721 3825 2776 in-

2224 2821 2427 2862 nocens
2456 2817 2797 2878 perseverat:
2858 2808 3083 2865 luxuria
3126 2807 3274 2864 enim
3321 2808 3495 2865 trahit
3544 2809 3703 2866 illum
3752 2809 3825 2866 ad

2224 2909 2322 2949 sua
2349 2895 2615 2964 membra,
2648 2905 2710 2952 ut
2751 2896 3079 2970 subjiciatur
3130 2906 3389 2971 peccato:
3422 2898 3634 2956 delicia:
3667 2899 3823 2956 enim

2217 2984 2401 3056 januae
2430 2996 2560 3044 sunt
2588 2989 2815 3061 peccati.
2846 2991 2968 3047 Non
2992 2988 3142 3047 enim
3163 3006 3274 3063 quo
3304 2989 3491 3046 tendat
3510 2990 3821 3063 ignoratur,

2223 3075 2318 3149 qui
2349 3076 2573 3133 ﬂuidam
2599 3088 2747 3136 amat
2768 3080 2962 3138 vitam.

2294 3166 2476 3237 (Vers.
2511 3168 2625 3241 12.)
2688 3193 2707 3216 ι
2748 3168 3022 3227 Habentes
3068 3170 3495 3238 damnationem,
3540 3170 3671 3245 quia
3708 3171 3821 3242 pri-

2221 3270 2368 3310 mam
2407 3255 2572 3313 ﬁdem
2613 3257 2827 3314 irritam
2877 3259 3186 3316 fecerunt.»
3236 3265 3381 3323 300
3417 3258 3565 3328 Quid
3601 3266 3822 3315 maneat

2219 3350 2377 3418 tales,
2438 3352 2697 3423 ostendit,
2758 3372 2827 3412 ne
2877 3355 3037 3413 facile
3083 3356 3341 3424 audeant,
3383 3355 3532 3429 quod
3588 3356 3821 3428 implere

2219 3440 2444 3497 difficile
2463 3452 2543 3499 est
2569 3462 2580 3499 :
2597 3454 2692 3501 aut
2717 3446 2764 3501 si
2785 3447 3005 3504 animus
3025 3457 3106 3506 est
3126 3447 3257 3504 huic
3275 3446 3558 3504 devotioni
3571 3446 3816 3517 deditus,

2217 3531 2365 3602 apud
2414 3549 2471 3588 se
2515 3531 2735 3590 interim
2786 3543 2990 3604 teneat,
3033 3537 3163 3609 quia
3213 3534 3412 3595 didicit
3457 3536 3818 3593 temerarium

2220 3619 2337 3690 (52)
2368 3636 2484 3677 esse
2512 3621 2778 3694 proﬁteri,
2809 3625 2955 3697 quod
2991 3625 3172 3683 adhuc
3192 3625 3431 3698 juvenili
3465 3626 3613 3682 aetati
3638 3626 3818 3683 credi-

2216 3721 2327 3764 non
2357 3709 2534 3767 debet.
2585 3712 2938 3770 Damnationi
2985 3715 3133 3771 enim
3179 3715 3244 3771 ﬁt
3279 3715 3574 3784 obnoxius,
3614 3714 3711 3787 qui
3746 3714 3817 3770 ab

2216 3795 2324 3854 hoc
2344 3798 2583 3856 declinat
2611 3801 2758 3875 quod
2788 3811 2934 3861 recte
2963 3804 3185 3861 fecerat.
3217 3804 3496 3873 Quantum
3517 3804 3665 3860 enim
3696 3804 3816 3861 lau-

2214 3884 2397 3944 dabile
2422 3897 2521 3958 est,
2552 3890 2601 3947 si
2629 3891 2855 3964 impleat
2874 3892 3021 3966 quod
3047 3895 3193 3950 ultra
3224 3894 3371 3950 vires
3399 3893 3511 3966 ejus
3537 3893 3810 3962 creditur,

2214 3981 2367 4033 tanto
2395 3980 2569 4051 magis
2606 3981 2917 4052 puniendus
2945 3983 3071 4051 erit,
3111 3983 3157 4039 si
3192 3982 3300 4039 hoc
3333 3983 3521 4041 audeat
3561 3980 3668 4038 sibi
3702 3981 3813 4039 im-

2213 4079 2415 4136 ponere
2444 4070 2871 4143 praesumptione
2909 4071 3255 4141 temeritatis,
3306 4071 3452 4146 quod
3497 4071 3640 4128 ferre
3691 4087 3813 4129 non

2213 4155 2410 4226 possit:
2444 4173 2546 4215 nec
2580 4159 2649 4216 ad
2687 4160 2907 4217 veniam
2955 4160 3116 4219 debet
3157 4162 3453 4235 pertinere,
3502 4160 3598 4235 qui
3650 4170 3737 4219 est
3780 4177 3811 4218 a

2213 4244 2518 4317 primordio
2537 4248 2780 4307 inﬁdelis
2810 4252 3091 4309 inventus.

2286 4335 2466 4406 (Vers.
2506 4336 2618 4410 13.)
2655 4364 2672 4387 ι
2702 4340 2878 4398 Simul
2909 4350 3092 4399 autem
3127 4353 3179 4400 et
3210 4344 3399 4401 otiosa
3426 4343 3652 4401 discunt
3687 4342 3811 4400 cir-

2210 4422 2395 4482 cuire:
2450 4443 2561 4483 non
2602 4431 2780 4486 solum
2825 4427 3006 4489 autem
3053 4432 3261 4501 otiosae,
3311 4432 3408 4489 sed
3446 4441 3500 4489 et
3539 4432 3809 4501 verbosas,

2209 4521 2263 4568 et
2290 4514 2541 4585 curiosae,
2576 4518 2860 4591 loquentes
2898 4537 3018 4593 quae
3056 4538 3167 4578 non
3212 4530 3447 4595 oportet.
3480 4547 3499 4570 ι
3542 4522 3810 4591 Quaedam

2206 4600 2450 4674 virgines
2490 4606 2576 4662 vel
2609 4607 2812 4674 viduae,
2843 4612 3262 4668 commendante
3283 4612 3621 4684 professione
3652 4612 3812 4684 (glo-

2208 4691 2415 4749 riosum
2447 4702 2528 4751 est
2556 4696 2702 4752 enim
2736 4697 2903 4769 hujus
2931 4700 3008 4754 rei
3030 4700 3411 4773 vocabulum),
3441 4700 3812 4773 acceptabiles

2206 4790 2335 4836 sunt
2363 4781 2620 4840 dOmibus
2663 4786 2927 4856 divitum,
2976 4806 3095 4861 quae
3145 4789 3203 4845 id
3254 4797 3445 4861 agunt,
3476 4797 3538 4845 ut
3577 4799 3814 4861 pareant

2205 4870 2583 4929 voluntatibus
2611 4890 2824 4945 eorum,
2861 4877 3204 4935 ambulantes
3249 4888 3302 4935 et
3331 4885 3639 4952 quaerentes
3680 4895 3811 4953 quae

2204 4957 2479 5029 perferant
2537 4962 2605 5018 ad
2652 4964 2796 5033 illos,
2829 4965 3031 5038 quibus
3072 4966 3432 5035 delectentur,
3491 4975 3554 5023 ut
3610 4968 3810 5026 otiosae

2202 5049 2525 5108 muneribus
2559 5053 2899 5121 afﬁciantur;
2930 5064 2984 5111 et
3014 5058 3158 5113 malo
3206 5073 3357 5113 more
3382 5058 3506 5130 plus
3548 5066 3807 5130 quaerant

2200 5135 2422 5207 fabulis,
2477 5156 2639 5213 quam
2688 5158 2809 5215 quae
2865 5152 3163 5215 operantur
3194 5144 3488 5211 manibus;
3538 5152 3602 5200 ut
3641 5147 3806 5204 elatae

2198 5228 2497 5299 procedant
2522 5240 2577 5288 et
2609 5232 2946 5307 compositae,
2989 5243 3182 5292 contra
3211 5234 3613 5307 professionem
3640 5251 3803 5293 suam

2268 5397 2385 5479 (ξ1)
2418 5400 2575 5457 Rom.
2605 5401 2764 5473 edit.,
2787 5404 2847 5460 Si
2872 5420 2979 5476 qua
2998 5413 3194 5464 autem.
3225 5405 3295 5462 Et
3324 5405 3489 5475 infra,
3512 5408 3645 5479 quia
3660 5408 3813 5462 sicut

730 5445 917 5540 Codex
963 5446 1134 5515 Vall.,
1183 5449 1517 5523 Quapropter
1543 5451 1759 5508 viduam
1795 5458 1891 5513 Dei
1927 5461 2080 5518 talem
2185 5445 2422 5540 perﬁda.

2188 5541 2400 5672 mg?)
2416 5542 2619 5607 Omnes
2647 5545 2779 5610 edit.
2803 5556 2857 5606 et
2886 5564 3019 5609 mss.
3049 5550 3280 5626 aliquot,
3321 5551 3450 5626 quia
3478 5550 3612 5610 dicit
3641 5557 3805 5613 femo-
