  <div class='ocr_page' id='page_1' title='image "/cluster/home/n/w/nwhite01/storage/ocr_20150623/17/hvd.32044096580436/258.png"; bbox 0 0 4108 6184; ppageno 0'>
   <div class='ocr_carea' id='block_1_1' title="bbox 253 391 360 452">
    <p class='ocr_par' dir='ltr' id='par_1_1' title="bbox 253 391 360 452">
     <span class='ocr_line' id='line_1_1' title="bbox 253 391 360 452; baseline -0.019 0"><span class='ocrx_word' id='word_1_1' title='bbox 253 391 360 452; x_wconf 82' lang='grc'>505</span> 
     </span>
    </p>
   </div>
   <div class='ocr_carea' id='block_1_2' title="bbox 1262 379 2513 447">
    <p class='ocr_par' dir='ltr' id='par_1_2' title="bbox 1262 379 2513 447">
     <span class='ocr_line' id='line_1_2' title="bbox 1262 379 2513 447; baseline -0.006 0"><span class='ocrx_word' id='word_1_2' title='bbox 1262 385 1623 447; x_wconf 83' lang='lat' dir='ltr'><strong>COMMENT.</strong></span> <span class='ocrx_word' id='word_1_3' title='bbox 1665 383 1738 442; x_wconf 81' lang='lat' dir='ltr'><strong>IN</strong></span> <span class='ocrx_word' id='word_1_4' title='bbox 1772 381 1992 441; x_wconf 85' lang='lat' dir='ltr'><strong>EPIST.</strong></span> <span class='ocrx_word' id='word_1_5' title='bbox 2031 383 2054 442; x_wconf 90' lang='grc' dir='ltr'>Ι</span> <span class='ocrx_word' id='word_1_6' title='bbox 2089 385 2186 440; x_wconf 85' lang='lat' dir='ltr'><strong>AD</strong></span> <span class='ocrx_word' id='word_1_7' title='bbox 2224 379 2513 440; x_wconf 79' lang='lat' dir='ltr'><strong>TIMOTH.</strong></span> 
     </span>
    </p>
   </div>
   <div class='ocr_carea' id='block_1_3' title="bbox 3444 379 3552 439">
    <p class='ocr_par' dir='ltr' id='par_1_3' title="bbox 3444 379 3552 439">
     <span class='ocr_line' id='line_1_3' title="bbox 3444 379 3552 439; baseline 0.009 -1"><span class='ocrx_word' id='word_1_8' title='bbox 3444 379 3552 439; x_wconf 77' lang='lat'><strong>506</strong></span> 
     </span>
    </p>
   </div>
   <div class='ocr_carea' id='block_1_4' title="bbox 254 503 3549 593">
    <p class='ocr_par' dir='ltr' id='par_1_4' title="bbox 254 503 3549 593">
     <span class='ocr_line' id='line_1_4' title="bbox 254 503 3549 593; baseline -0.005 -16"><span class='ocrx_word' id='word_1_9' title='bbox 254 526 488 593; x_wconf 76' lang='lat' dir='ltr'><strong>agentes.</strong></span> <span class='ocrx_word' id='word_1_10' title='bbox 535 517 669 585; x_wconf 66' lang='lat' dir='ltr'><strong>Quae.</strong></span> <span class='ocrx_word' id='word_1_11' title='bbox 715 531 803 572; x_wconf 88' lang='lat' dir='ltr'><strong>res</strong></span> <span class='ocrx_word' id='word_1_12' title='bbox 850 513 988 571; x_wconf 98' lang='lat' dir='ltr'><strong>solet</strong></span> <span class='ocrx_word' id='word_1_13' title='bbox 1016 513 1129 570; x_wconf 86' lang='lat' dir='ltr'><strong>illis</strong></span> <span class='ocrx_word' id='word_1_14' title='bbox 1151 513 1312 572; x_wconf 89' lang='lat' dir='ltr'><strong>etiam</strong></span> <span class='ocrx_word' id='word_1_15' title='bbox 1357 514 1415 571; x_wconf 91' lang='lat' dir='ltr'><strong>in</strong></span> <span class='ocrx_word' id='word_1_16' title='bbox 1445 514 1548 570; x_wconf 92' lang='lat' dir='ltr'><strong>hac</strong></span> <span class='ocrx_word' id='word_1_17' title='bbox 1572 512 1690 568; x_wconf 91' lang='lat' dir='ltr'><strong>vita</strong></span> <span class='ocrx_word' id='word_1_18' title='bbox 1717 525 1833 566; x_wconf 88' lang='lat' dir='ltr'><strong>esse</strong></span> <span class='ocrx_word' id='word_1_19' title='bbox 1863 512 1914 571; x_wconf 85' lang='lat' dir='ltr'><strong>A</strong></span> <span class='ocrx_word' id='word_1_20' title='bbox 1942 526 2039 582; x_wconf 90' lang='lat' dir='ltr'><strong>per</strong></span> <span class='ocrx_word' id='word_1_21' title='bbox 2067 507 2458 582; x_wconf 77' lang='lat' dir='ltr'><strong>negligentiam</strong></span> <span class='ocrx_word' id='word_1_22' title='bbox 2488 507 2569 576; x_wconf 87' lang='lat' dir='ltr'><strong>ﬁt,</strong></span> <span class='ocrx_word' id='word_1_23' title='bbox 2599 506 2896 582; x_wconf 78' lang='lat' dir='ltr'><strong>aliquando</strong></span> <span class='ocrx_word' id='word_1_24' title='bbox 2925 512 3212 580; x_wconf 70' lang='lat' dir='ltr'><strong>potentatu</strong></span> <span class='ocrx_word' id='word_1_25' title='bbox 3239 503 3549 564; x_wconf 85' lang='lat' dir='ltr'><strong>insinuan-</strong></span> 
     </span>
    </p>
   </div>
   <div class='ocr_carea' id='block_1_5' title="bbox 252 602 1841 677">
    <p class='ocr_par' dir='ltr' id='par_1_5' title="bbox 252 602 1841 677">
     <span class='ocr_line' id='line_1_5' title="bbox 252 602 1841 677; baseline -0.006 -11"><span class='ocrx_word' id='word_1_26' title='bbox 252 609 524 667; x_wconf 85' lang='lat' dir='ltr'><strong>contraria</strong></span> <span class='ocrx_word' id='word_1_27' title='bbox 553 625 570 675; x_wconf 86' lang='lat'><strong>;</strong></span> <span class='ocrx_word' id='word_1_28' title='bbox 625 605 903 662; x_wconf 87' lang='lat' dir='ltr'><strong>revelatur</strong></span> <span class='ocrx_word' id='word_1_29' title='bbox 958 604 1104 661; x_wconf 88' lang='lat' dir='ltr'><strong>enim</strong></span> <span class='ocrx_word' id='word_1_30' title='bbox 1154 603 1212 661; x_wconf 88' lang='lat' dir='ltr'><strong>id</strong></span> <span class='ocrx_word' id='word_1_31' title='bbox 1242 602 1389 677; x_wconf 90' lang='lat' dir='ltr'><strong>quod</strong></span> <span class='ocrx_word' id='word_1_32' title='bbox 1419 619 1633 675; x_wconf 84' lang='lat' dir='ltr'><strong>semper</strong></span> <span class='ocrx_word' id='word_1_33' title='bbox 1662 602 1841 658; x_wconf 91' lang='lat' dir='ltr'><strong>occul-</strong></span> 
     </span>
    </p>
   </div>
   <div class='ocr_carea' id='block_1_6' title="bbox 252 694 1843 770">
    <p class='ocr_par' dir='ltr' id='par_1_6' title="bbox 252 694 1843 770">
     <span class='ocr_line' id='line_1_6' title="bbox 252 694 1843 770; baseline -0.005 -16"><span class='ocrx_word' id='word_1_34' title='bbox 252 705 366 754; x_wconf 90' lang='lat' dir='ltr'><strong>tum</strong></span> <span class='ocrx_word' id='word_1_35' title='bbox 409 705 629 770; x_wconf 90' lang='lat' dir='ltr'><strong>putant.</strong></span> <span class='ocrx_word' id='word_1_36' title='bbox 674 695 821 762; x_wconf 88' lang='lat' dir='ltr'><strong>Quid</strong></span> <span class='ocrx_word' id='word_1_37' title='bbox 861 701 945 751; x_wconf 87' lang='lat' dir='ltr'><strong>est</strong></span> <span class='ocrx_word' id='word_1_38' title='bbox 982 695 1154 762; x_wconf 91' lang='lat' dir='ltr'><strong>enim,</strong></span> <span class='ocrx_word' id='word_1_39' title='bbox 1207 702 1266 750; x_wconf 92' lang='lat' dir='ltr'><strong>ut</strong></span> <span class='ocrx_word' id='word_1_40' title='bbox 1304 711 1367 750; x_wconf 87' lang='lat' dir='ltr'><strong>ea</strong></span> <span class='ocrx_word' id='word_1_41' title='bbox 1397 694 1695 766; x_wconf 91' lang='lat' dir='ltr'><strong>loquantur</strong></span> <span class='ocrx_word' id='word_1_42' title='bbox 1723 708 1843 764; x_wconf 84' lang='lat' dir='ltr'><strong>quae</strong></span> 
     </span>
    </p>
   </div>
   <div class='ocr_carea' id='block_1_7' title="bbox 249 781 1844 860">
    <p class='ocr_par' dir='ltr' id='par_1_7' title="bbox 249 781 1844 860">
     <span class='ocr_line' id='line_1_7' title="bbox 249 781 1844 860; baseline -0.005 -17"><span class='ocrx_word' id='word_1_43' title='bbox 249 804 360 844; x_wconf 92' lang='lat' dir='ltr'><strong>non</strong></span> <span class='ocrx_word' id='word_1_44' title='bbox 389 785 644 860; x_wconf 80' lang='lat' dir='ltr'><strong>oportet?</strong></span> <span class='ocrx_word' id='word_1_45' title='bbox 674 784 1000 855; x_wconf 84' lang='lat' dir='ltr'><strong>Nuptiarum</strong></span> <span class='ocrx_word' id='word_1_46' title='bbox 1028 784 1176 840; x_wconf 90' lang='lat' dir='ltr'><strong>enim</strong></span> <span class='ocrx_word' id='word_1_47' title='bbox 1211 792 1340 841; x_wconf 89' lang='lat' dir='ltr'><strong>sunt</strong></span> <span class='ocrx_word' id='word_1_48' title='bbox 1379 783 1668 855; x_wconf 61' lang='lat' dir='ltr'><strong>proximas,</strong></span> <span class='ocrx_word' id='word_1_49' title='bbox 1708 781 1844 836; x_wconf 89' lang='lat' dir='ltr'><strong>mul-</strong></span> 
     </span>
    </p>
   </div>
   <div class='ocr_carea' id='block_1_8' title="bbox 247 872 1845 948">
    <p class='ocr_par' dir='ltr' id='par_1_8' title="bbox 247 872 1845 948">
     <span class='ocr_line' id='line_1_8' title="bbox 247 872 1845 948; baseline -0.006 -15"><span class='ocrx_word' id='word_1_50' title='bbox 247 886 433 934; x_wconf 85' lang='lat' dir='ltr'><strong>torum</strong></span> <span class='ocrx_word' id='word_1_51' title='bbox 462 881 795 933; x_wconf 87' lang='lat' dir='ltr'><strong>secretorum</strong></span> <span class='ocrx_word' id='word_1_52' title='bbox 823 873 1139 948; x_wconf 84' lang='lat' dir='ltr'><strong>participes,</strong></span> <span class='ocrx_word' id='word_1_53' title='bbox 1176 872 1526 940; x_wconf 84' lang='lat' dir='ltr'><strong>adulatrices,</strong></span> <span class='ocrx_word' id='word_1_54' title='bbox 1559 886 1845 928; x_wconf 84' lang='lat' dir='ltr'><strong>servorum</strong></span> 
     </span>
    </p>
   </div>
   <div class='ocr_carea' id='block_1_9' title="bbox 247 964 518 1038">
    <p class='ocr_par' dir='ltr' id='par_1_9' title="bbox 247 964 518 1038">
     <span class='ocr_line' id='line_1_9' title="bbox 247 964 518 1038; baseline 0 -18"><span class='ocrx_word' id='word_1_55' title='bbox 247 964 518 1038; x_wconf 65' lang='lat' dir='ltr'><strong>querulae.</strong></span> 
     </span>
    </p>
   </div>
   <div class='ocr_carea' id='block_1_10' title="bbox 235 1066 1841 1144">
    <p class='ocr_par' dir='ltr' id='par_1_10' title="bbox 235 1066 1841 1144">
     <span class='ocr_line' id='line_1_10' title="bbox 235 1066 1841 1144; baseline -0.005 -16"><span class='ocrx_word' id='word_1_56' title='bbox 235 1080 245 1086; x_wconf 85' lang='lat'><strong>‘</strong></span> <span class='ocrx_word' id='word_1_57' title='bbox 325 1072 507 1144; x_wconf 90' lang='lat' dir='ltr'><strong>(Vers.</strong></span> <span class='ocrx_word' id='word_1_58' title='bbox 555 1069 642 1138; x_wconf 72' lang='grc'><strong>14,</strong></span> <span class='ocrx_word' id='word_1_59' title='bbox 678 1071 794 1142; x_wconf 87' lang='grc'>15.)</span> <span class='ocrx_word' id='word_1_60' title='bbox 859 1094 877 1118; x_wconf 75' lang='grc' dir='ltr'>ι</span> <span class='ocrx_word' id='word_1_61' title='bbox 923 1070 1066 1126; x_wconf 83' lang='lat' dir='ltr'><strong>Volo</strong></span> <span class='ocrx_word' id='word_1_62' title='bbox 1121 1071 1304 1142; x_wconf 81' lang='lat' dir='ltr'><strong>itaque</strong></span> <span class='ocrx_word' id='word_1_63' title='bbox 1336 1068 1587 1140; x_wconf 89' lang='lat' dir='ltr'><strong>juniores</strong></span> <span class='ocrx_word' id='word_1_64' title='bbox 1616 1066 1841 1133; x_wconf 88' lang='lat' dir='ltr'><strong>nubere,</strong></span> 
     </span>
    </p>
   </div>
   <div class='ocr_carea' id='block_1_11' title="bbox 245 1156 1843 1233">
    <p class='ocr_par' dir='ltr' id='par_1_11' title="bbox 245 1156 1843 1233">
     <span class='ocr_line' id='line_1_11' title="bbox 245 1156 1843 1233; baseline -0.005 -15"><span class='ocrx_word' id='word_1_65' title='bbox 245 1163 395 1219; x_wconf 93' lang='lat' dir='ltr'><strong>ﬁlios</strong></span> <span class='ocrx_word' id='word_1_66' title='bbox 439 1177 744 1233; x_wconf 81' lang='lat' dir='ltr'><strong>procreare,</strong></span> <span class='ocrx_word' id='word_1_67' title='bbox 801 1171 1002 1218; x_wconf 84' lang='lat' dir='ltr'><strong>matres</strong></span> <span class='ocrx_word' id='word_1_68' title='bbox 1045 1160 1282 1216; x_wconf 83' lang='lat' dir='ltr'><strong>familias</strong></span> <span class='ocrx_word' id='word_1_69' title='bbox 1310 1175 1426 1214; x_wconf 89' lang='lat' dir='ltr'><strong>esse</strong></span> <span class='ocrx_word' id='word_1_70' title='bbox 1460 1158 1601 1230; x_wconf 82' lang='lat'><strong>(53),</strong></span> <span class='ocrx_word' id='word_1_71' title='bbox 1633 1156 1843 1212; x_wconf 90' lang='lat' dir='ltr'><strong>nullam</strong></span> 
     </span>
    </p>
   </div>
   <div class='ocr_carea' id='block_1_12' title="bbox 245 1245 1840 1319">
    <p class='ocr_par' dir='ltr' id='par_1_12' title="bbox 245 1245 1840 1319">
     <span class='ocr_line' id='line_1_12' title="bbox 245 1245 1840 1319; baseline -0.004 -11"><span class='ocrx_word' id='word_1_72' title='bbox 245 1250 591 1308; x_wconf 85' lang='lat' dir='ltr'><strong>occasionem</strong></span> <span class='ocrx_word' id='word_1_73' title='bbox 639 1248 767 1304; x_wconf 87' lang='lat' dir='ltr'><strong>dare</strong></span> <span class='ocrx_word' id='word_1_74' title='bbox 819 1249 1135 1306; x_wconf 82' lang='lat' dir='ltr'><strong>adversario</strong></span> <span class='ocrx_word' id='word_1_75' title='bbox 1178 1247 1455 1304; x_wconf 87' lang='lat' dir='ltr'><strong>maledicti</strong></span> <span class='ocrx_word' id='word_1_76' title='bbox 1501 1245 1690 1319; x_wconf 90' lang='lat' dir='ltr'><strong>gratia.</strong></span> <span class='ocrx_word' id='word_1_77' title='bbox 1723 1246 1840 1302; x_wconf 88' lang='lat' dir='ltr'><strong>Jam</strong></span> 
     </span>
    </p>
   </div>
   <div class='ocr_carea' id='block_1_13' title="bbox 246 1337 1842 1414">
    <p class='ocr_par' dir='ltr' id='par_1_13' title="bbox 246 1337 1842 1414">
     <span class='ocr_line' id='line_1_13' title="bbox 246 1337 1842 1414; baseline -0.004 -16"><span class='ocrx_word' id='word_1_78' title='bbox 246 1341 398 1398; x_wconf 87' lang='lat' dir='ltr'><strong>enim</strong></span> <span class='ocrx_word' id='word_1_79' title='bbox 454 1342 700 1414; x_wconf 85' lang='lat' dir='ltr'><strong>quaedam</strong></span> <span class='ocrx_word' id='word_1_80' title='bbox 739 1341 1129 1398; x_wconf 87' lang='lat' dir='ltr'><strong>deerraverunt</strong></span> <span class='ocrx_word' id='word_1_81' title='bbox 1177 1347 1300 1412; x_wconf 92' lang='lat' dir='ltr'><strong>post</strong></span> <span class='ocrx_word' id='word_1_82' title='bbox 1329 1339 1605 1396; x_wconf 83' lang='lat' dir='ltr'><strong>Satanam.</strong></span> <span class='ocrx_word' id='word_1_83' title='bbox 1634 1362 1653 1384; x_wconf 76' lang='grc' dir='ltr'><strong>ι</strong></span> <span class='ocrx_word' id='word_1_84' title='bbox 1699 1337 1842 1404; x_wconf 82' lang='lat' dir='ltr'><strong>Quo-</strong></span> 
     </span>
    </p>
   </div>
   <div class='ocr_carea' id='block_1_14' title="bbox 246 1424 1843 1502">
    <p class='ocr_par' dir='ltr' id='par_1_14' title="bbox 246 1424 1843 1502">
     <span class='ocr_line' id='line_1_14' title="bbox 246 1424 1843 1502; baseline -0.004 -18"><span class='ocrx_word' id='word_1_85' title='bbox 246 1430 396 1484; x_wconf 84' lang='lat' dir='ltr'><strong>niam</strong></span> <span class='ocrx_word' id='word_1_86' title='bbox 437 1446 557 1502; x_wconf 84' lang='lat' dir='ltr'><strong>quae</strong></span> <span class='ocrx_word' id='word_1_87' title='bbox 599 1446 763 1502; x_wconf 87' lang='lat' dir='ltr'><strong>supra</strong></span> <span class='ocrx_word' id='word_1_88' title='bbox 799 1430 947 1485; x_wconf 76' lang='lat' dir='ltr'><strong>dixit</strong></span> <span class='ocrx_word' id='word_1_89' title='bbox 987 1428 1056 1485; x_wconf 91' lang='lat' dir='ltr'><strong>de</strong></span> <span class='ocrx_word' id='word_1_90' title='bbox 1101 1427 1446 1499; x_wconf 87' lang='lat' dir='ltr'><strong>hujusmodi,</strong></span> <span class='ocrx_word' id='word_1_91' title='bbox 1487 1424 1764 1484; x_wconf 90' lang='lat' dir='ltr'><strong>contraria</strong></span> <span class='ocrx_word' id='word_1_92' title='bbox 1789 1431 1843 1479; x_wconf 90' lang='lat' dir='ltr'><strong>et</strong></span> 
     </span>
    </p>
   </div>
   <div class='ocr_carea' id='block_1_15' title="bbox 244 1515 1840 1591">
    <p class='ocr_par' dir='ltr' id='par_1_15' title="bbox 244 1515 1840 1591">
     <span class='ocr_line' id='line_1_15' title="bbox 244 1515 1840 1591; baseline -0.003 -20"><span class='ocrx_word' id='word_1_93' title='bbox 244 1517 441 1572; x_wconf 88' lang='lat' dir='ltr'><strong>illicita</strong></span> <span class='ocrx_word' id='word_1_94' title='bbox 469 1526 622 1587; x_wconf 90' lang='lat' dir='ltr'><strong>sunt,</strong></span> <span class='ocrx_word' id='word_1_95' title='bbox 652 1518 952 1591; x_wconf 86' lang='lat' dir='ltr'><strong>perducent</strong></span> <span class='ocrx_word' id='word_1_96' title='bbox 983 1535 1072 1573; x_wconf 89' lang='lat' dir='ltr'><strong>eas</strong></span> <span class='ocrx_word' id='word_1_97' title='bbox 1100 1517 1168 1573; x_wconf 90' lang='lat' dir='ltr'><strong>ad</strong></span> <span class='ocrx_word' id='word_1_98' title='bbox 1196 1525 1429 1572; x_wconf 89' lang='lat' dir='ltr'><strong>mortem</strong></span> <span class='ocrx_word' id='word_1_99' title='bbox 1454 1534 1466 1571; x_wconf 88' lang='lat'><strong>:</strong></span> <span class='ocrx_word' id='word_1_100' title='bbox 1489 1515 1697 1573; x_wconf 92' lang='lat' dir='ltr'><strong>idcirco</strong></span> <span class='ocrx_word' id='word_1_101' title='bbox 1712 1529 1840 1569; x_wconf 83' lang='lat' dir='ltr'><strong>con-</strong></span> 
     </span>
    </p>
   </div>
   <div class='ocr_carea' id='block_1_16' title="bbox 241 1603 1838 1680">
    <p class='ocr_par' dir='ltr' id='par_1_16' title="bbox 241 1603 1838 1680">
     <span class='ocr_line' id='line_1_16' title="bbox 241 1603 1838 1680; baseline -0.003 -18"><span class='ocrx_word' id='word_1_102' title='bbox 241 1606 429 1662; x_wconf 90' lang='lat' dir='ltr'><strong>silium</strong></span> <span class='ocrx_word' id='word_1_103' title='bbox 486 1607 601 1676; x_wconf 88' lang='lat' dir='ltr'><strong>dat,</strong></span> <span class='ocrx_word' id='word_1_104' title='bbox 652 1616 706 1663; x_wconf 92' lang='lat' dir='ltr'><strong>et</strong></span> <span class='ocrx_word' id='word_1_105' title='bbox 748 1608 1008 1680; x_wconf 73' lang='lat' dir='ltr'><strong>praecepit</strong></span> <span class='ocrx_word' id='word_1_106' title='bbox 1047 1623 1110 1662; x_wconf 90' lang='lat' dir='ltr'><strong>ea</strong></span> <span class='ocrx_word' id='word_1_107' title='bbox 1156 1607 1298 1674; x_wconf 90' lang='lat' dir='ltr'><strong>ﬁeri,</strong></span> <span class='ocrx_word' id='word_1_108' title='bbox 1352 1623 1472 1679; x_wconf 62' lang='lat' dir='ltr'><strong>qua:</strong></span> <span class='ocrx_word' id='word_1_109' title='bbox 1503 1603 1656 1662; x_wconf 88' lang='lat' dir='ltr'><strong>licita</strong></span> <span class='ocrx_word' id='word_1_110' title='bbox 1686 1609 1838 1658; x_wconf 87' lang='lat' dir='ltr'><strong>sunt.</strong></span> 
     </span>
    </p>
   </div>
   <div class='ocr_carea' id='block_1_17' title="bbox 241 1695 1840 1767">
    <p class='ocr_par' dir='ltr' id='par_1_17' title="bbox 241 1695 1840 1767">
     <span class='ocr_line' id='line_1_17' title="bbox 241 1695 1840 1767; baseline -0.004 -16"><span class='ocrx_word' id='word_1_111' title='bbox 241 1695 438 1751; x_wconf 85' lang='lat' dir='ltr'><strong>Melius</strong></span> <span class='ocrx_word' id='word_1_112' title='bbox 479 1703 564 1751; x_wconf 89' lang='lat' dir='ltr'><strong>est</strong></span> <span class='ocrx_word' id='word_1_113' title='bbox 608 1696 758 1752; x_wconf 90' lang='lat' dir='ltr'><strong>enim</strong></span> <span class='ocrx_word' id='word_1_114' title='bbox 804 1697 1006 1752; x_wconf 88' lang='lat' dir='ltr'><strong>domus</strong></span> <span class='ocrx_word' id='word_1_115' title='bbox 1046 1711 1236 1752; x_wconf 88' lang='lat' dir='ltr'><strong>curam</strong></span> <span class='ocrx_word' id='word_1_116' title='bbox 1267 1711 1378 1751; x_wconf 65' lang='lat' dir='ltr'><strong>sum</strong></span> <span class='ocrx_word' id='word_1_117' title='bbox 1409 1709 1614 1767; x_wconf 83' lang='lat' dir='ltr'><strong>gerere,</strong></span> <span class='ocrx_word' id='word_1_118' title='bbox 1675 1705 1840 1764; x_wconf 88' lang='lat' dir='ltr'><strong>quam</strong></span> 
     </span>
    </p>
   </div>
   <div class='ocr_carea' id='block_1_18' title="bbox 242 1780 1843 1854">
    <p class='ocr_par' dir='ltr' id='par_1_18' title="bbox 242 1780 1843 1854">
     <span class='ocr_line' id='line_1_18' title="bbox 242 1780 1843 1854; baseline -0.002 -15"><span class='ocrx_word' id='word_1_119' title='bbox 242 1783 302 1839; x_wconf 89' lang='lat' dir='ltr'><strong>in</strong></span> <span class='ocrx_word' id='word_1_120' title='bbox 331 1783 509 1840; x_wconf 89' lang='lat' dir='ltr'><strong>aliena</strong></span> <span class='ocrx_word' id='word_1_121' title='bbox 537 1783 707 1840; x_wconf 91' lang='lat' dir='ltr'><strong>domo</strong></span> <span class='ocrx_word' id='word_1_122' title='bbox 737 1784 1036 1841; x_wconf 88' lang='lat' dir='ltr'><strong>adulterari</strong></span> <span class='ocrx_word' id='word_1_123' title='bbox 1064 1803 1075 1840; x_wconf 88' lang='lat'>:</span> <span class='ocrx_word' id='word_1_124' title='bbox 1118 1791 1173 1839; x_wconf 89' lang='lat' dir='ltr'><strong>et</strong></span> <span class='ocrx_word' id='word_1_125' title='bbox 1209 1783 1448 1839; x_wconf 91' lang='lat' dir='ltr'><strong>multum</strong></span> <span class='ocrx_word' id='word_1_126' title='bbox 1475 1780 1701 1854; x_wconf 89' lang='lat' dir='ltr'><strong>expedit</strong></span> <span class='ocrx_word' id='word_1_127' title='bbox 1725 1796 1843 1836; x_wconf 91' lang='lat' dir='ltr'><strong>nu-</strong></span> 
     </span>
    </p>
   </div>
   <div class='ocr_carea' id='block_1_19' title="bbox 1953 599 2202 672">
    <p class='ocr_par' dir='ltr' id='par_1_19' title="bbox 1953 599 2202 672">
     <span class='ocr_line' id='line_1_19' title="bbox 1953 599 2202 672; baseline 0 -16"><span class='ocrx_word' id='word_1_128' title='bbox 1953 599 2024 656; x_wconf 91' lang='lat' dir='ltr'><strong>tis</strong></span> <span class='ocrx_word' id='word_1_129' title='bbox 2061 600 2202 672; x_wconf 83' lang='lat'><strong>(56).</strong></span> 
     </span>
    </p>
   </div>
   <div class='ocr_carea' id='block_1_20' title="bbox 2028 683 3547 761">
    <p class='ocr_par' dir='ltr' id='par_1_20' title="bbox 2028 683 3547 761">
     <span class='ocr_line' id='line_1_20' title="bbox 2028 683 3547 761; baseline -0.005 -16"><span class='ocrx_word' id='word_1_130' title='bbox 2028 689 2211 761; x_wconf 83' lang='lat' dir='ltr'><strong>(Vers.</strong></span> <span class='ocrx_word' id='word_1_131' title='bbox 2245 688 2358 761; x_wconf 96' lang='grc'>17.)</span> <span class='ocrx_word' id='word_1_132' title='bbox 2410 711 2428 735; x_wconf 72' lang='grc' dir='ltr'>ι</span> <span class='ocrx_word' id='word_1_133' title='bbox 2473 686 2579 754; x_wconf 86' lang='lat' dir='ltr'><strong>Qui</strong></span> <span class='ocrx_word' id='word_1_134' title='bbox 2624 687 2761 743; x_wconf 84' lang='lat' dir='ltr'><strong>bene</strong></span> <span class='ocrx_word' id='word_1_135' title='bbox 2806 694 3047 760; x_wconf 83' lang='lat' dir='ltr'><strong>praesunt</strong></span> <span class='ocrx_word' id='word_1_136' title='bbox 3086 684 3415 758; x_wconf 86' lang='lat' dir='ltr'><strong>presbyteri,</strong></span> <span class='ocrx_word' id='word_1_137' title='bbox 3451 683 3547 739; x_wconf 84' lang='lat' dir='ltr'><strong>du-</strong></span> 
     </span>
    </p>
   </div>
   <div class='ocr_carea' id='block_1_21' title="bbox 1954 773 3552 851">
    <p class='ocr_par' dir='ltr' id='par_1_21' title="bbox 1954 773 3552 851">
     <span class='ocr_line' id='line_1_21' title="bbox 1954 773 3552 851; baseline -0.004 -18"><span class='ocrx_word' id='word_1_138' title='bbox 1954 779 2086 851; x_wconf 89' lang='lat' dir='ltr'><strong>plici</strong></span> <span class='ocrx_word' id='word_1_139' title='bbox 2111 777 2321 834; x_wconf 88' lang='lat' dir='ltr'><strong>honore</strong></span> <span class='ocrx_word' id='word_1_140' title='bbox 2350 777 2657 833; x_wconf 86' lang='lat' dir='ltr'><strong>habeantur</strong></span> <span class='ocrx_word' id='word_1_141' title='bbox 2685 775 2872 847; x_wconf 85' lang='lat' dir='ltr'><strong>digni:</strong></span> <span class='ocrx_word' id='word_1_142' title='bbox 2906 775 3148 830; x_wconf 88' lang='lat' dir='ltr'><strong>maxime</strong></span> <span class='ocrx_word' id='word_1_143' title='bbox 3175 774 3271 846; x_wconf 89' lang='lat' dir='ltr'><strong>qui</strong></span> <span class='ocrx_word' id='word_1_144' title='bbox 3302 773 3552 828; x_wconf 87' lang='lat' dir='ltr'><strong>laborant</strong></span> 
     </span>
    </p>
   </div>
   <div class='ocr_carea' id='block_1_22' title="bbox 1957 860 3554 936">
    <p class='ocr_par' dir='ltr' id='par_1_22' title="bbox 1957 860 3554 936">
     <span class='ocr_line' id='line_1_22' title="bbox 1957 860 3554 936; baseline -0.004 -14"><span class='ocrx_word' id='word_1_145' title='bbox 1957 867 2015 923; x_wconf 90' lang='lat' dir='ltr'><strong>in</strong></span> <span class='ocrx_word' id='word_1_146' title='bbox 2045 867 2214 923; x_wconf 87' lang='lat' dir='ltr'><strong>verbo</strong></span> <span class='ocrx_word' id='word_1_147' title='bbox 2251 876 2306 923; x_wconf 89' lang='lat' dir='ltr'><strong>et</strong></span> <span class='ocrx_word' id='word_1_148' title='bbox 2331 865 2604 923; x_wconf 86' lang='lat' dir='ltr'><strong>doctrina.</strong></span> <span class='ocrx_word' id='word_1_149' title='bbox 2636 891 2654 912; x_wconf 74' lang='grc' dir='ltr'>ι</span> <span class='ocrx_word' id='word_1_150' title='bbox 2684 865 2825 921; x_wconf 90' lang='lat' dir='ltr'><strong>Boni</strong></span> <span class='ocrx_word' id='word_1_151' title='bbox 2855 864 3257 936; x_wconf 83' lang='lat' dir='ltr'><strong>dispensatores</strong></span> <span class='ocrx_word' id='word_1_152' title='bbox 3273 880 3336 919; x_wconf 90' lang='lat' dir='ltr'><strong>ac</strong></span> <span class='ocrx_word' id='word_1_153' title='bbox 3364 860 3554 916; x_wconf 86' lang='lat' dir='ltr'><strong>ﬁdeles</strong></span> 
     </span>
    </p>
   </div>
   <div class='ocr_carea' id='block_1_23' title="bbox 1954 951 3550 1024">
    <p class='ocr_par' dir='ltr' id='par_1_23' title="bbox 1954 951 3550 1024">
     <span class='ocr_line' id='line_1_23' title="bbox 1954 951 3550 1024; baseline -0.004 -12"><span class='ocrx_word' id='word_1_154' title='bbox 1954 973 2066 1012; x_wconf 92' lang='lat' dir='ltr'><strong>non</strong></span> <span class='ocrx_word' id='word_1_155' title='bbox 2113 958 2292 1012; x_wconf 89' lang='lat' dir='ltr'><strong>solum</strong></span> <span class='ocrx_word' id='word_1_156' title='bbox 2350 954 2560 1013; x_wconf 88' lang='lat' dir='ltr'><strong>honore</strong></span> <span class='ocrx_word' id='word_1_157' title='bbox 2593 953 2820 1011; x_wconf 90' lang='lat' dir='ltr'><strong>sublimi</strong></span> <span class='ocrx_word' id='word_1_158' title='bbox 2872 953 3076 1009; x_wconf 89' lang='lat' dir='ltr'><strong>debent</strong></span> <span class='ocrx_word' id='word_1_159' title='bbox 3112 952 3265 1024; x_wconf 91' lang='lat' dir='ltr'><strong>digni</strong></span> <span class='ocrx_word' id='word_1_160' title='bbox 3289 951 3550 1022; x_wconf 89' lang='lat' dir='ltr'><strong>judicari,</strong></span> 
     </span>
    </p>
   </div>
   <div class='ocr_carea' id='block_1_24' title="bbox 1954 1039 3554 1112">
    <p class='ocr_par' dir='ltr' id='par_1_24' title="bbox 1954 1039 3554 1112">
     <span class='ocr_line' id='line_1_24' title="bbox 1954 1039 3554 1112; baseline -0.004 -11"><span class='ocrx_word' id='word_1_161' title='bbox 1954 1046 2048 1101; x_wconf 83' lang='lat' dir='ltr'><strong>sed</strong></span> <span class='ocrx_word' id='word_1_162' title='bbox 2095 1053 2148 1101; x_wconf 90' lang='lat' dir='ltr'><strong>et</strong></span> <span class='ocrx_word' id='word_1_163' title='bbox 2191 1053 2446 1112; x_wconf 89' lang='lat' dir='ltr'><strong>terreno;</strong></span> <span class='ocrx_word' id='word_1_164' title='bbox 2510 1050 2572 1100; x_wconf 91' lang='lat' dir='ltr'><strong>ut</strong></span> <span class='ocrx_word' id='word_1_165' title='bbox 2625 1060 2737 1100; x_wconf 91' lang='lat' dir='ltr'><strong>non</strong></span> <span class='ocrx_word' id='word_1_166' title='bbox 2787 1041 3190 1100; x_wconf 86' lang='lat' dir='ltr'><strong>contristentur</strong></span> <span class='ocrx_word' id='word_1_167' title='bbox 3249 1039 3554 1110; x_wconf 82' lang='lat' dir='ltr'><strong>indigentia</strong></span> 
     </span>
    </p>
   </div>
   <div class='ocr_carea' id='block_1_25' title="bbox 1953 1127 3551 1206">
    <p class='ocr_par' dir='ltr' id='par_1_25' title="bbox 1953 1127 3551 1206">
     <span class='ocr_line' id='line_1_25' title="bbox 1953 1127 3551 1206; baseline -0.006 -15"><span class='ocrx_word' id='word_1_168' title='bbox 1953 1134 2412 1206; x_wconf 70' lang='lat' dir='ltr'><strong>sumptuum.sed</strong></span> <span class='ocrx_word' id='word_1_169' title='bbox 2435 1133 2608 1206; x_wconf 88' lang='lat' dir='ltr'><strong>magis</strong></span> <span class='ocrx_word' id='word_1_170' title='bbox 2637 1133 2908 1204; x_wconf 78' lang='lat' dir='ltr'><strong>gaudeant</strong></span> <span class='ocrx_word' id='word_1_171' title='bbox 2938 1130 3046 1186; x_wconf 88' lang='lat' dir='ltr'><strong>ﬁde</strong></span> <span class='ocrx_word' id='word_1_172' title='bbox 3074 1145 3176 1184; x_wconf 87' lang='lat' dir='ltr'><strong>sua</strong></span> <span class='ocrx_word' id='word_1_173' title='bbox 3197 1135 3251 1184; x_wconf 91' lang='lat' dir='ltr'><strong>et</strong></span> <span class='ocrx_word' id='word_1_174' title='bbox 3281 1127 3551 1184; x_wconf 81' lang='lat' dir='ltr'><strong>doctrina.</strong></span> 
     </span>
    </p>
   </div>
   <div class='ocr_carea' id='block_1_26' title="bbox 1953 1218 3558 1292">
    <p class='ocr_par' dir='ltr' id='par_1_26' title="bbox 1953 1218 3558 1292">
     <span class='ocr_line' id='line_1_26' title="bbox 1953 1218 3558 1292; baseline -0.004 -11"><span class='ocrx_word' id='word_1_175' title='bbox 1953 1227 2252 1282; x_wconf 91' lang='lat' dir='ltr'><strong>lnstantior</strong></span> <span class='ocrx_word' id='word_1_176' title='bbox 2294 1225 2442 1282; x_wconf 91' lang='lat' dir='ltr'><strong>enim</strong></span> <span class='ocrx_word' id='word_1_177' title='bbox 2491 1225 2576 1290; x_wconf 86' lang='lat' dir='ltr'><strong>ﬁt,</strong></span> <span class='ocrx_word' id='word_1_178' title='bbox 2615 1224 2662 1280; x_wconf 91' lang='lat' dir='ltr'><strong>si</strong></span> <span class='ocrx_word' id='word_1_179' title='bbox 2705 1239 2817 1280; x_wconf 89' lang='lat' dir='ltr'><strong>non</strong></span> <span class='ocrx_word' id='word_1_180' title='bbox 2859 1220 3196 1277; x_wconf 90' lang='lat' dir='ltr'><strong>humilietur</strong></span> <span class='ocrx_word' id='word_1_181' title='bbox 3242 1218 3460 1292; x_wconf 89' lang='lat' dir='ltr'><strong>inopia:</strong></span> <span class='ocrx_word' id='word_1_182' title='bbox 3505 1227 3558 1275; x_wconf 92' lang='lat' dir='ltr'><strong>et</strong></span> 
     </span>
    </p>
   </div>
   <div class='ocr_carea' id='block_1_27' title="bbox 1951 1309 3554 1381">
    <p class='ocr_par' dir='ltr' id='par_1_27' title="bbox 1951 1309 3554 1381">
     <span class='ocr_line' id='line_1_27' title="bbox 1951 1309 3554 1381; baseline -0.006 -7"><span class='ocrx_word' id='word_1_183' title='bbox 1951 1318 2148 1374; x_wconf 85' lang='lat' dir='ltr'><strong>crescit</strong></span> <span class='ocrx_word' id='word_1_184' title='bbox 2179 1317 2238 1373; x_wconf 90' lang='lat' dir='ltr'><strong>in</strong></span> <span class='ocrx_word' id='word_1_185' title='bbox 2282 1318 2382 1373; x_wconf 93' lang='lat' dir='ltr'><strong>illo</strong></span> <span class='ocrx_word' id='word_1_186' title='bbox 2420 1314 2744 1381; x_wconf 88' lang='lat' dir='ltr'><strong>auctoritas,</strong></span> <span class='ocrx_word' id='word_1_187' title='bbox 2789 1328 2916 1370; x_wconf 90' lang='lat' dir='ltr'><strong>cum</strong></span> <span class='ocrx_word' id='word_1_188' title='bbox 2951 1310 3104 1367; x_wconf 80' lang='lat' dir='ltr'><strong>videt</strong></span> <span class='ocrx_word' id='word_1_189' title='bbox 3135 1325 3192 1365; x_wconf 91' lang='lat' dir='ltr'><strong>se</strong></span> <span class='ocrx_word' id='word_1_190' title='bbox 3231 1309 3403 1365; x_wconf 88' lang='lat' dir='ltr'><strong>etiam</strong></span> <span class='ocrx_word' id='word_1_191' title='bbox 3435 1309 3554 1380; x_wconf 82' lang='lat'><strong>(57)</strong></span> 
     </span>
    </p>
   </div>
   <div class='ocr_carea' id='block_1_28' title="bbox 1953 1399 3558 1478">
    <p class='ocr_par' dir='ltr' id='par_1_28' title="bbox 1953 1399 3558 1478">
     <span class='ocr_line' id='line_1_28' title="bbox 1953 1399 3558 1478; baseline -0.003 -17"><span class='ocrx_word' id='word_1_192' title='bbox 1953 1405 2010 1462; x_wconf 91' lang='lat' dir='ltr'><strong>in</strong></span> <span class='ocrx_word' id='word_1_193' title='bbox 2042 1407 2296 1478; x_wconf 71' lang='lat' dir='ltr'><strong>praesenti</strong></span> <span class='ocrx_word' id='word_1_194' title='bbox 2347 1406 2550 1463; x_wconf 89' lang='lat' dir='ltr'><strong>laboris</strong></span> <span class='ocrx_word' id='word_1_195' title='bbox 2595 1406 2681 1461; x_wconf 90' lang='lat' dir='ltr'><strong>sui</strong></span> <span class='ocrx_word' id='word_1_196' title='bbox 2722 1405 2964 1460; x_wconf 85' lang='lat' dir='ltr'><strong>fructum</strong></span> <span class='ocrx_word' id='word_1_197' title='bbox 2995 1399 3301 1474; x_wconf 87' lang='lat' dir='ltr'><strong>percipere;</strong></span> <span class='ocrx_word' id='word_1_198' title='bbox 3337 1414 3450 1455; x_wconf 92' lang='lat' dir='ltr'><strong>non</strong></span> <span class='ocrx_word' id='word_1_199' title='bbox 3497 1408 3558 1456; x_wconf 92' lang='lat' dir='ltr'><strong>ut</strong></span> 
     </span>
    </p>
   </div>
   <div class='ocr_carea' id='block_1_29' title="bbox 1953 1492 2838 1561">
    <p class='ocr_par' dir='ltr' id='par_1_29' title="bbox 1953 1492 2838 1561">
     <span class='ocr_line' id='line_1_29' title="bbox 1953 1492 2838 1561; baseline 0.002 -14"><span class='ocrx_word' id='word_1_200' title='bbox 1953 1492 2218 1561; x_wconf 85' lang='lat' dir='ltr'><strong>abundet,</strong></span> <span class='ocrx_word' id='word_1_201' title='bbox 2242 1497 2336 1552; x_wconf 89' lang='lat' dir='ltr'><strong>sed</strong></span> <span class='ocrx_word' id='word_1_202' title='bbox 2367 1505 2427 1552; x_wconf 90' lang='lat' dir='ltr'><strong>ut</strong></span> <span class='ocrx_word' id='word_1_203' title='bbox 2451 1511 2563 1551; x_wconf 90' lang='lat' dir='ltr'><strong>non</strong></span> <span class='ocrx_word' id='word_1_204' title='bbox 2591 1493 2838 1550; x_wconf 91' lang='lat' dir='ltr'><strong>deﬁciat.</strong></span> 
     </span>
    </p>
   </div>
   <div class='ocr_carea' id='block_1_30' title="bbox 2026 1580 3558 1661">
    <p class='ocr_par' dir='ltr' id='par_1_30' title="bbox 2026 1580 3558 1661">
     <span class='ocr_line' id='line_1_30' title="bbox 2026 1580 3558 1661; baseline -0.006 -17"><span class='ocrx_word' id='word_1_205' title='bbox 2026 1587 2208 1658; x_wconf 81' lang='lat' dir='ltr'><strong>(Vers.</strong></span> <span class='ocrx_word' id='word_1_206' title='bbox 2243 1590 2356 1661; x_wconf 89' lang='grc'>18.)</span> <span class='ocrx_word' id='word_1_207' title='bbox 2411 1616 2428 1638; x_wconf 77' lang='grc' dir='ltr'>ι</span> <span class='ocrx_word' id='word_1_208' title='bbox 2459 1589 2606 1646; x_wconf 91' lang='lat' dir='ltr'><strong>Dicit</strong></span> <span class='ocrx_word' id='word_1_209' title='bbox 2652 1588 2801 1644; x_wconf 90' lang='lat' dir='ltr'><strong>enim</strong></span> <span class='ocrx_word' id='word_1_210' title='bbox 2843 1586 3161 1658; x_wconf 87' lang='lat' dir='ltr'><strong>Scriptura:</strong></span> <span class='ocrx_word' id='word_1_211' title='bbox 3201 1582 3323 1638; x_wconf 84' lang='lat' dir='ltr'><strong>Non</strong></span> <span class='ocrx_word' id='word_1_212' title='bbox 3376 1580 3558 1637; x_wconf 86' lang='lat' dir='ltr'><strong>infre-</strong></span> 
     </span>
    </p>
   </div>
   <div class='ocr_carea' id='block_1_31' title="bbox 1951 1672 3550 1748">
    <p class='ocr_par' dir='ltr' id='par_1_31' title="bbox 1951 1672 3550 1748">
     <span class='ocr_line' id='line_1_31' title="bbox 1951 1672 3550 1748; baseline -0.003 -16"><span class='ocrx_word' id='word_1_213' title='bbox 1951 1677 2110 1733; x_wconf 89' lang='lat' dir='ltr'><strong>nabis</strong></span> <span class='ocrx_word' id='word_1_214' title='bbox 2163 1678 2362 1736; x_wconf 81' lang='lat' dir='ltr'><strong>bovem</strong></span> <span class='ocrx_word' id='word_1_215' title='bbox 2419 1679 2776 1735; x_wconf 89' lang='lat' dir='ltr'><strong>triturantem</strong></span> <span class='ocrx_word' id='word_1_216' title='bbox 2847 1677 3030 1748; x_wconf 82' lang='lat' dir='ltr'><strong>(Deut.</strong></span> <span class='ocrx_word' id='word_1_217' title='bbox 3090 1691 3228 1741; x_wconf 79' lang='lat' dir='ltr'><strong>xxv,</strong></span> <span class='ocrx_word' id='word_1_218' title='bbox 3286 1672 3415 1744; x_wconf 60' lang='lat'><strong>11);»</strong></span> <span class='ocrx_word' id='word_1_219' title='bbox 3470 1678 3550 1727; x_wconf 91' lang='lat' dir='ltr'><strong>et:</strong></span> 
     </span>
    </p>
   </div>
   <div class='ocr_carea' id='block_1_32' title="bbox 1967 1761 3543 1842">
    <p class='ocr_par' dir='ltr' id='par_1_32' title="bbox 1967 1761 3543 1842">
     <span class='ocr_line' id='line_1_32' title="bbox 1967 1761 3543 1842; baseline -0.004 -19"><span class='ocrx_word' id='word_1_220' title='bbox 1967 1792 1984 1815; x_wconf 76' lang='grc' dir='ltr'>ι</span> <span class='ocrx_word' id='word_1_221' title='bbox 2013 1768 2220 1840; x_wconf 86' lang='lat' dir='ltr'><strong>Dignus</strong></span> <span class='ocrx_word' id='word_1_222' title='bbox 2266 1778 2350 1827; x_wconf 92' lang='lat' dir='ltr'><strong>est</strong></span> <span class='ocrx_word' id='word_1_223' title='bbox 2391 1768 2676 1842; x_wconf 86' lang='lat' dir='ltr'><strong>operarius</strong></span> <span class='ocrx_word' id='word_1_224' title='bbox 2703 1767 2955 1826; x_wconf 89' lang='lat' dir='ltr'><strong>mercede</strong></span> <span class='ocrx_word' id='word_1_225' title='bbox 2982 1783 3082 1822; x_wconf 93' lang='lat' dir='ltr'><strong>sua</strong></span> <span class='ocrx_word' id='word_1_226' title='bbox 3123 1765 3277 1837; x_wconf 83' lang='lat' dir='ltr'><strong>(Luc.</strong></span> <span class='ocrx_word' id='word_1_227' title='bbox 3308 1777 3368 1830; x_wconf 72' lang='grc' dir='ltr'><strong>χ,</strong></span> <span class='ocrx_word' id='word_1_228' title='bbox 3414 1761 3490 1834; x_wconf 92' lang='grc'>7).</span> <span class='ocrx_word' id='word_1_229' title='bbox 3525 1785 3543 1807; x_wconf 77' lang='grc' dir='ltr'><strong><em>ι</em></strong></span> 
     </span>
    </p>
   </div>
   <div class='ocr_carea' id='block_1_33' title="bbox 237 1849 3556 1945">
    <p class='ocr_par' dir='ltr' id='par_1_33' title="bbox 237 1849 3556 1945">
     <span class='ocr_line' id='line_1_33' title="bbox 237 1849 3556 1945; baseline -0.008 -15"><span class='ocrx_word' id='word_1_230' title='bbox 237 1872 392 1940; x_wconf 87' lang='lat' dir='ltr'><strong>bere,</strong></span> <span class='ocrx_word' id='word_1_231' title='bbox 425 1889 592 1945; x_wconf 90' lang='lat' dir='ltr'><strong>quam</strong></span> <span class='ocrx_word' id='word_1_232' title='bbox 622 1873 725 1928; x_wconf 86' lang='lat' dir='ltr'><strong>sub</strong></span> <span class='ocrx_word' id='word_1_233' title='bbox 763 1873 910 1928; x_wconf 91' lang='lat' dir='ltr'><strong>bona</strong></span> <span class='ocrx_word' id='word_1_234' title='bbox 949 1881 1005 1928; x_wconf 89' lang='lat' dir='ltr'><strong>et</strong></span> <span class='ocrx_word' id='word_1_235' title='bbox 1033 1873 1124 1944; x_wconf 90' lang='lat' dir='ltr'><strong>pia</strong></span> <span class='ocrx_word' id='word_1_236' title='bbox 1151 1871 1490 1944; x_wconf 88' lang='lat' dir='ltr'><strong>professione</strong></span> <span class='ocrx_word' id='word_1_237' title='bbox 1518 1849 1838 1926; x_wconf 72' lang='lat' dir='ltr'><strong>notabiliter</strong></span> <span class='ocrx_word' id='word_1_238' title='bbox 1877 1871 1923 1930; x_wconf 89' lang='lat' dir='ltr'><strong>B</strong></span> <span class='ocrx_word' id='word_1_239' title='bbox 1952 1857 2126 1915; x_wconf 70' lang='lat' dir='ltr'><strong>Tanta</strong></span> <span class='ocrx_word' id='word_1_240' title='bbox 2155 1875 2360 1916; x_wconf 86' lang='lat' dir='ltr'><strong>merces</strong></span> <span class='ocrx_word' id='word_1_241' title='bbox 2392 1858 2553 1916; x_wconf 86' lang='lat' dir='ltr'><strong>debet</strong></span> <span class='ocrx_word' id='word_1_242' title='bbox 2593 1873 2710 1914; x_wconf 91' lang='lat' dir='ltr'><strong>esse</strong></span> <span class='ocrx_word' id='word_1_243' title='bbox 2739 1852 3138 1945; x_wconf 84' lang='lat' dir='ltr'><strong>evangelizanti</strong></span> <span class='ocrx_word' id='word_1_244' title='bbox 3163 1867 3393 1924; x_wconf 80' lang='lat' dir='ltr'><strong>regnum</strong></span> <span class='ocrx_word' id='word_1_245' title='bbox 3433 1849 3556 1918; x_wconf 88' lang='lat' dir='ltr'><strong>Dei,</strong></span> 
     </span>
    </p>
   </div>
   <div class='ocr_carea' id='block_1_34' title="bbox 241 1957 1841 2034">
    <p class='ocr_par' dir='ltr' id='par_1_34' title="bbox 241 1957 1841 2034">
     <span class='ocr_line' id='line_1_34' title="bbox 241 1957 1841 2034; baseline -0.001 -19"><span class='ocrx_word' id='word_1_246' title='bbox 241 1961 304 2016; x_wconf 86' lang='lat' dir='ltr'><strong>in</strong></span> <span class='ocrx_word' id='word_1_247' title='bbox 330 1961 479 2015; x_wconf 88' lang='lat' dir='ltr'><strong>malo</strong></span> <span class='ocrx_word' id='word_1_248' title='bbox 506 1960 759 2017; x_wconf 89' lang='lat' dir='ltr'><strong>incedere</strong></span> <span class='ocrx_word' id='word_1_249' title='bbox 793 1960 912 2034; x_wconf 76' lang='grc'>(54)</span> <span class='ocrx_word' id='word_1_250' title='bbox 943 1979 955 2017; x_wconf 85' lang='grc'>;</span> <span class='ocrx_word' id='word_1_251' title='bbox 1005 1961 1128 2033; x_wconf 91' lang='lat' dir='ltr'><strong>plus</strong></span> <span class='ocrx_word' id='word_1_252' title='bbox 1157 1968 1339 2016; x_wconf 91' lang='lat' dir='ltr'><strong>autem</strong></span> <span class='ocrx_word' id='word_1_253' title='bbox 1367 1969 1449 2017; x_wconf 91' lang='lat' dir='ltr'><strong>est</strong></span> <span class='ocrx_word' id='word_1_254' title='bbox 1481 1975 1608 2016; x_wconf 92' lang='lat' dir='ltr'><strong>cum</strong></span> <span class='ocrx_word' id='word_1_255' title='bbox 1636 1957 1841 2031; x_wconf 90' lang='lat' dir='ltr'><strong>pudore</strong></span> 
     </span>
    </p>
   </div>
   <div class='ocr_carea' id='block_1_35' title="bbox 242 2047 1846 2122">
    <p class='ocr_par' dir='ltr' id='par_1_35' title="bbox 242 2047 1846 2122">
     <span class='ocr_line' id='line_1_35' title="bbox 242 2047 1846 2122; baseline -0.002 -19"><span class='ocrx_word' id='word_1_256' title='bbox 242 2049 504 2105; x_wconf 89' lang='lat' dir='ltr'><strong>manibus</strong></span> <span class='ocrx_word' id='word_1_257' title='bbox 550 2049 757 2106; x_wconf 89' lang='lat' dir='ltr'><strong>victum</strong></span> <span class='ocrx_word' id='word_1_258' title='bbox 808 2066 1068 2122; x_wconf 69' lang='lat' dir='ltr'><strong>quaerere,</strong></span> <span class='ocrx_word' id='word_1_259' title='bbox 1101 2066 1268 2122; x_wconf 90' lang='lat' dir='ltr'><strong>quam</strong></span> <span class='ocrx_word' id='word_1_260' title='bbox 1315 2047 1686 2105; x_wconf 88' lang='lat' dir='ltr'><strong>inverecunde</strong></span> <span class='ocrx_word' id='word_1_261' title='bbox 1719 2063 1846 2104; x_wconf 91' lang='lat' dir='ltr'><strong>cum</strong></span> 
     </span>
    </p>
   </div>
   <div class='ocr_carea' id='block_1_36' title="bbox 237 2136 1847 2213">
    <p class='ocr_par' dir='ltr' id='par_1_36' title="bbox 237 2136 1847 2213">
     <span class='ocr_line' id='line_1_36' title="bbox 237 2136 1847 2213; baseline -0.004 -17"><span class='ocrx_word' id='word_1_262' title='bbox 237 2140 360 2197; x_wconf 91' lang='lat' dir='ltr'><strong>otio</strong></span> <span class='ocrx_word' id='word_1_263' title='bbox 459 2141 641 2196; x_wconf 89' lang='lat' dir='ltr'><strong>aliena</strong></span> <span class='ocrx_word' id='word_1_264' title='bbox 739 2141 1001 2197; x_wconf 89' lang='lat' dir='ltr'><strong>utensilia</strong></span> <span class='ocrx_word' id='word_1_265' title='bbox 1101 2148 1439 2213; x_wconf 83' lang='lat' dir='ltr'><strong>exspectare.</strong></span> <span class='ocrx_word' id='word_1_266' title='bbox 1525 2138 1616 2195; x_wconf 92' lang='lat' dir='ltr'><strong>Sic</strong></span> <span class='ocrx_word' id='word_1_267' title='bbox 1697 2136 1847 2192; x_wconf 90' lang='lat' dir='ltr'><strong>enim</strong></span> 
     </span>
    </p>
   </div>
   <div class='ocr_carea' id='block_1_37' title="bbox 236 2227 1848 2303">
    <p class='ocr_par' dir='ltr' id='par_1_37' title="bbox 236 2227 1848 2303">
     <span class='ocr_line' id='line_1_37' title="bbox 236 2227 1848 2303; baseline -0.003 -18"><span class='ocrx_word' id='word_1_268' title='bbox 236 2229 461 2286; x_wconf 76' lang='lat' dir='ltr'><strong>invenit</strong></span> <span class='ocrx_word' id='word_1_269' title='bbox 516 2231 861 2287; x_wconf 88' lang='lat' dir='ltr'><strong>occasionem</strong></span> <span class='ocrx_word' id='word_1_270' title='bbox 913 2231 1139 2287; x_wconf 86' lang='lat' dir='ltr'><strong>Satanas</strong></span> <span class='ocrx_word' id='word_1_271' title='bbox 1168 2274 1183 2300; x_wconf 93' lang='lat'><strong>,</strong></span> <span class='ocrx_word' id='word_1_272' title='bbox 1241 2228 1520 2303; x_wconf 92' lang='lat' dir='ltr'><strong>quomodo</strong></span> <span class='ocrx_word' id='word_1_273' title='bbox 1557 2227 1848 2284; x_wconf 86' lang='lat' dir='ltr'><strong>subvertat</strong></span> 
     </span>
    </p>
   </div>
   <div class='ocr_carea' id='block_1_38' title="bbox 235 2318 1846 2394">
    <p class='ocr_par' dir='ltr' id='par_1_38' title="bbox 235 2318 1846 2394">
     <span class='ocr_line' id='line_1_38' title="bbox 235 2318 1846 2394; baseline 0 -20"><span class='ocrx_word' id='word_1_274' title='bbox 235 2319 456 2375; x_wconf 88' lang='lat' dir='ltr'><strong>animas</strong></span> <span class='ocrx_word' id='word_1_275' title='bbox 483 2319 844 2390; x_wconf 88' lang='lat' dir='ltr'><strong>inconsultas,</strong></span> <span class='ocrx_word' id='word_1_276' title='bbox 864 2338 991 2378; x_wconf 93' lang='lat' dir='ltr'><strong>cum</strong></span> <span class='ocrx_word' id='word_1_277' title='bbox 1009 2323 1100 2394; x_wconf 91' lang='lat' dir='ltr'><strong>pia</strong></span> <span class='ocrx_word' id='word_1_278' title='bbox 1129 2321 1448 2393; x_wconf 87' lang='lat' dir='ltr'><strong>proﬁtentes</strong></span> <span class='ocrx_word' id='word_1_279' title='bbox 1471 2318 1679 2391; x_wconf 86' lang='lat' dir='ltr'><strong>injuste</strong></span> <span class='ocrx_word' id='word_1_280' title='bbox 1713 2333 1846 2374; x_wconf 85' lang='lat' dir='ltr'><strong>ver—</strong></span> 
     </span>
    </p>
   </div>
   <div class='ocr_carea' id='block_1_39' title="bbox 235 2408 1844 2484">
    <p class='ocr_par' dir='ltr' id='par_1_39' title="bbox 235 2408 1844 2484">
     <span class='ocr_line' id='line_1_39' title="bbox 235 2408 1844 2484; baseline 0 -21"><span class='ocrx_word' id='word_1_281' title='bbox 235 2416 436 2464; x_wconf 82' lang='lat' dir='ltr'><strong>santur</strong></span> <span class='ocrx_word' id='word_1_282' title='bbox 467 2427 478 2465; x_wconf 94' lang='lat'>:</span> <span class='ocrx_word' id='word_1_283' title='bbox 512 2409 656 2466; x_wconf 85' lang='lat' dir='ltr'><strong>nihil</strong></span> <span class='ocrx_word' id='word_1_284' title='bbox 701 2411 848 2468; x_wconf 89' lang='lat' dir='ltr'><strong>enim</strong></span> <span class='ocrx_word' id='word_1_285' title='bbox 897 2418 1010 2467; x_wconf 90' lang='lat' dir='ltr'><strong>tam</strong></span> <span class='ocrx_word' id='word_1_286' title='bbox 1061 2411 1427 2484; x_wconf 89' lang='lat' dir='ltr'><strong>periculosum</strong></span> <span class='ocrx_word' id='word_1_287' title='bbox 1471 2417 1554 2466; x_wconf 89' lang='lat' dir='ltr'><strong>est</strong></span> <span class='ocrx_word' id='word_1_288' title='bbox 1594 2425 1756 2482; x_wconf 90' lang='lat' dir='ltr'><strong>quam</strong></span> <span class='ocrx_word' id='word_1_289' title='bbox 1795 2408 1844 2464; x_wconf 91' lang='lat' dir='ltr'><strong>si</strong></span> 
     </span>
    </p>
   </div>
   <div class='ocr_carea' id='block_1_40' title="bbox 241 2497 1842 2572">
    <p class='ocr_par' dir='ltr' id='par_1_40' title="bbox 241 2497 1842 2572">
     <span class='ocr_line' id='line_1_40' title="bbox 241 2497 1842 2572; baseline -0.001 -20"><span class='ocrx_word' id='word_1_290' title='bbox 241 2497 582 2570; x_wconf 81' lang='lat' dir='ltr'><strong>professioni</strong></span> <span class='ocrx_word' id='word_1_291' title='bbox 619 2507 768 2571; x_wconf 89' lang='lat' dir='ltr'><strong>gesta</strong></span> <span class='ocrx_word' id='word_1_292' title='bbox 797 2507 1121 2572; x_wconf 82' lang='lat' dir='ltr'><strong>repugnent.</strong></span> <span class='ocrx_word' id='word_1_293' title='bbox 1154 2501 1420 2571; x_wconf 84' lang='lat' dir='ltr'><strong>Apertum</strong></span> <span class='ocrx_word' id='word_1_294' title='bbox 1459 2497 1606 2554; x_wconf 88' lang='lat' dir='ltr'><strong>enim</strong></span> <span class='ocrx_word' id='word_1_295' title='bbox 1637 2497 1842 2552; x_wconf 90' lang='lat' dir='ltr'><strong>malum</strong></span> 
     </span>
    </p>
   </div>
   <div class='ocr_carea' id='block_1_41' title="bbox 236 2586 1842 2660">
    <p class='ocr_par' dir='ltr' id='par_1_41' title="bbox 236 2586 1842 2660">
     <span class='ocr_line' id='line_1_41' title="bbox 236 2586 1842 2660; baseline -0.002 -18"><span class='ocrx_word' id='word_1_296' title='bbox 236 2601 357 2642; x_wconf 89' lang='lat' dir='ltr'><strong>non</strong></span> <span class='ocrx_word' id='word_1_297' title='bbox 406 2587 616 2642; x_wconf 87' lang='lat' dir='ltr'><strong>zelatur</strong></span> <span class='ocrx_word' id='word_1_298' title='bbox 661 2586 908 2657; x_wconf 88' lang='lat' dir='ltr'><strong>Satanas,</strong></span> <span class='ocrx_word' id='word_1_299' title='bbox 955 2588 1085 2660; x_wconf 90' lang='lat' dir='ltr'><strong>quia</strong></span> <span class='ocrx_word' id='word_1_300' title='bbox 1131 2587 1328 2659; x_wconf 81' lang='lat' dir='ltr'><strong>gaudet</strong></span> <span class='ocrx_word' id='word_1_301' title='bbox 1385 2587 1446 2642; x_wconf 89' lang='lat' dir='ltr'><strong>in</strong></span> <span class='ocrx_word' id='word_1_302' title='bbox 1501 2587 1598 2642; x_wconf 92' lang='lat' dir='ltr'><strong>illo</strong></span> <span class='ocrx_word' id='word_1_303' title='bbox 1631 2605 1644 2642; x_wconf 87' lang='lat'><strong>:</strong></span> <span class='ocrx_word' id='word_1_304' title='bbox 1672 2586 1842 2642; x_wconf 91' lang='lat' dir='ltr'><strong>istum</strong></span> 
     </span>
    </p>
   </div>
   <div class='ocr_carea' id='block_1_42' title="bbox 238 2675 1842 2749">
    <p class='ocr_par' dir='ltr' id='par_1_42' title="bbox 238 2675 1842 2749">
     <span class='ocr_line' id='line_1_42' title="bbox 238 2675 1842 2749; baseline 0.001 -20"><span class='ocrx_word' id='word_1_305' title='bbox 238 2690 378 2730; x_wconf 84' lang='lat' dir='ltr'><strong>vero</strong></span> <span class='ocrx_word' id='word_1_306' title='bbox 409 2675 528 2746; x_wconf 83' lang='grc'>(55)</span> <span class='ocrx_word' id='word_1_307' title='bbox 559 2691 721 2749; x_wconf 90' lang='lat' dir='ltr'><strong>quem</strong></span> <span class='ocrx_word' id='word_1_308' title='bbox 751 2675 904 2733; x_wconf 83' lang='lat' dir='ltr'><strong>videt</strong></span> <span class='ocrx_word' id='word_1_309' title='bbox 933 2676 1140 2745; x_wconf 86' lang='lat' dir='ltr'><strong>fallere,</strong></span> <span class='ocrx_word' id='word_1_310' title='bbox 1173 2677 1231 2732; x_wconf 91' lang='lat' dir='ltr'><strong>id</strong></span> <span class='ocrx_word' id='word_1_311' title='bbox 1268 2676 1402 2749; x_wconf 89' lang='lat' dir='ltr'><strong>agit,</strong></span> <span class='ocrx_word' id='word_1_312' title='bbox 1434 2683 1497 2732; x_wconf 91' lang='lat' dir='ltr'><strong>ut</strong></span> <span class='ocrx_word' id='word_1_313' title='bbox 1526 2676 1842 2733; x_wconf 75' lang='lat' dir='ltr'><strong>manifestat</strong></span> 
     </span>
    </p>
   </div>
   <div class='ocr_carea' id='block_1_43' title="bbox 238 2765 1841 2841">
    <p class='ocr_par' dir='ltr' id='par_1_43' title="bbox 238 2765 1841 2841">
     <span class='ocr_line' id='line_1_43' title="bbox 238 2765 1841 2841; baseline 0.001 -22"><span class='ocrx_word' id='word_1_314' title='bbox 238 2765 407 2820; x_wconf 90' lang='lat' dir='ltr'><strong>illum</strong></span> <span class='ocrx_word' id='word_1_315' title='bbox 436 2780 605 2822; x_wconf 90' lang='lat' dir='ltr'><strong>suum</strong></span> <span class='ocrx_word' id='word_1_316' title='bbox 633 2767 812 2824; x_wconf 90' lang='lat' dir='ltr'><strong>ﬁlium</strong></span> <span class='ocrx_word' id='word_1_317' title='bbox 842 2783 978 2836; x_wconf 88' lang='lat' dir='ltr'><strong>esse,</strong></span> <span class='ocrx_word' id='word_1_318' title='bbox 1010 2783 1123 2823; x_wconf 92' lang='lat' dir='ltr'><strong>non</strong></span> <span class='ocrx_word' id='word_1_319' title='bbox 1152 2768 1270 2835; x_wconf 92' lang='lat' dir='ltr'><strong>Dei,</strong></span> <span class='ocrx_word' id='word_1_320' title='bbox 1304 2766 1453 2841; x_wconf 90' lang='lat' dir='ltr'><strong>quod</strong></span> <span class='ocrx_word' id='word_1_321' title='bbox 1481 2766 1688 2824; x_wconf 88' lang='lat' dir='ltr'><strong>factum</strong></span> <span class='ocrx_word' id='word_1_322' title='bbox 1728 2781 1841 2821; x_wconf 90' lang='lat' dir='ltr'><strong>non</strong></span> 
     </span>
    </p>
   </div>
   <div class='ocr_carea' id='block_1_44' title="bbox 239 2853 663 2926">
    <p class='ocr_par' dir='ltr' id='par_1_44' title="bbox 239 2853 663 2926">
     <span class='ocr_line' id='line_1_44' title="bbox 239 2853 663 2926; baseline 0.002 -16"><span class='ocrx_word' id='word_1_323' title='bbox 239 2853 502 2926; x_wconf 89' lang='lat' dir='ltr'><strong>displicet</strong></span> <span class='ocrx_word' id='word_1_324' title='bbox 531 2857 663 2912; x_wconf 93' lang='lat' dir='ltr'><strong>Deo.</strong></span> 
     </span>
    </p>
   </div>
   <div class='ocr_carea' id='block_1_45' title="bbox 318 2956 1845 3036">
    <p class='ocr_par' dir='ltr' id='par_1_45' title="bbox 318 2956 1845 3036">
     <span class='ocr_line' id='line_1_45' title="bbox 318 2956 1845 3036; baseline -0.006 -18"><span class='ocrx_word' id='word_1_325' title='bbox 318 2959 499 3031; x_wconf 81' lang='lat' dir='ltr'><strong>(Vera.</strong></span> <span class='ocrx_word' id='word_1_326' title='bbox 549 2962 662 3033; x_wconf 87' lang='grc'>16.)</span> <span class='ocrx_word' id='word_1_327' title='bbox 708 2986 727 3010; x_wconf 77' lang='grc' dir='ltr'>ι</span> <span class='ocrx_word' id='word_1_328' title='bbox 769 2962 827 3019; x_wconf 93' lang='lat' dir='ltr'><strong>Si</strong></span> <span class='ocrx_word' id='word_1_329' title='bbox 867 2963 992 3036; x_wconf 89' lang='lat' dir='ltr'><strong>quis</strong></span> <span class='ocrx_word' id='word_1_330' title='bbox 1033 2962 1234 3028; x_wconf 88' lang='lat' dir='ltr'><strong>ﬁdelis,</strong></span> <span class='ocrx_word' id='word_1_331' title='bbox 1279 2961 1369 3015; x_wconf 91' lang='lat' dir='ltr'><strong>vel</strong></span> <span class='ocrx_word' id='word_1_332' title='bbox 1417 2960 1463 3014; x_wconf 92' lang='lat' dir='ltr'><strong>si</strong></span> <span class='ocrx_word' id='word_1_333' title='bbox 1511 2975 1618 3031; x_wconf 88' lang='lat' dir='ltr'><strong>qua</strong></span> <span class='ocrx_word' id='word_1_334' title='bbox 1663 2956 1845 3012; x_wconf 89' lang='lat' dir='ltr'><strong>ﬁdelis</strong></span> 
     </span>
    </p>
   </div>
   <div class='ocr_carea' id='block_1_46' title="bbox 239 3046 1843 3118">
    <p class='ocr_par' dir='ltr' id='par_1_46' title="bbox 239 3046 1843 3118">
     <span class='ocr_line' id='line_1_46' title="bbox 239 3046 1843 3118; baseline -0.002 -15"><span class='ocrx_word' id='word_1_335' title='bbox 239 3046 409 3103; x_wconf 83' lang='lat' dir='ltr'><strong>habet</strong></span> <span class='ocrx_word' id='word_1_336' title='bbox 466 3049 698 3118; x_wconf 88' lang='lat' dir='ltr'><strong>viduas,</strong></span> <span class='ocrx_word' id='word_1_337' title='bbox 742 3051 1078 3106; x_wconf 74' lang='lat' dir='ltr'><strong>sufﬁcienter</strong></span> <span class='ocrx_word' id='word_1_338' title='bbox 1133 3047 1517 3104; x_wconf 90' lang='lat' dir='ltr'><strong>subministret</strong></span> <span class='ocrx_word' id='word_1_339' title='bbox 1578 3046 1712 3113; x_wconf 90' lang='lat' dir='ltr'><strong>illis,</strong></span> <span class='ocrx_word' id='word_1_340' title='bbox 1781 3053 1843 3100; x_wconf 91' lang='lat' dir='ltr'><strong>ut</strong></span> 
     </span>
    </p>
   </div>
   <div class='ocr_carea' id='block_1_47' title="bbox 239 3133 1841 3210">
    <p class='ocr_par' dir='ltr' id='par_1_47' title="bbox 239 3133 1841 3210">
     <span class='ocr_line' id='line_1_47' title="bbox 239 3133 1841 3210; baseline -0.001 -18"><span class='ocrx_word' id='word_1_341' title='bbox 239 3153 435 3193; x_wconf 91' lang='lat' dir='ltr'><strong>eorum</strong></span> <span class='ocrx_word' id='word_1_342' title='bbox 490 3139 770 3195; x_wconf 88' lang='lat' dir='ltr'><strong>alimoniis</strong></span> <span class='ocrx_word' id='word_1_343' title='bbox 800 3155 912 3193; x_wconf 90' lang='lat' dir='ltr'><strong>non</strong></span> <span class='ocrx_word' id='word_1_344' title='bbox 960 3145 1217 3210; x_wconf 84' lang='lat' dir='ltr'><strong>gravetur</strong></span> <span class='ocrx_word' id='word_1_345' title='bbox 1268 3135 1534 3203; x_wconf 90' lang='lat' dir='ltr'><strong>Ecclesia,</strong></span> <span class='ocrx_word' id='word_1_346' title='bbox 1589 3143 1652 3191; x_wconf 93' lang='lat' dir='ltr'><strong>ut</strong></span> <span class='ocrx_word' id='word_1_347' title='bbox 1697 3133 1841 3191; x_wconf 90' lang='lat' dir='ltr'><strong>veris</strong></span> 
     </span>
    </p>
   </div>
   <div class='ocr_carea' id='block_1_48' title="bbox 241 3223 1915 3296">
    <p class='ocr_par' dir='ltr' id='par_1_48' title="bbox 241 3223 1915 3296">
     <span class='ocr_line' id='line_1_48' title="bbox 241 3223 1915 3296; baseline -0.001 -16"><span class='ocrx_word' id='word_1_348' title='bbox 241 3224 432 3281; x_wconf 81' lang='lat' dir='ltr'><strong>viduis</strong></span> <span class='ocrx_word' id='word_1_349' title='bbox 461 3226 717 3282; x_wconf 85' lang='lat' dir='ltr'><strong>suﬁiciat.</strong></span> <span class='ocrx_word' id='word_1_350' title='bbox 743 3252 761 3273; x_wconf 73' lang='grc' dir='ltr'><strong><em>ι</em></strong></span> <span class='ocrx_word' id='word_1_351' title='bbox 793 3225 940 3293; x_wconf 88' lang='lat' dir='ltr'><strong>Quid</strong></span> <span class='ocrx_word' id='word_1_352' title='bbox 969 3226 1171 3280; x_wconf 90' lang='lat' dir='ltr'><strong>mirum</strong></span> <span class='ocrx_word' id='word_1_353' title='bbox 1202 3224 1247 3280; x_wconf 91' lang='lat' dir='ltr'><strong>si</strong></span> <span class='ocrx_word' id='word_1_354' title='bbox 1277 3223 1575 3296; x_wconf 87' lang='lat' dir='ltr'><strong>apostolica</strong></span> <span class='ocrx_word' id='word_1_355' title='bbox 1603 3231 1841 3295; x_wconf 86' lang='lat' dir='ltr'><strong>potestas</strong></span> <span class='ocrx_word' id='word_1_356' title='bbox 1871 3227 1915 3287; x_wconf 77' lang='grc' dir='ltr'><strong>Ο</strong></span> 
     </span>
    </p>
   </div>
   <div class='ocr_carea' id='block_1_49' title="bbox 241 3312 1846 3387">
    <p class='ocr_par' dir='ltr' id='par_1_49' title="bbox 241 3312 1846 3387">
     <span class='ocr_line' id='line_1_49' title="bbox 241 3312 1846 3387; baseline 0 -20"><span class='ocrx_word' id='word_1_357' title='bbox 241 3312 437 3370; x_wconf 84' lang='lat' dir='ltr'><strong>futura</strong></span> <span class='ocrx_word' id='word_1_358' title='bbox 464 3313 646 3384; x_wconf 88' lang='lat' dir='ltr'><strong>potuit</strong></span> <span class='ocrx_word' id='word_1_359' title='bbox 676 3315 976 3386; x_wconf 73' lang='lat' dir='ltr'><strong>praevidere</strong></span> <span class='ocrx_word' id='word_1_360' title='bbox 996 3314 1026 3371; x_wconf 81' lang='lat'><strong>?</strong></span> <span class='ocrx_word' id='word_1_361' title='bbox 1053 3315 1188 3370; x_wconf 90' lang='lat' dir='ltr'><strong>Nam</strong></span> <span class='ocrx_word' id='word_1_362' title='bbox 1236 3322 1458 3386; x_wconf 89' lang='lat' dir='ltr'><strong>apparet</strong></span> <span class='ocrx_word' id='word_1_363' title='bbox 1503 3312 1650 3387; x_wconf 92' lang='lat' dir='ltr'><strong>quod</strong></span> <span class='ocrx_word' id='word_1_364' title='bbox 1679 3312 1846 3379; x_wconf 82' lang='lat' dir='ltr'><strong>dixit,</strong></span> 
     </span>
    </p>
   </div>
   <div class='ocr_carea' id='block_1_50' title="bbox 244 3400 1850 3474">
    <p class='ocr_par' dir='ltr' id='par_1_50' title="bbox 244 3400 1850 3474">
     <span class='ocr_line' id='line_1_50' title="bbox 244 3400 1850 3474; baseline 0.002 -19"><span class='ocrx_word' id='word_1_365' title='bbox 244 3402 380 3472; x_wconf 89' lang='lat' dir='ltr'><strong>quia</strong></span> <span class='ocrx_word' id='word_1_366' title='bbox 406 3400 657 3458; x_wconf 85' lang='lat' dir='ltr'><strong>ﬁdelium</strong></span> <span class='ocrx_word' id='word_1_367' title='bbox 702 3403 883 3460; x_wconf 80' lang='lat' dir='ltr'><strong>viduae</strong></span> <span class='ocrx_word' id='word_1_368' title='bbox 913 3420 1062 3460; x_wconf 91' lang='lat' dir='ltr'><strong>nunc</strong></span> <span class='ocrx_word' id='word_1_369' title='bbox 1101 3404 1338 3460; x_wconf 90' lang='lat' dir='ltr'><strong>multum</strong></span> <span class='ocrx_word' id='word_1_370' title='bbox 1385 3409 1615 3474; x_wconf 85' lang='lat' dir='ltr'><strong>gravant</strong></span> <span class='ocrx_word' id='word_1_371' title='bbox 1641 3402 1850 3458; x_wconf 82' lang='lat' dir='ltr'><strong>Eccle-</strong></span> 
     </span>
    </p>
   </div>
   <div class='ocr_carea' id='block_1_51' title="bbox 243 3489 1842 3566">
    <p class='ocr_par' dir='ltr' id='par_1_51' title="bbox 243 3489 1842 3566">
     <span class='ocr_line' id='line_1_51' title="bbox 243 3489 1842 3566; baseline -0.001 -22"><span class='ocrx_word' id='word_1_372' title='bbox 243 3491 407 3557; x_wconf 88' lang='lat' dir='ltr'><strong>siam,</strong></span> <span class='ocrx_word' id='word_1_373' title='bbox 461 3495 524 3546; x_wconf 86' lang='lat' dir='ltr'><strong>et’</strong></span> <span class='ocrx_word' id='word_1_374' title='bbox 566 3508 752 3547; x_wconf 91' lang='lat' dir='ltr'><strong>eorum</strong></span> <span class='ocrx_word' id='word_1_375' title='bbox 804 3493 899 3566; x_wconf 93' lang='lat' dir='ltr'><strong>qui</strong></span> <span class='ocrx_word' id='word_1_376' title='bbox 953 3494 1249 3565; x_wconf 89' lang='lat' dir='ltr'><strong>locupletes</strong></span> <span class='ocrx_word' id='word_1_377' title='bbox 1294 3492 1554 3549; x_wconf 87' lang='lat' dir='ltr'><strong>videntur</strong></span> <span class='ocrx_word' id='word_1_378' title='bbox 1601 3489 1842 3546; x_wconf 88' lang='lat' dir='ltr'><strong>mundi:</strong></span> 
     </span>
    </p>
   </div>
   <div class='ocr_carea' id='block_1_52' title="bbox 241 3581 1850 3655">
    <p class='ocr_par' dir='ltr' id='par_1_52' title="bbox 241 3581 1850 3655">
     <span class='ocr_line' id='line_1_52' title="bbox 241 3581 1850 3655; baseline -0.001 -18"><span class='ocrx_word' id='word_1_379' title='bbox 241 3582 375 3655; x_wconf 89' lang='lat' dir='ltr'><strong>quia</strong></span> <span class='ocrx_word' id='word_1_380' title='bbox 416 3598 518 3654; x_wconf 92' lang='lat' dir='ltr'><strong>per</strong></span> <span class='ocrx_word' id='word_1_381' title='bbox 542 3584 840 3640; x_wconf 88' lang='lat' dir='ltr'><strong>senectutis</strong></span> <span class='ocrx_word' id='word_1_382' title='bbox 868 3589 1085 3641; x_wconf 85' lang='lat' dir='ltr'><strong>causam</strong></span> <span class='ocrx_word' id='word_1_383' title='bbox 1118 3583 1439 3640; x_wconf 90' lang='lat' dir='ltr'><strong>desistentes</strong></span> <span class='ocrx_word' id='word_1_384' title='bbox 1476 3599 1566 3638; x_wconf 91' lang='lat' dir='ltr'><strong>eas</strong></span> <span class='ocrx_word' id='word_1_385' title='bbox 1591 3581 1661 3638; x_wconf 88' lang='lat' dir='ltr'><strong>ab</strong></span> <span class='ocrx_word' id='word_1_386' title='bbox 1687 3597 1850 3652; x_wconf 86' lang='lat' dir='ltr'><strong>opere</strong></span> 
     </span>
    </p>
   </div>
   <div class='ocr_carea' id='block_1_53' title="bbox 241 3670 1841 3741">
    <p class='ocr_par' dir='ltr' id='par_1_53' title="bbox 241 3670 1841 3741">
     <span class='ocr_line' id='line_1_53' title="bbox 241 3670 1841 3741; baseline -0.003 -13"><span class='ocrx_word' id='word_1_387' title='bbox 241 3671 502 3741; x_wconf 87' lang='lat' dir='ltr'><strong>laniﬁcii,</strong></span> <span class='ocrx_word' id='word_1_388' title='bbox 547 3673 833 3729; x_wconf 87' lang='lat' dir='ltr'><strong>retrahunt</strong></span> <span class='ocrx_word' id='word_1_389' title='bbox 876 3673 956 3730; x_wconf 90' lang='lat' dir='ltr'><strong>eis</strong></span> <span class='ocrx_word' id='word_1_390' title='bbox 1003 3681 1057 3730; x_wconf 90' lang='lat' dir='ltr'><strong>et</strong></span> <span class='ocrx_word' id='word_1_391' title='bbox 1098 3673 1495 3730; x_wconf 87' lang='lat' dir='ltr'><strong>vestimentum</strong></span> <span class='ocrx_word' id='word_1_392' title='bbox 1526 3679 1579 3728; x_wconf 90' lang='lat' dir='ltr'><strong>et</strong></span> <span class='ocrx_word' id='word_1_393' title='bbox 1608 3670 1841 3738; x_wconf 87' lang='lat' dir='ltr'><strong>victum,</strong></span> 
     </span>
    </p>
   </div>
   <div class='ocr_carea' id='block_1_54' title="bbox 249 3760 1852 3836">
    <p class='ocr_par' dir='ltr' id='par_1_54' title="bbox 249 3760 1852 3836">
     <span class='ocr_line' id='line_1_54' title="bbox 249 3760 1852 3836; baseline -0.001 -20"><span class='ocrx_word' id='word_1_394' title='bbox 249 3778 365 3817; x_wconf 90' lang='lat' dir='ltr'><strong>non</strong></span> <span class='ocrx_word' id='word_1_395' title='bbox 395 3769 574 3818; x_wconf 89' lang='lat' dir='ltr'><strong>totum</strong></span> <span class='ocrx_word' id='word_1_396' title='bbox 601 3771 805 3831; x_wconf 90' lang='lat' dir='ltr'><strong>tamen,</strong></span> <span class='ocrx_word' id='word_1_397' title='bbox 844 3764 938 3820; x_wconf 89' lang='lat' dir='ltr'><strong>sed</strong></span> <span class='ocrx_word' id='word_1_398' title='bbox 966 3780 1035 3821; x_wconf 88' lang='lat' dir='ltr'><strong>ex</strong></span> <span class='ocrx_word' id='word_1_399' title='bbox 1066 3771 1217 3836; x_wconf 89' lang='lat' dir='ltr'><strong>parte</strong></span> <span class='ocrx_word' id='word_1_400' title='bbox 1251 3781 1263 3820; x_wconf 91' lang='lat'><strong>:</strong></span> <span class='ocrx_word' id='word_1_401' title='bbox 1297 3771 1358 3820; x_wconf 90' lang='lat' dir='ltr'><strong>ut</strong></span> <span class='ocrx_word' id='word_1_402' title='bbox 1388 3763 1499 3818; x_wconf 77' lang='lat' dir='ltr'><strong>illae</strong></span> <span class='ocrx_word' id='word_1_403' title='bbox 1525 3763 1640 3834; x_wconf 91' lang='lat' dir='ltr'><strong>ipsa</strong></span> <span class='ocrx_word' id='word_1_404' title='bbox 1662 3760 1852 3832; x_wconf 89' lang='lat' dir='ltr'><strong>inopia</strong></span> 
     </span>
    </p>
   </div>
   <div class='ocr_carea' id='block_1_55' title="bbox 248 3851 1851 3924">
    <p class='ocr_par' dir='ltr' id='par_1_55' title="bbox 248 3851 1851 3924">
     <span class='ocr_line' id='line_1_55' title="bbox 248 3851 1851 3924; baseline -0.001 -18"><span class='ocrx_word' id='word_1_405' title='bbox 248 3851 318 3906; x_wconf 89' lang='lat' dir='ltr'><strong>ad</strong></span> <span class='ocrx_word' id='word_1_406' title='bbox 347 3852 653 3908; x_wconf 89' lang='lat' dir='ltr'><strong>Ecclesiam</strong></span> <span class='ocrx_word' id='word_1_407' title='bbox 683 3861 1098 3922; x_wconf 85' lang='lat' dir='ltr'><strong>convertantur,</strong></span> <span class='ocrx_word' id='word_1_408' title='bbox 1129 3860 1193 3909; x_wconf 90' lang='lat' dir='ltr'><strong>ut</strong></span> <span class='ocrx_word' id='word_1_409' title='bbox 1236 3852 1432 3908; x_wconf 87' lang='lat' dir='ltr'><strong>vivant</strong></span> <span class='ocrx_word' id='word_1_410' title='bbox 1463 3869 1474 3908; x_wconf 91' lang='lat'>:</span> <span class='ocrx_word' id='word_1_411' title='bbox 1509 3867 1648 3924; x_wconf 88' lang='lat' dir='ltr'><strong>quos</strong></span> <span class='ocrx_word' id='word_1_412' title='bbox 1674 3867 1851 3922; x_wconf 89' lang='lat' dir='ltr'><strong>opor-</strong></span> 
     </span>
    </p>
   </div>
   <div class='ocr_carea' id='block_1_56' title="bbox 251 3940 1849 4017">
    <p class='ocr_par' dir='ltr' id='par_1_56' title="bbox 251 3940 1849 4017">
     <span class='ocr_line' id='line_1_56' title="bbox 251 3940 1849 4017; baseline -0.001 -21"><span class='ocrx_word' id='word_1_413' title='bbox 251 3940 401 3997; x_wconf 84' lang='lat' dir='ltr'><strong>tebat</strong></span> <span class='ocrx_word' id='word_1_414' title='bbox 446 3959 558 3998; x_wconf 92' lang='lat' dir='ltr'><strong>non</strong></span> <span class='ocrx_word' id='word_1_415' title='bbox 605 3943 782 3999; x_wconf 89' lang='lat' dir='ltr'><strong>solum</strong></span> <span class='ocrx_word' id='word_1_416' title='bbox 824 3944 940 4000; x_wconf 89' lang='lat' dir='ltr'><strong>suis</strong></span> <span class='ocrx_word' id='word_1_417' title='bbox 995 3943 1374 4017; x_wconf 86' lang='lat' dir='ltr'><strong>indigentibus</strong></span> <span class='ocrx_word' id='word_1_418' title='bbox 1416 3941 1626 4012; x_wconf 88' lang='lat' dir='ltr'><strong>largiri,</strong></span> <span class='ocrx_word' id='word_1_419' title='bbox 1654 3957 1849 3997; x_wconf 88' lang='lat' dir='ltr'><strong>verum</strong></span> 
     </span>
    </p>
   </div>
   <div class='ocr_carea' id='block_1_57' title="bbox 246 4029 1852 4106">
    <p class='ocr_par' dir='ltr' id='par_1_57' title="bbox 246 4029 1852 4106">
     <span class='ocr_line' id='line_1_57' title="bbox 246 4029 1852 4106; baseline -0.001 -20"><span class='ocrx_word' id='word_1_420' title='bbox 246 4029 411 4086; x_wconf 87' lang='lat' dir='ltr'><strong>etiam</strong></span> <span class='ocrx_word' id='word_1_421' title='bbox 445 4031 582 4088; x_wconf 89' lang='lat' dir='ltr'><strong>alias</strong></span> <span class='ocrx_word' id='word_1_422' title='bbox 607 4033 798 4106; x_wconf 82' lang='lat' dir='ltr'><strong>inapes</strong></span> <span class='ocrx_word' id='word_1_423' title='bbox 827 4049 1045 4106; x_wconf 89' lang='lat' dir='ltr'><strong>pascere</strong></span> <span class='ocrx_word' id='word_1_424' title='bbox 1071 4041 1125 4090; x_wconf 90' lang='lat' dir='ltr'><strong>et</strong></span> <span class='ocrx_word' id='word_1_425' title='bbox 1158 4040 1464 4105; x_wconf 87' lang='lat' dir='ltr'><strong>contegere.</strong></span> <span class='ocrx_word' id='word_1_426' title='bbox 1499 4030 1658 4099; x_wconf 90' lang='lat' dir='ltr'><strong>Quod</strong></span> <span class='ocrx_word' id='word_1_427' title='bbox 1696 4031 1852 4086; x_wconf 91' lang='lat' dir='ltr'><strong>mul-</strong></span> 
     </span>
    </p>
   </div>
   <div class='ocr_carea' id='block_1_58' title="bbox 245 4120 1847 4191">
    <p class='ocr_par' dir='ltr' id='par_1_58' title="bbox 245 4120 1847 4191">
     <span class='ocr_line' id='line_1_58' title="bbox 245 4120 1847 4191; baseline 0.001 -17"><span class='ocrx_word' id='word_1_428' title='bbox 245 4126 366 4175; x_wconf 91' lang='lat' dir='ltr'><strong>tum</strong></span> <span class='ocrx_word' id='word_1_429' title='bbox 395 4120 585 4189; x_wconf 89' lang='lat' dir='ltr'><strong>obest;</strong></span> <span class='ocrx_word' id='word_1_430' title='bbox 619 4139 746 4180; x_wconf 92' lang='lat' dir='ltr'><strong>cum</strong></span> <span class='ocrx_word' id='word_1_431' title='bbox 777 4123 925 4178; x_wconf 89' lang='lat' dir='ltr'><strong>enim</strong></span> <span class='ocrx_word' id='word_1_432' title='bbox 958 4122 1046 4178; x_wconf 89' lang='lat' dir='ltr'><strong>his</strong></span> <span class='ocrx_word' id='word_1_433' title='bbox 1075 4123 1257 4191; x_wconf 88' lang='lat' dir='ltr'><strong>datur,</strong></span> <span class='ocrx_word' id='word_1_434' title='bbox 1281 4120 1494 4180; x_wconf 73' lang='lat' dir='ltr'><strong>caeteris</strong></span> <span class='ocrx_word' id='word_1_435' title='bbox 1513 4128 1609 4177; x_wconf 88' lang='lat' dir='ltr'><strong>aut</strong></span> <span class='ocrx_word' id='word_1_436' title='bbox 1643 4120 1847 4188; x_wconf 89' lang='lat' dir='ltr'><strong>minus,</strong></span> 
     </span>
    </p>
   </div>
   <div class='ocr_carea' id='block_1_59' title="bbox 246 4209 1850 4284">
    <p class='ocr_par' dir='ltr' id='par_1_59' title="bbox 246 4209 1850 4284">
     <span class='ocr_line' id='line_1_59' title="bbox 246 4209 1850 4284; baseline 0.001 -21"><span class='ocrx_word' id='word_1_437' title='bbox 246 4216 343 4264; x_wconf 90' lang='lat' dir='ltr'><strong>aut</strong></span> <span class='ocrx_word' id='word_1_438' title='bbox 392 4225 504 4265; x_wconf 91' lang='lat' dir='ltr'><strong>non</strong></span> <span class='ocrx_word' id='word_1_439' title='bbox 552 4209 737 4280; x_wconf 88' lang='lat' dir='ltr'><strong>datur,</strong></span> <span class='ocrx_word' id='word_1_440' title='bbox 778 4210 980 4284; x_wconf 89' lang='lat' dir='ltr'><strong>quibus</strong></span> <span class='ocrx_word' id='word_1_441' title='bbox 1037 4212 1209 4283; x_wconf 89' lang='lat' dir='ltr'><strong>magis</strong></span> <span class='ocrx_word' id='word_1_442' title='bbox 1266 4209 1512 4266; x_wconf 91' lang='lat' dir='ltr'><strong>dandum</strong></span> <span class='ocrx_word' id='word_1_443' title='bbox 1567 4219 1671 4278; x_wconf 91' lang='lat' dir='ltr'><strong>est,</strong></span> <span class='ocrx_word' id='word_1_444' title='bbox 1730 4225 1850 4282; x_wconf 76' lang='lat' dir='ltr'><strong>quae</strong></span> 
     </span>
    </p>
   </div>
   <div class='ocr_carea' id='block_1_60' title="bbox 246 4297 1852 4372">
    <p class='ocr_par' dir='ltr' id='par_1_60' title="bbox 246 4297 1852 4372">
     <span class='ocr_line' id='line_1_60' title="bbox 246 4297 1852 4372; baseline -0.001 -18"><span class='ocrx_word' id='word_1_445' title='bbox 246 4297 429 4370; x_wconf 86' lang='lat' dir='ltr'><strong>dignae</strong></span> <span class='ocrx_word' id='word_1_446' title='bbox 467 4308 598 4358; x_wconf 89' lang='lat' dir='ltr'><strong>sunt</strong></span> <span class='ocrx_word' id='word_1_447' title='bbox 629 4300 896 4358; x_wconf 67' lang='lat' dir='ltr'><strong>Ecclesia:</strong></span> <span class='ocrx_word' id='word_1_448' title='bbox 926 4301 1242 4372; x_wconf 89' lang='lat' dir='ltr'><strong>sumptibus</strong></span> <span class='ocrx_word' id='word_1_449' title='bbox 1270 4297 1596 4355; x_wconf 87' lang='lat' dir='ltr'><strong>ministrari.</strong></span> <span class='ocrx_word' id='word_1_450' title='bbox 1625 4297 1716 4354; x_wconf 91' lang='lat' dir='ltr'><strong>Sic</strong></span> <span class='ocrx_word' id='word_1_451' title='bbox 1745 4313 1852 4353; x_wconf 91' lang='lat' dir='ltr'><strong>au-</strong></span> 
     </span>
    </p>
   </div>
   <div class='ocr_carea' id='block_1_61' title="bbox 248 4388 1852 4461">
    <p class='ocr_par' dir='ltr' id='par_1_61' title="bbox 248 4388 1852 4461">
     <span class='ocr_line' id='line_1_61' title="bbox 248 4388 1852 4461; baseline -0.001 -17"><span class='ocrx_word' id='word_1_452' title='bbox 248 4395 358 4444; x_wconf 81' lang='lat' dir='ltr'><strong>tem</strong></span> <span class='ocrx_word' id='word_1_453' title='bbox 417 4399 694 4461; x_wconf 86' lang='lat' dir='ltr'><strong>gravatur,</strong></span> <span class='ocrx_word' id='word_1_454' title='bbox 754 4406 882 4445; x_wconf 89' lang='lat' dir='ltr'><strong>cum</strong></span> <span class='ocrx_word' id='word_1_455' title='bbox 946 4388 1164 4461; x_wconf 90' lang='lat' dir='ltr'><strong>cogitur</strong></span> <span class='ocrx_word' id='word_1_456' title='bbox 1222 4388 1423 4444; x_wconf 85' lang='lat' dir='ltr'><strong>vestire</strong></span> <span class='ocrx_word' id='word_1_457' title='bbox 1478 4389 1681 4443; x_wconf 90' lang='lat' dir='ltr'><strong>multos</strong></span> <span class='ocrx_word' id='word_1_458' title='bbox 1732 4403 1852 4460; x_wconf 64' lang='lat' dir='ltr'><strong>quae</strong></span> 
     </span>
    </p>
   </div>
   <div class='ocr_carea' id='block_1_62' title="bbox 248 4478 1854 4553">
    <p class='ocr_par' dir='ltr' id='par_1_62' title="bbox 248 4478 1854 4553">
     <span class='ocr_line' id='line_1_62' title="bbox 248 4478 1854 4553; baseline 0 -19"><span class='ocrx_word' id='word_1_459' title='bbox 248 4478 472 4535; x_wconf 88' lang='lat' dir='ltr'><strong>deberet</strong></span> <span class='ocrx_word' id='word_1_460' title='bbox 501 4480 703 4537; x_wconf 87' lang='lat' dir='ltr'><strong>vestire</strong></span> <span class='ocrx_word' id='word_1_461' title='bbox 755 4496 991 4553; x_wconf 88' lang='lat' dir='ltr'><strong>paucos;</strong></span> <span class='ocrx_word' id='word_1_462' title='bbox 1026 4487 1080 4536; x_wconf 90' lang='lat' dir='ltr'><strong>et</strong></span> <span class='ocrx_word' id='word_1_463' title='bbox 1134 4479 1290 4551; x_wconf 82' lang='lat' dir='ltr'><strong>plebs</strong></span> <span class='ocrx_word' id='word_1_464' title='bbox 1341 4495 1462 4552; x_wconf 60' lang='lat' dir='ltr'><strong>quae</strong></span> <span class='ocrx_word' id='word_1_465' title='bbox 1519 4478 1753 4534; x_wconf 89' lang='lat' dir='ltr'><strong>libenter</strong></span> <span class='ocrx_word' id='word_1_466' title='bbox 1800 4487 1854 4534; x_wconf 90' lang='lat' dir='ltr'><strong>et</strong></span> 
     </span>
    </p>
   </div>
   <div class='ocr_carea' id='block_1_63' title="bbox 249 4567 1928 4642">
    <p class='ocr_par' dir='ltr' id='par_1_63' title="bbox 249 4567 1928 4642">
     <span class='ocr_line' id='line_1_63' title="bbox 249 4567 1928 4642; baseline -0.001 -19"><span class='ocrx_word' id='word_1_467' title='bbox 249 4568 565 4642; x_wconf 85' lang='lat' dir='ltr'><strong>frequenter</strong></span> <span class='ocrx_word' id='word_1_468' title='bbox 621 4571 795 4642; x_wconf 87' lang='lat' dir='ltr'><strong>possit</strong></span> <span class='ocrx_word' id='word_1_469' title='bbox 852 4570 1170 4626; x_wconf 88' lang='lat' dir='ltr'><strong>ministrare</strong></span> <span class='ocrx_word' id='word_1_470' title='bbox 1226 4567 1436 4642; x_wconf 89' lang='lat' dir='ltr'><strong>paucis,</strong></span> <span class='ocrx_word' id='word_1_471' title='bbox 1482 4567 1695 4638; x_wconf 84' lang='lat' dir='ltr'><strong>cogitur</strong></span> <span class='ocrx_word' id='word_1_472' title='bbox 1732 4568 1849 4638; x_wconf 84' lang='lat' dir='ltr'><strong>plu-</strong></span> <span class='ocrx_word' id='word_1_473' title='bbox 1879 4584 1928 4642; x_wconf 78' lang='grc' dir='ltr'>ι)</span> 
     </span>
    </p>
   </div>
   <div class='ocr_carea' id='block_1_64' title="bbox 253 4660 1852 4734">
    <p class='ocr_par' dir='ltr' id='par_1_64' title="bbox 253 4660 1852 4734">
     <span class='ocr_line' id='line_1_64' title="bbox 253 4660 1852 4734; baseline -0.003 -20"><span class='ocrx_word' id='word_1_474' title='bbox 253 4675 346 4714; x_wconf 89' lang='lat' dir='ltr'><strong>res</strong></span> <span class='ocrx_word' id='word_1_475' title='bbox 449 4660 732 4716; x_wconf 89' lang='lat' dir='ltr'><strong>dimittere</strong></span> <span class='ocrx_word' id='word_1_476' title='bbox 796 4669 930 4734; x_wconf 12' lang='lat' dir='ltr'><strong>:Vut</strong></span> <span class='ocrx_word' id='word_1_477' title='bbox 1000 4668 1095 4716; x_wconf 90' lang='lat' dir='ltr'><strong>aut</strong></span> <span class='ocrx_word' id='word_1_478' title='bbox 1168 4666 1494 4726; x_wconf 90' lang='lat' dir='ltr'><strong>murmuret,</strong></span> <span class='ocrx_word' id='word_1_479' title='bbox 1571 4666 1664 4712; x_wconf 90' lang='lat' dir='ltr'><strong>aut</strong></span> <span class='ocrx_word' id='word_1_480' title='bbox 1747 4663 1852 4710; x_wconf 88' lang='lat' dir='ltr'><strong>tar-</strong></span> 
     </span>
    </p>
   </div>
   <div class='ocr_carea' id='block_1_65' title="bbox 251 4746 1851 4820">
    <p class='ocr_par' dir='ltr' id='par_1_65' title="bbox 251 4746 1851 4820">
     <span class='ocr_line' id='line_1_65' title="bbox 251 4746 1851 4820; baseline -0.002 -17"><span class='ocrx_word' id='word_1_481' title='bbox 251 4748 376 4804; x_wconf 88' lang='lat' dir='ltr'><strong>dius</strong></span> <span class='ocrx_word' id='word_1_482' title='bbox 451 4751 531 4806; x_wconf 91' lang='lat' dir='ltr'><strong>eis</strong></span> <span class='ocrx_word' id='word_1_483' title='bbox 607 4759 874 4807; x_wconf 89' lang='lat' dir='ltr'><strong>occurrat.</strong></span> <span class='ocrx_word' id='word_1_484' title='bbox 952 4752 1088 4808; x_wconf 84' lang='lat' dir='ltr'><strong>Nam</strong></span> <span class='ocrx_word' id='word_1_485' title='bbox 1145 4766 1272 4806; x_wconf 90' lang='lat' dir='ltr'><strong>cum</strong></span> <span class='ocrx_word' id='word_1_486' title='bbox 1356 4746 1638 4820; x_wconf 70' lang='lat' dir='ltr'><strong>praecipiat</strong></span> <span class='ocrx_word' id='word_1_487' title='bbox 1685 4747 1851 4802; x_wconf 89' lang='lat' dir='ltr'><strong>unius</strong></span> 
     </span>
    </p>
   </div>
   <div class='ocr_carea' id='block_1_66' title="bbox 253 4837 1852 4915">
    <p class='ocr_par' dir='ltr' id='par_1_66' title="bbox 253 4837 1852 4915">
     <span class='ocr_line' id='line_1_66' title="bbox 253 4837 1852 4915; baseline -0.001 -22"><span class='ocrx_word' id='word_1_488' title='bbox 253 4840 363 4895; x_wconf 88' lang='lat' dir='ltr'><strong>viri</strong></span> <span class='ocrx_word' id='word_1_489' title='bbox 396 4857 627 4897; x_wconf 87' lang='lat' dir='ltr'><strong>uxorem</strong></span> <span class='ocrx_word' id='word_1_490' title='bbox 659 4842 787 4915; x_wconf 89' lang='lat' dir='ltr'><strong>eligi</strong></span> <span class='ocrx_word' id='word_1_491' title='bbox 818 4841 1066 4910; x_wconf 91' lang='lat' dir='ltr'><strong>viduam,</strong></span> <span class='ocrx_word' id='word_1_492' title='bbox 1099 4857 1246 4896; x_wconf 90' lang='lat' dir='ltr'><strong>nunc</strong></span> <span class='ocrx_word' id='word_1_493' title='bbox 1289 4839 1654 4896; x_wconf 89' lang='lat' dir='ltr'><strong>inveniuntur</strong></span> <span class='ocrx_word' id='word_1_494' title='bbox 1709 4837 1852 4893; x_wconf 91' lang='lat' dir='ltr'><strong>inter</strong></span> 
     </span>
    </p>
   </div>
   <div class='ocr_carea' id='block_1_67' title="bbox 253 4928 1850 4987">
    <p class='ocr_par' dir='ltr' id='par_1_67' title="bbox 253 4928 1850 4987">
     <span class='ocr_line' id='line_1_67' title="bbox 253 4928 1850 4987; baseline -0.002 -3"><span class='ocrx_word' id='word_1_495' title='bbox 253 4944 341 4984; x_wconf 85' lang='lat' dir='ltr'><strong>eas</strong></span> <span class='ocrx_word' id='word_1_496' title='bbox 373 4947 479 4984; x_wconf 89' lang='lat' dir='ltr'><strong>non</strong></span> <span class='ocrx_word' id='word_1_497' title='bbox 511 4937 725 4986; x_wconf 88' lang='lat' dir='ltr'><strong>tantum</strong></span> <span class='ocrx_word' id='word_1_498' title='bbox 774 4931 944 4987; x_wconf 90' lang='lat' dir='ltr'><strong>duum</strong></span> <span class='ocrx_word' id='word_1_499' title='bbox 993 4939 1088 4986; x_wconf 91' lang='lat' dir='ltr'><strong>aut</strong></span> <span class='ocrx_word' id='word_1_500' title='bbox 1130 4929 1298 4985; x_wconf 91' lang='lat' dir='ltr'><strong>trium</strong></span> <span class='ocrx_word' id='word_1_501' title='bbox 1346 4928 1666 4984; x_wconf 85' lang='lat' dir='ltr'><strong>maritorum</strong></span> <span class='ocrx_word' id='word_1_502' title='bbox 1697 4943 1850 4982; x_wconf 81' lang='lat' dir='ltr'><strong>uxo-</strong></span> 
     </span>
    </p>
   </div>
   <div class='ocr_carea' id='block_1_68' title="bbox 252 5013 1849 5092">
    <p class='ocr_par' dir='ltr' id='par_1_68' title="bbox 252 5013 1849 5092">
     <span class='ocr_line' id='line_1_68' title="bbox 252 5013 1849 5092; baseline -0.001 -21"><span class='ocrx_word' id='word_1_503' title='bbox 252 5033 356 5087; x_wconf 91' lang='lat' dir='ltr'><strong>res,</strong></span> <span class='ocrx_word' id='word_1_504' title='bbox 402 5018 497 5074; x_wconf 88' lang='lat' dir='ltr'><strong>sed</strong></span> <span class='ocrx_word' id='word_1_505' title='bbox 544 5027 598 5075; x_wconf 91' lang='lat' dir='ltr'><strong>et</strong></span> <span class='ocrx_word' id='word_1_506' title='bbox 648 5035 768 5092; x_wconf 71' lang='lat' dir='ltr'><strong>quae</strong></span> <span class='ocrx_word' id='word_1_507' title='bbox 807 5019 1024 5090; x_wconf 89' lang='lat' dir='ltr'><strong>turpius</strong></span> <span class='ocrx_word' id='word_1_508' title='bbox 1054 5017 1340 5072; x_wconf 83' lang='lat' dir='ltr'><strong>vixerint:</strong></span> <span class='ocrx_word' id='word_1_509' title='bbox 1375 5015 1522 5088; x_wconf 90' lang='lat' dir='ltr'><strong>quod</strong></span> <span class='ocrx_word' id='word_1_510' title='bbox 1552 5013 1849 5088; x_wconf 88' lang='lat' dir='ltr'><strong>aliquando</strong></span> 
     </span>
    </p>
   </div>
   <div class='ocr_carea' id='block_1_69' title="bbox 325 5212 1846 5288">
    <p class='ocr_par' dir='ltr' id='par_1_69' title="bbox 325 5212 1846 5288">
     <span class='ocr_line' id='line_1_69' title="bbox 325 5212 1846 5288; baseline -0.005 -14"><span class='ocrx_word' id='word_1_511' title='bbox 325 5213 454 5288; x_wconf 76' lang='lat'><strong>(53)</strong></span> <span class='ocrx_word' id='word_1_512' title='bbox 477 5217 664 5274; x_wconf 82' lang='lat' dir='ltr'><strong>Codex</strong></span> <span class='ocrx_word' id='word_1_513' title='bbox 684 5218 830 5273; x_wconf 80' lang='lat' dir='ltr'><strong>Val].</strong></span> <span class='ocrx_word' id='word_1_514' title='bbox 876 5221 929 5270; x_wconf 91' lang='lat' dir='ltr'><strong>et</strong></span> <span class='ocrx_word' id='word_1_515' title='bbox 958 5212 1053 5270; x_wconf 91' lang='lat' dir='ltr'><strong>alii</strong></span> <span class='ocrx_word' id='word_1_516' title='bbox 1075 5212 1353 5280; x_wconf 89' lang='lat' dir='ltr'><strong>nonnulli,</strong></span> <span class='ocrx_word' id='word_1_517' title='bbox 1393 5212 1846 5283; x_wconf 77' lang='lat' dir='ltr'><strong>matresfamilias</strong></span> 
     </span>
    </p>
   </div>
   <div class='ocr_carea' id='block_1_70' title="bbox 253 5289 828 5358">
    <p class='ocr_par' dir='ltr' id='par_1_70' title="bbox 253 5289 828 5358">
     <span class='ocr_line' id='line_1_70' title="bbox 253 5289 828 5358; baseline 0.005 -18"><span class='ocrx_word' id='word_1_518' title='bbox 253 5305 374 5356; x_wconf 80' lang='lat' dir='ltr'><strong>esse,</strong></span> <span class='ocrx_word' id='word_1_519' title='bbox 394 5289 607 5344; x_wconf 85' lang='lat' dir='ltr'><strong>domum</strong></span> <span class='ocrx_word' id='word_1_520' title='bbox 636 5306 828 5358; x_wconf 79' lang='lat' dir='ltr'><strong>regere.</strong></span> 
     </span>
    </p>
   </div>
   <div class='ocr_carea' id='block_1_71' title="bbox 264 5356 1847 5442">
    <p class='ocr_par' dir='ltr' id='par_1_71' title="bbox 264 5356 1847 5442">
     <span class='ocr_line' id='line_1_71' title="bbox 264 5356 1847 5442; baseline -0.004 -24"><span class='ocrx_word' id='word_1_521' title='bbox 264 5429 274 5439; x_wconf 38' lang='lat'><strong><em>.</em></strong></span> <span class='ocrx_word' id='word_1_522' title='bbox 327 5361 444 5442; x_wconf 55' lang='grc'>(54)</span> <span class='ocrx_word' id='word_1_523' title='bbox 497 5362 581 5442; x_wconf 86' lang='lat' dir='ltr'><strong>Ita_</strong></span> <span class='ocrx_word' id='word_1_524' title='bbox 613 5356 741 5416; x_wconf 80' lang='lat' dir='ltr'><strong>mss.</strong></span> <span class='ocrx_word' id='word_1_525' title='bbox 784 5360 1070 5442; x_wconf 83' lang='lat' dir='ltr'><strong>plerique:</strong></span> <span class='ocrx_word' id='word_1_526' title='bbox 1103 5358 1467 5442; x_wconf 26' lang='lat' dir='ltr'><strong>aliiverotet</strong></span> <span class='ocrx_word' id='word_1_527' title='bbox 1495 5356 1653 5442; x_wconf 76' lang='lat' dir='ltr'><strong>edit.,</strong></span> <span class='ocrx_word' id='word_1_528' title='bbox 1685 5372 1847 5426; x_wconf 86' lang='lat' dir='ltr'><strong>quam</strong></span> 
     </span>
    </p>
   </div>
   <div class='ocr_carea' id='block_1_72' title="bbox 255 5429 1648 5488">
    <p class='ocr_par' dir='ltr' id='par_1_72' title="bbox 255 5429 1648 5488">
     <span class='ocr_line' id='line_1_72' title="bbox 255 5429 1648 5488; baseline 0.001 -5"><span class='ocrx_word' id='word_1_529' title='bbox 255 5429 309 5483; x_wconf 78' lang='lat' dir='ltr'><strong>in</strong></span> <span class='ocrx_word' id='word_1_530' title='bbox 330 5429 509 5487; x_wconf 78' lang='lat' dir='ltr'><strong>aliena</strong></span> <span class='ocrx_word' id='word_1_531' title='bbox 547 5433 699 5487; x_wconf 87' lang='lat' dir='ltr'><strong>domo</strong></span> <span class='ocrx_word' id='word_1_532' title='bbox 727 5429 1038 5488; x_wconf 61' lang='lat' dir='ltr'><strong>adulari...</strong></span> <span class='ocrx_word' id='word_1_533' title='bbox 1069 5430 1374 5484; x_wconf 80' lang='lat' dir='ltr'><strong>notabiliter</strong></span> <span class='ocrx_word' id='word_1_534' title='bbox 1397 5429 1648 5484; x_wconf 77' lang='lat' dir='ltr'><strong>incedere.</strong></span> 
     </span>
    </p>
   </div>
   <div class='ocr_carea' id='block_1_73' title="bbox 327 5500 1845 5574">
    <p class='ocr_par' dir='ltr' id='par_1_73' title="bbox 327 5500 1845 5574">
     <span class='ocr_line' id='line_1_73' title="bbox 327 5500 1845 5574; baseline -0.004 -16"><span class='ocrx_word' id='word_1_535' title='bbox 327 5503 444 5574; x_wconf 85' lang='grc'>(55)</span> <span class='ocrx_word' id='word_1_536' title='bbox 494 5502 697 5559; x_wconf 89' lang='lat' dir='ltr'><strong>Omnes</strong></span> <span class='ocrx_word' id='word_1_537' title='bbox 739 5502 870 5559; x_wconf 90' lang='lat' dir='ltr'><strong>edit.</strong></span> <span class='ocrx_word' id='word_1_538' title='bbox 923 5510 976 5558; x_wconf 90' lang='lat' dir='ltr'><strong>et</strong></span> <span class='ocrx_word' id='word_1_539' title='bbox 998 5501 1222 5574; x_wconf 91' lang='lat' dir='ltr'><strong>quidam</strong></span> <span class='ocrx_word' id='word_1_540' title='bbox 1261 5517 1414 5568; x_wconf 88' lang='lat' dir='ltr'><strong>mss.,</strong></span> <span class='ocrx_word' id='word_1_541' title='bbox 1437 5500 1643 5570; x_wconf 80' lang='lat' dir='ltr'><strong>justum</strong></span> <span class='ocrx_word' id='word_1_542' title='bbox 1673 5514 1796 5554; x_wconf 78' lang='lat' dir='ltr'><strong>vero</strong></span> <span class='ocrx_word' id='word_1_543' title='bbox 1824 5515 1845 5564; x_wconf 87' lang='lat'><em>;</em></span> 
     </span>
    </p>
   </div>
   <div class='ocr_carea' id='block_1_74' title="bbox 258 5575 1118 5642">
    <p class='ocr_par' dir='ltr' id='par_1_74' title="bbox 258 5575 1118 5642">
     <span class='ocr_line' id='line_1_74' title="bbox 258 5575 1118 5642; baseline -0.001 -13"><span class='ocrx_word' id='word_1_544' title='bbox 258 5576 451 5632; x_wconf 89' lang='lat' dir='ltr'><strong>melius</strong></span> <span class='ocrx_word' id='word_1_545' title='bbox 477 5576 573 5633; x_wconf 86' lang='lat' dir='ltr'><strong>alii</strong></span> <span class='ocrx_word' id='word_1_546' title='bbox 605 5592 760 5642; x_wconf 89' lang='lat' dir='ltr'><strong>mss.,</strong></span> <span class='ocrx_word' id='word_1_547' title='bbox 792 5575 952 5630; x_wconf 74' lang='lat' dir='ltr'><strong>istum</strong></span> <span class='ocrx_word' id='word_1_548' title='bbox 978 5591 1118 5629; x_wconf 78' lang='lat' dir='ltr'><strong>vero.</strong></span> 
     </span>
    </p>
   </div>
   <div class='ocr_carea' id='block_1_75' title="bbox 326 5643 1846 5775">
    <p class='ocr_par' dir='ltr' id='par_1_75' title="bbox 326 5643 1846 5775">
     <span class='ocr_line' id='line_1_75' title="bbox 326 5643 1846 5775; baseline -0.004 -71"><span class='ocrx_word' id='word_1_549' title='bbox 326 5646 445 5775; x_wconf 45' lang='lat'><strong>(“56)</strong></span> <span class='ocrx_word' id='word_1_550' title='bbox 497 5647 762 5706; x_wconf 88' lang='lat' dir='ltr'><strong>Nonnulli</strong></span> <span class='ocrx_word' id='word_1_551' title='bbox 805 5663 960 5716; x_wconf 87' lang='lat' dir='ltr'><strong>mss.,</strong></span> <span class='ocrx_word' id='word_1_552' title='bbox 1008 5643 1303 5718; x_wconf 76' lang='lat' dir='ltr'><strong>aliquando</strong></span> <span class='ocrx_word' id='word_1_553' title='bbox 1343 5648 1616 5718; x_wconf 70' lang='lat' dir='ltr'><strong>potentatu</strong></span> <span class='ocrx_word' id='word_1_554' title='bbox 1640 5643 1846 5703; x_wconf 74' lang='lat' dir='ltr'><strong>insinu-</strong></span> 
     </span>
    </p>
   </div>
   <div class='ocr_carea' id='block_1_76' title="bbox 256 5735 390 5777">
    <p class='ocr_par' dir='ltr' id='par_1_76' title="bbox 256 5735 390 5777">
     <span class='ocr_line' id='line_1_76' title="bbox 256 5735 390 5777; baseline 0.015 -2"><span class='ocrx_word' id='word_1_555' title='bbox 256 5735 390 5777; x_wconf 79' lang='lat' dir='ltr'><strong>ante.</strong></span> 
     </span>
    </p>
   </div>
   <div class='ocr_carea' id='block_1_77' title="bbox 1958 1943 3232 2021">
    <p class='ocr_par' dir='ltr' id='par_1_77' title="bbox 1958 1943 3232 2021">
     <span class='ocr_line' id='line_1_77' title="bbox 1958 1943 3232 2021; baseline -0.009 -15"><span class='ocrx_word' id='word_1_556' title='bbox 1958 1962 2065 2019; x_wconf 88' lang='lat' dir='ltr'><strong>qua</strong></span> <span class='ocrx_word' id='word_1_557' title='bbox 2096 1964 2272 2021; x_wconf 90' lang='lat' dir='ltr'><strong>neque</strong></span> <span class='ocrx_word' id='word_1_558' title='bbox 2300 1949 2677 2016; x_wconf 89' lang='lat' dir='ltr'><strong>contristetur,</strong></span> <span class='ocrx_word' id='word_1_559' title='bbox 2704 1962 2880 2020; x_wconf 89' lang='lat' dir='ltr'><strong>neque</strong></span> <span class='ocrx_word' id='word_1_560' title='bbox 2910 1943 3232 2001; x_wconf 86' lang='lat' dir='ltr'><strong>extollatur.</strong></span> 
     </span>
    </p>
   </div>
   <div class='ocr_carea' id='block_1_78' title="bbox 2042 2031 3559 2109">
    <p class='ocr_par' dir='ltr' id='par_1_78' title="bbox 2042 2031 3559 2109">
     <span class='ocr_line' id='line_1_78' title="bbox 2042 2031 3559 2109; baseline -0.009 -10"><span class='ocrx_word' id='word_1_561' title='bbox 2042 2043 2182 2100; x_wconf 82' lang='lat'><strong>301</strong></span> <span class='ocrx_word' id='word_1_562' title='bbox 2225 2037 2407 2107; x_wconf 81' lang='lat' dir='ltr'><strong>(Vers.</strong></span> <span class='ocrx_word' id='word_1_563' title='bbox 2438 2038 2550 2109; x_wconf 87' lang='grc'>19.)</span> <span class='ocrx_word' id='word_1_564' title='bbox 2596 2061 2614 2082; x_wconf 77' lang='grc' dir='ltr'>ι</span> <span class='ocrx_word' id='word_1_565' title='bbox 2637 2035 2947 2092; x_wconf 82' lang='lat' dir='ltr'><strong>Adversum</strong></span> <span class='ocrx_word' id='word_1_566' title='bbox 2977 2031 3359 2106; x_wconf 87' lang='lat' dir='ltr'><strong>presbyterum</strong></span> <span class='ocrx_word' id='word_1_567' title='bbox 3383 2045 3559 2086; x_wconf 89' lang='lat' dir='ltr'><strong>accu-</strong></span> 
     </span>
    </p>
   </div>
   <div class='ocr_carea' id='block_1_79' title="bbox 1959 2125 3559 2206">
    <p class='ocr_par' dir='ltr' id='par_1_79' title="bbox 1959 2125 3559 2206">
     <span class='ocr_line' id='line_1_79' title="bbox 1959 2125 3559 2206; baseline -0.006 -15"><span class='ocrx_word' id='word_1_568' title='bbox 1959 2135 2228 2191; x_wconf 90' lang='lat' dir='ltr'><strong>sationem</strong></span> <span class='ocrx_word' id='word_1_569' title='bbox 2290 2151 2360 2191; x_wconf 90' lang='lat' dir='ltr'><strong>ne</strong></span> <span class='ocrx_word' id='word_1_570' title='bbox 2427 2133 2714 2206; x_wconf 87' lang='lat' dir='ltr'><strong>receperis.</strong></span> <span class='ocrx_word' id='word_1_571' title='bbox 2751 2157 2770 2178; x_wconf 75' lang='grc' dir='ltr'><strong>ι</strong></span> <span class='ocrx_word' id='word_1_572' title='bbox 2809 2129 3083 2199; x_wconf 89' lang='lat' dir='ltr'><strong>Quoniam</strong></span> <span class='ocrx_word' id='word_1_573' title='bbox 3124 2126 3292 2199; x_wconf 89' lang='lat' dir='ltr'><strong>hujus</strong></span> <span class='ocrx_word' id='word_1_574' title='bbox 3347 2125 3559 2182; x_wconf 85' lang='lat' dir='ltr'><strong>ordinis</strong></span> 
     </span>
    </p>
   </div>
   <div class='ocr_carea' id='block_1_80' title="bbox 1957 2213 3560 2293">
    <p class='ocr_par' dir='ltr' id='par_1_80' title="bbox 1957 2213 3560 2293">
     <span class='ocr_line' id='line_1_80' title="bbox 1957 2213 3560 2293; baseline -0.006 -15"><span class='ocrx_word' id='word_1_575' title='bbox 1957 2222 2216 2279; x_wconf 90' lang='lat' dir='ltr'><strong>sublimis</strong></span> <span class='ocrx_word' id='word_1_576' title='bbox 2243 2222 2423 2278; x_wconf 87' lang='lat' dir='ltr'><strong>honor</strong></span> <span class='ocrx_word' id='word_1_577' title='bbox 2450 2229 2532 2278; x_wconf 90' lang='lat' dir='ltr'><strong>est</strong></span> <span class='ocrx_word' id='word_1_578' title='bbox 2563 2218 2908 2293; x_wconf 88' lang='lat' dir='ltr'><strong>(hujusmodi</strong></span> <span class='ocrx_word' id='word_1_579' title='bbox 2941 2217 3088 2274; x_wconf 92' lang='lat' dir='ltr'><strong>enim</strong></span> <span class='ocrx_word' id='word_1_580' title='bbox 3122 2213 3320 2271; x_wconf 87' lang='lat' dir='ltr'><strong>vicarii</strong></span> <span class='ocrx_word' id='word_1_581' title='bbox 3349 2213 3560 2271; x_wconf 86' lang='lat' dir='ltr'><strong>Christi</strong></span> 
     </span>
    </p>
   </div>
   <div class='ocr_carea' id='block_1_81' title="bbox 1957 2303 3556 2384">
    <p class='ocr_par' dir='ltr' id='par_1_81' title="bbox 1957 2303 3556 2384">
     <span class='ocr_line' id='line_1_81' title="bbox 1957 2303 3556 2384; baseline -0.006 -17"><span class='ocrx_word' id='word_1_582' title='bbox 1957 2314 2134 2384; x_wconf 90' lang='lat' dir='ltr'><strong>sunt),</strong></span> <span class='ocrx_word' id='word_1_583' title='bbox 2166 2310 2376 2368; x_wconf 88' lang='lat' dir='ltr'><strong>idcirco</strong></span> <span class='ocrx_word' id='word_1_584' title='bbox 2423 2327 2535 2367; x_wconf 91' lang='lat' dir='ltr'><strong>non</strong></span> <span class='ocrx_word' id='word_1_585' title='bbox 2586 2309 2748 2366; x_wconf 86' lang='lat' dir='ltr'><strong>facile</strong></span> <span class='ocrx_word' id='word_1_586' title='bbox 2777 2310 2845 2365; x_wconf 91' lang='lat' dir='ltr'><strong>de</strong></span> <span class='ocrx_word' id='word_1_587' title='bbox 2885 2306 2989 2364; x_wconf 90' lang='lat' dir='ltr'><strong>hac</strong></span> <span class='ocrx_word' id='word_1_588' title='bbox 3020 2320 3251 2378; x_wconf 87' lang='lat' dir='ltr'><strong>persona</strong></span> <span class='ocrx_word' id='word_1_589' title='bbox 3277 2303 3556 2360; x_wconf 87' lang='lat' dir='ltr'><strong>accusatio</strong></span> 
     </span>
    </p>
   </div>
   <div class='ocr_carea' id='block_1_82' title="bbox 1954 2391 3554 2462">
    <p class='ocr_par' dir='ltr' id='par_1_82' title="bbox 1954 2391 3554 2462">
     <span class='ocr_line' id='line_1_82' title="bbox 1954 2391 3554 2462; baseline -0.006 -5"><span class='ocrx_word' id='word_1_590' title='bbox 1954 2401 2116 2457; x_wconf 90' lang='lat' dir='ltr'><strong>debet</strong></span> <span class='ocrx_word' id='word_1_591' title='bbox 2142 2401 2384 2459; x_wconf 89' lang='lat' dir='ltr'><strong>admitti.</strong></span> <span class='ocrx_word' id='word_1_592' title='bbox 2416 2398 2744 2458; x_wconf 87' lang='lat' dir='ltr'><strong>Incredibile</strong></span> <span class='ocrx_word' id='word_1_593' title='bbox 2772 2397 2922 2453; x_wconf 89' lang='lat' dir='ltr'><strong>enim</strong></span> <span class='ocrx_word' id='word_1_594' title='bbox 2953 2394 3116 2452; x_wconf 88' lang='lat' dir='ltr'><strong>debet</strong></span> <span class='ocrx_word' id='word_1_595' title='bbox 3151 2391 3329 2449; x_wconf 90' lang='lat' dir='ltr'><strong>videri</strong></span> <span class='ocrx_word' id='word_1_596' title='bbox 3362 2392 3554 2462; x_wconf 88' lang='lat' dir='ltr'><strong>istum,</strong></span> 
     </span>
    </p>
   </div>
   <div class='ocr_carea' id='block_1_83' title="bbox 1953 2481 3558 2562">
    <p class='ocr_par' dir='ltr' id='par_1_83' title="bbox 1953 2481 3558 2562">
     <span class='ocr_line' id='line_1_83' title="bbox 1953 2481 3558 2562; baseline -0.005 -16"><span class='ocrx_word' id='word_1_597' title='bbox 1953 2491 2050 2562; x_wconf 92' lang='lat' dir='ltr'><strong>qui</strong></span> <span class='ocrx_word' id='word_1_598' title='bbox 2079 2490 2178 2546; x_wconf 91' lang='lat' dir='ltr'><strong>Dei</strong></span> <span class='ocrx_word' id='word_1_599' title='bbox 2208 2492 2437 2547; x_wconf 88' lang='lat' dir='ltr'><strong>antistes</strong></span> <span class='ocrx_word' id='word_1_600' title='bbox 2473 2495 2577 2557; x_wconf 88' lang='lat' dir='ltr'><strong>est,</strong></span> <span class='ocrx_word' id='word_1_601' title='bbox 2607 2486 2904 2544; x_wconf 87' lang='lat' dir='ltr'><strong>criminose</strong></span> <span class='ocrx_word' id='word_1_602' title='bbox 2933 2493 3235 2551; x_wconf 90' lang='lat' dir='ltr'><strong>versatum,</strong></span> <span class='ocrx_word' id='word_1_603' title='bbox 3258 2481 3403 2538; x_wconf 90' lang='lat' dir='ltr'><strong>sicut</strong></span> <span class='ocrx_word' id='word_1_604' title='bbox 3428 2498 3558 2540; x_wconf 84' lang='lat' dir='ltr'><strong>cre-</strong></span> 
     </span>
    </p>
   </div>
   <div class='ocr_carea' id='block_1_84' title="bbox 1954 2574 3127 2646">
    <p class='ocr_par' dir='ltr' id='par_1_84' title="bbox 1954 2574 3127 2646">
     <span class='ocr_line' id='line_1_84' title="bbox 1954 2574 3127 2646; baseline -0.006 -12"><span class='ocrx_word' id='word_1_605' title='bbox 1954 2578 2125 2634; x_wconf 89' lang='lat' dir='ltr'><strong>dibile</strong></span> <span class='ocrx_word' id='word_1_606' title='bbox 2155 2587 2236 2634; x_wconf 89' lang='lat' dir='ltr'><strong>est</strong></span> <span class='ocrx_word' id='word_1_607' title='bbox 2263 2581 2545 2635; x_wconf 88' lang='lat' dir='ltr'><strong>scenicum</strong></span> <span class='ocrx_word' id='word_1_608' title='bbox 2575 2593 2693 2633; x_wconf 89' lang='lat' dir='ltr'><strong>esse</strong></span> <span class='ocrx_word' id='word_1_609' title='bbox 2717 2574 3127 2646; x_wconf 89' lang='lat' dir='ltr'><strong>turpissimum.</strong></span> 
     </span>
    </p>
   </div>
   <div class='ocr_carea' id='block_1_85' title="bbox 2027 2659 3561 2737">
    <p class='ocr_par' dir='ltr' id='par_1_85' title="bbox 2027 2659 3561 2737">
     <span class='ocr_line' id='line_1_85' title="bbox 2027 2659 3561 2737; baseline -0.007 -13"><span class='ocrx_word' id='word_1_610' title='bbox 2027 2667 2210 2737; x_wconf 88' lang='lat' dir='ltr'><strong>(Vers.</strong></span> <span class='ocrx_word' id='word_1_611' title='bbox 2231 2666 2350 2736; x_wconf 78' lang='lat'><strong>20.)</strong></span> <span class='ocrx_word' id='word_1_612' title='bbox 2393 2689 2412 2712; x_wconf 72' lang='grc' dir='ltr'><strong>ε</strong></span> <span class='ocrx_word' id='word_1_613' title='bbox 2439 2664 2837 2734; x_wconf 89' lang='lat' dir='ltr'><strong>Delinquentes</strong></span> <span class='ocrx_word' id='word_1_614' title='bbox 2875 2670 3056 2715; x_wconf 88' lang='lat' dir='ltr'><strong>autem</strong></span> <span class='ocrx_word' id='word_1_615' title='bbox 3088 2674 3273 2715; x_wconf 89' lang='lat' dir='ltr'><strong>coram</strong></span> <span class='ocrx_word' id='word_1_616' title='bbox 3302 2659 3561 2714; x_wconf 89' lang='lat' dir='ltr'><strong>omnibus</strong></span> 
     </span>
    </p>
   </div>
   <div class='ocr_carea' id='block_1_86' title="bbox 1951 2745 3558 2825">
    <p class='ocr_par' dir='ltr' id='par_1_86' title="bbox 1951 2745 3558 2825">
     <span class='ocr_line' id='line_1_86' title="bbox 1951 2745 3558 2825; baseline -0.005 -15"><span class='ocrx_word' id='word_1_617' title='bbox 1951 2771 2142 2825; x_wconf 88' lang='lat' dir='ltr'><strong>argue,</strong></span> <span class='ocrx_word' id='word_1_618' title='bbox 2178 2762 2242 2808; x_wconf 89' lang='lat' dir='ltr'><strong>ut</strong></span> <span class='ocrx_word' id='word_1_619' title='bbox 2279 2751 2464 2809; x_wconf 68' lang='lat' dir='ltr'><strong>caeteri</strong></span> <span class='ocrx_word' id='word_1_620' title='bbox 2513 2760 2721 2806; x_wconf 90' lang='lat' dir='ltr'><strong>metum</strong></span> <span class='ocrx_word' id='word_1_621' title='bbox 2763 2749 3024 2804; x_wconf 87' lang='lat' dir='ltr'><strong>habeant.</strong></span> <span class='ocrx_word' id='word_1_622' title='bbox 3058 2772 3076 2794; x_wconf 77' lang='grc' dir='ltr'>ι</span> <span class='ocrx_word' id='word_1_623' title='bbox 3119 2745 3409 2814; x_wconf 91' lang='lat' dir='ltr'><strong>Quomodo</strong></span> <span class='ocrx_word' id='word_1_624' title='bbox 3440 2745 3558 2818; x_wconf 89' lang='grc'>(58)</span> 
     </span>
    </p>
   </div>
   <div class='ocr_carea' id='block_1_87' title="bbox 1956 2833 3540 2910">
    <p class='ocr_par' dir='ltr' id='par_1_87' title="bbox 1956 2833 3540 2910">
     <span class='ocr_line' id='line_1_87' title="bbox 1956 2833 3540 2910; baseline -0.005 -11"><span class='ocrx_word' id='word_1_625' title='bbox 1956 2859 2069 2899; x_wconf 88' lang='lat' dir='ltr'><strong>non</strong></span> <span class='ocrx_word' id='word_1_626' title='bbox 2100 2842 2260 2898; x_wconf 85' lang='lat' dir='ltr'><strong>facile</strong></span> <span class='ocrx_word' id='word_1_627' title='bbox 2290 2839 2440 2897; x_wconf 88' lang='lat' dir='ltr'><strong>credi</strong></span> <span class='ocrx_word' id='word_1_628' title='bbox 2471 2839 2634 2896; x_wconf 88' lang='lat' dir='ltr'><strong>debet</strong></span> <span class='ocrx_word' id='word_1_629' title='bbox 2662 2837 2730 2893; x_wconf 90' lang='lat' dir='ltr'><strong>de</strong></span> <span class='ocrx_word' id='word_1_630' title='bbox 2757 2836 3082 2910; x_wconf 87' lang='lat' dir='ltr'><strong>presbytero</strong></span> <span class='ocrx_word' id='word_1_631' title='bbox 3109 2833 3320 2891; x_wconf 90' lang='lat' dir='ltr'><strong>crimen</strong></span> <span class='ocrx_word' id='word_1_632' title='bbox 3343 2834 3419 2902; x_wconf 90' lang='lat' dir='ltr'><strong>;si</strong></span> <span class='ocrx_word' id='word_1_633' title='bbox 3441 2850 3540 2906; x_wconf 89' lang='lat' dir='ltr'><strong>pro</strong></span> 
     </span>
    </p>
   </div>
   <div class='ocr_carea' id='block_1_88' title="bbox 1951 2924 3564 2998">
    <p class='ocr_par' dir='ltr' id='par_1_88' title="bbox 1951 2924 3564 2998">
     <span class='ocr_line' id='line_1_88' title="bbox 1951 2924 3564 2998; baseline -0.005 -12"><span class='ocrx_word' id='word_1_634' title='bbox 1951 2930 2114 2986; x_wconf 89' lang='lat' dir='ltr'><strong>betur</strong></span> <span class='ocrx_word' id='word_1_635' title='bbox 2142 2937 2347 2996; x_wconf 88' lang='lat' dir='ltr'><strong>tamen,</strong></span> <span class='ocrx_word' id='word_1_636' title='bbox 2397 2937 2492 2984; x_wconf 91' lang='lat' dir='ltr'><strong>aut</strong></span> <span class='ocrx_word' id='word_1_637' title='bbox 2517 2927 2590 2984; x_wconf 89' lang='lat' dir='ltr'><strong>sit</strong></span> <span class='ocrx_word' id='word_1_638' title='bbox 2619 2925 2974 2983; x_wconf 86' lang='lat' dir='ltr'><strong>manifestum</strong></span> <span class='ocrx_word' id='word_1_639' title='bbox 3015 2924 3146 2998; x_wconf 91' lang='lat' dir='ltr'><strong>quia</strong></span> <span class='ocrx_word' id='word_1_640' title='bbox 3198 2924 3564 2986; x_wconf 73' lang='lat' dir='ltr'><strong>irreverenter</strong></span> 
     </span>
    </p>
   </div>
   <div class='ocr_carea' id='block_1_89' title="bbox 1951 3012 3562 3094">
    <p class='ocr_par' dir='ltr' id='par_1_89' title="bbox 1951 3012 3562 3094">
     <span class='ocr_line' id='line_1_89' title="bbox 1951 3012 3562 3094; baseline -0.006 -21"><span class='ocrx_word' id='word_1_641' title='bbox 1951 3027 2199 3074; x_wconf 89' lang='lat' dir='ltr'><strong>versatus</strong></span> <span class='ocrx_word' id='word_1_642' title='bbox 2245 3025 2346 3086; x_wconf 89' lang='lat' dir='ltr'><strong>est,</strong></span> <span class='ocrx_word' id='word_1_643' title='bbox 2395 3016 2613 3090; x_wconf 90' lang='lat' dir='ltr'><strong>publice</strong></span> <span class='ocrx_word' id='word_1_644' title='bbox 2664 3014 2912 3089; x_wconf 64' lang='lat' dir='ltr'><strong>praecipit</strong></span> <span class='ocrx_word' id='word_1_645' title='bbox 2964 3012 3325 3085; x_wconf 88' lang='lat' dir='ltr'><strong>arguendum,</strong></span> <span class='ocrx_word' id='word_1_646' title='bbox 3375 3019 3436 3068; x_wconf 91' lang='lat' dir='ltr'><strong>ut</strong></span> <span class='ocrx_word' id='word_1_647' title='bbox 3481 3015 3562 3094; x_wconf 51' lang='lat' dir='ltr'><strong>et.</strong></span> 
     </span>
    </p>
   </div>
   <div class='ocr_carea' id='block_1_90' title="bbox 1949 3101 3530 3180">
    <p class='ocr_par' dir='ltr' id='par_1_90' title="bbox 1949 3101 3530 3180">
     <span class='ocr_line' id='line_1_90' title="bbox 1949 3101 3530 3180; baseline -0.005 -15"><span class='ocrx_word' id='word_1_648' title='bbox 1949 3107 2132 3165; x_wconf 82' lang='lat' dir='ltr'><strong>caeteri</strong></span> <span class='ocrx_word' id='word_1_649' title='bbox 2173 3114 2504 3175; x_wconf 90' lang='lat' dir='ltr'><strong>terreantur,</strong></span> <span class='ocrx_word' id='word_1_650' title='bbox 2546 3105 2694 3180; x_wconf 92' lang='lat' dir='ltr'><strong>quod</strong></span> <span class='ocrx_word' id='word_1_651' title='bbox 2740 3120 2853 3160; x_wconf 91' lang='lat' dir='ltr'><strong>non</strong></span> <span class='ocrx_word' id='word_1_652' title='bbox 2897 3104 3076 3160; x_wconf 90' lang='lat' dir='ltr'><strong>solum</strong></span> <span class='ocrx_word' id='word_1_653' title='bbox 3117 3101 3388 3159; x_wconf 89' lang='lat' dir='ltr'><strong>ordinatis</strong></span> <span class='ocrx_word' id='word_1_654' title='bbox 3428 3118 3530 3174; x_wconf 88' lang='lat' dir='ltr'><strong>pro</strong></span> 
     </span>
    </p>
   </div>
   <div class='ocr_carea' id='block_1_91' title="bbox 1951 3192 3553 3269">
    <p class='ocr_par' dir='ltr' id='par_1_91' title="bbox 1951 3192 3553 3269">
     <span class='ocr_line' id='line_1_91' title="bbox 1951 3192 3553 3269; baseline -0.003 -16"><span class='ocrx_word' id='word_1_655' title='bbox 1951 3197 2087 3266; x_wconf 88' lang='lat' dir='ltr'><strong>ﬁcit,</strong></span> <span class='ocrx_word' id='word_1_656' title='bbox 2120 3196 2215 3253; x_wconf 89' lang='lat' dir='ltr'><strong>sed</strong></span> <span class='ocrx_word' id='word_1_657' title='bbox 2247 3205 2302 3253; x_wconf 92' lang='lat' dir='ltr'><strong>et</strong></span> <span class='ocrx_word' id='word_1_658' title='bbox 2330 3196 2506 3269; x_wconf 90' lang='lat' dir='ltr'><strong>plebi;</strong></span> <span class='ocrx_word' id='word_1_659' title='bbox 2561 3193 2782 3269; x_wconf 89' lang='lat' dir='ltr'><strong>quando</strong></span> <span class='ocrx_word' id='word_1_660' title='bbox 2811 3193 2959 3249; x_wconf 90' lang='lat' dir='ltr'><strong>enim</strong></span> <span class='ocrx_word' id='word_1_661' title='bbox 2990 3193 3182 3250; x_wconf 88' lang='lat' dir='ltr'><strong>vident</strong></span> <span class='ocrx_word' id='word_1_662' title='bbox 3211 3192 3553 3266; x_wconf 86' lang='lat' dir='ltr'><strong>dignitosum</strong></span> 
     </span>
    </p>
   </div>
   <div class='ocr_carea' id='block_1_92' title="bbox 1958 3281 3558 3357">
    <p class='ocr_par' dir='ltr' id='par_1_92' title="bbox 1958 3281 3558 3357">
     <span class='ocr_line' id='line_1_92' title="bbox 1958 3281 3558 3357; baseline -0.003 -16"><span class='ocrx_word' id='word_1_663' title='bbox 1958 3286 2143 3344; x_wconf 90' lang='lat' dir='ltr'><strong>virum</strong></span> <span class='ocrx_word' id='word_1_664' title='bbox 2170 3286 2372 3344; x_wconf 87' lang='lat' dir='ltr'><strong>erroris</strong></span> <span class='ocrx_word' id='word_1_665' title='bbox 2401 3301 2565 3344; x_wconf 85' lang='lat' dir='ltr'><strong>causa</strong></span> <span class='ocrx_word' id='word_1_666' title='bbox 2591 3283 2817 3357; x_wconf 89' lang='lat' dir='ltr'><strong>corripi,</strong></span> <span class='ocrx_word' id='word_1_667' title='bbox 2859 3299 3078 3340; x_wconf 88' lang='lat' dir='ltr'><strong>necesse</strong></span> <span class='ocrx_word' id='word_1_668' title='bbox 3113 3291 3196 3338; x_wconf 91' lang='lat' dir='ltr'><strong>est</strong></span> <span class='ocrx_word' id='word_1_669' title='bbox 3221 3291 3286 3338; x_wconf 92' lang='lat' dir='ltr'><strong>ut</strong></span> <span class='ocrx_word' id='word_1_670' title='bbox 3332 3281 3440 3339; x_wconf 89' lang='lat' dir='ltr'><strong>sibi</strong></span> <span class='ocrx_word' id='word_1_671' title='bbox 3471 3298 3558 3338; x_wconf 89' lang='lat' dir='ltr'><strong>ca-</strong></span> 
     </span>
    </p>
   </div>
   <div class='ocr_carea' id='block_1_93' title="bbox 1961 3388 2144 3436">
    <p class='ocr_par' dir='ltr' id='par_1_93' title="bbox 1961 3388 2144 3436">
     <span class='ocr_line' id='line_1_93' title="bbox 1961 3388 2144 3436; baseline 0.011 -2"><span class='ocrx_word' id='word_1_672' title='bbox 1961 3388 2144 3436; x_wconf 89' lang='lat' dir='ltr'><strong>veant.</strong></span> 
     </span>
    </p>
   </div>
   <div class='ocr_carea' id='block_1_94' title="bbox 2034 3459 3561 3541">
    <p class='ocr_par' dir='ltr' id='par_1_94' title="bbox 2034 3459 3561 3541">
     <span class='ocr_line' id='line_1_94' title="bbox 2034 3459 3561 3541; baseline -0.007 -16"><span class='ocrx_word' id='word_1_673' title='bbox 2034 3469 2216 3541; x_wconf 87' lang='lat' dir='ltr'><strong>(Vers.</strong></span> <span class='ocrx_word' id='word_1_674' title='bbox 2262 3469 2350 3533; x_wconf 80' lang='grc'><strong>21,</strong></span> <span class='ocrx_word' id='word_1_675' title='bbox 2397 3468 2513 3540; x_wconf 76' lang='lat'><strong>22.)</strong></span> <span class='ocrx_word' id='word_1_676' title='bbox 2561 3493 2579 3514; x_wconf 80' lang='grc' dir='ltr'>ι</span> <span class='ocrx_word' id='word_1_677' title='bbox 2609 3468 2801 3524; x_wconf 90' lang='lat' dir='ltr'><strong>Testor</strong></span> <span class='ocrx_word' id='word_1_678' title='bbox 2841 3481 3029 3522; x_wconf 90' lang='lat' dir='ltr'><strong>coram</strong></span> <span class='ocrx_word' id='word_1_679' title='bbox 3077 3465 3212 3531; x_wconf 92' lang='lat' dir='ltr'><strong>Deo,</strong></span> <span class='ocrx_word' id='word_1_680' title='bbox 3238 3471 3292 3518; x_wconf 91' lang='lat' dir='ltr'><strong>et</strong></span> <span class='ocrx_word' id='word_1_681' title='bbox 3339 3459 3561 3518; x_wconf 89' lang='lat' dir='ltr'><strong>Christo</strong></span> 
     </span>
    </p>
   </div>
   <div class='ocr_carea' id='block_1_95' title="bbox 1959 3547 3561 3631">
    <p class='ocr_par' dir='ltr' id='par_1_95' title="bbox 1959 3547 3561 3631">
     <span class='ocr_line' id='line_1_95' title="bbox 1959 3547 3561 3631; baseline -0.006 -17"><span class='ocrx_word' id='word_1_682' title='bbox 1959 3560 2108 3628; x_wconf 83' lang='lat' dir='ltr'><strong>Jesu,</strong></span> <span class='ocrx_word' id='word_1_683' title='bbox 2164 3568 2217 3614; x_wconf 92' lang='lat' dir='ltr'><strong>et</strong></span> <span class='ocrx_word' id='word_1_684' title='bbox 2273 3559 2462 3616; x_wconf 89' lang='lat' dir='ltr'><strong>electis</strong></span> <span class='ocrx_word' id='word_1_685' title='bbox 2502 3547 2760 3631; x_wconf 85' lang='lat' dir='ltr'><strong>angelis;</strong></span> <span class='ocrx_word' id='word_1_686' title='bbox 2811 3566 2874 3614; x_wconf 91' lang='lat' dir='ltr'><strong>ut</strong></span> <span class='ocrx_word' id='word_1_687' title='bbox 2925 3555 3043 3611; x_wconf 72' lang='lat' dir='ltr'><strong>haec</strong></span> <span class='ocrx_word' id='word_1_688' title='bbox 3097 3551 3396 3620; x_wconf 87' lang='lat' dir='ltr'><strong>custodias,</strong></span> <span class='ocrx_word' id='word_1_689' title='bbox 3441 3549 3561 3605; x_wconf 90' lang='lat' dir='ltr'><strong>sine</strong></span> 
     </span>
    </p>
   </div>
   <div class='ocr_carea' id='block_1_96' title="bbox 1960 3640 3556 3720">
    <p class='ocr_par' dir='ltr' id='par_1_96' title="bbox 1960 3640 3556 3720">
     <span class='ocr_line' id='line_1_96' title="bbox 1960 3640 3556 3720; baseline -0.005 -17"><span class='ocrx_word' id='word_1_690' title='bbox 1960 3647 2284 3720; x_wconf 85' lang='lat' dir='ltr'><strong>praejudicio</strong></span> <span class='ocrx_word' id='word_1_691' title='bbox 2314 3649 2458 3704; x_wconf 91' lang='lat' dir='ltr'><strong>nihil</strong></span> <span class='ocrx_word' id='word_1_692' title='bbox 2493 3648 2701 3705; x_wconf 89' lang='lat' dir='ltr'><strong>faciens</strong></span> <span class='ocrx_word' id='word_1_693' title='bbox 2731 3645 2790 3701; x_wconf 92' lang='lat' dir='ltr'><strong>in</strong></span> <span class='ocrx_word' id='word_1_694' title='bbox 2820 3653 3030 3719; x_wconf 91' lang='lat' dir='ltr'><strong>partem</strong></span> <span class='ocrx_word' id='word_1_695' title='bbox 3061 3642 3224 3698; x_wconf 90' lang='lat' dir='ltr'><strong>aliam</strong></span> <span class='ocrx_word' id='word_1_696' title='bbox 3253 3640 3556 3698; x_wconf 89' lang='lat' dir='ltr'><strong>declinans.</strong></span> 
     </span>
    </p>
   </div>
   <div class='ocr_carea' id='block_1_97' title="bbox 1959 3727 3559 3809">
    <p class='ocr_par' dir='ltr' id='par_1_97' title="bbox 1959 3727 3559 3809">
     <span class='ocr_line' id='line_1_97' title="bbox 1959 3727 3559 3809; baseline -0.006 -15"><span class='ocrx_word' id='word_1_697' title='bbox 1959 3738 2152 3794; x_wconf 83' lang='lat' dir='ltr'><strong>Manus</strong></span> <span class='ocrx_word' id='word_1_698' title='bbox 2162 3738 2274 3795; x_wconf 86' lang='lat' dir='ltr'><strong>cito</strong></span> <span class='ocrx_word' id='word_1_699' title='bbox 2290 3737 2498 3794; x_wconf 90' lang='lat' dir='ltr'><strong>nemini</strong></span> <span class='ocrx_word' id='word_1_700' title='bbox 2517 3736 2590 3793; x_wconf 90' lang='lat' dir='ltr'><strong>im</strong></span> <span class='ocrx_word' id='word_1_701' title='bbox 2598 3735 3047 3809; x_wconf 90' lang='lat' dir='ltr'><strong>posueris,neque</strong></span> <span class='ocrx_word' id='word_1_702' title='bbox 3059 3727 3559 3788; x_wconf 84' lang='lat' dir='ltr'><strong>communicaveris</strong></span> 
     </span>
    </p>
   </div>
   <div class='ocr_carea' id='block_1_98' title="bbox 1959 3815 3546 3899">
    <p class='ocr_par' dir='ltr' id='par_1_98' title="bbox 1959 3815 3546 3899">
     <span class='ocr_line' id='line_1_98' title="bbox 1959 3815 3546 3899; baseline -0.006 -17"><span class='ocrx_word' id='word_1_703' title='bbox 1959 3827 2197 3899; x_wconf 89' lang='lat' dir='ltr'><strong>peccatis</strong></span> <span class='ocrx_word' id='word_1_704' title='bbox 2225 3827 2421 3883; x_wconf 90' lang='lat' dir='ltr'><strong>alienis</strong></span> <span class='ocrx_word' id='word_1_705' title='bbox 2443 3827 2584 3899; x_wconf 86' lang='grc'>(59).</span> <span class='ocrx_word' id='word_1_706' title='bbox 2617 3825 2807 3881; x_wconf 91' lang='lat' dir='ltr'><strong>Temet</strong></span> <span class='ocrx_word' id='word_1_707' title='bbox 2839 3823 3019 3896; x_wconf 90' lang='lat' dir='ltr'><strong>ipsum</strong></span> <span class='ocrx_word' id='word_1_708' title='bbox 3052 3828 3263 3878; x_wconf 90' lang='lat' dir='ltr'><strong>castum</strong></span> <span class='ocrx_word' id='word_1_709' title='bbox 3284 3815 3546 3877; x_wconf 83' lang='lat' dir='ltr'><strong>custodi.-</strong></span> 
     </span>
    </p>
   </div>
   <div class='ocr_carea' id='block_1_99' title="bbox 1961 3908 3561 3986">
    <p class='ocr_par' dir='ltr' id='par_1_99' title="bbox 1961 3908 3561 3986">
     <span class='ocr_line' id='line_1_99' title="bbox 1961 3908 3561 3986; baseline -0.01 -12"><span class='ocrx_word' id='word_1_710' title='bbox 1961 3916 2429 3974; x_wconf 84' lang='lat' dir='ltr'><strong>Contestationem</strong></span> <span class='ocrx_word' id='word_1_711' title='bbox 2483 3915 2711 3986; x_wconf 88' lang='lat' dir='ltr'><strong>deponit</strong></span> <span class='ocrx_word' id='word_1_712' title='bbox 2765 3913 2914 3986; x_wconf 89' lang='lat' dir='ltr'><strong>apud</strong></span> <span class='ocrx_word' id='word_1_713' title='bbox 2971 3913 3148 3968; x_wconf 88' lang='lat' dir='ltr'><strong>Deum</strong></span> <span class='ocrx_word' id='word_1_714' title='bbox 3214 3908 3454 3973; x_wconf 89' lang='lat' dir='ltr'><strong>Patrem,</strong></span> <span class='ocrx_word' id='word_1_715' title='bbox 3507 3912 3561 3958; x_wconf 90' lang='lat' dir='ltr'><strong>et</strong></span> 
     </span>
    </p>
   </div>
   <div class='ocr_carea' id='block_1_100' title="bbox 1963 3996 3559 4074">
    <p class='ocr_par' dir='ltr' id='par_1_100' title="bbox 1963 3996 3559 4074">
     <span class='ocr_line' id='line_1_100' title="bbox 1963 3996 3559 4074; baseline -0.009 -12"><span class='ocrx_word' id='word_1_716' title='bbox 1963 4004 2246 4062; x_wconf 87' lang='lat' dir='ltr'><strong>Christum</strong></span> <span class='ocrx_word' id='word_1_717' title='bbox 2291 4004 2471 4059; x_wconf 90' lang='lat' dir='ltr'><strong>ﬁlium</strong></span> <span class='ocrx_word' id='word_1_718' title='bbox 2502 4001 2639 4074; x_wconf 84' lang='lat' dir='ltr'><strong>ejus,</strong></span> <span class='ocrx_word' id='word_1_719' title='bbox 2666 4011 2721 4058; x_wconf 90' lang='lat' dir='ltr'><strong>et</strong></span> <span class='ocrx_word' id='word_1_720' title='bbox 2747 4003 2950 4058; x_wconf 90' lang='lat' dir='ltr'><strong>electos</strong></span> <span class='ocrx_word' id='word_1_721' title='bbox 2996 3998 3114 4069; x_wconf 91' lang='lat' dir='ltr'><strong>ejus</strong></span> <span class='ocrx_word' id='word_1_722' title='bbox 3144 3996 3388 4066; x_wconf 88' lang='lat' dir='ltr'><strong>angelos,</strong></span> <span class='ocrx_word' id='word_1_723' title='bbox 3421 4005 3559 4061; x_wconf 85' lang='lat' dir='ltr'><strong>quos</strong></span> 
     </span>
    </p>
   </div>
   <div class='ocr_carea' id='block_1_101' title="bbox 1960 4084 3556 4165">
    <p class='ocr_par' dir='ltr' id='par_1_101' title="bbox 1960 4084 3556 4165">
     <span class='ocr_line' id='line_1_101' title="bbox 1960 4084 3556 4165; baseline -0.013 -16"><span class='ocrx_word' id='word_1_724' title='bbox 1960 4093 2232 4150; x_wconf 91' lang='lat' dir='ltr'><strong>Dominus</strong></span> <span class='ocrx_word' id='word_1_725' title='bbox 2269 4093 2328 4148; x_wconf 90' lang='lat' dir='ltr'><strong>in</strong></span> <span class='ocrx_word' id='word_1_726' title='bbox 2356 4092 2660 4165; x_wconf 83' lang='lat' dir='ltr'><strong>Evangelia</strong></span> <span class='ocrx_word' id='word_1_727' title='bbox 2682 4099 2900 4148; x_wconf 89' lang='lat' dir='ltr'><strong>sanctos</strong></span> <span class='ocrx_word' id='word_1_728' title='bbox 2931 4087 3171 4159; x_wconf 90' lang='lat' dir='ltr'><strong>appellat</strong></span> <span class='ocrx_word' id='word_1_729' title='bbox 3202 4084 3399 4152; x_wconf 84' lang='lat' dir='ltr'><strong>(Marc.</strong></span> <span class='ocrx_word' id='word_1_730' title='bbox 3430 4092 3556 4165; x_wconf 69' lang='lat' dir='ltr'><strong>viii,</strong></span> 
     </span>
    </p>
   </div>
   <div class='ocr_carea' id='block_1_102' title="bbox 1962 4162 3556 4255">
    <p class='ocr_par' dir='ltr' id='par_1_102' title="bbox 1962 4162 3556 4255">
     <span class='ocr_line' id='line_1_102' title="bbox 1962 4162 3556 4255; baseline -0.013 -17"><span class='ocrx_word' id='word_1_731' title='bbox 1962 4183 2078 4255; x_wconf 86' lang='lat'><strong>38).</strong></span> <span class='ocrx_word' id='word_1_732' title='bbox 2136 4183 2206 4238; x_wconf 85' lang='lat' dir='ltr'><strong>Hi</strong></span> <span class='ocrx_word' id='word_1_733' title='bbox 2265 4199 2392 4255; x_wconf 91' lang='lat' dir='ltr'><strong>ergo</strong></span> <span class='ocrx_word' id='word_1_734' title='bbox 2438 4162 2600 4238; x_wconf 83' lang='lat' dir='ltr'><strong>electi</strong></span> <span class='ocrx_word' id='word_1_735' title='bbox 2654 4188 2805 4247; x_wconf 87' lang='lat' dir='ltr'><strong>sunt,</strong></span> <span class='ocrx_word' id='word_1_736' title='bbox 2857 4176 2986 4248; x_wconf 90' lang='lat' dir='ltr'><strong>quia</strong></span> <span class='ocrx_word' id='word_1_737' title='bbox 3016 4178 3144 4227; x_wconf 89' lang='lat' dir='ltr'><strong>sunt</strong></span> <span class='ocrx_word' id='word_1_738' title='bbox 3189 4168 3286 4225; x_wconf 90' lang='lat' dir='ltr'><strong>alii</strong></span> <span class='ocrx_word' id='word_1_739' title='bbox 3317 4162 3556 4255; x_wconf 81' lang='lat' dir='ltr'><strong>reprobi,</strong></span> 
     </span>
    </p>
   </div>
   <div class='ocr_carea' id='block_1_103' title="bbox 1962 4253 3558 4344">
    <p class='ocr_par' dir='ltr' id='par_1_103' title="bbox 1962 4253 3558 4344">
     <span class='ocr_line' id='line_1_103' title="bbox 1962 4253 3558 4344; baseline -0.011 -17"><span class='ocrx_word' id='word_1_740' title='bbox 1962 4253 2056 4344; x_wconf 84' lang='lat' dir='ltr'><strong>qui</strong></span> <span class='ocrx_word' id='word_1_741' title='bbox 2085 4279 2214 4327; x_wconf 91' lang='lat' dir='ltr'><strong>sunt</strong></span> <span class='ocrx_word' id='word_1_742' title='bbox 2245 4253 2357 4327; x_wconf 84' lang='lat' dir='ltr'><strong>non</strong></span> <span class='ocrx_word' id='word_1_743' title='bbox 2393 4269 2492 4327; x_wconf 90' lang='lat' dir='ltr'><strong>Dei</strong></span> <span class='ocrx_word' id='word_1_744' title='bbox 2527 4266 2732 4338; x_wconf 90' lang='lat' dir='ltr'><strong>angeli,</strong></span> <span class='ocrx_word' id='word_1_745' title='bbox 2777 4263 2872 4319; x_wconf 90' lang='lat' dir='ltr'><strong>sed</strong></span> <span class='ocrx_word' id='word_1_746' title='bbox 2914 4258 3143 4325; x_wconf 91' lang='lat' dir='ltr'><strong>diaboli,</strong></span> <span class='ocrx_word' id='word_1_747' title='bbox 3201 4253 3558 4313; x_wconf 88' lang='lat' dir='ltr'><strong>assentientes</strong></span> 
     </span>
    </p>
   </div>
   <div class='ocr_carea' id='block_1_104' title="bbox 1961 4351 3558 4438">
    <p class='ocr_par' dir='ltr' id='par_1_104' title="bbox 1961 4351 3558 4438">
     <span class='ocr_line' id='line_1_104' title="bbox 1961 4351 3558 4438; baseline -0.008 -20"><span class='ocrx_word' id='word_1_748' title='bbox 1961 4365 2244 4437; x_wconf 81' lang='lat' dir='ltr'><strong>apostasiae</strong></span> <span class='ocrx_word' id='word_1_749' title='bbox 2275 4363 2411 4434; x_wconf 90' lang='lat' dir='ltr'><strong>ejus.</strong></span> <span class='ocrx_word' id='word_1_750' title='bbox 2452 4361 2566 4416; x_wconf 87' lang='lat' dir='ltr'><strong>Sub</strong></span> <span class='ocrx_word' id='word_1_751' title='bbox 2606 4357 2898 4416; x_wconf 88' lang='lat' dir='ltr'><strong>testatione</strong></span> <span class='ocrx_word' id='word_1_752' title='bbox 2926 4371 3053 4427; x_wconf 91' lang='lat' dir='ltr'><strong>ergo</strong></span> <span class='ocrx_word' id='word_1_753' title='bbox 3100 4367 3342 4438; x_wconf 3' lang='lat' dir='ltr'><strong>ea,‘pquae</strong></span> <span class='ocrx_word' id='word_1_754' title='bbox 3377 4351 3445 4407; x_wconf 89' lang='lat' dir='ltr'><strong>ad</strong></span> <span class='ocrx_word' id='word_1_755' title='bbox 3473 4366 3558 4406; x_wconf 89' lang='lat' dir='ltr'><strong>or-</strong></span> 
     </span>
    </p>
   </div>
   <div class='ocr_carea' id='block_1_105' title="bbox 1961 4443 3560 4518">
    <p class='ocr_par' dir='ltr' id='par_1_105' title="bbox 1961 4443 3560 4518">
     <span class='ocr_line' id='line_1_105' title="bbox 1961 4443 3560 4518; baseline -0.008 -7"><span class='ocrx_word' id='word_1_756' title='bbox 1961 4454 2301 4511; x_wconf 88' lang='lat' dir='ltr'><strong>dinationem</strong></span> <span class='ocrx_word' id='word_1_757' title='bbox 2363 4453 2624 4508; x_wconf 72' lang='lat' dir='ltr'><strong>Ecclesiaa</strong></span> <span class='ocrx_word' id='word_1_758' title='bbox 2690 4448 2915 4506; x_wconf 89' lang='lat' dir='ltr'><strong>mandat</strong></span> <span class='ocrx_word' id='word_1_759' title='bbox 2963 4446 3256 4514; x_wconf 88' lang='lat' dir='ltr'><strong>custodiri,</strong></span> <span class='ocrx_word' id='word_1_760' title='bbox 3311 4443 3560 4518; x_wconf 74' lang='lat' dir='ltr'><strong>praecipit</strong></span> 
     </span>
    </p>
   </div>
   <div class='ocr_carea' id='block_1_106' title="bbox 1964 4532 3558 4612">
    <p class='ocr_par' dir='ltr' id='par_1_106' title="bbox 1964 4532 3558 4612">
     <span class='ocr_line' id='line_1_106' title="bbox 1964 4532 3558 4612; baseline -0.006 -15"><span class='ocrx_word' id='word_1_761' title='bbox 1964 4543 2107 4598; x_wconf 90' lang='lat' dir='ltr'><strong>nihil</strong></span> <span class='ocrx_word' id='word_1_762' title='bbox 2151 4543 2268 4598; x_wconf 91' lang='lat' dir='ltr'><strong>ﬁeri</strong></span> <span class='ocrx_word' id='word_1_763' title='bbox 2311 4541 2429 4597; x_wconf 88' lang='lat' dir='ltr'><strong>sine</strong></span> <span class='ocrx_word' id='word_1_764' title='bbox 2471 4537 2832 4612; x_wconf 57' lang='lat' dir='ltr'><strong>praejudicio;</strong></span> <span class='ocrx_word' id='word_1_765' title='bbox 2867 4554 2935 4596; x_wconf 86' lang='lat' dir='ltr'><strong>ne</strong></span> <span class='ocrx_word' id='word_1_766' title='bbox 2966 4537 3126 4593; x_wconf 88' lang='lat' dir='ltr'><strong>facile</strong></span> <span class='ocrx_word' id='word_1_767' title='bbox 3173 4535 3374 4610; x_wconf 85' lang='lat' dir='ltr'><strong>aliquis</strong></span> <span class='ocrx_word' id='word_1_768' title='bbox 3420 4532 3558 4590; x_wconf 89' lang='lat' dir='ltr'><strong>acci-</strong></span> 
     </span>
    </p>
   </div>
   <div class='ocr_carea' id='block_1_107' title="bbox 1964 4623 3559 4703">
    <p class='ocr_par' dir='ltr' id='par_1_107' title="bbox 1964 4623 3559 4703">
     <span class='ocr_line' id='line_1_107' title="bbox 1964 4623 3559 4703; baseline -0.006 -17"><span class='ocrx_word' id='word_1_769' title='bbox 1964 4632 2078 4703; x_wconf 89' lang='lat' dir='ltr'><strong>piat</strong></span> <span class='ocrx_word' id='word_1_770' title='bbox 2117 4630 2537 4688; x_wconf 88' lang='lat' dir='ltr'><strong>ecclesiasticam</strong></span> <span class='ocrx_word' id='word_1_771' title='bbox 2587 4627 2936 4701; x_wconf 86' lang='lat' dir='ltr'><strong>dignitatem,</strong></span> <span class='ocrx_word' id='word_1_772' title='bbox 2986 4626 3093 4683; x_wconf 90' lang='lat' dir='ltr'><strong>nisi</strong></span> <span class='ocrx_word' id='word_1_773' title='bbox 3142 4625 3296 4698; x_wconf 89' lang='lat' dir='ltr'><strong>prius</strong></span> <span class='ocrx_word' id='word_1_774' title='bbox 3343 4624 3410 4680; x_wconf 91' lang='lat' dir='ltr'><strong>de</strong></span> <span class='ocrx_word' id='word_1_775' title='bbox 3442 4623 3559 4678; x_wconf 89' lang='lat' dir='ltr'><strong>vita</strong></span> 
     </span>
    </p>
   </div>
   <div class='ocr_carea' id='block_1_108' title="bbox 1961 4715 3556 4794">
    <p class='ocr_par' dir='ltr' id='par_1_108' title="bbox 1961 4715 3556 4794">
     <span class='ocr_line' id='line_1_108' title="bbox 1961 4715 3556 4794; baseline -0.006 -16"><span class='ocrx_word' id='word_1_776' title='bbox 1961 4722 2078 4794; x_wconf 89' lang='lat' dir='ltr'><strong>ejus</strong></span> <span class='ocrx_word' id='word_1_777' title='bbox 2106 4729 2160 4776; x_wconf 90' lang='lat' dir='ltr'><strong>et</strong></span> <span class='ocrx_word' id='word_1_778' title='bbox 2186 4720 2433 4777; x_wconf 89' lang='lat' dir='ltr'><strong>moribus</strong></span> <span class='ocrx_word' id='word_1_779' title='bbox 2460 4719 2628 4776; x_wconf 88' lang='lat' dir='ltr'><strong>fuerit</strong></span> <span class='ocrx_word' id='word_1_780' title='bbox 2657 4718 3032 4790; x_wconf 87' lang='lat' dir='ltr'><strong>disputatum;</strong></span> <span class='ocrx_word' id='word_1_781' title='bbox 3057 4724 3118 4772; x_wconf 90' lang='lat' dir='ltr'><strong>ut</strong></span> <span class='ocrx_word' id='word_1_782' title='bbox 3147 4715 3346 4788; x_wconf 89' lang='lat' dir='ltr'><strong>dignus</strong></span> <span class='ocrx_word' id='word_1_783' title='bbox 3366 4729 3556 4786; x_wconf 88' lang='lat' dir='ltr'><strong>appro-</strong></span> 
     </span>
    </p>
   </div>
   <div class='ocr_carea' id='block_1_109' title="bbox 1959 4808 3555 4882">
    <p class='ocr_par' dir='ltr' id='par_1_109' title="bbox 1959 4808 3555 4882">
     <span class='ocr_line' id='line_1_109' title="bbox 1959 4808 3555 4882; baseline -0.009 -9"><span class='ocrx_word' id='word_1_784' title='bbox 1959 4817 2140 4882; x_wconf 87' lang='lat' dir='ltr'><strong>batus,</strong></span> <span class='ocrx_word' id='word_1_785' title='bbox 2187 4813 2441 4870; x_wconf 88' lang='lat' dir='ltr'><strong>minister</strong></span> <span class='ocrx_word' id='word_1_786' title='bbox 2485 4822 2582 4868; x_wconf 89' lang='lat' dir='ltr'><strong>aut</strong></span> <span class='ocrx_word' id='word_1_787' title='bbox 2622 4811 2876 4868; x_wconf 89' lang='lat' dir='ltr'><strong>sacerdos</strong></span> <span class='ocrx_word' id='word_1_788' title='bbox 2925 4808 3315 4874; x_wconf 90' lang='lat' dir='ltr'><strong>constituatur,</strong></span> <span class='ocrx_word' id='word_1_789' title='bbox 3346 4811 3407 4860; x_wconf 92' lang='lat' dir='ltr'><strong>ut</strong></span> <span class='ocrx_word' id='word_1_790' title='bbox 3443 4819 3555 4860; x_wconf 90' lang='lat' dir='ltr'><strong>non</strong></span> 
     </span>
    </p>
   </div>
   <div class='ocr_carea' id='block_1_110' title="bbox 1960 4894 3559 4978">
    <p class='ocr_par' dir='ltr' id='par_1_110' title="bbox 1960 4894 3559 4978">
     <span class='ocr_line' id='line_1_110' title="bbox 1960 4894 3559 4978; baseline -0.008 -18"><span class='ocrx_word' id='word_1_791' title='bbox 1960 4913 2144 4978; x_wconf 89' lang='lat' dir='ltr'><strong>postea</strong></span> <span class='ocrx_word' id='word_1_792' title='bbox 2194 4903 2242 4960; x_wconf 88' lang='lat' dir='ltr'><strong>si</strong></span> <span class='ocrx_word' id='word_1_793' title='bbox 2295 4899 2745 4974; x_wconf 88' lang='lat' dir='ltr'><strong>reprehensibilis</strong></span> <span class='ocrx_word' id='word_1_794' title='bbox 2792 4897 3066 4967; x_wconf 89' lang='lat' dir='ltr'><strong>videatur,</strong></span> <span class='ocrx_word' id='word_1_795' title='bbox 3113 4897 3377 4970; x_wconf 72' lang='lat' dir='ltr'><strong>pmniteat</strong></span> <span class='ocrx_word' id='word_1_796' title='bbox 3420 4894 3559 4949; x_wconf 84' lang='lat' dir='ltr'><strong>forte</strong></span> 
     </span>
    </p>
   </div>
   <div class='ocr_carea' id='block_1_111' title="bbox 1958 4979 3554 5068">
    <p class='ocr_par' dir='ltr' id='par_1_111' title="bbox 1958 4979 3554 5068">
     <span class='ocr_line' id='line_1_111' title="bbox 1958 4979 3554 5068; baseline -0.01 -18"><span class='ocrx_word' id='word_1_797' title='bbox 1958 4993 2262 5068; x_wconf 87' lang='lat' dir='ltr'><strong>principem</strong></span> <span class='ocrx_word' id='word_1_798' title='bbox 2285 4991 2473 5066; x_wconf 88' lang='lat' dir='ltr'><strong>populi</strong></span> <span class='ocrx_word' id='word_1_799' title='bbox 2495 5006 2606 5047; x_wconf 88' lang='lat' dir='ltr'><strong>non</strong></span> <span class='ocrx_word' id='word_1_800' title='bbox 2629 4988 2699 5046; x_wconf 89' lang='lat' dir='ltr'><strong>ad</strong></span> <span class='ocrx_word' id='word_1_801' title='bbox 2723 4987 2998 5064; x_wconf 88' lang='lat' dir='ltr'><strong>liquidum</strong></span> <span class='ocrx_word' id='word_1_802' title='bbox 3022 4985 3404 5060; x_wconf 67' lang='lat' dir='ltr'><strong>prasjudicasse</strong></span> <span class='ocrx_word' id='word_1_803' title='bbox 3439 4979 3554 5052; x_wconf 88' lang='lat'><strong>(60)</strong></span> 
     </span>
    </p>
   </div>
   <div class='ocr_carea' id='block_1_112' title="bbox 2030 5185 3279 5264">
    <p class='ocr_par' dir='ltr' id='par_1_112' title="bbox 2030 5185 3279 5264">
     <span class='ocr_line' id='line_1_112' title="bbox 2030 5185 3279 5264; baseline -0.01 -14"><span class='ocrx_word' id='word_1_804' title='bbox 2030 5193 2146 5264; x_wconf 87' lang='grc'>(57)</span> <span class='ocrx_word' id='word_1_805' title='bbox 2171 5192 2358 5264; x_wconf 89' lang='lat' dir='ltr'><strong>Codex</strong></span> <span class='ocrx_word' id='word_1_806' title='bbox 2386 5189 2874 5264; x_wconf 40' lang='grc' dir='ltr'><strong>ναιιηησοηραυάεε</strong></span> <span class='ocrx_word' id='word_1_807' title='bbox 2891 5205 2943 5264; x_wconf 61' lang='lat' dir='ltr'><strong>se</strong></span> <span class='ocrx_word' id='word_1_808' title='bbox 2967 5185 3144 5264; x_wconf 74' lang='lat' dir='ltr'><strong>etiam,</strong></span> <span class='ocrx_word' id='word_1_809' title='bbox 3175 5192 3279 5264; x_wconf 52' lang='lat' dir='ltr'><strong>etc:</strong></span> 
     </span>
    </p>
   </div>
   <div class='ocr_carea' id='block_1_113' title="bbox 2031 5252 3550 5336">
    <p class='ocr_par' dir='ltr' id='par_1_113' title="bbox 2031 5252 3550 5336">
     <span class='ocr_line' id='line_1_113' title="bbox 2031 5252 3550 5336; baseline -0.012 -15"><span class='ocrx_word' id='word_1_810' title='bbox 2181 5263 2330 5336; x_wconf 84' lang='lat' dir='ltr'><strong>Edit.</strong></span> <span class='ocrx_word' id='word_1_811' title='bbox 2372 5269 2426 5316; x_wconf 90' lang='lat' dir='ltr'><strong>et</strong></span> <span class='ocrx_word' id='word_1_812' title='bbox 2453 5252 2708 5334; x_wconf 57' lang='lat' dir='ltr'><strong>quidam&#39;</strong></span> <span class='ocrx_word' id='word_1_813' title='bbox 2728 5277 2857 5336; x_wconf 79' lang='lat' dir='ltr'><strong>mss.</strong></span> <span class='ocrx_word' id='word_1_814' title='bbox 2892 5257 3154 5336; x_wconf 56' lang='lat' dir='ltr'><strong>Quoniam</strong></span> <span class='ocrx_word' id='word_1_815' title='bbox 3184 5255 3364 5336; x_wconf 26' lang='lat' dir='ltr'><strong>cuii-no;</strong></span> <span class='ocrx_word' id='word_1_816' title='bbox 3392 5252 3550 5336; x_wconf 77' lang='lat' dir='ltr'><strong>Rom.</strong></span> 
     </span>
    </p>
   </div>
   <div class='ocr_carea' id='block_1_114' title="bbox 1957 5328 3551 5404">
    <p class='ocr_par' dir='ltr' id='par_1_114' title="bbox 1957 5328 3551 5404">
     <span class='ocr_line' id='line_1_114' title="bbox 1957 5328 3551 5404; baseline -0.013 -13"><span class='ocrx_word' id='word_1_817' title='bbox 1957 5328 2088 5392; x_wconf 85' lang='lat' dir='ltr'><strong>edit.</strong></span> <span class='ocrx_word' id='word_1_818' title='bbox 2129 5328 2393 5404; x_wconf 57' lang='lat' dir='ltr'><strong>&#39;Quoniam</strong></span> <span class='ocrx_word' id='word_1_819' title='bbox 2443 5328 2597 5400; x_wconf 52' lang='lat' dir='ltr'><strong>v&#39;ero,‘</strong></span> <span class='ocrx_word' id='word_1_820' title='bbox 2659 5332 2859 5388; x_wconf 91' lang='lat' dir='ltr'><strong>melius</strong></span> <span class='ocrx_word' id='word_1_821' title='bbox 2904 5328 2999 5384; x_wconf 89' lang='lat' dir='ltr'><strong>alii</strong></span> <span class='ocrx_word' id='word_1_822' title='bbox 3048 5344 3178 5382; x_wconf 90' lang='lat' dir='ltr'><strong>mss.</strong></span> <span class='ocrx_word' id='word_1_823' title='bbox 3235 5332 3297 5378; x_wconf 88' lang='lat' dir='ltr'><strong>ut</strong></span> <span class='ocrx_word' id='word_1_824' title='bbox 3326 5328 3383 5376; x_wconf 89' lang='lat' dir='ltr'><strong>in</strong></span> <span class='ocrx_word' id='word_1_825' title='bbox 3414 5333 3551 5374; x_wconf 89' lang='lat' dir='ltr'><strong>con-</strong></span> 
     </span>
    </p>
   </div>
   <div class='ocr_carea' id='block_1_115' title="bbox 1953 5415 3554 5560">
    <p class='ocr_par' dir='ltr' id='par_1_115' title="bbox 1953 5415 3554 5560">
     <span class='ocr_line' id='line_1_115' title="bbox 1953 5415 3554 5560; baseline -0.016 -23"><span class='ocrx_word' id='word_1_826' title='bbox 2177 5479 2335 5536; x_wconf 81' lang='lat' dir='ltr'><strong>Rom.</strong></span> <span class='ocrx_word' id='word_1_827' title='bbox 2362 5476 2522 5546; x_wconf 89' lang='lat' dir='ltr'><strong>edit.,</strong></span> <span class='ocrx_word' id='word_1_828' title='bbox 2551 5491 2714 5549; x_wconf 78' lang='lat' dir='ltr'><strong>neque</strong></span> <span class='ocrx_word' id='word_1_829' title='bbox 2752 5479 2798 5528; x_wconf 73' lang='lat' dir='ltr'><strong>to</strong></span> <span class='ocrx_word' id='word_1_830' title='bbox 2841 5464 3305 5526; x_wconf 76' lang='lat' dir='ltr'><strong>commaculaveris</strong></span> <span class='ocrx_word' id='word_1_831' title='bbox 3329 5459 3554 5533; x_wconf 78' lang='lat' dir='ltr'><strong>peccatis</strong></span> 
     </span>
    </p>
   </div>
   <div class='ocr_carea' id='block_1_116' title="bbox 1954 5551 2166 5608">
    <p class='ocr_par' dir='ltr' id='par_1_116' title="bbox 1954 5551 2166 5608">
     <span class='ocr_line' id='line_1_116' title="bbox 1954 5551 2166 5608; baseline 0.009 -2"><span class='ocrx_word' id='word_1_832' title='bbox 1954 5551 2166 5608; x_wconf 75' lang='lat' dir='ltr'><strong>alienis.</strong></span> 
     </span>
    </p>
   </div>
   <div class='ocr_carea' id='block_1_117' title="bbox 1958 5619 3550 5766">
    <p class='ocr_par' dir='ltr' id='par_1_117' title="bbox 1958 5619 3550 5766">
     <span class='ocr_line' id='line_1_117' title="bbox 1958 5619 3550 5766; baseline -0.023 -53"><span class='ocrx_word' id='word_1_833' title='bbox 1958 5638 2146 5766; x_wconf 44' lang='lat' dir='ltr'><strong>dim)</strong></span> <span class='ocrx_word' id='word_1_834' title='bbox 2178 5638 2382 5700; x_wconf 80' lang='lat' dir='ltr'><strong>Eadem</strong></span> <span class='ocrx_word' id='word_1_835' title='bbox 2411 5638 2568 5699; x_wconf 83' lang='lat' dir='ltr'><strong>Rom.</strong></span> <span class='ocrx_word' id='word_1_836' title='bbox 2618 5633 2775 5702; x_wconf 83' lang='lat' dir='ltr'><strong>edit.,</strong></span> <span class='ocrx_word' id='word_1_837' title='bbox 2813 5647 2918 5688; x_wconf 77' lang='lat' dir='ltr'><strong>non</strong></span> <span class='ocrx_word' id='word_1_838' title='bbox 2961 5627 3032 5684; x_wconf 82' lang='lat' dir='ltr'><strong>ad</strong></span> <span class='ocrx_word' id='word_1_839' title='bbox 3081 5619 3344 5696; x_wconf 77' lang='lat' dir='ltr'><strong>liquidum</strong></span> <span class='ocrx_word' id='word_1_840' title='bbox 3369 5621 3550 5697; x_wconf 77' lang='lat' dir='ltr'><strong>provi-</strong></span> 
     </span>
     <span class='ocr_line' id='line_1_118' title="bbox 1994 5726 2113 5766; baseline -0.008 0"><span class='ocrx_word' id='word_1_841' title='bbox 1994 5726 2113 5766; x_wconf 74' lang='lat' dir='ltr'><strong>isse.</strong></span> 
     </span>
    </p>
   </div>
   <div class='ocr_carea' id='block_1_118' title="bbox 1994 5726 2113 5768">
    <p class='ocr_par' dir='ltr' id='par_1_118' title="bbox 1994 5726 2113 5768">
     <span class='ocr_line' id='line_1_119' title="bbox 1994 5726 2113 5768; baseline 0.017 -2"><span class='ocrx_word' id='word_1_842' title='bbox 1994 5726 2113 5768; x_wconf 62' lang='lat'><strong>1886.</strong></span> 
     </span>
    </p>
   </div>
  </div>
