4070 6186
509 277 613 337 507

509 406 645 483 quid
697 412 1018 473 mereretur,
1075 418 1240 476 quem
1294 398 1730 474 improbabiliter
1786 398 2099 466 ordinavit;
2131 400 2181 461 A

511 515 613 556 nec
669 497 828 552 illum
882 493 1040 566 cujus
1077 487 1298 566 peccata
1347 490 1414 546 ad
1439 490 1809 562 suspicionem
1849 489 2101 557 veniunt,

511 587 900 657 ordinandum,
959 600 1027 638 ne
1079 581 1513 640 commaculetur
1550 578 1834 634 ordinator
1863 579 2016 635 vitiis
2055 585 2108 633 et

511 675 726 732 delictis
754 673 892 746 ejus.
925 672 983 730 Si
1011 689 1140 744 ergo
1187 669 1416 727 omnino
1455 667 1682 723 latentia
1710 675 1839 723 sunt
1884 667 2106 735 delicta,

512 764 777 820 immunis
815 763 920 820 erit
961 769 1175 828 rector;
1224 758 1356 830 quia
1405 756 1743 813 conscientia
1771 755 1890 826 ejus
1938 756 2110 811 libera

511 861 610 910 est.
655 852 908 926 Suspicio
959 851 1108 906 enim
1159 845 1436 918 trepidum
1483 845 1659 913 facit;
1713 853 1902 920 peccat
1959 844 2106 900 enim

511 943 557 1000 si
600 958 712 998 non
762 940 979 1014 probat,
1011 947 1065 994 et
1108 936 1191 993 sic
1215 935 1460 992 ordinat.
1493 935 1690 992 Melior
1718 934 1868 990 enim
1899 933 2109 990 caeteris

511 1029 670 1086 debet
685 1028 928 1102 probari,
961 1028 1055 1100 qui
1079 1026 1426 1083 ordinandus
1446 1033 1556 1083 est:
1585 1040 1696 1081 non
1717 1025 1863 1080 enim
1885 1024 2107 1093 sufﬁcit,

510 1121 556 1176 si
587 1119 704 1177 sine
735 1118 976 1176 crimine
1006 1117 1116 1185 sit;
1152 1115 1283 1190 quia
1313 1116 1513 1172 merita
1547 1113 1664 1187 ejus
1691 1113 1892 1171 debent
1917 1113 2110 1187 praeire

507 1212 802 1268 bonorum
828 1226 1078 1283 operum,
1126 1215 1192 1264 ut
1241 1207 1442 1280 dignus
1478 1206 1746 1263 habeatur
1780 1204 1848 1262 ad
1877 1204 2111 1260 ordina-

507 1303 734 1358 tionem.
769 1299 897 1357 Haec
929 1299 1217 1372 episcopus
1246 1295 1586 1366 custodiens,
1614 1305 1826 1354 castum
1857 1311 1911 1351 se
1941 1294 2112 1351 exhi-

508 1393 658 1448 bebit
685 1390 977 1464 religioni:
1011 1388 1171 1461 cujus
1200 1387 1279 1444 rei
1315 1388 1374 1445 in
1407 1387 1601 1443 futuro
1631 1385 1920 1460 praemium
1967 1401 2112 1444 con-

507 1490 783 1556 sequetur.
1935 1532 1944 1541 .

581 1575 763 1647 (Vere.
796 1572 916 1644 23.)
964 1595 981 1619 ι
1013 1571 1138 1628 Noli
1171 1570 1354 1627 adhuc
1379 1570 1569 1626 bibere
1607 1584 1824 1640 aquam,
1856 1568 1952 1625 sed
1980 1567 2112 1623 vino

509 1662 727 1722 modico
765 1669 918 1718 utere
947 1669 1169 1734 propter
1213 1659 1561 1717 stomachum
1591 1665 1776 1726 tuum,
1805 1666 1861 1714 et
1897 1657 2113 1718 crebras

1540 273 1636 354 AD
1675 270 1910 330 OPEBA
1947 267 2005 326 S.
2044 262 2377 324 AMBROSII
2415 261 2794 351 APPENDIX.

3704 257 3814 318 508

2739 395 2884 456 302
2927 390 3154 454 CAPUT
3182 390 3278 448 VI.

2288 490 2469 563 (Vera.
2505 491 2582 562 1.)
2629 516 2647 539 ι
2676 493 2958 564 Quotquot
2983 489 3084 546 sub
3118 487 3251 560 jugo
3280 494 3412 544 sunt
3441 487 3607 555 servi,
3640 484 3825 542 domi.

2215 599 2316 639 nos
2361 600 2488 639 suos
2538 584 2687 639 omni
2737 583 2944 639 honore
2991 581 3188 654 dignos
3221 579 3576 647 arbitrentur,
3610 594 3682 635 ne
3725 595 3826 634 ne-

2218 688 2343 728 men
2373 672 2596 728 Domini
2626 680 2679 728 et
2707 671 2961 728 doctrina
2997 668 3428 742 blasphemetur.
3457 693 3477 715 ι
3524 667 3825 724 Servorum

2217 762 2495 836 obsequiis
2537 762 2791 818 dominos
2837 764 2950 818 Deo
2997 761 3195 834 gratias
3241 760 3363 815 vult
3417 758 3658 815 referre:
3693 775 3826 815 cum

2218 850 2366 907 enim
2415 867 2513 923 per
2554 850 2654 906 Dei
2706 849 3056 922 disciplinam
3107 847 3290 904 ﬁdelia
3319 846 3433 903 illis
3461 847 3829 904 exhibuerint

2218 940 2467 1009 servitia,
2507 939 2649 996 forte
2693 937 2826 996 huic
2873 939 3038 995 etiam
3072 937 3176 1012 ipsi
3218 954 3275 994 se
3333 935 3630 1010 subjicient
3658 936 3826 996 disci-

2218 1031 2404 1104 plina).

2294 1123 2478 1196 (Vere.
2530 1122 2610 1195 2.)
2656 1147 2674 1170 ι
2705 1121 2811 1190 Qui
2865 1137 2997 1179 vero
3042 1121 3230 1178 ﬁdeles
3284 1119 3491 1178 habent
3542 1119 3825 1188 dominos,

2219 1227 2334 1268 non
2364 1218 2740 1280 contemnant,
2775 1210 2905 1284 quia
2935 1211 3130 1267 fratres
3175 1217 3304 1266 sunt
3331 1227 3343 1265 :
3385 1209 3483 1265 sed
3513 1209 3687 1281 magis
3713 1225 3827 1265 ser-

2219 1301 2395 1368 viant,
2429 1303 2559 1375 quia
2608 1300 2794 1358 ﬁdeles
2848 1309 2978 1358 sunt
3029 1310 3083 1358 et
3129 1300 3337 1368 dilecti,
3385 1299 3517 1372 quia
3554 1298 3829 1356 beneﬁcia

2219 1390 2549 1464 percipiunt.
2586 1415 2605 1440 ι
2648 1390 2705 1447 Si
2748 1389 2993 1462 profanis
3043 1389 3285 1446 dominis
3325 1387 3681 1446 serviendum
3715 1397 3830 1445 tota

2222 1479 2597 1539 sollicitudine
2617 1481 2869 1554 imperat,
2902 1490 3110 1554 quanto
3143 1480 3316 1553 magis
3342 1479 3635 1536 ﬁdelibusl
3671 1479 3830 1536 Tunc

2221 1571 2369 1629 enim
2399 1572 2595 1644 probat
2644 1587 2700 1626 se
2729 1571 2919 1629 timori
2957 1571 3059 1628 Dei
3106 1569 3435 1642 subjectum,
3473 1568 3519 1626 si
3565 1567 3716 1624 ﬁdeli
3772 1575 3830 1623 et

2222 1659 2511 1733 temporali
2545 1659 2773 1720 domino
2821 1667 2937 1716 toto
2985 1659 3172 1716 animo
3201 1659 3368 1715 fuerit
3395 1657 3701 1715 obsecutus.
3746 1658 3831 1716 Ne

508 1763 631 1817 tuas
685 1752 1056 1809 inﬁrmitates.
1093 1775 1112 1797 ι
1153 1749 1314 1806 Nunc
1357 1747 1590 1820 speciale
1638 1747 1937 1805 consilium
1994 1746 2107 1816 dat,
2145 1768 2192 1828 B
2223 1750 2688 1809 contemnendum
2719 1756 2894 1822 putet,
2926 1749 3053 1822 quia
3073 1749 3242 1806 frater
3257 1747 3456 1804 dicitur
3475 1763 3632 1804 causa
3649 1762 3828 1803 com-

508 1849 571 1898 ut
635 1857 690 1897 se
747 1841 926 1912 ipsum
981 1838 1192 1896 salubri
1251 1847 1403 1912 regat
1464 1839 1750 1906 doctrina;
1812 1837 2111 1912 prudenter

509 1930 656 1985 enim
687 1931 832 1986 Deus
883 1927 988 1984 sibi
1035 1928 1233 1985 serviri
1264 1929 1407 1996 vult,
1438 1944 1549 1984 non
1581 1934 1644 1984 ut
1679 1927 1962 1983 nimietate
2013 1941 2111 1982 sua

509 2017 717 2075 debiles
768 2017 924 2087 ﬁant,
975 2025 1030 2073 et
1085 2024 1272 2090 postea
1322 2016 1662 2073 medicorum
1718 2015 1974 2087 suffragia
2013 2031 2112 2070 re-

510 2108 750 2184 quirant.
785 2106 1223 2179 Temperandum
1255 2107 1401 2162 enim
1433 2115 1534 2175 est,
1568 2113 1629 2161 ut
1661 2105 1706 2161 si
1754 2104 1874 2160 ﬁeri
1907 2113 2109 2178 potest,

509 2204 749 2270 creptum
806 2195 1130 2269 obsequium
1204 2194 1472 2268 gradatim
1534 2194 1892 2267 provehatur,
1941 2211 2107 2268 quam

509 2300 605 2357 per
628 2284 1152 2342 inconsiderantiam
1184 2283 1488 2340 minuatur.
1513 2284 1940 2356 Intemperantia
1960 2284 2110 2340 enim

506 2373 680 2447 ipsam
707 2375 948 2432 animam
979 2373 1281 2448 inquietam
1327 2373 1479 2442 facit,
1522 2382 1585 2430 ut
1613 2389 1738 2430 cum
1766 2373 1833 2430 de
1861 2373 2113 2430 inﬁrmi-

510 2469 621 2520 tate
660 2465 900 2522 sollicita
947 2471 1048 2533 est,
1095 2479 1209 2520 non
1256 2470 1473 2519 tantum
1527 2461 1714 2518 dedita
1767 2463 1840 2518 sit
1903 2462 2114 2520 divinis

508 2553 776 2611 servitiis.
842 2555 1118 2609 Damnum
1183 2552 1331 2608 enim
1409 2552 1565 2607 affert
1636 2551 2107 2634 improvidentia;

511 2643 703 2698 anima
731 2641 788 2698 in
815 2641 1214 2714 tranquillitate
1242 2641 1436 2713 posita,
1465 2649 1643 2698 totum
1675 2658 1770 2700 cor
1797 2642 2017 2698 extollit
2045 2641 2113 2697 ad

508 2732 706 2800 Deum,
771 2731 985 2806 integro
1041 2729 1276 2786 consilio
1330 2729 1640 2800 obsecrans,
1700 2746 1820 2805 quae
1871 2729 2109 2804 petenda

505 2827 636 2876 sunt
665 2819 806 2892 (61).
1878 2809 1880 2812 ’

579 2918 762 2989 (Vers.
796 2917 886 2985 2h,
924 2917 1042 2989 25.)
1089 2941 1108 2966 ‹
1136 2915 1516 2984 Quorumdam
1564 2916 1858 2974 hominum
1889 2925 2110 2992 peccata

506 3006 798 3062 manifesta
826 3014 974 3075 sunt,
1005 3005 1371 3078 praecedentia
1401 3005 1469 3061 ad
1489 3005 1787 3077 judicium,
1842 3007 2108 3080 quosdam

2225 1841 2410 1898 munis
2440 1842 2591 1911 ﬁdei,
2622 1841 2752 1916 quia
2791 1842 2967 1913 magis
2995 1836 3377 1912 corripiendus
3413 1835 3532 1904 erit,
3561 1835 3656 1908 qui
3683 1833 3826 1891 ﬁde.

2223 1931 2331 1988 lem
2362 1930 2647 1990 dominum
2672 1927 3137 1989 contemnendum
3165 1925 3462 2000 putaverit.

2297 2021 2481 2093 (Vere.
2511 2021 2594 2092 3.)
2639 2045 2657 2067 ι
2686 2021 2811 2076 Haec
2838 2019 2974 2080 doce
3012 2027 3066 2075 et
3094 2017 3410 2080 exhortare.
3441 2040 3461 2064 ιι
3503 2014 3826 2072 Doctriuam

2224 2110 2573 2168 Dominicam
2623 2109 2964 2170 manifestari
3009 2108 3150 2176 vult,
3195 2113 3259 2163 ut
3306 2105 3701 2163 obtrectatores
3745 2104 3824 2160 vi-

2223 2198 2407 2267 deant,
2435 2198 2564 2272 quia
2589 2215 2701 2256 non
2719 2207 2802 2255 est
2817 2197 2964 2271 quod
2986 2195 3478 2270 reprehendantur,
3499 2193 3560 2250 in
3577 2209 3640 2250 ea
3662 2211 3676 2249 :
3698 2209 3827 2250 con-

2221 2287 2521 2346 siderantes
2559 2289 2763 2362 pariter
2787 2304 2908 2362 quae
2937 2288 2996 2346 in
3036 2284 3204 2346 sacris
3234 2300 3426 2348 eorum
3458 2282 3572 2339 sint
3601 2282 3825 2339 occulta

2224 2378 2428 2450 turpia,
2461 2386 2515 2434 et
2543 2377 2868 2434 erubescant
2896 2391 2992 2449 per
3021 2372 3170 2448 quod
3209 2370 3617 2429 inexcusabiles
3645 2380 3828 2429 erunt.

2298 2469 2480 2541 (Vers.
2513 2469 2565 2537 4,
2596 2469 2678 2539 5.)
2713 2493 2731 2516 ι
2759 2468 2814 2525 Si
2845 2467 2970 2541 quis
2997 2466 3159 2524 aliter
3181 2465 3363 2532 docet,
3392 2471 3446 2527 et
3471 2478 3584 2518 non
3615 2462 3828 2536 acquie-

2224 2556 2328 2613 scit
2382 2556 2530 2613 sanis
2577 2556 2925 2614 sermonibus
2973 2553 3196 2618 Domini
3230 2553 3412 2610 nostri
3439 2553 3569 2609 Jesu
3597 2551 3827 2621 Christi,

2225 2652 2280 2701 et
2315 2646 2365 2701 ei
2395 2661 2515 2718 qum
2549 2645 2850 2703 secundum
2873 2645 3131 2718 pietatem
3161 2651 3262 2711 est,
3295 2641 3591 2701 doctrina):
3629 2657 3830 2714 super-

2224 2735 2309 2793 bit
2334 2743 2516 2792 antem
2547 2737 2691 2793 nihil
2722 2736 2921 2804 sciens,
2951 2735 3046 2791 sed
3084 2736 3350 2807 languens
3398 2733 3547 2790 circa
3575 2733 3830 2806 quaestio-

2226 2844 2324 2886 nes
2373 2839 2427 2886 et
2454 2845 2665 2902 pugnas
2693 2828 3011 2896 verborum,
3048 2843 3117 2882 ex
3156 2825 3360 2900 quibus
3407 2825 3550 2882 ﬁunt
3578 2823 3828 2892 invidia),

2227 2919 2632 2987 contentiones,
2689 2915 3064 2990 blasphemiae,
3097 2914 3440 2988 suspiciones
3479 2912 3656 2982 malae,
3689 2929 3833 2970 00n-

2226 3007 2560 3067 ﬁictationes
2590 3007 2903 3076 hominum,
2934 3005 3031 3079 qui
3057 3004 3306 3076 corrupti
3335 3013 3466 3064 sunt
3516 3010 3722 3071 mente,
3777 3010 3834 3062 et

507 3111 638 3151 vero
695 3102 750 3150 et
794 3093 1231 3167 subsequuntur.
1286 3093 1412 3150 Pari
1456 3095 1622 3152 modo
1662 3103 1716 3151 et
1753 3111 1917 3170 opera
1960 3096 2106 3154 bona
2140 3135 2184 3197 Ο
2226 3097 2321 3171 qui
2349 3097 2581 3154 veritate
2625 3104 2942 3163 caruerunt,
2996 3094 3378 3156 existimantes
3406 3098 3678 3190 quaestum
3710 3107 3826 3197 esse

508 3187 802 3244 manifesta
840 3194 1005 3243 sunt:
1040 3193 1094 3242 et
1142 3203 1262 3260 quae
1291 3186 1454 3243 aliter
1481 3203 1537 3242 se
1565 3185 1788 3256 habent,
1843 3187 2105 3245 abscondi

507 3293 619 3333 non
649 3285 896 3350 possunt.
930 3299 948 3323 ι
990 3276 1212 3333 Nullam
1251 3276 1665 3334 excusationem
1696 3276 1819 3333 vult
1870 3277 2106 3350 intelligi

507 3366 623 3423 fore
643 3382 854 3436 eorum,
881 3365 976 3440 qui
1006 3365 1095 3434 his
1120 3366 1424 3436 adhaerent,
1455 3383 1688 3441 quorum
1719 3373 1938 3439 peccata
1972 3384 2109 3441 pro-

505 3458 683 3530 palam
731 3466 897 3526 sunt;
948 3465 1010 3513 ut
1059 3475 1185 3516 cum
1243 3457 1490 3514 evitandi
1544 3457 1676 3526 sint,
1708 3458 1879 3529 magis
1908 3456 2106 3513 honori

505 3545 616 3599 sint
649 3545 788 3615 (62).
821 3546 937 3600 Hoc
989 3563 1116 3618 ergo
1146 3545 1440 3619 signiﬁcat,
1472 3553 1533 3600 ut
1576 3545 1742 3602 homo
1790 3545 1890 3602 Dei
1920 3545 1988 3602 ab
2021 3546 2108 3604 his

504 3639 836 3701 secernatur,
872 3633 1115 3689 maxime
1155 3634 1499 3706 dispensator
1539 3633 1768 3703 Christi,
1813 3634 1908 3707 qui
1941 3637 2106 3693 etiam

504 3719 842 3792 corripiendi
899 3736 991 3776 eos
1059 3721 1224 3778 habet
1303 3722 1723 3790 auctoritatem;
1781 3723 1875 3798 qui
1938 3723 1985 3779 si
2051 3739 2108 3780 se

505 3807 795 3866 emendare
843 3808 1195 3884 promittunt,
1234 3810 1510 3867 retinendi
1570 3819 1718 3868 sunt.
1774 3812 1930 3869 Alios
1975 3828 2107 3869 vero

504 3898 764 3974 subsequi
820 3903 967 3958 mala
1016 3919 1182 3976 opera
1212 3902 1435 3960 illorum
1485 3903 1762 3972 ostendit;
1813 3903 1942 3977 quia
1977 3920 2103 3961 cum

503 3989 755 4046 viventes
798 3991 1144 4050 aestimantur
1192 3992 1346 4061 boni,
1381 3993 1585 4048 mortui
1621 3992 1988 4065 deteguntur;
2043 4001 2106 4050 ut

505 4081 602 4156 qui
650 4082 804 4158 prius
846 4081 1211 4140 ostendebant
1254 4099 1310 4140 se
1340 4082 1586 4153 idoneos,
1627 4082 1978 4156 postmodum
2015 4082 2104 4139 de-

503 4172 782 4229 clarentur
817 4171 1164 4247 impostores.
1195 4172 1474 4246 Superiori
1505 4172 1719 4229 ratione
1766 4173 1911 4229 sicut
1939 4173 2100 4239 mala,

503 4260 580 4316 ita
629 4270 681 4318 et
727 4263 869 4320 facta
915 4264 1056 4320 bona
1092 4263 1382 4320 manifesta
1415 4269 1586 4330 sunt;
1619 4262 1764 4319 bona
1797 4261 1944 4319 enim
1985 4263 2104 4320 vita

503 4355 557 4404 et
584 4357 738 4404 actus
770 4351 1002 4408 modesti
1045 4351 1308 4409 abscondi
1357 4367 1468 4407 non
1498 4358 1746 4424 possunt,
1802 4367 1921 4424 quae
1950 4350 2104 4408 adhi'

500 4435 619 4492 bita
645 4437 870 4514 pietate,
921 4437 1131 4495 faciunt
1178 4440 1486 4512 perfectos:
1520 4441 1617 4496 sed
1659 4440 1805 4497 sicut
1849 4440 2098 4514 quaedam

501 4523 646 4580 mala
681 4525 898 4581 occulta
943 4525 1011 4581 ad
1059 4543 1294 4598 praesens
1324 4537 1474 4595 sunt,
1505 4530 1582 4585 ita
1625 4538 1678 4585 et
1705 4529 1887 4597 bona;
1935 4546 2098 4587 nemo

501 4612 648 4668 enim
706 4613 892 4670 omnia
936 4613 995 4670 in
1025 4615 1348 4673 hominibus
1376 4626 1554 4690 potest
1579 4619 1723 4675 scire
1752 4635 1764 4674 :
1796 4619 1890 4676 sed
1919 4636 1988 4675 ex
2032 4618 2101 4676 iis

501 4717 621 4774 quae
682 4701 834 4759 videt
881 4710 935 4760 et
986 4703 1158 4774 audit,
1192 4705 1387 4779 probat
1440 4715 1494 4764 et
1537 4705 1772 4778 judicat.
1805 4707 2100 4782 Perpendit

501 4797 649 4852 enim
703 4813 775 4854 an
813 4815 876 4855 ea
921 4818 1041 4874 quae
1079 4801 1361 4872 dicuntur,
1413 4803 1745 4861 conveniant
1775 4803 1848 4872 ei,
1895 4802 1963 4858 de
1991 4819 2099 4876 quo

499 4885 787 4958 dicuntur,
835 4891 952 4948 sive
982 4891 1147 4961 bona,
1178 4893 1294 4949 sive
1329 4893 1506 4949 mala:
1550 4909 1671 4966 quas
1705 4901 1887 4950 autem
1919 4894 2099 4950 occul-

499 4985 555 5034 ta
596 4977 803 5036 fuerint
853 4979 1197 5050 hominibus,
1237 4981 1293 5037 in
1346 4981 1436 5037 die
1477 4980 1677 5051 judicii
1725 4981 1903 5054 palam
1941 4981 2094 5038 ﬁent.

498 5065 726 5141 Propter
771 5067 879 5126 hoc
921 5085 1050 5141 ergo
1097 5068 1246 5126 dicta
1279 5078 1428 5137 sunt,
1462 5076 1522 5124 ut
1552 5068 1728 5125 sciant
1779 5067 2098 5140 hujusmodi

499 5157 805 5230 graviorem
836 5175 893 5215 se
918 5175 1136 5216 causam
1174 5158 1374 5215 habere
1403 5175 1514 5231 pra:
1567 5158 1799 5216 caeteris.
1831 5158 1990 5230 Pejor
2017 5168 2098 5216 est

499 5245 646 5304 enim
674 5247 770 5328 qui
799 5263 877 5313 se,
907 5263 1034 5314 cum
1063 5247 1136 5303 sit
1167 5246 1364 5316 malus,
1396 5246 1606 5303 bonum
1636 5246 1898 5314 ostendit,
1932 5263 2096 5321 quam

499 5336 593 5394 ille
625 5337 720 5411 qui
750 5345 932 5411 aperte
961 5345 1043 5394 est
1072 5335 1269 5392 malus.

572 5482 690 5553 (61)
722 5483 849 5540 Mss.
881 5481 1067 5550 Carn.,
1097 5497 1215 5552 quae
1240 5477 1576 5552 paciﬁcamla
1599 5485 1738 5553 sunt.

709 5554 859 5634 Idem
893 5551 1337 5634 codex,7pr.ol_’ata
1364 5551 1508 5617 aunt,
1530 5552 1696 5634 magis
1723 5551 1871 5612 oneri
1898 5553 2022 5634 sint.

573 5621 691 5693 (63)
724 5625 882 5682 Rom.
929 5621 1085 5702 edit.,
1117 5621 1332 5700 ’pietas,
1387 5639 1506 5679 cum
1550 5621 1670 5696 quis
1726 5640 1820 5680 suo
1875 5632 2096 5682 conten.-

2219 3186 2500 3258 pietatem,
2532 3195 2588 3243 et
2613 3185 2712 3243 Dei
2741 3185 3014 3244 culturam
3042 3200 3054 3240 :
3087 3181 3309 3250 discede
3338 3180 3406 3240 ab
3432 3179 3810 3252 hujusmodi.-

2217 3275 2602 3347 Discrepantes
2629 3292 2663 3333 a
2688 3272 2984 3346 disciplina
3012 3271 3286 3335 catholica
3318 3269 3661 3343 spernendos
3691 3285 3824 3342 pm-

2216 3365 2374 3438 cipit,
2425 3365 2668 3422 maxime
2717 3363 2815 3436 qui
2844 3361 3084 3423 convicti
3113 3369 3168 3422 et
3197 3361 3428 3422 correcti
3475 3360 3823 3434 acquiescere

2217 3454 2417 3510 nolunt
2445 3452 2858 3526 perturbatione
2896 3450 3096 3520 mentis
3122 3466 3326 3524 pravae,
3357 3449 3454 3522 qui
3495 3449 3823 3510 contentio-

2216 3542 2381 3600 nibus
2429 3541 2771 3602 delectantur
2817 3549 2872 3604 et
2910 3547 3232 3613 pascuntur.
3263 3540 3459 3603 Elatns
3486 3538 3640 3600 enim
3671 3537 3821 3598 vinci

2216 3648 2273 3688 se
2316 3647 2426 3688 non
2481 3629 2712 3703 patitur,
2743 3629 2945 3703 quippe
2982 3645 3109 3688 cum
3160 3628 3230 3686 ad
3276 3627 3524 3693 favorem
3555 3643 3816 3703 quaeren-

2216 3719 2348 3778 dum
2396 3720 2456 3778 in
2501 3718 2823 3782 conflictum
2875 3725 3216 3791 prorumpat,
3250 3716 3398 3792 quod
3439 3733 3474 3780 ὃ
3519 3719 3822 3782 mansuetis

2215 3819 2269 3868 et
2296 3811 2458 3869 bonis
2503 3811 2641 3870 viris
2671 3810 2964 3872 vitandum
3002 3819 3104 3872 est.
3159 3808 3456 3872 Contentio
3483 3809 3635 3870 enim
3667 3826 3826 3871 nun-

2215 3917 2377 3974 quam
2413 3909 2495 3958 est
2525 3899 2644 3958 sine
2675 3898 2793 3968 lite,
2823 3907 2878 3962 et
2909 3915 3103 3972 parum
3145 3906 3286 3956 esset
3313 3899 3361 3960 si
3409 3897 3479 3960 iis
3505 3898 3618 3959 sola
3647 3898 3826 3956 orire-

2212 3995 2323 4058 tur,
2381 3988 2476 4046 sed
2530 3987 2882 4060 blasphemiae
2928 3995 2983 4047 et
3037 3987 3368 4060 inimicitiae,
3423 3985 3565 4060 quod
3623 4000 3656 4041 a
3716 3987 3827 4050 Dei

2214 4078 2392 4136 servis
2444 4077 2687 4136 alienum
2737 4084 2836 4136 est.
2894 4075 2982 4140 Ah
3034 4076 3123 4142 his
3174 4085 3358 4140 autem
3413 4075 3506 4148 qui
3561 4077 3828 4148 corrupti

2215 4175 2416 4236 mente,
2467 4167 2699 4226 veritate
2728 4166 2933 4240 privati
2978 4174 3131 4234 sunt,
3179 4166 3316 4228 utile
3341 4163 3664 4243 judicatur:
3719 4166 3826 4229 Dei

2213 4255 2360 4314 enim
2412 4255 2688 4317 culturam
2737 4263 2791 4316 et
2845 4256 3106 4328 pietatem
3161 4261 3434 4328 quastum
3470 4253 3819 4324 existimant,

2212 4361 2324 4403 non
2372 4344 2438 4400 de
2482 4343 2670 4402 futuro
2713 4343 2926 4417 aliquid
2955 4351 3271 4419 sperantes;
3306 4343 3398 4406 sed
3429 4343 3713 4418 quomodo
3758 4344 3817 4406 iu

2211 4438 2466 4511 praesenti
2511 4453 2568 4497 se
2613 4437 2921 4511 transigant
2962 4438 3336 4512 providentes,
3385 4438 3534 4502 sicut
3573 4446 3629 4498 et
3658 4454 3822 4497 mun—

2211 4529 2366 4586 danae
2419 4537 2598 4597 sectae;
2667 4545 2801 4602 quas
2838 4537 3052 4590 constat
3079 4537 3303 4602 propter
3331 4529 3622 4602 praesentia
3665 4529 3827 4590 lucra

2208 4621 2482 4691 inventas,
2529 4637 2641 4680 non
2688 4620 2860 4679 nescii
2891 4619 3154 4694 quosdam
3205 4619 3311 4677 hoc
3337 4618 3574 4680 libenter
3601 4616 3822 4687 audire.

2207 4713 2356 4786 quod
2405 4713 2462 4769 in
2510 4712 2614 4770 hac
2643 4712 2762 4769 vita
2807 4711 3119 4772 ﬂoreudum
3156 4711 3252 4781 sit,
3285 4709 3519 4784 ideoque
3550 4707 3826 4770 desisten-

2208 4800 2341 4858 dum
2371 4801 2440 4858 ab
2471 4801 2816 4873 hujusmodi.

2282 4890 2465 4962 (Vera.
2496 4891 2577 4964 6.)
2625 4915 2644 4942 ι
2670 4893 2770 4948 Est
2798 4899 2980 4949 autem
3011 4900 3252 4966 quaestus
3291 4905 3521 4962 magnus
3547 4887 3674 4958 (63)
3708 4887 3825 4960 pie.

2207 4986 2290 5034 tas
2332 4995 2457 5035 cum
2508 4980 2837 5037 sufﬁcientia
2865 4979 3006 5051 (63).
3041 5006 3060 5030 ι
3099 4981 3320 5054 Magnas
3373 4977 3600 5044 divitias
3641 4985 3698 5032 et
3729 4993 3826 5038 ac-

2206 5067 2563 5140 quisitionem
2608 5069 2667 5125 in
2701 5085 2766 5126 eo
2795 5068 2955 5135 dicit,
2984 5069 3032 5125 si
3071 5069 3196 5143 quis
3226 5068 3407 5125 ﬁdelis
3437 5083 3538 5122 suo
3568 5074 3826 5122 conten-

2206 5165 2294 5216 tus
2325 5158 2401 5217 sit
2433 5177 2446 5217 :
2478 5159 2602 5232 plus
2633 5158 2781 5216 enim
2814 5168 2868 5228 et
2909 5160 2970 5217 in
2998 5159 3291 5232 semetipso
3318 5166 3373 5216 et
3403 5157 3462 5216 in
3489 5157 3709 5214 creteris
3738 5163 3824 5216 est

2205 5251 2301 5323 qui
2328 5249 2705 5308 misericordia
2740 5250 2841 5306 Dei
2871 5249 3174 5324 acquisitus
3206 5249 3323 5321 (64)
3353 5247 3424 5306 ad
3450 5247 3712 5306 futuram
3741 5247 3827 5306 vi-

2204 5347 2342 5410 tam,
2379 5339 2449 5397 ad
2494 5355 2734 5414 praesens
2779 5339 3027 5397 sufﬁcere
3074 5338 3180 5397 sibi
3225 5347 3401 5413 putat,
3447 5335 3596 5412 quod
3629 5334 3828 5404 habet,

2208 5490 2404 5634 msgﬁ)
2421 5557 2675 5634 ξηιλ-ει,
2693 5572 2806 5634 seq.
2834 5555 2968 5634 edit.
3001 5570 3130 5612 cum
3160 5571 3289 5611 mss.
3325 5553 3559 5627 aliquot,
3592 5551 3689 5624 qui
3719 5551 3824 5606 mi-

2202 5627 2547 5683 sericordiam
2577 5627 2676 5684 Dei
2705 5627 3093 5699 acknisiturm.
