4108 6184
221 289 319 348 509

1235 283 1600 373 COMMENT.
1644 283 1716 344 IN
1753 282 1971 345 EPIST.
2013 286 2036 344 Ι
2075 287 2170 344 AD
2208 288 2497 377 TIMOTH.

3410 295 3516 362 510

223 415 612 517 non-dubitans
638 430 708 473 ex
744 431 810 474 eo
833 412 974 524 ‘ipso
1016 412 1226 513 largiri.
1258 411 1451 470 Omnis
1480 411 1628 469 enim
1666 426 1807 468 ava-
1843 437 1895 518 Α
1924 436 1995 477 na
2023 435 2081 476 se
2121 418 2339 496 tendit?
2394 427 2490 476 aut
2529 427 2797 494 quatenus
2835 421 3075 524 quietem
3121 421 3292 484 animi
3341 423 3514 524 possit

222 523 311 568 rus
338 507 538 580 impius
563 515 666 575 est,
698 513 752 565 et
783 505 892 565 sibi
918 513 972 562 et
1000 503 1212 564 caeteris
1236 519 1460 561 nocens.

289 597 467 668 (Vera.
503 597 556 663 7,
579 595 661 669 8.)
705 619 723 648 ς
753 594 907 652 Nihil
935 594 1081 651 enim
1109 594 1408 654 intulimus
1425 593 1485 650 in
1514 590 1810 658 mundum,

221 702 405 752 verum
449 686 580 761 quia
627 702 730 745 nec
763 684 978 742 auferre
1006 700 1301 757 possumus
1331 683 1670 758 quidquam;
1700 680 1811 735 ha-

219 773 402 835 bentes
449 783 633 836 autem
685 775 1034 843 alimentum,
1086 780 1140 830 et
1169 771 1370 846 quibus
1416 781 1685 845 tegamur,
1725 767 1815 826 his

219 867 464 928 contenti
495 868 687 934 simus.
719 891 738 922 ι
791 868 1017 923 Frustra
1045 865 1305 921 mortales
1345 863 1600 920 homines
1644 859 1815 934 copim

218 961 457 1027 studere,
499 966 554 1015 et
583 957 886 1029 locupletes
909 955 1029 1012 fieri
1067 955 1211 1011 velle
1239 960 1426 1027 aperta
1455 969 1590 1010 voce
1622 951 1817 1009 decla-

218 1057 319 1118 rat,
350 1064 478 1105 cum
508 1047 685 1105 sciant
711 1046 857 1103 nihil
888 1061 946 1103 se
987 1044 1270 1117 proprium
1323 1043 1526 1099 habere
1573 1041 1628 1096 in
1655 1056 1812 1096 mun-

219 1139 307 1196 do.
351 1138 457 1196 Cui
502 1138 582 1194 rei
628 1136 849 1211 proficit
902 1135 1145 1192 humana
1192 1132 1484 1206 cupiditas,
1535 1130 1643 1188 nisi
1686 1129 1817 1204 quia

219 1232 336 1305 ipsa
363 1231 471 1289 sibi
518 1231 748 1287 inimica
794 1229 1030 1286 existit?
1056 1227 1208 1285 Nihil
1239 1228 1389 1284 enim
1433 1226 1626 1282 intulit
1649 1241 1816 1281 mun-

218 1321 312 1391 do,
334 1321 477 1378 nihil
505 1321 720 1378 auferre
749 1319 969 1394 poterit.
1003 1318 1148 1386 Quid
1179 1318 1286 1374 sibi
1315 1315 1517 1375 incutit
1546 1315 1814 1373 sollicitu-

218 1411 428 1480 dinem,
483 1419 538 1467 et
593 1410 790 1483 quaerit
851 1407 1231 1481 congregare?
1279 1407 1425 1464 Talis
1481 1405 1616 1463 hinc
1669 1406 1818 1463 exiet

217 1507 393 1580 qualis
421 1506 598 1563 venit.
631 1505 788 1574 Quod
817 1505 983 1560 etiam
1013 1504 1208 1562 scribit
1234 1503 1358 1573 Job,
1386 1511 1440 1560 et
1480 1503 1540 1560 in
1570 1519 1668 1560 sua
1697 1518 1817 1576 pas~

219 1598 368 1654 sione
408 1597 635 1664 fatetur,
665 1595 884 1654 dicens:
933 1617 952 1642 ι
991 1595 1184 1652 Nudus
1213 1593 1365 1651 exivi
1405 1593 1472 1651 de
1502 1601 1661 1650 utero
1691 1609 1818 1649 ma-

219 1689 317 1744 tris
365 1703 524 1755 meae,
573 1685 757 1742 nudus
805 1692 1051 1741 revertar
1095 1685 1156 1742 in
1182 1692 1478 1742 terram....
1511 1683 1584 1752 sit
1613 1697 1821 1748 nomen

219 1777 441 1835 Domini
483 1775 838 1834 benedictum
894 1774 1016 1848 (Job
1056 1789 1098 1842 ι,
1131 1771 1249 1846 Il).
1294 1797 1314 1822 ι
1375 1770 1534 1840 Quod
1591 1771 1638 1828 si
1667 1769 1820 1827 avari

219 1884 331 1924 non
363 1867 670 1924 retinerent
698 1865 758 1921 in
788 1863 1090 1939 perniciem
1119 1878 1296 1931 suam,
1326 1862 1490 1936 pauci
1517 1861 1819 1919 conderent

218 1955 372 2028 quod
400 1953 654 2028 pluribus
683 1960 865 2028 posset
909 1951 1173 2026 proﬁcere
1201 1966 1328 2009 cum
1357 1966 1546 2007 eorum
1577 1948 1821 2023 ipsorum

217 2044 622 2100 emolumento.

292 2133 482 2207 (Vere.
517 2133 572 2198 9,
615 2131 728 2204 10.)
776 2157 793 2182 ι
829 2132 965 2188 Nam
997 2131 1092 2205 qui
1123 2132 1322 2188 volunt
1340 2131 1544 2188 divites
1572 2129 1714 2195 ﬁeri,
1743 2128 1823 2185 in-

218 2224 419 2282 cidunt
475 2225 533 2280 in
589 2223 949 2281 tentationem
1004 2231 1059 2280 et
1113 2223 1389 2298 laqueum,
1446 2233 1499 2280 et
1553 2220 1825 2279 desideria

219 2314 401 2372 multa
431 2313 656 2370 inutilia
700 2321 755 2369 et
792 2314 1010 2382 nociva,
1057 2330 1178 2386 quae
1209 2312 1534 2385 demergunt
1570 2309 1825 2367 homines

221 2404 277 2462 in
308 2404 550 2462 exitium
579 2412 633 2460 et
652 2403 962 2462 interitum.
997 2405 1177 2461 Radix
1206 2404 1353 2461 enim
1381 2403 1633 2460 omnium
1653 2403 1822 2458 malo-

220 2511 348 2551 rum
381 2503 465 2556 est
491 2493 746 2562 avaritia,
773 2509 937 2567 quam
969 2493 1194 2566 quidam
1221 2501 1558 2566 appetentes,
1597 2507 1827 2564 errave—

223 2592 360 2642 runt
407 2601 438 2639 a
474 2583 602 2652 ﬁde,
656 2591 711 2639 et
757 2583 1112 2639 inseruerunt
1139 2599 1196 2639 se
1234 2571 1520 2640 doloribus
1548 2581 1760 2638 multis.
1795 2606 1813 2630 ι

224 2675 385 2732 Nihil
416 2683 527 2731 tam
556 2689 808 2746 asperum
839 2680 1063 2747 tamque
1108 2673 1480 2747 perniciosum
1527 2682 1630 2742 est,
1663 2689 1828 2746 quam

225 2764 272 2821 si
312 2763 738 2835 ecclesiasticus,
772 2764 1013 2820 maxime
1061 2764 1156 2837 qui
1199 2763 1258 2820 in
1306 2762 1533 2832 sublimi
1566 2763 1686 2820 loco
1724 2769 1828 2830 est,

227 2852 451 2929 divitiis
493 2852 660 2925 hujus
701 2853 889 2910 saeculi
943 2852 1179 2924 studeat,
1211 2853 1343 2930 quia
1374 2869 1484 2908 non
1511 2853 1694 2915 solum
1724 2849 1830 2906 sibi

229 2944 362 3017 ipsi,
394 2942 488 2999 sed
517 2950 571 2998 et
600 2945 812 3000 caeteris
841 2943 1015 3000 obest.
1048 2942 1394 2999 Contrariam
1417 2941 1567 2996 enim
1599 2939 1831 3000 formam

229 3032 324 3090 dat
355 3033 708 3089 hominibus:
743 3048 965 3093 necesse
993 3039 1078 3087 est
1105 3032 1254 3097 enim
1284 3031 1492 3098 multos
1529 3027 1835 3088 imitatores

232 3122 357 3195 ejus
391 3122 657 3181 exsistere
697 3119 765 3176 ad
809 3119 1196 3192 perditionem.
1229 3117 1448 3186 Quanto
1487 3116 1634 3172 enim
1664 3115 1834 3173 bono.
1867 3161 1911 3223 Β

231 3210 543 3268 riﬁcentior
572 3208 768 3274 ordine
821 3215 924 3276 est,
955 3214 1107 3264 tanto
1156 3207 1331 3280 magis
1372 3205 1564 3266 suadet
1621 3204 1838 3272 imitan-

235 3302 377 3359 dum
409 3316 488 3368 se,
518 3299 761 3364 maxime
794 3297 850 3354 in
879 3297 984 3354 hac
1015 3313 1093 3368 re,
1125 3314 1245 3376 quae
1275 3297 1334 3355 in
1364 3297 1469 3354 ista
1497 3296 1614 3356 vita
1641 3295 1839 3372 procli-

236 3399 330 3454 vis
363 3404 479 3464 est;
517 3395 752 3455 avaritia
778 3396 925 3453 enim
947 3393 1094 3465 303
1125 3395 1311 3454 omnia
1352 3395 1496 3452 mala
1523 3403 1702 3474 potest
1733 3393 1840 3450 ad-

240 3485 484 3546 mittere.
518 3485 645 3542 Ideo
708 3485 869 3542 radix
899 3485 1150 3544 omnium
1181 3487 1453 3544 malorum
1485 3493 1585 3555 est,
1618 3484 1748 3561 quia
1775 3490 1839 3541 ut

235 3577 516 3635 desideria
534 3593 634 3640 sua
663 3579 942 3664 expleant,
973 3578 1120 3658 quod
1150 3578 1490 3660 impossibile
1515 3585 1616 3648 est,
1647 3587 1701 3637 et
1731 3596 1840 3638 mav

240 3667 446 3738 leficia,
478 3675 533 3724 et
564 3667 885 3739 homicidia,
918 3678 972 3733 et
1019 3669 1437 3738 obscenitatem,
1489 3679 1543 3730 et
1571 3668 1843 3744 quidquid

242 3759 473 3824 sceleris
529 3768 630 3844 est,
689 3769 1000 3849 perpetrat:
1061 3779 1164 3836 nec
1216 3763 1285 3824 ad
1340 3779 1579 3836 praesens
1631 3777 1840 3834 secura,

241 3849 378 3922 quia
409 3866 624 3924 semper
646 3850 867 3925 cupida,
895 3861 949 3916 et
979 3853 1038 3923 in
1060 3853 1249 3920 futuro
1270 3852 1552 3920 damnata,

313 3939 504 4011 (Vers.
550 3940 663 4012 11.)
707 3965 724 3987 ι
753 3941 834 3998 Tu
863 3949 1072 4013 autem,
1130 3943 1297 4002 homo
1343 3943 1464 4012 Dei,
1497 3943 1614 4002 haec
1643 3943 1832 4018 fuge.»

240 4027 583 4085 Abscindere
613 4045 668 4086 se
697 4030 981 4089 hominem
1012 4031 1111 4089 Dei
1132 4031 1200 4090 ab
1221 4033 1326 4095 hac
1353 4032 1607 4102 hortatur
1631 4039 1684 4088 et
1713 4047 1847 4108 prae-

241 4117 404 4192 cipit,
433 4124 497 4172 ut
525 4125 579 4174 et
606 4117 700 4175 hic
731 4135 955 4182 securus
985 4120 1078 4196 sit,
1109 4128 1163 4177 et
1191 4122 1249 4178 in
1283 4121 1472 4180 futuro
1498 4119 1740 4195 praemiis
1769 4137 1846 4178 re-

242 4218 571 4280 muneretur
600 4211 831 4270 divinis.
871 4213 994 4272 Non
1014 4215 1164 4274 enim
1194 4217 1473 4286 immerito
1502 4215 1852 4284 coronandus

243 4307 327 4356 est
357 4299 456 4373 qui
485 4299 628 4370 hanc
658 4301 868 4388 spernit
899 4320 1020 4384 qua:
1049 4305 1242 4374 multis
1266 4305 1478 4373 suadet.

319 4388 507 4462 (Vers.
544 4390 657 4463 12.)
702 4415 720 4438 ι
758 4391 995 4466 Sequere
1024 4401 1206 4452 autem
1232 4393 1532 4470 justitiam,
1566 4394 1849 4473 pietatem,

247 4477 440 4550 fidem,
463 4478 1628 4558 charitatem,patientiam,tranquillitatem
1657 4483 1852 4552 animi.

248 4568 417 4635 Certa
463 4567 669 4638 bonum
732 4563 1008 4639 certamen
1073 4572 1224 4642 ﬁdei,
1288 4571 1635 4648 apprehende
1679 4573 1854 4636 vitam

249 4668 538 4726 aeternam,
589 4659 657 4724 ad
707 4677 868 4734 quam
917 4670 971 4721 et
1014 4672 1245 4722 vocatus
1282 4680 1364 4734 es,
1411 4671 1466 4720 et
1493 4663 1775 4732 confessus
1803 4679 1859 4718 es

253 4747 462 4805 bonam
493 4749 902 4818 confessionem
932 4771 1116 4814 coram
1147 4757 1339 4826 multis
1369 4756 1622 4818 testibus.
1654 4781 1674 4806 ι
1716 4755 1857 4826 Οιιοο

254 4841 406 4897 niam
439 4843 675 4906 avaritia
723 4861 808 4904 res
839 4846 1030 4922 iniqua
1059 4859 1160 4922 est,
1195 4850 1479 4908 hominem
1518 4851 1637 4922 Dei,
1679 4857 1742 4920 ut
1789 4848 1859 4909 ab

255 4928 364 4988 hac
387 4930 696 5003 dissentiat,
730 4932 1000 5006 justitiam
1027 4937 1185 5011 sequi
1200 4937 1359 5018 jubet
1387 4947 1550 5014 atque
1575 4941 1856 5016 pietatem,

256 5027 311 5076 et
342 5020 453 5085 alia
489 5037 610 5095 quae
646 5032 951 5081 memorat:
995 5042 1108 5082 non
1141 5027 1289 5095 enim
1319 5027 1522 5101 poterit
1561 5027 1702 5098 hanc
1732 5029 1862 5094 cvi-—

258 5116 396 5178 tare,
420 5109 530 5166 nisi
560 5109 648 5178 his
685 5112 1001 5182 adhaeserit,
1031 5130 1151 5189 quae
1172 5117 1419 5182 avaritiae
1448 5115 1678 5174 adversa
1707 5125 1858 5176 sunt.

258 5197 552 5267 Quomodo
605 5209 789 5260 autem
834 5200 954 5258 ﬁeri
1002 5209 1179 5278 potest
1208 5211 1270 5261 ut
1314 5219 1514 5270 avarus
1552 5203 1734 5270 ﬁdelis
1765 5204 1860 5273 sit,

261 5287 357 5360 qui
407 5289 667 5361 operibus
715 5300 875 5364 negat
922 5291 1070 5365 quod
1125 5291 1308 5348 verbis
1387 5292 1547 5350 fateri
1604 5291 1864 5362 videtur?

263 5376 422 5434 Unde
449 5387 634 5435 autem
664 5388 876 5436 amator
901 5381 1287 5450 fraternitatis,
1311 5379 1470 5452 cujus
1509 5398 1708 5440 manus
1735 5389 1865 5439 sunt

266 5468 432 5525 aridae
457 5469 485 5526 ?
513 5471 792 5545 quomodo
817 5489 951 5530 vero
979 5473 1214 5546 patiens,
1247 5473 1342 5547 qui
1370 5489 1584 5546 semper
1611 5474 1681 5532 ad
1721 5473 1867 5531 alie—

341 5585 842 5666 (Q5)A_Rom._edit.,
874 5588 1088 5666 abunde
1118 5589 1191 5666 ad
1218 5588 1599 5666 fruendum"?
1634 5595 1690 5645 ut
1718 5588 1868 5666 divi-

274 5656 504 5727 tes'facti
546 5659 696 5716 boni:
743 5656 1011 5732 operibus,
1055 5656 1244 5732 faciles
1279 5661 1387 5717 sint
1437 5659 1509 5716 ad
1555 5659 1868 5732 impertien-

1921 512 2144 581 habere,
2183 511 2278 584 qui
2321 510 2410 567 die
2456 518 2721 584 nocteque
2771 510 3036 570 aviditate
3073 510 3394 588 cupiditatis
3432 513 3513 570 in-

1920 603 2176 661 cenditur
2194 603 2223 659 ?
2253 602 2358 659 Sed
2395 601 2527 684 quia
2547 601 2614 658 ab
2635 601 2858 659 homine
2883 602 2984 660 Dei
3006 602 3294 660 Timotheo
3311 604 3513 680 iniqui-

1922 701 2006 750 tas
2040 692 2160 750 haec
2198 691 2376 748 aliena
2399 699 2535 760 erat,
2565 691 2772 747 bonum
2819 702 3095 758 certamen
3123 691 3252 748 fidei
3297 693 3514 766 aggredi

1917 783 2165 856 jubetur.
2210 782 2367 840 Fidei
2414 782 2564 837 enim
2611 781 2842 838 victoria
2873 791 2974 848 est,
3006 799 3132 838 cum
3165 781 3354 840 omnia
3382 780 3518 836 vitia

1924 881 1978 930 et
2013 873 2250 932 crimina
2307 870 2692 944 subjugantur,
2733 878 2797 940 ut
2842 871 2909 927 ad
2951 880 3166 930 aeternae
3207 871 3336 927 vitae
3385 887 3516 946 prae-

1923 965 2036 1021 mia
2060 963 2341 1036 veniatur:
2376 963 2537 1034 cujus
2573 960 2848 1019 confessio
2879 961 3024 1016 inter
3062 959 3178 1034 ipsa
3207 961 3520 1032 rudimenta

1923 1052 2075 1125 ﬁdei,
2098 1060 2237 1109 teste
2260 1042 2634 1122 interrogante
2666 1057 2720 1106 et
2748 1047 3117 1126 respondente
3146 1048 3521 1120 monumentis

1923 1141 2308 1200 ecclesiasticis
2335 1141 2670 1197 continetur.

1998 1233 2180 1306 (Vers.
2226 1230 2434 1304 13-16.)
2483 1254 2501 1279 ε
2546 1229 2811 1305 Praecipio
2840 1229 2943 1287 tibi
2986 1230 3044 1286 in
3074 1239 3370 1304 conspectu
3400 1228 3526 1298 Dei,

1926 1323 2022 1398 qui
2069 1322 2319 1380 vivificat
2369 1321 2573 1392 omnia,
2606 1329 2660 1378 et
2707 1319 2928 1379 Christo
2985 1321 3114 1377 Jesu
3152 1320 3246 1394 qui
3294 1327 3525 1376 testatus

1927 1419 2009 1471 est
2040 1412 2142 1469 sub
2170 1412 2368 1476 Pontio
2397 1412 2572 1469 Pilato
2597 1411 2797 1468 bonam
2843 1402 3262 1480 confessionem,
3307 1417 3370 1474 ut
3403 1425 3526 1472 ser-

1929 1519 2024 1560 ves
2052 1505 2375 1562 mandatum
2405 1505 2846 1576 immaculatum,
2892 1499 3395 1578 irreprehensibile,
3436 1516 3524 1555 us-

1929 1610 2034 1668 que
2061 1594 2121 1651 in
2149 1594 2448 1652 adventum
2473 1594 2698 1653 Domini
2739 1594 2915 1651 nostri
2935 1594 3062 1650 Jesu
3082 1590 3288 1658 Christi
3316 1609 3327 1648 :
3363 1605 3525 1666 quem

1931 1677 2044 1742 suis
2075 1684 2418 1759 temporibus
2447 1684 2698 1744 ostendet
2725 1684 2918 1742 beatus
2947 1684 3041 1739 ille
3061 1689 3116 1740 et
3134 1681 3285 1748 solus
3309 1687 3526 1762 potens,

1854 1800 1902 1862 Β
1932 1776 2048 1833 Ilex
2091 1792 2304 1850 regum,
2356 1783 2409 1834 et
2437 1776 2710 1834 Dominus
2757 1773 3187 1852 dominantium,
3239 1770 3334 1846 qui
3381 1770 3530 1832 solus

1933 1865 2097 1923 habet
2117 1866 2674 1936 immortalitatem,et
2691 1865 2878 1934 lumen
2900 1862 3112 1926 habitat
3127 1859 3527 1938 inaccessibile,

1935 1972 2096 2030 quem
2127 1956 2272 2012 vidit
2315 1971 2478 2012 nemo
2519 1954 2833 2030 hominum,
2858 1969 2958 2010 nec
2988 1951 3176 2014 videre
3203 1958 3404 2029 potest,
3435 1947 3528 2010 cui

1937 2045 2116 2102 honor
2145 2053 2200 2114 et
2227 2053 2467 2119 potestas
2495 2052 2720 2113 aeterna,
2751 2060 2930 2106 amen.
2963 2067 2982 2090 ι
3023 2043 3216 2114 Magna
3243 2038 3532 2113 vigilantia.

1937 2142 2102 2210 atque
2149 2134 2500 2208 providentia
2554 2140 2824 2210 praecepta
2875 2131 2969 2196 dat
2998 2130 3197 2190 rectori
3237 2128 3528 2196 Ecclesiae;

1938 2223 1996 2280 in
2028 2223 2194 2296 hujus
2223 2224 2372 2279 enim
2403 2239 2634 2296 persona
2653 2224 2826 2278 totius
2853 2221 3044 2295 populi
3073 2221 3220 2278 salus
3247 2218 3524 2277 consistit.

1935 2315 2058 2372 Non
2084 2315 2360 2372 sollicitus
2386 2315 2454 2371 de
2490 2331 2621 2373 cura
2640 2314 2939 2384 Timothei,
2965 2321 3073 2370 tam
3099 2312 3534 2384 circumspectus

1938 2413 2038 2474 est,
2070 2405 2163 2462 sed
2193 2413 2414 2479 propter
2441 2421 2780 2463 successores
2811 2403 2948 2478 ejus,
2981 2412 3043 2460 ut
3071 2401 3324 2482 exemplo
3352 2399 3533 2456 Timo-

1937 2495 2057 2553 thei
2084 2496 2346 2555 Ecclesiae
2381 2496 2792 2564 ordinationem
2819 2493 3190 2563 custodirent:
3228 2490 3335 2564 ipsi
3388 2504 3535 2563 quo-

1941 2604 2044 2662 que
2073 2588 2275 2644 futuris
2323 2588 2557 2643 formam
2599 2587 2878 2643 tradentes
2918 2602 2950 2640 a
2983 2583 3296 2654 semetipsis
3329 2581 3534 2651 incipe-

1941 2684 2083 2732 rent.
2109 2677 2357 2748 Denique
2393 2683 2493 2730 «ut
2513 2690 2716 2742 serves,
2767 2673 2968 2744 inquit,
2992 2670 3309 2728 mandatum
3345 2668 3535 2724 imma-

1943 2765 2187 2820 culatum
2217 2779 2394 2835 usque
2431 2762 2501 2818 ad
2548 2762 2848 2824 adventum
2904 2759 3131 2817 Domini
3185 2755 3358 2812 nostri
3413 2755 3539 2810 Jesn

1945 2851 2174 2916 Christi.
2207 2877 2225 2899 ι
2263 2851 2424 2919 Quod
2453 2853 2533 2909 sic
2555 2848 2836 2936 astringit,
2866 2856 2928 2914 ut
2957 2863 3140 2910 coram
3163 2848 3278 2911 Deo
3306 2852 3361 2902 et
3386 2842 3540 2936 Chri-

1945 2947 2031 3000 sto
2066 2938 2172 2997 hoc
2201 2956 2256 2996 se
2297 2940 2558 3005 mandare
2587 2931 2853 3002 testetur':
2893 2946 2947 2996 et
2983 2945 3046 2994 ut
3082 2945 3346 3004 terrorem
3387 2931 3538 2996 incu-

1947 3029 2069 3112 tiat,
2098 3030 2405 3110 passionem
2453 3029 2659 3089 Christi
2718 3037 3006 3098 memorat,
3069 3026 3229 3100 cujus
3271 3023 3541 3112 passionit

1947 3110 2071 3176 reus
2100 3135 2316 3178 necesse
2358 3127 2440 3178 est
2466 3121 2582 3190 ﬁat,
2627 3120 2722 3194 qui
2771 3119 2876 3178 hoc
2905 3119 3115 3196 spernit
3145 3123 3366 3191 ριόρῐθν
3395 3110 3540 3188 quoa

1947 3225 2138 3282 passus
2166 3217 2246 3270 est
2287 3209 2558 3270 Christus.
2603 3197 2714 3269 Nec
2741 3210 2888 3272 diem
2931 3207 3130 3286 judicii
3160 3205 3355 3282 tacuit,
3396 3200 3544 3280 quod

1948 3299 2337 3372 praedestinato
2367 3309 2614 3376 tempore
2643 3301 2894 3360 futurum
2937 3287 3020 3358 est
3048 3299 3149 3357 Dei
3180 3306 3340 3366 nutu,
3381 3308 3545 3370 quem

1950 3390 2128 3445 solum
2156 3389 2378 3447 beatum
2408 3399 2462 3446 et
2496 3399 2776 3464 potentem
2801 3398 2856 3445 et
2884 3391 3084 3462 Regem
3117 3401 3306 3459 regum
3349 3392 3404 3439 et
3442 3384 3546 3439 Do-

1951 3479 2166 3535 minum
2201 3481 2558 3553 pronuntiat;
2611 3481 2762 3540 solus
2801 3489 2882 3538 est
2927 3479 3075 3538 enim
3127 3480 3242 3552 ipse
3288 3477 3382 3552 qui
3426 3491 3547 3550 pro-

1950 3569 2127 3642 priam
2151 3578 2209 3628 et
2236 3588 2267 3630 a
2285 3572 2442 3630 nullo
2461 3571 2627 3630 habet
2648 3579 2926 3646 acceptam
2957 3569 3356 3630 beatitudinem
3386 3576 3549 3642 atque

1951 3661 2278 3734 potentiam,
2307 3659 2653 3719 dominatum
2680 3669 2734 3718 et
2766 3678 3016 3736 regnum,
3047 3677 3148 3720 nec
3178 3675 3290 3718 non
3326 3657 3548 3715 immor-

1952 3757 2244 3818 talitatem.
2274 3760 2404 3820 Haec
2433 3759 2581 3822 304
2623 3765 2811 3831 omnia
2857 3765 3025 3832 habet
3065 3765 3244 3842 Pater,
3293 3765 3551 3828 similiter

1953 3855 2007 3905 et
2048 3848 2226 3906 Filius
2267 3867 2299 3907 a
2349 3853 2525 3924 Patre,
2578 3855 2766 3912 lumen
2810 3864 2995 3914 autem
3042 3855 3420 3926 inaccessibile
3469 3871 3552 3915 so-

1955 3936 2064 3994 lius
2097 3937 2278 4004 Patris
2305 3950 2421 4018 est;
2463 3942 2595 4019 quia
2635 3945 2778 4012 nulli
2810 3961 3055 4020 unquam
3104 3945 3409 4022 apparauit.
3451 3945 3552 4010 De-

1957 4027 2124 4102 nique
2150 4028 2388 4102 subjecit
2419 4050 2430 4094 ;
2480 4057 2498 4081 ‹
2527 4033 2700 4108 Quem
2731 4034 2875 4096 vidit
2904 4051 3067 4100 nemo
3111 4033 3424 4106 hominum:
3455 4044 3555 4090 “9°

1955 4118 2145 4177 videre
2194 4129 2394 4210 potest.
2429 4149 2448 4173 ι
2509 4125 2632 4184 Non
2680 4127 2811 4204 quia
2854 4125 3006 4186 aliud
3054 4125 3244 4196 lumen.
3282 4118 3415 4210 Filii
3447 4117 3551 4198 είῐὶ

1957 4211 2160 4291 quippe
2189 4208 2315 4271 eum
2338 4215 2395 4278 in
2415 4218 2627 4288 psalmo
2658 4217 2925 4286 scriptum
2957 4215 3064 4272 sit:
3107 4237 3126 4262 ι
3157 4212 3229 4276 Et
3257 4211 3315 4281 in
3346 4208 3556 4280 lumine

1958 4308 2055 4356 tuo
2089 4301 2402 4368 videbimus
2439 4305 2628 4364 lumen
2673 4303 2848 4380 (Psat.
2884 4319 3062 4383 xxxv,
3096 4301 3210 4376 10),
3258 4325 3277 4352 ο
3321 4298 3427 4366 hoc
3453 4306 3555 4378 est,

1959 4390 2148 4450 lumen
2187 4391 2365 4456 Patris
2407 4409 2522 4450 esse
2552 4393 2610 4458 in
2645 4393 2826 4450 Filio:
2877 4391 2970 4462 sed
3016 4392 3147 4472 quia
3195 4406 3358 4449 nemo
3411 4388 3555 4450 vidit

1961 4478 2202 4552 Patrem,
2247 4498 2312 4542 ac
2340 4497 2438 4560 per
2489 4481 2594 4540 hoc
2646 4480 3023 4544 inaccessibile
3078 4481 3292 4550 habitat
3346 4481 3556 4552 lumen.

1962 4569 2083 4628 Non
2127 4577 2209 4626 est
2250 4571 2396 4640 enim
2442 4570 2578 4630 ordo
2627 4572 2796 4635 alicui
2845 4572 3070 4642 videndi
3099 4574 3275 4635 Deum
3321 4573 3558 4650 Patrem,

1967 4656 2076 4714 nisi
2105 4656 2357 4732 Christo;
2391 4661 2486 4738 qui
2516 4661 2583 4720 de
2599 4664 2713 4735 Deo
2730 4670 2832 4733 est,
2864 4661 2958 4734 hic
2979 4661 3123 4730 vidit
3141 4663 3351 4722 Deum:
3385 4659 3562 4729 Filiut

1967 4755 2173 4826 autem,
2202 4751 2333 4822 quia
2366 4752 2554 4810 omnia
2581 4751 2696 4828 ipse
2727 4752 2858 4830 agit,
2903 4760 2957 4808 et
2986 4767 3245 4827 apparere
3276 4749 3482 4812 dicitur
3510 4759 3564 4818 et

1971 4837 2173 4896 videri.
2214 4839 2359 4911 Illud
2409 4858 2539 4915 ergo
2568 4842 2843 4920 peculiare
2867 4841 3044 4912 Patris
3093 4850 3174 4912 est
3207 4839 3354 4915 quod
3401 4854 3564 4914 supra

1969 4927 2181 4988 dictum
2203 4939 2285 4988 est
2309 4949 2321 4988 :
2367 4954 2385 4980 ‹
2417 4932 2520 5004 Cui
2540 4932 2718 4996 honor
2737 4940 2792 4990 et
2820 4933 3302 5010 potestasaeterna,
3325 4946 3507 5007 amen.
3533 4955 3552 4990 η

1971 5017 2077 5075 hoc
2105 5028 2188 5082 est
2215 5038 2431 5090 verum.

2045 5117 2228 5189 (Vers.
2290 5120 2378 5190 17,
2439 5119 2525 5192 18,
2588 5119 2698 5193 19.)
2753 5119 3104 5185 «Divitibus
3159 5117 3328 5189 hujus
3378 5115 3566 5185 saeculi

1972 5208 2207 5280 praecipe
2233 5225 2346 5265 non
2375 5209 2610 5283 superbe
2647 5225 2856 5282 sapere,
2903 5225 3081 5283 neque
3120 5224 3337 5281 sperare
3381 5206 3439 5271 in
3485 5205 3566 5271 ill-

1971 5303 2122 5354 certo
2151 5297 2504 5367 divitiarum,
2529 5297 2624 5355 sed
2645 5296 2704 5356 in
2735 5298 2850 5356 Deo
2879 5297 3031 5366 vivo,
3059 5296 3154 5380 qui
3172 5302 3390 5372 prmstat
3410 5291 3569 5358 nobis

1974 5385 2163 5440 omnia
2173 5384 2522 5443 abundanter
2540 5385 2910 5444 adfruendum
2933 5386 3049 5459 (65)
3077 5377 3136 5442 in
3149 5385 3433 5440 voluntate
3444 5394 3568 5451 ope-

1975 5487 2098 5529 rum
2129 5473 2404 5532 bonorum
2431 5490 2443 5531 :
2486 5473 2692 5533 divites
2719 5490 2837 5531 esse
2864 5472 3026 5531 factis
3062 5471 3244 5538 bonis,
3275 5467 3464 5525 faciles
3495 5466 3564 5524 ad

1976 5588 2124 5716 ἓέἓηι,
2165 5594 2213 5646 et
2267 5589 2483 5668 libenter
2528 5589 2987 5660 communicantes,
3045 5581 3399 5654 imarum
3448 5582 3568 5654 sibi.
