4108 6184
252 297 355 371 3:3

1265 296 1626 370 CDMMHNT.
1667 297 1739 368 ΙΝ
1775 295 1992 368 ΕΡΙΒΤ.
2033 298 2082 366 il
2120 301 2216 366 AD
2255 293 2542 368 TIMO'I‘H.

3453 300 3557 375 8M

250 436 407 497 illum
429 434 731 496 desiderare
773 441 998 512 propter
1025 434 1392 512 lacrymarum
1419 433 1539 510 ejus
1569 436 1834 496 recorda-
1870 439 1923 500 A
1949 433 2106 494 electi
2139 442 2268 493 sunt
2296 433 2365 492 ad
2387 433 2801 510 gubernandum
2834 434 3099 512 populum
3129 444 3382 499 sanctum
3413 439 3553 511 Dei;

250 527 473 600 tionem,
511 546 649 604 quas
681 547 870 589 amore
900 530 1116 588 fuderat
1145 529 1418 604 Apostoli,
1448 530 1593 589 sicut
1632 530 1838 589 intelli-

245 620 409 694 gitur,
434 620 744 682 recedentis
767 635 800 676 a
818 637 894 677 se.
925 621 1046 678 Non
1073 620 1357 678 immerito
1397 637 1525 694 ergo
1560 628 1838 677 amantem

245 725 300 766 se
331 710 630 779 desiderat,
662 717 727 766 ut
755 709 953 782 gaudio
982 711 1279 783 impleatur
1298 726 1368 766 ex
1388 709 1677 767 communi
1703 706 1841 763 laeti-

244 798 340 867 tia,
391 816 555 857 causa
593 797 723 856 ﬁdei
756 799 1002 868 sincerae,
1042 817 1206 873 quam
1250 807 1304 856 et
1339 800 1398 856 in
1444 799 1569 856 avia
1611 797 1748 870 ejus,
1791 805 1844 854 et

244 887 302 944 in
331 897 508 945 matre
541 886 711 944 fuisse
731 887 1027 961 signiﬁcat,
1047 888 1358 945 certissime
1382 896 1436 943 et
1462 887 1520 944 in
1541 904 1626 944 eo.
1650 885 1844 943 Omnis

242 978 430 1052 itaque
459 979 552 1036 hic
578 980 805 1037 affectus
847 988 1073 1054 propter
1120 979 1288 1036 ﬁdem
1333 989 1434 1049 est,
1474 996 1594 1053 qua;
1641 976 1842 1034 eratin

241 1071 325 1126 eis
353 1069 643 1126 inviolata.

319 1160 504 1232 (Vers.
554 1160 608 1229 6,
661 1160 740 1233 7.)
802 1184 820 1208 ε
873 1160 992 1228 Qua
1033 1159 1101 1217 de
1148 1176 1309 1217 causa
1345 1159 1614 1216 admoneo
1660 1166 1737 1227 te,
1783 1165 1846 1214 ut

243 1267 458 1308 recrees
486 1248 694 1307 donum
718 1250 836 1319 Dei,
869 1249 1018 1324 quod
1045 1257 1127 1306 est
1156 1249 1214 1305 in
1236 1257 1289 1305 te
1306 1266 1399 1320 per
1427 1248 1843 1321 impositionem

244 1357 512 1397 manuum
539 1355 820 1408 mearum;
854 1357 965 1396 non
994 1337 1145 1396 enim
1174 1338 1327 1396 dedit
1357 1337 1518 1394 nobis
1549 1339 1696 1393 Deus
1722 1335 1845 1409 spi-

243 1429 418 1486 ritum
449 1429 685 1498 timoris,
717 1428 813 1486 sed
842 1429 1088 1494 virtutis,
1110 1436 1164 1483 et
1192 1427 1529 1496 dilectionis,
1563 1434 1616 1483 et
1639 1427 1846 1484 sobrie-

242 1517 394 1574 tatis.
427 1541 446 1566 ι
504 1518 798 1590 Propterea
845 1535 902 1574 se
956 1526 1247 1590 parentum
1292 1515 1414 1590 ejus
1467 1516 1846 1573 sinceritatem

243 1605 376 1663 ﬁdei
407 1606 683 1680 signiﬁcat
711 1623 1064 1677 memorasse,
1096 1614 1160 1663 ut
1212 1606 1497 1663 fortiorem
1530 1605 1682 1662 hunc
1709 1606 1848 1662 face-

243 1703 347 1752 ret.
381 1695 518 1764 Quis
545 1695 696 1752 enim
726 1696 947 1753 laudem
983 1696 1210 1753 illorum
1241 1695 1491 1764 audiens,
1524 1712 1759 1769 quorum
1789 1694 1848 1750 in

1951 525 2019 584 ad
2049 534 2299 583 sanctum
2330 532 2512 581 autem
2535 525 2718 584 senior
2745 535 3003 596 vocatur,
3051 526 3147 602 qui
3184 529 3300 586 dux
3327 529 3557 604 eligitur

1950 615 2277 673 sanctitatis.
2323 642 2341 664 ε
2369 616 2492 673 Non
2538 617 2842 676 secundum
2891 617 3094 676 merita
3141 629 3345 676 nostra.
3392 645 3410 668 ι
3455 623 3558 679 Ve-

1952 721 2074 760 rum
2141 713 2242 774 est,
2301 704 2431 779 quia
2496 704 2542 762 si
2609 706 2677 762 ad
2730 706 3006 780 liquidum
3069 725 3299 781 quaeras,
3373 711 3558 767 nullus

1952 795 2244 853 hominum
2268 794 2468 866 dignus
2488 801 2664 867 potest
2691 794 2875 851 videri
2896 796 3140 853 vicarius
3166 813 3281 854 esse
3307 797 3519 855 Christi
3543 816 3558 865 ;

1954 899 2148 941 omnes
2175 883 2326 939 enim
2354 899 2492 955 quos
2536 881 2722 956 elegit,
2765 883 2920 955 prius
2977 885 3200 941 fuerant
3229 893 3559 958 peccatores.

1951 975 2227 1044 Quantum
2258 993 2387 1048 ergo
2424 974 2493 1032 ad
2536 976 3004 1047 comparationem
3051 984 3377 1033 caterorum
3424 995 3563 1051 per-

1951 1063 2113 1130 tinet,
2145 1062 2202 1118 hi
2231 1062 2384 1134 digni
2415 1062 2628 1116 inventi
2659 1069 2822 1117 sunt:
2856 1069 3126 1134 quantum
3177 1077 3313 1118 vero
3347 1061 3418 1119 ad
3445 1079 3561 1119 rem

1954 1149 2150 1224 ipsam,
2174 1166 2365 1207 omnes
2395 1149 2610 1222 indigni
2660 1157 2812 1206 sunt.
2867 1172 2886 1196 ι
2925 1149 3028 1205 Sed
3089 1149 3391 1206 secundum
3426 1167 3567 1223 pro-

1955 1240 2199 1314 positum
2231 1256 2414 1308 suum,
2455 1247 2508 1295 et
2554 1238 2785 1311 gratiam
2838 1254 2959 1312 quae
3001 1237 3126 1294 data
3174 1248 3257 1296 est
3305 1238 3470 1295 nobis
3508 1238 3568 1295 in

1955 1329 2181 1388 Christo
2227 1329 2353 1386 Iesu
2410 1337 2535 1385 ante
2581 1337 2830 1400 tempora
2877 1327 3187 1385 sacularia.
3218 1352 3237 1374 ι
3293 1328 3567 1396 Quoniam

1957 1418 2280 1491 dignatione
2309 1433 2407 1474 sua
2433 1419 2583 1475 Deus
2610 1419 2744 1474 olim
2763 1421 2908 1480 306
2960 1417 3212 1473 decrevit
3255 1424 3566 1490 peccatores

1956 1515 2137 1572 salvos
2166 1515 2344 1571 facere
2375 1514 2661 1586 (prmscius
2681 1515 2832 1570 enim
2852 1513 2959 1572 fuit
2979 1516 3130 1570 Deus
3155 1512 3290 1586 quid
3315 1513 3567 1570 futurum

1956 1613 2099 1662 esset
2117 1605 2174 1660 in
2204 1605 2449 1672 homine,
2474 1613 2771 1678 antequam
2789 1606 2995 1664 faceret
3011 1621 3170 1672 eum,
3195 1615 3250 1664 et
3271 1605 3566 1676 peccaret),

1959 1694 2239 1769 quomodo
2287 1693 2758 1766 redintegraretur
2778 1695 3216 1767 prmdestinavit,
3273 1710 3381 1767 quo
3418 1701 3570 1749 tem-

245 1805 310 1844 eo
343 1787 466 1860 ipso
495 1785 771 1860 particeps
801 1795 902 1856 est,
947 1804 1061 1844 non
1105 1795 1334 1856 crescat,
1364 1786 1572 1844 addens
1598 1785 1847 1843 animum
1891 1793 1938 1855 Β
1966 1799 2116 1856 pore,
2148 1792 2201 1840 et
2226 1799 2321 1856 per
2358 1799 2517 1856 quos,
2567 1790 2621 1838 et
2651 1798 2760 1855 qua
2807 1783 3028 1838 ratione
3075 1781 3279 1838 salvari
3318 1782 3566 1854 possint;

244 1875 574 1949 hujusmodi
603 1875 868 1932 viribus?
907 1875 998 1934 Sic
1044 1893 1172 1948 ergo
1211 1885 1421 1934 recreat
1458 1877 1518 1932 in
1546 1893 1603 1934 se
1640 1875 1851 1932 donum

243 1965 440 2038 gratim
471 1963 570 2021 Dei
599 1973 883 2037 acceptum
922 1982 1020 2038 per
1065 1965 1471 2023 ordinationem
1503 1963 1851 2039 presbyterii,

244 2055 386 2112 dum
442 2055 689 2112 animum
747 2071 908 2112 suum
977 2056 1236 2113 confovet
1291 2057 1494 2114 mentis
1551 2055 1854 2121 alacritate,

245 2146 494 2220 gaudens
524 2146 582 2202 in
629 2147 944 2221 semetipso,
966 2147 1110 2204 sicut
1139 2148 1198 2204 in
1221 2147 1468 2205 novitate
1488 2145 1856 2204 ordinationis

244 2236 536 2310 gaudetur.
583 2238 833 2310 Denique
881 2235 1162 2308 subjecit:
1227 2262 1246 2285 ε
1275 2237 1385 2294 Nec
1421 2238 1594 2306 enim,
1646 2235 1850 2309 inquit,

244 2326 403 2384 dedit
430 2325 592 2383 nobis
619 2329 764 2384 Deus
817 2327 1075 2399 spiritum
1106 2326 1342 2395 timoris,
1397 2326 1492 2384 sed
1544 2325 1789 2382 virtutis.
1819 2350 1838 2374 ι

245 2418 551 2474 Innovatus
595 2417 742 2474 enim
805 2416 972 2473 homo
1017 2417 1133 2473 exit
1175 2417 1243 2474 de
1298 2416 1521 2485 timore,
1567 2414 1852 2488 accipiens

249 2507 516 2579 spiritum
539 2505 747 2562 laetitia:
765 2515 987 2578 propter
1003 2504 1457 2578 justiﬁcationem
1483 2522 1496 2560 :
1522 2505 1652 2578 quia
1672 2503 1854 2560 omnis

248 2595 496 2669 injustus
525 2595 583 2650 in
626 2595 826 2652 timore
872 2604 972 2665 est,
1017 2612 1130 2652 non
1178 2596 1357 2663 fortis,
1409 2594 1504 2652 sed
1558 2593 1849 2660 inﬁrmus;

245 2704 364 2746 non
396 2687 453 2742 in
484 2685 802 2754 dilectione,
831 2685 926 2743 sed
958 2686 1016 2742 in
1066 2685 1232 2743 odio:
1267 2703 1368 2742 nec
1414 2683 1474 2740 in
1505 2683 1713 2740 mentis
1753 2700 1855 2739 so-

245 2777 504 2843 brietate,
528 2775 623 2832 sed
656 2791 838 2831 errore
869 2775 1107 2833 saucius.
1140 2775 1198 2832 Si
1241 2783 1425 2832 autem
1473 2773 1560 2830 his
1589 2772 1851 2840 caruerit,

245 2883 346 2940 per
374 2866 540 2923 ﬁdem
573 2872 626 2921 et
654 2865 837 2934 fortis,
876 2873 930 2922 et
960 2865 1216 2933 dilectus,
1251 2872 1306 2920 et
1333 2863 1556 2920 sobrius
1574 2861 1704 2918 erit.

326 2966 509 3036 (Vers.
549 2963 631 3036 8.)
678 2991 696 3014 ι
720 2965 847 3022 Noli
880 2965 1065 3038 itaque
1104 2963 1425 3020 erubescere
1471 2958 1854 3017 testimonium

247 3055 475 3114 Domini
505 3054 702 3122 nostri,
733 3071 911 3127 neque
942 3070 1026 3109 me
1057 3053 1309 3108 vinctum
1352 3048 1490 3120 ejus.
1525 3074 1544 3098 ι
1586 3049 1858 3107 Constan-

1961 1881 2023 1930 ut
2053 1889 2230 1946 neque
2284 1873 2486 1928 merito
2519 1888 2619 1927 suo
2666 1871 2762 1944 qui
2807 1871 3117 1938 salvantur,
3162 1887 3340 1944 neque
3369 1871 3568 1927 horum

1962 1978 2057 2034 per
2084 1977 2220 2034 quos
2249 1969 2536 2029 vocantur,
2569 1959 2665 2016 sed
2685 1959 2784 2016 Dei
2816 1959 2990 2031 gratia
3010 1958 3161 2015 istud
3191 1959 3401 2015 donum
3422 1975 3557 2032 pra:-

1963 2050 2098 2106 stari
2119 2050 2377 2108 videatur
2406 2067 2502 2123 per
2535 2048 2700 2104 ﬁdem
2733 2047 2966 2107 Christi.

2037 2147 2222 2221 (Vers.
2259 2149 2372 2221 10.)
2411 2173 2428 2194 ι
2459 2148 2618 2204 Nunc
2663 2163 2796 2203 vero
2830 2147 3109 2204 declarata
3156 2163 3253 2220 per
3281 2146 3562 2204 illumina-

1962 2238 2171 2296 tionem
2202 2239 2473 2296 adventus
2501 2237 2808 2295 Salvutoris
2866 2237 3044 2294 nostri
3084 2237 3212 2294 Jesu
3269 2237 3496 2296 Christi.
3534 2265 3552 2286 ι

1962 2331 2179 2386 Donum
2208 2327 2306 2385 Dei
2336 2328 2479 2401 quod
2514 2335 2640 2383 ante
2670 2335 2917 2400 tempora
2966 2325 3254 2384 saecularia
3282 2327 3482 2384 latebat
3507 2328 3565 2383 in

1962 2420 2250 2493 mysterio,
2288 2419 2667 2476 incarnatione
2704 2427 2758 2475 et
2787 2417 3031 2475 adventu
3080 2417 3286 2477 Christi
3315 2418 3568 2475 declara-

1963 2518 2080 2566 tum
2111 2518 2364 2579 testatur,
2396 2511 2621 2584 quando
2649 2517 2933 2583 coeperunt
2981 2509 3237 2566 homines
3284 2509 3566 2567 remissam

1964 2609 2311 2674 peccatorum
2343 2601 2610 2671 accipere.

2038 2698 2222 2771 (Vers.
2271 2697 2384 2767 11.)
2448 2719 2466 2742 ι
2505 2696 2614 2764 Qui
2682 2694 2964 2750 destruxit
3025 2694 3248 2766 quidem
3313 2703 3564 2763 mortem,

1965 2785 2312 2843 illuminavit
2332 2793 2514 2841 autem
2548 2783 2721 2839 vitam
2761 2783 3067 2839 aeternitate
3098 2783 3216 2854 (69)
3239 2797 3336 2854 per
3372 2783 3568 2838 Evan—

1967 2875 2194 2948 gelium,
2255 2874 2313 2929 in
2369 2889 2479 2947 quo
2535 2872 2747 2946 positus
2802 2888 2924 2928 sum
2973 2886 3072 2945 ego
3123 2870 3471 2944 praedicator,
3511 2877 3570 2927 et

1969 2962 2272 3036 apostolus,
2333 2969 2388 3017 et
2465 2961 2724 3035 magister
2779 2959 3048 3034 gentium.
3103 2984 3123 3010 ι
3193 2959 3312 3028 Qua
3359 2956 3571 3015 ratione

1967 3054 2186 3109 salvum
2223 3051 2354 3109 fecit
2381 3052 2646 3124 populum
2679 3067 2842 3107 suum
2889 3048 3164 3119 Christus,
3205 3047 3448 3106 ostendit
3472 3045 3570 3102 di-

253 3146 386 3202 tiam
445 3141 754 3199 habendam
811 3141 994 3209 docet,
1048 3157 1149 3196 nec
1225 3137 1486 3211 trepidari
1546 3137 1743 3195 debere
1799 3136 1858 3192 in
1884 3149 1927 3210 ο
1963 3159 2094 3202 cens
2142 3141 2272 3216 quia
2327 3148 2560 3198 mortem
2618 3139 2916 3208 destruxit,
2979 3156 3100 3213 quae
3152 3145 3270 3195 erat
3323 3134 3571 3194 hominis

251 3233 620 3307 professione.
651 3231 773 3286 Non
803 3237 886 3285 est
916 3229 1066 3285 enim
1113 3228 1261 3285 unde
1291 3228 1646 3286 erubescatur
1670 3231 1727 3286 in
1768 3245 1851 3301 ea,

252 3322 386 3396 quia
407 3321 455 3376 si
487 3319 656 3374 homo
688 3317 840 3374 visus
868 3325 948 3375 est
978 3317 1252 3387 Christus,
1292 3317 1457 3391 gestis
1484 3325 1668 3374 tamen
1697 3336 1856 3393 appa-

255 3409 372 3467 ruit
421 3409 604 3464 Deus:
659 3407 760 3463 etsi
819 3407 1121 3464 cruciﬁxus
1167 3415 1270 3477 est,
1319 3408 1622 3463 resurrexit
1669 3417 1854 3465 tamen

256 3515 289 3554 a
323 3495 579 3565 mortuis,
629 3505 682 3553 et
715 3496 907 3553 multis
952 3496 1293 3566 videntibus,
1338 3496 1679 3569 suscipiente
1727 3514 1855 3553 eum

252 3586 425 3654 nube,
456 3584 514 3640 in
544 3586 744 3642 coelum
798 3585 1045 3643 ascendit
1092 3585 1234 3658 (Act.
1269 3602 1308 3654 ι,
1344 3585 1426 3658 9).
1479 3584 1600 3641 Non
1629 3593 1710 3642 est
1731 3603 1858 3658 ergo

254 3678 606 3735 inﬁrmitatis
626 3695 810 3747 causa,
843 3678 936 3735 sed
967 3679 1287 3751 potestatis;
1335 3677 1466 3752 quia
1497 3677 1594 3733 ubi
1634 3685 1859 3751 putatur

254 3766 635 3836 imbecillitas,
694 3767 775 3823 ibi
823 3776 1048 3842 apparet
1117 3768 1383 3841 potentia.
1445 3768 1636 3839 Itaque
1692 3768 1858 3824 stulte

255 3855 572 3913 inﬁrmatus
600 3856 828 3925 dicitur,
857 3857 954 3931 qui
983 3857 1182 3914 vicisse
1221 3857 1505 3930 probatur.
1536 3857 1650 3913 Hoc
1696 3857 1859 3913 modo

256 3961 358 4003 nec
387 3945 447 4001 in
476 3946 739 4020 Apostolo
767 3954 869 4013 est,
916 3946 1062 4020 quod
1120 3945 1189 4002 ad
1245 3945 1503 4002 ruborem
1540 3945 1811 4018 pertineat
1844 3964 1855 4003 :

257 4035 389 4109 quia
417 4034 462 4090 si
492 4034 763 4107 pressuris
791 4045 845 4092 et
876 4035 1120 4092 caedibus
1153 4035 1480 4093 humiliatus
1518 4036 1744 4106 dicitur,
1791 4054 1861 4093 ex

261 4125 360 4180 illa
406 4133 558 4198 parte
613 4125 912 4182 confundit
960 4126 1354 4184 obtrectatores
1424 4145 1573 4196 suos,
1619 4127 1750 4200 quia
1802 4126 1858 4182 in

259 4214 435 4286 signis
475 4231 538 4271 ae
580 4215 849 4288 prodigiis
901 4224 1043 4271 nutu
1083 4215 1356 4272 mirabilis
1401 4216 1761 4288 pervidetur:
1798 4225 1861 4274 ut

260 4302 606 4376 intelligatur
636 4320 749 4359 non
769 4302 1093 4360 inﬁrmitate
1113 4304 1420 4374 humiliari,
1451 4306 1546 4362 sed
1576 4307 1861 4363 voluntate

263 4392 332 4449 ad
357 4393 652 4466 quemdam
703 4393 1030 4450 meritorum
1077 4394 1410 4466 profectum.
1451 4395 1664 4453 Idcirco
1711 4395 1860 4451 enim

262 4480 408 4536 Deus
437 4496 624 4536 servos
654 4496 784 4536 suos
811 4479 880 4536 ab
900 4478 1109 4553 iniquis
1151 4479 1438 4536 humiliari
1466 4482 1764 4552 permittit,
1794 4499 1862 4538 ne
1889 4507 1939 4566 D

268 4567 379 4626 illis
407 4568 613 4642 injuste
643 4569 868 4642 praemia
892 4569 1022 4626 dare
1047 4569 1326 4627 videatur.

340 4668 521 4740 (Vers.
553 4669 636 4741 9.)
673 4693 690 4715 ι
709 4669 812 4726 Sed
840 4670 1119 4749 collabora
1139 4669 1198 4726 in
1226 4669 1532 4743 Evangelio
1561 4669 1864 4728 secundum

269 4758 531 4816 virtutem
562 4759 684 4829 Dei,
717 4759 811 4834 qui
842 4778 943 4818 nos
971 4762 1152 4820 salvos
1181 4762 1312 4819 fecit
1347 4762 1492 4836 (68).
1529 4787 1549 4812 ι
1591 4760 1863 4830 Quoniam

270 4848 473 4905 virtute
499 4849 598 4905 Dei
644 4848 789 4906 victa
816 4857 897 4906 est
927 4867 1097 4916 mors,
1133 4859 1196 4907 ut
1225 4867 1326 4908 nos
1351 4851 1495 4909 salvi
1545 4867 1662 4908 esse
1695 4850 1865 4924 possi-

273 4953 428 5005 mus;
459 4937 624 5009 juxta
649 4937 755 4995 hoc
780 4939 1043 4995 convenit
1071 4940 1249 4996 vicem
1281 4957 1382 4996 nos
1411 4957 1481 4996 ex
1501 4940 1686 5014 aliqua
1714 4948 1866 5014 parte

276 5025 500 5083 reddere
569 5025 947 5098 Redemptori.
1003 5025 1144 5093 Quia
1187 5027 1336 5082 enim
1394 5026 1462 5082 ad
1516 5027 1703 5084 omnia
1748 5027 1867 5101 ejus

271 5112 538 5172 beneﬁcia
567 5114 897 5188 respondere
925 5131 1038 5170 non
1068 5132 1380 5188 possumus,
1412 5117 1503 5172 vel
1533 5116 1864 5190 legationem

273 5204 390 5278 ejus
437 5206 676 5264 ﬁdeliter
717 5214 772 5263 et
816 5205 1087 5263 instanter
1139 5223 1380 5280 agamus.
1450 5230 1470 5254 ι
1526 5207 1599 5263 Et
1646 5206 1867 5264 vocavit

275 5297 559 5354 vocatione
606 5314 703 5354 sua
749 5305 954 5355 sancta.
988 5321 1007 5347 ι
1059 5297 1292 5354 Vocatio
1339 5307 1526 5356 sancta
1581 5305 1683 5366 est,
1738 5313 1865 5354 cum

371 5441 464 5515 68)
498 5444 657 5500 Rom.
691 5443 851 5511 edit.,
915 5442 969 5498 ui
996 5459 1092 5498 nos
1115 5441 1376 5498 liberavit.

347 5441 464 5582 i69)
497 5513 835 5582 Rom.edit.,
866 5459 1204 5571 illuminavit
1231 5519 1376 5570 autem

372 5513 464 5585 69)
497 5515 658 5572 Rom.
676 5513 835 5584 edit.,
866 5513 1204 5571 Illuminavit
1231 5519 1406 5570 autem
1435 5513 1617 5584 vitam,
1645 5520 1693 5571 et
1719 5519 1865 5571 ceter-

275 5583 510 5643 m'tatem.
543 5587 622 5644 Ita
651 5583 825 5642 etiam,
844 5585 1006 5642 infra.

348 5659 465 5730 (70)
501 5659 657 5717 Rom.
693 5658 826 5716 edit.
861 5658 917 5714 in
948 5658 1104 5716 illum
1139 5658 1342 5716 diem...
1388 5657 1481 5731 qui
1509 5673 1596 5731 spe
1619 5665 1670 5716 et
1713 5658 1864 5732 ﬁdu-

1966 3231 2216 3298 inimica,
2248 3247 2317 3286 ne
2346 3230 2414 3286 ab
2464 3229 2659 3285 inferis
2711 3239 2893 3302 posset
2940 3243 3259 3302 resurgere:
3313 3235 3432 3282 tum
3462 3225 3569 3282 de—

1967 3338 2120 3377 mum
2152 3320 2325 3375 vitam
2359 3318 2704 3374 illuminavit
2732 3319 3057 3385 aeternitate,
3107 3325 3170 3372 ut
3219 3329 3507 3385 resurgens
3537 3329 3571 3366 a

1967 3409 2226 3478 mortuis,
2253 3407 2368 3480 jam
2417 3408 2559 3463 mori
2602 3423 2714 3462 non
2753 3407 2944 3479 possit.
2987 3405 3235 3462 Obscura
3272 3401 3419 3458 enim
3450 3400 3569 3456 vita

1966 3505 2070 3567 est,
2111 3515 2231 3572 quze
2271 3506 2517 3570 tempore
2565 3495 2850 3564 deﬁnitur,
2905 3494 3039 3551 dum
3095 3497 3401 3564 soporatur,
3435 3488 3570 3546 dum

1968 3588 2202 3660 ignorat,
2232 3585 2365 3642 dum
2388 3587 2530 3641 male
2565 3593 2831 3640 versatur.
2865 3584 2938 3638 Et
2987 3579 3262 3656 quomodo
3293 3577 3570 3636 illumine-

1967 3685 2058 3732 tur
2088 3676 2222 3744 vita,
2255 3675 2520 3743 ostendit,
2543 3673 2675 3747 quia
2703 3690 2797 3746 per
2825 3671 3190 3744 Evangelium
3221 3667 3570 3726 credentibus

1969 3769 2131 3824 datur
2163 3764 2462 3832 aeternitas,
2503 3764 2765 3837 magistro
2795 3763 3047 3837 gentium
3081 3759 3434 3835 praedicante.

2043 3855 2224 3927 (Vers.
2263 3856 2378 3926 i2.)
2435 3879 2453 3902 ι
2488 3854 2662 3921 Quam
2710 3853 2779 3909 ob
2810 3870 3028 3910 causam
3060 3859 3114 3910 et
3160 3849 3282 3908 haec
3306 3848 3504 3922 patior.
3539 3872 3556 3895 ι

1967 3943 2278 4000 Praedicans
2310 3941 2411 3999 Dei
2440 3942 2670 4011 donum,
2701 3941 2987 3999 diabolum
3019 3939 3228 4014 patitur
3256 3933 3566 4000 inimicum,

1970 4041 2032 4090 ut
2059 4047 2338 4104 pressuras
2356 4030 2407 4087 ei
2436 4030 2757 4100 exsuscitet,
2786 4031 2916 4104 quia
2943 4047 3011 4102 po
3029 4030 3221 4101 pulum
3239 4027 3306 4083 de
3321 4023 3572 4080 faucibus

1970 4122 2088 4195 ejus
2115 4121 2279 4179 eruit.
2343 4145 2362 4170 ι
2391 4120 2496 4177 Sed
2522 4137 2632 4178 non
2661 4119 2996 4178 confundor.
3031 4141 3048 4164 ›
3097 4118 3159 4170 ln
3189 4113 3295 4168 hoc
3324 4124 3568 4175 securus,

1969 4211 2099 4284 quia
2127 4228 2226 4284 pro
2246 4209 2702 4267 tribulationibus
2732 4222 2927 4277 magna
2954 4201 3222 4276 promissa
3242 4212 3447 4254 merces
3466 4202 3569 4263 est,

1970 4316 2083 4356 non
2111 4299 2494 4368 confunditur,
2528 4296 2623 4354 sed
2650 4294 2917 4367 gloriatur
2971 4293 3029 4347 in
3063 4287 3351 4362 pressuris.
3399 4311 3417 4334 ι
3445 4285 3570 4343 Scio

1969 4389 2117 4445 enim
2167 4389 2259 4445 cui
2290 4386 2524 4452 credidi,
2566 4393 2620 4440 et
2662 4389 2844 4441 certus
2892 4397 3014 4437 sum
3060 4377 3191 4451 quia
3245 4385 3438 4450 potens
3489 4383 3571 4434 est

1970 4478 2283 4550 depositum
2307 4492 2490 4532 meum
2508 4470 2786 4530 custodire
2805 4469 2862 4524 in
2886 4469 2981 4525 illa
3000 4468 3109 4524 die.
3129 4492 3148 4516 ι
3183 4466 3300 4524 Hoc
3319 4475 3400 4522 est
3419 4463 3570 4539 quod

1972 4567 2127 4636 dicit,
2164 4583 2271 4642 qua
2292 4583 2387 4639 spe
2416 4572 2470 4621 et
2501 4560 2705 4619 ﬁducia
2734 4559 2852 4632 (70)
2885 4557 3307 4632 magniﬁcentiae
3327 4557 3569 4612 Salvato-

1975 4656 2051 4712 ris
2081 4671 2304 4712 securus
2341 4662 2444 4723 est,
2473 4653 2604 4727 quia
2655 4650 2802 4726 quod
2830 4647 3178 4707 commendat
3224 4645 3331 4714 illi,
3363 4645 3422 4701 in
3451 4652 3570 4702 tuto

1973 4756 2075 4805 est.
2109 4745 2253 4814 Quid
2273 4754 2456 4803 autem
2485 4743 2569 4800 illi
2589 4741 2960 4808 commendat,
2986 4737 3094 4795 nisi
3115 4737 3350 4795 salutem
3371 4751 3525 4792 suam
3541 4734 3571 4790 ?

1974 4838 2046 4896 Ut
2078 4836 2172 4894 hic
2227 4853 2325 4910 pro
2379 4835 2479 4892 illo
2522 4833 2758 4908 patiens,
2807 4832 3041 4888 salutem
3100 4827 3350 4884 inveniat
3405 4842 3571 4900 penes

1973 4927 2156 4997 illum,
2187 4943 2313 4985 cum
2346 4924 2573 4999 coeperit
2598 4921 2849 4997 judicare
2882 4939 2895 4978 :
2929 4926 2991 4975 ut
3034 4918 3268 4993 puniens
3299 4917 3569 4983 inﬁdeles,

1973 5018 2140 5076 istum
2173 5018 2403 5091 dignum
2435 5023 2637 5072 aeterna
2658 5013 2775 5069 vita
2808 5013 3150 5087 pronuntiet.

2048 5117 2229 5190 (Vers.
2259 5116 2346 5184 13,
2383 5113 2498 5186 14.)
2543 5137 2562 5162 ι
2593 5113 2848 5170 Formam
2871 5111 3081 5167 habens
3099 5124 3358 5167 sanorum
3379 5105 3569 5164 verbo-

1975 5223 2096 5262 rum
2130 5207 2272 5279 (7l),
2309 5221 2430 5280 quae
2461 5221 2492 5260 a
2538 5221 2624 5261 me
2655 5202 2858 5260 audisti
2898 5201 2955 5257 in
3008 5201 3116 5258 ﬁde
3145 5209 3200 5256 et
3251 5194 3567 5258 dilectione,

1973 5313 2094 5370 quae
2118 5304 2200 5352 est
2229 5295 2287 5350 in
2318 5293 2540 5352 Christo
2563 5293 2712 5361 Jesu,
2745 5291 2956 5348 bonum
3002 5286 3448 5345 commendatum
3478 5293 3570 5334 cu-

1973 5441 2076 5498 οἱα..
2175 5455 2188 5470 ⁸

2047 5491 2165 5584 (71)
2208 5510 2368 5569 Rom.
2417 5509 2551 5566 edit.
2602 5507 2856 5584 Formam
2902 5503 3030 5584 haec
3060 5515 3325 5584 _s_anorum
3372 5491 3570 5552 verbo-

1973 5573 2188 5642 ruin..2.
2219 5584 2429 5640 Bonum
2451 5579 2867 5640 commendatum
2894 5573 3116 5630 custodi.
