4070 6186
523 269 630 338 518

1515 267 1608 330 an
1646 257 1880 331 orem
1917 269 1973 329 s.
2014 255 2349 332 AMBROSII
2389 259 2768 332 APPENDIX.

3713 275 3822 334 516

523 394 728 463 etodire
757 409 853 478 per
879 396 1145 474 Spiritum
1171 401 1440 468 sanctum,
1463 393 1559 472 qui
1588 393 1801 454 habitat
1815 386 1875 453 in
1891 381 2095 456 nobis»
2137 397 2190 462 Α
2218 395 2358 469 vult,
2392 385 2486 473 qui
2525 384 2662 456 alios
2694 386 2907 474 pessint
2943 381 3158 467 docere,
3191 403 3301 455 non
3342 386 3548 472 passim
3578 400 3822 475 vulgari-

521 493 796 569 Prtecepta
824 501 922 548 sua
950 505 1075 547 cum
1107 487 1273 564 gestis
1304 488 1535 545 formam
1575 485 1812 560 appellat
1859 485 2114 545 salutaris
2222 488 2326 547 bus
2353 499 2416 549 ac
2444 489 2886 566 negligentibus;
2920 493 3117 566 magna
3161 489 3310 548 enim
3352 509 3486 549 cura
3529 484 3826 567 eligendus

523 581 807 648 dcctrinae,
839 589 1002 654 quam
1051 578 1218 637 istum
1255 575 1408 652 sequi
1452 575 1694 648 mandat,
1739 583 1802 633 nt
1843 575 2115 635 custodiat

524 677 605 740 ea,
641 669 852 744 Spiritu
880 679 1070 728 sancto
1102 667 1341 726 favente.

597 759 779 831 (νει-ἑ.
815 759 1050 830 15,16.)
1109 777 1128 806 α
1156 757 1273 816 Scis
1319 749 1468 814 enim
1514 757 1638 827 hoc,
1689 750 1836 832 quod
1883 755 2119 814 aversati

523 853 654 906 sunt
678 863 710 906 a
742 861 829 904 me
855 859 1046 905 omnes
1080 846 1174 921 qui
1211 847 1269 904 in
1305 842 1436 906 Asia
1479 855 1628 918 sunt,
1679 858 1749 905 ex
1796 846 1999 923 quibus
2036 850 2119 904 est

523 938 797 1012 Phygelus
827 943 881 994 et
918 933 1304 1010 Hermogenes.
1334 953 1353 987 ι
1399 937 1468 994 lii
1497 951 1634 1012 quos
1681 933 1973 1006 memorat,
2005 930 2120 992 fal-

524 1028 662 1084 lacia
687 1026 834 1100 pleni
863 1029 1018 1083 erant
1050 1043 1063 1095 ;
1093 1022 1430 1084 simulabant
1469 1028 1620 1084 enim
1650 1023 1927 1085 amicitias
1958 1019 2119 1100 Apo-

523 1115 674 1187 stoli,
702 1122 765 1174 ut
811 1114 1153 1176 adherentes
1200 1118 1251 1174 ei
1283 1116 1652 1189 addiscerem,
1709 1117 1858 1175 unde
1901 1119 1986 1175 illi
2019 1135 2121 1176 ca-

523 1203 793 1263 lumniam
833 1203 1094 1275 facerent,
1142 1207 1237 1262 aut
1282 1215 1379 1281 per
1411 1207 1548 1264 alios
1587 1207 1973 1264 immitterent.
2015 1203 2120 1275 Qui

524 1303 872 1371 posteaquam
905 1292 1166 1354 viderunt
1210 1296 1589 1354 manifestatos
1641 1311 1718 1367 se,
1775 1305 2122 1355 recesserunt

525 1383 592 1442 ab
636 1402 720 1443 eo.
789 1403 808 1433 α
836 1387 938 1442 Det
1002 1384 1436 1443 misericordiam
1476 1385 1748 1444 Dominus
1794 1379 2122 1461 Onesiphori

526 1475 715 1534 domui
740 1489 754 1544 ;
783 1474 913 1549 quia
941 1489 1082 1548 saepe
1114 1489 1201 1533 me
1229 1473 1575 1549 refrigeravit
1602 1481 1658 1534 et
1689 1487 1853 1551 super
1873 1485 2123 1536 catenam

527 1573 704 1625 meam
757 1575 871 1624 non
916 1565 1158 1623 erubuit.
1191 1582 1211 1616 ο
1267 1564 1488 1640 Duplici
1535 1577 1728 1639 genere
1775 1561 2125 1640 refrigerium

526 1657 634 1716 hoc
664 1655 1088 1731 intelligendum
1119 1660 1220 1726 est,
1259 1658 1387 1730 quia
1415 1661 1468 1713 et
1499 1657 1557 1713 in
1580 1653 1902 1715 necessitate
1929 1663 2127 1716 custo-

2224 589 2307 637 est
2337 573 2551 639 doctor.
2814 658 2816 662 τ

2301 667 2483 742 (Vere.
2525 671 2576 741 3,
2609 671 2688 745 4.)
2741 697 2760 720 ‹
2803 663 3015 730 Labor'a
3065 672 3127 728 ut
3173 667 3356 729 bonus
3400 669 3560 730 miles
3607 666 3827 732 Christi

2226 753 2353 819 Iesu
2378 780 2392 830 ;
2416 767 2580 819 nemo
2612 761 2761 820 enim
2804 763 3049 821 militans
3086 762 3220 832 Deo,
3268 759 3474 834 obligat
3501 779 3559 819 se
3589 766 3833 836 negotiis

2229 849 2620 921 saeularibu‘s;
2664 855 2725 908 ut
2757 851 2967 924 placeat
3015 851 3066 909 ei
3105 849 3194 909 cui
3225 865 3281 909 se
3318 845 3595 924 probavit.
3625 879 3644 902 ι
3702 854 3834 912 Ma-

2229 941 2494 999 nifestum
2511 947 2590 1000 est
2620 943 2768 1016 quod
2795 937 2932 1000 dicit
2966 960 2981 1012 ;
3015 940 3146 1017 quia
3185 959 3378 1000 inemo
3407 952 3588 1016 potest
3609 943 3834 1004 duobus

2229 1033 2472 1090 dominis
2498 1033 2706 1090 servire
2729 1035 2944 1107 (Matth.
2977 1051 3058 1103 v1,
3091 1033 3220 1106 24);
3247 1060 3265 1083 ι
3309 1033 3529 1108 negotia
3556 1035 3704 1092 enim
3735 1055 3834 1093 sae-

2229 1121 2438 1180 cularia
2457 1125 2703 1182 avaritiae
2733 1121 2978 1183 serviant
2997 1135 3214 1182 necesse
3240 1131 3320 1181 est
3345 1143 3357 1181 :
3389 1132 3444 1182 et
3474 1125 3583 1182 nisi
3608 1127 3834 1184 mentiti

2231 1208 2459 1284 fuerint,
2494 1215 2819 1289 transegisse
2853 1232 2965 1273 non
2994 1223 3241 1289 possunt.
3283 1207 3381 1272 Est
3411 1232 3561 1289 ergo,
3586 1217 3683 1274 sed
3714 1209 3835 1274 leve

2232 1307 2536 1377 peccatum.
2613 1299 3034 1364 Ecclesiasticus
3089 1313 3272 1362 autem
3329 1303 3539 1363 idcirco
3605 1299 3720 1364 Deo
3779 1325 3836 1364 se

2232 1392 2449 1466 probat,
2499 1399 2563 1451 ut
2612 1390 2746 1453 huic
2796 1389 3051 1465 devotus,
3103 1391 3348 1452 cilicium
3400 1393 3634 1467 impleat
3687 1391 3836 1470 quod

2234 1477 2549 1558 spepondit,
2579 1484 2638 1540 in
2658 1483 2759 1541 Dei
2776 1479 2938 1542 rebus
2968 1483 3264 1552 sollicitus,
3284 1500 3316 1540 a
3335 1487 3589 1544 saeculari
3610 1485 3832 1560 negotio

2234 1573 2476 1642 alienus;
2512 1579 2622 1630 non
2653 1572 2801 1630 enim
2831 1565 3095 1632 convenit
3141 1590 3317 1630 unum
3367 1561 3648 1648 duplicem
3694 1593 3839 1650 pro—-

2235 1653 2531 1721 fessionem
2554 1659 2778 1721 habere.

527 1742 635 1806 dire
691 1746 889 1805 solatio
936 1753 1036 1804 suo
1076 1745 1423 1820 refrigeravit
1465 1757 1630 1803 eum:
1677 1753 1732 1804 et
1777 1745 1823 1804 si
1864 1761 1971 1822 qua
2017 1745 2124 1816 illi,
2157 1765 2204 1832 Β
2306 1753 2487 1828 (vers.
2518 1753 2601 1828 5.)
2630 1776 2650 1802 ι
2681 1743 2803 1811 Etsi
2832 1761 3005 1812 certet
3035 1753 3157 1829 quis
3195 1746 3340 1829 (74),
3375 1773 3484 1813 non
3506 1763 3836 1827 coronatur,

529 1840 646 1897 sive
675 1835 1052 1912 indigentibus
1081 1849 1217 1912 opus
1241 1839 1418 1908 erant,
1449 1835 1810 1895 ministravit.
1844 1834 1947 1910 Spe
1977 1837 2125 1895 enim

529 1937 741 1999 eorum,
782 1942 902 2002 quae
930 1925 1200 2002 promissa
1239 1929 1390 1997 sunt,
1441 1939 1554 1983 non
1601 1923 1802 2000 puduit
1831 1925 1993 1984 illum
2023 1939 2128 1985 δοι-

533 2017 746 2088 cedere,
780 2017 1146 2092 eﬁrequirere
1177 2010 1459 2073 hominem
1487 2015 1727 2090 positum
1760 2017 1818 2073 in
1839 2013 2127 2087 custodia;

531 2107 615 2166 illi
644 2107 791 2165 enim
822 2119 959 2180 quos
998 2113 1163 2180 supra
1209 2107 1498 2176 memorat,
1549 2106 1680 2180 quia
1734 2104 2128 2164 erubescebant

532 2197 599 2254 de
628 2209 790 2255 cruce
831 2195 1058 2266 Christi,
1109 2194 1168 2252 in
1209 2195 1532 2253 necessitate
1582 2193 1943 2254 deseruerunt
1983 2197 2127 2270 Apo-

533 2287 758 2344 stolum.
877 2363 879 2366 ⁴

608 2369 790 2450 (Vers.
826 2375 914 2446 17,
965 2373 1105 2449 18.).
1156 2389 1176 2427 ἀ
1204 2366 1310 2434 Sed
1355 2381 1480 2435 cum
1529 2387 1704 2434 essem
1753 2369 1938 2434 Romae
1980 2371 2124 2448 (72),

535 2463 774 2524 sollicite
802 2477 891 2522 me
919 2465 1176 2540 ῳ]ωείνῆ
1203 2469 1256 2524 et
1304 2465 1538 2522 invenit.
1588 2467 1692 2523 Det
1722 2463 1807 2522 illi
1859 2459 2129 2522 Dominus

537 2555 787 2613 invenire
815 2555 1251 2613 misericordiam
1272 2557 1417 2629 apud
1437 2554 1736 2613 Dominum
1767 2555 1826 2612 in
1848 2553 1945 2612 illa
1964 2554 2075 2612 die.
2095 2567 2115 2604 ί

534 2644 763 2701 Romam
793 2645 1023 2701 veniens
1051 2645 1371 2718 Apostolus,-
1418 2655 1545 2702 cum
1589 2643 1913 2718 appellasset
1941 2632 2129 2703 Caesa-

538 2749 673 2804 rem,
721 2749 754 2790 a
796 2731 1074 2791 militibus
1119 2733 1533 2792 custodiebatur
1575 2749 1589 2804 ;
1634 2741 1768 2792 tunc
1809 2734 1958 2791 enim
2001 2742 2129 2791 eum

537 2822 916 2896 Onesiphorus
971 2822 1258 2881 charitatis
1299 2835 1462 2880 causa
1501 2830 1556 2880 et
1603 2823 1902 2897 magisterii
1934 2835 2131 2897 magna

536 2913 825 2986 diligentia
865 2913 1196 2986 requisitum
1241 2912 1476 2970 invenit.
1523 2911 1695 2986 Cujus
1735 2913 1983 2971 visitatio
2011 2921 2123 2971 tam

537 3000 890 3074 acceptabilis
941 2999 1051 3058 fuit
1086 3001 1372 3074 Apostolo,
1445 3008 1508 3058 ut
1562 3015 1689 3059 eum
1743 3003 1824 3060 sic
1883 3003 2128 3060 Domino

2236 1843 2343 1901 nisi
2378 1839 2621 1917 legitime
2649 1839 2962 1901 certaverit.
2996 1869 3014 1894 ι
3056 1843 3156 1902 Dei
3201 1837 3437 1902 militem
3464 1854 3576 1902 tam
3609 1847 3845 1904 exerci-

2234 1935 2413 1991 tatum
2439 1931 2562 1990 vult
2579 1938 2696 1991 esse
2716 1933 2774 1990 in
2803 1929 2904 1991 Dei
2927 1933 3208 2008 operibus,
3235 1923 3325 1992 vel
3341 1927 3522 1993 oﬁicio
3541 1923 3828 2010 deputata,

2236 2027 2299 2082 ut
2327 2023 2498 2097 possit
2526 2020 2594 2080 ad
2624 2013 2810 2097 gloriae
2843 2023 3104 2083 meritum
3144 2025 3432 2099 pervenire
3456 2045 3468 2082 :
3498 2021 3614 2083 tota
3644 2035 3824 2086 mente

2236 2113 2559 2188 vigilantem
2585 2103 2795 2170 divinis
2823 2111 3120 2188 abaequiis,
3144 2114 3434 2188 praesentia
3455 2127 3829 2190 spernentem,

2234 2203 2480 2260 coelestia
2506 2196 2828 2276 diligentem
2862 2222 2875 2260 :
2917 2201 2986 2261 ad
3013 2201 3121 2262 huc
3150 2203 3298 2260 enim
3355 2222 3412 2262 se
3464 2195 3742 2280 probavit,
3775 2212 3843 2263 ut

2236 2283 2330 2351 hic
2366 2287 2623 2350 laborans
2650 2291 3031 2351 remuneretur
3075 2291 3134 2351 in
3162 2289 3361 2352 cmiis.’

2311 2381 2494 2461 (Vers.
2544 2385 2598 2459 6,
2650 2387 2731 2463 7.)
2798 2413 2819 2438 ο
2862 2377 3225 2446 Laborantem
3271 2385 3568 2463 agricolam
3619 2398 3840 2464 oportet

2238 2479 2479 2553 primum
2504 2475 2582 2535 de
2612 2468 2888 2536 fructibus
2915 2478 3215 2553 percipere.
3243 2467 3496 2554 Intellige
3527 2496 3649 2555 quae
3678 2481 3842 2550 dico;

2238 2567 2391 2626 dabit
2421 2567 2568 2625 enim
2604 2565 2708 2624 tibi
2727 2563 2998 2626 Dominus
3021 2566 3079 2626 in
3118 2569 3380 2626 omnibus
3406 2569 3778 2627 intellectum.
3809 2594 3828 2617 ι

2238 2659 2425 2716 Tantae
2450 2653 2799 2717 abstinentiae
2830 2668 3051 2718 sanctus
3073 2652 3179 2717 fuit
3200 2653 3547 2730 Timotheus,
3577 2668 3640 2716 ut
3667 2660 3840 2717 etiam

2237 2747 2440 2807 alicitis
2495 2766 2552 2806 se
2606 2759 2972 2824 temperaret;
3033 2745 3141 2808 hoc
3187 2751 3334 2807 enim
3396 2741 3518 2807 vult
3547 2741 3837 2832 intelligi,

2238 2839 2370 2914 quia
2415 2855 2447 2894 a
2492 2833 2915 2912 participatione
2969 2839 3347 2914 gazophylacii
3393 2856 3449 2896 se
3507 2833 3845 2908 abstinebat,

2237 2935 2365 2988 cum
2387 2921 2494 2986 hoc
2517 2925 2790 2986 Dominus
2809 2928 3137 2998 deoreverit,
3159 2937 3221 2985 ut
3240 2919 3334 3004 qui
3348 2927 3714 3001 Evangelium
3743 2945 3845 2984 an-

2239 3013 2522 3090 nuntiant,
2555 3019 2624 3076 de
2653 3017 2957 3094 Evangelio
2983 3020 3178 3076 vivant
3209 3013 3267 3091 (Ι
3281 3019 3406 3077 Cor".
3440 3036 3520 3087 1x,
3557 3015 3669 3094 14).
3703 3011 3845 3077 Ideo

540 3088 911 3199 εξοῐηηιξῐιάεῑς
931 3090 1279 3199 ἰιι-ξηχθηὶβξ
1307 3091 1743 3199 ῐῐξίθεξΐίίξοΐάίαῐξὶ
1775 3091 1922 3166 ill)ud
1939 3094 2127 3199 Ρρπιίί
2162 3135 2206 3199 C
2241 3088 2538 3184 Apostolus
2566 3108 2719 3183 prius
2749 3088 2900 3168 hunc
2936 3111 3151 3167 sumere
3179 3088 3449 3184 praecipit,
3480 3105 3574 3182 qui
3619 3088 3841 3182 primus

539 3193 674 3244 num
722 3184 782 3242 in
811 3183 901 3242 die
923 3183 1163 3258 judicii;
1214 3191 1276 3243 ut
1305 3186 1450 3242 sicut
1487 3188 1817 3261 Apostolum
1843 3187 2130 3262 requirens
2165 3183 2206 3199 ν
2243 3203 2344 3265 εει,
2375 3207 2430 3257 ει
2457 3199 2538 3258 sic
2557 3200 2770 3258 caeteris
2799 3198 3156 3258 distribuere,

540 3274 775 3345 invenit,
793 3274 870 3332 ita
890 3279 946 3332 et
964 3273 1401 3333 misericordiam
1424 3289 1694 3351 quaerens,
1718 3276 1968 3336 inveniat
1990 3277 2135 3351 apud

534 3363 800 3442 judicem.
848 3366 965 3426 Hoc
1018 3365 1166 3424 enim
1214 3376 1354 3439 orat,
1403 3373 1466 3426 ut
1507 3375 1727 3442 praestet
1768 3369 1818 3426 ei
1866 3368 2136 3426 Dominus

540 3457 699 3514 Pater
726 3455 852 3516 cceli
881 3459 936 3515 et
964 3459 1121 3516 terrae
1152 3455 1405 3517 invenire
1421 3459 1650 3531 gratiam
1669 3451 1812 3532 apud
1834 3459 2135 3516 Dominum

540 3541 770 3602 humani
828 3547 1063 3619 generis,
1133 3545 1338 3603 Filium
1396 3547 1628 3605 Scilicet.
1675 3542 1805 3602 Tale
1868 3551 1949 3605 est
2006 3545 2132 3618 hoc,

541 3635 701 3708 quale
729 3637 784 3690 et
813 3631 954 3692 illud
983 3633 1040 3690 in
1061 3636 1292 3692 Genesi:
1331 3632 1621 3708 «Etfpluit,
1640 3633 1844 3710 inquit,
1865 3637 2138 3695 Dominus

542 3725 775 3801 sulphur
800 3729 854 3782 et
882 3723 1064 3798 ignem
1095 3739 1260 3799 super
1287 3725 1581 3784 Sodomam
1612 3733 1667 3784 et
1711 3723 2075 3786 Gomorrham
2106 3741 2139 3786 a

541 3814 657 3874 Deo
681 3807 749 3873 de
777 3813 917 3873 cmlo
949 3813 1106 3887 (Gen.
1125 3823 1250 3885 xix,
1273 3809 1391 3888 24).
1417 3835 1435 3864 ιι

627 3918 649 3954 ι
677 3904 892 3973 Quanta
909 3905 1092 3960 autem
1112 3900 1315 3977 Ephesi
1335 3902 1735 3964 ministraverit
1755 3901 1916 3978 mihi,
1940 3905 2138 3964 melius

543 3991 606 4054 tu
632 3995 798 4054 nosti.
830 4017 848 4046 ι
897 3995 1170 4065 Quoniam
1202 3995 1382 4053 solent
1423 3993 1648 4072 quidam
1682 3997 1932 4072 personis
1963 3998 2138 4072 magis

543 4097 708 4162 quam
737 4084 918 4145 causis
938 4085 1163 4156 servire,
1201 4085 1451 4143 volentes
1472 4084 1766 4161 gratiﬁcari
1792 4087 2135 4160 majoribus;

545 4177 668 4235 ideo
723 4176 1021 4252 Apostolus
1068 4173 1402 4250 Onesiphori
1448 4175 1660 4234 bonum
1716 4177 1967 4252 generale
2019 4175 2136 4252 (73)

545 4265 806 4335 Ostendit,
830 4279 897 4324 ne
917 4263 1199 4324 videretur
1214 4265 1354 4324 forte
1370 4275 1616 4340 personat
1632 4277 1689 4325 se
1703 4267 2138 4338 commendasse,

545 4351 679 4411 dum
728 4353 994 4428 Apostolo
1042 4355 1427 4426 ministravit;
1467 4369 1594 4416 cum
1651 4365 1926 4418 constaret
1978 4355 2140 4416 illum

547 4442 962 4516 magnanimum
994 4441 1253 4501 omnibus
1279 4443 1468 4504 fuisse.

1079 4611 1228 4680 307
1268 4610 1498 4674 CAPUT
1526 4608 1600 4674 IL

623 4747 808 4822 (Vere.
858 4749 909 4820 1,
957 4749 1039 4823 2.)
1090 4777 1109 4802 ι
1138 4751 1223 4811 Tu
1267 4767 1417 4828 ergo,
1464 4751 1549 4809 ﬁli
1597 4750 1696 4822 mi,
1727 4750 2036 4812 confortare
2083 4750 2142 4810 in

548 4837 724 4912 gratia
749 4833 982 4912 quaest
1031 4840 1092 4898 in
1119 4841 1341 4903 Christo
1371 4843 1518 4912 Iesu,
1551 4849 1606 4902 et
1637 4843 1693 4900 in
1725 4842 1796 4900 iis
1824 4860 1945 4916 quae
1975 4841 2144 4900 audi-

547 4927 680 4986 visti
707 4946 845 4987 ame
859 4946 956 5005 per
983 4933 1188 4990 multos
1220 4941 1416 4992 testes:
1463 4933 1582 4991 haec
1618 4932 1946 4991 commenda
1997 4931 2145 4990 ﬁde-

551 5018 697 5102 libus
724 5017 1067 5091 hominibns,
1111 5022 1208 5096 qui
1238 5011 1422 5080 idonei
1444 5029 1606 5080 erunt
1636 5030 1689 5079 et
1706 5023 1846 5079 alios
1865 5021 2078 5080 docere.
2109 5047 2129 5072 ι

549 5107 904 5194 Constantem
961 5107 1112 5169 hunc
1174 5117 1228 5168 et
1265 5111 1551 5170 robustum
1609 5126 1722 5169 esse
1778 5109 2028 5185 praecipit
2083 5111 2143 5168 in

551 5187 797 5258 docendo
827 5199 1057 5274 gratiam
1087 5201 1210 5271 Dei,
1233 5218 1354 5276 quae
1383 5201 1510 5258 data
1536 5201 1697 5258 estin
1727 5199 1948 5259 Christo
1977 5200 2140 5260 Jesu:

550 5298 605 5348 et
634 5309 746 5350 non
771 5291 952 5349 solum
983 5291 1040 5348 in
1073 5290 1265 5364 gratia,
1293 5291 1390 5349 sed
1415 5290 1584 5348 etiam
1613 5291 1674 5348 in
1709 5290 1994 5364 mysteriis
2024 5309 2144 5365 quae

549 5393 682 5443 sunt
710 5385 778 5443 de
805 5383 1050 5443 Christo.
1101 5384 1318 5442 Arcana
1374 5382 1632 5439 ﬁdelibus
1661 5390 1716 5439 et
1773 5381 1957 5456 dignis
2001 5384 2146 5442 tradi

654 5583 746 5724 72;
775 5583 981 5644 Eadem
1009 5585 1170 5644 Rom.
1195 5583 1354 5654 edit.,
1381 5583 1483 5641 Sed
1497 5599 1618 5640 cum
1631 5582 1882 5640 venissem
1900 5584 2143 5644 Romam.

654 5653 721 5710 73
777 5657 938 5717 Rom.
969 5657 1128 5724 edit.,
1162 5655 1479 5724 Onesiphori
1507 5656 1719 5715 domum
1742 5658 2058 5724 generalem.

653 5653 746 5724 '73)
777 5657 938 5717 Rom.
969 5657 1128 5729 edit.,
1162 5653 1479 5732 Onesiphori
1507 5656 1719 5715 domum
1742 5658 2058 5731 generalem.

2163 4493 2214 4568 Ῑ)

2319 3290 2503 3371 (Vera.
2522 3297 2576 3368 8,
2607 3297 2689 3372 9.)
2727 3324 2745 3348 ι
2766 3293 2976 3357 Memor
3003 3305 3120 3355 esto
3142 3289 3425 3358 Christum
3453 3283 3637 3355 jesum
3665 3301 3851 3355 resur-

2245 3383 2452 3445 rexisse
2481 3404 2513 3444 a
2540 3387 2775 3445 mortuis
2791 3403 2861 3445 ex
2891 3386 3100 3445 semine
3128 3377 3308 3445 David
3328 3387 3631 3446 secundum
3659 3389 3851 3445 Evan-

2247 3469 2451 3554 gelium
2470 3488 2676 3547 meum,
2701 3477 2758 3534 in
2777 3487 2885 3552 quo
2913 3465 3105 3535 laboro
3125 3494 3297 3552 usque
3323 3477 3392 3535 ad
3419 3477 3660 3546 vincula,
3684 3477 3853 3550 quasi

2247 3563 2407 3637 latro,
2439 3565 2533 3625 sed
2559 3559 2787 3624 verbum
2821 3556 2920 3624 Dei
2949 3584 3060 3624 non
3088 3575 3170 3624 est
3199 3567 3504 3643 alligatum.
3525 3593 3545 3615 ι
3572 3556 3852 3636 Quoniam

2247 3655 2408 3714 multi
2443 3656 2618 3714 futuri
2649 3665 2804 3714 erant
2832 3655 2935 3713 filii
2964 3651 3198 3726 diaboli,
3232 3657 3329 3733 qui
3374 3645 3580 3714 Filium
3620 3647 3723 3714 Dei
3749 3647 3854 3712 in-

2245 3754 2530 3805 carnatum
2562 3757 2854 3821 negarent;
2885 3745 3094 3806 idcirco
3125 3741 3229 3805 hoc
3258 3756 3545 3816 memorat,
3577 3746 3852 3820 quoniam

2246 3833 2518 3896 fallaciter
2547 3833 2649 3894 sub
2699 3833 2924 3894 nomine
2952 3837 3332 3910 apostolorum
3385 3837 3488 3896 hoc
3533 3851 3856 3892 asseverare

2247 3925 2522 3983 nituntur.
2547 3917 2813 3998 Subjecit,
2850 3921 3187 3984 «secundum
3208 3917 3566 3999 Evangelium
3591 3939 3842 3993 meum,.

2245 4021 2310 4072 ut
2357 4003 2676 4072 excluderet
2724 4012 2880 4070 malae
2927 4015 3130 4072 mentis
3183 4011 3320 4073 falsa
3364 4013 3675 4088 colloquia;
3732 4030 3854 4070 non

2248 4105 2396 4161 enim
2447 4103 2568 4177 plus
2608 4100 2881 4161 haereticis
2926 4101 3262 4162 credendum
3311 4113 3396 4162 est
3430 4095 3499 4162 de
3544 4095 3853 4177 Apostolis,

2249 4205 2410 4270 quam
2439 4193 2527 4252 his
2544 4193 2678 4268 ipsis
2691 4195 2758 4252 de
2780 4191 3170 4270 praedicatione
3187 4213 3285 4256 sua
3305 4194 3655 4265 testantibus,
3678 4212 3855 4270 quam

2249 4284 2694 4360 praedicationem
2723 4304 2850 4345 cum
2888 4279 3076 4344 labore
3107 4305 3163 4346 se
3191 4305 3346 4363 agere
3376 4287 3648 4362 queritur.
3679 4285 3860 4343 Pres—

2250 4374 2393 4434 suris
2420 4377 2569 4434 enim
2598 4367 2970 4435 tribulabatur
2993 4385 3046 4434 et
3093 4379 3423 4458 carceribus,
3460 4394 3524 4435 eo
3564 4373 3712 4452 quod
3739 4384 3858 4434 tam

2251 4463 2466 4525 Iudaeos
2492 4474 2656 4542 quam
2685 4468 2917 4542 gentiles
2945 4470 3265 4541 offenderet,
3292 4471 3436 4528 sicut
3463 4469 3579 4526 illis
3613 4468 3860 4526 videba—

2252 4565 2365 4626 tur,
2395 4557 2743 4615 incredibilia
2776 4557 3126 4632 prazdicando
3153 4577 3166 4617 :
3221 4560 3392 4617 iratos
3433 4559 3582 4616 enim
3615 4549 3862 4616 habebat

2251 4646 2467 4705 Iudaeos
2489 4657 2710 4723 propter
2739 4649 2936 4722 legem,
2968 4666 3131 4724 quam
3161 4666 3373 4708 cessare
3400 4649 3632 4707 docebat
3665 4665 3677 4705 :
3710 4665 3864 4722 gen-

2255 4736 2376 4794 tiles
2395 4746 2576 4795 autem
2601 4737 2857 4796 inimicos
2879 4733 2986 4796 sibi
3016 4735 3276 4810 faciebat,
3307 4740 3438 4815 quia
3467 4756 3639 4796 unum
3672 4741 3864 4797 Deum

2250 4829 2582 4906 praedicabat
2610 4831 2669 4890 in
2699 4829 2942 4894 Christo.
2988 4827 3143 4893 Unde
3192 4836 3349 4910 quasi
3395 4837 3661 4893 latronem
3702 4831 3868 4892 hunc

2251 4923 2581 4996 tractabant,
2611 4925 2918 5000 alligantes,
2973 4913 3294 4985 claudentes
3339 4927 3387 4984 si
3433 4934 3615 5001 posset
3642 4933 3858 4994 tacere,

2251 5014 2556 5075 nescientes
2601 5016 2730 5090 quia
2764 5015 2994 5074 verbum
3046 5013 3148 5074 Dei
3203 5018 3418 5091 alligari
3453 5034 3564 5074 non
3615 5021 3866 5088 poterat.

2251 5104 2498 5179 Denique
2545 5123 2686 5180 saepe
2729 5109 2952 5168 clausus
2990 5127 3102 5167 non
3161 5109 3516 5184 dispendium
3555 5107 3707 5174 fecit,
3762 5105 3873 5163 sed

2252 5189 2509 5265 lucrum;
2550 5211 2728 5271 neque
2757 5200 2906 5280 enim
2938 5199 3118 5259 defuit
3146 5200 3237 5258 cui
3280 5199 3607 5274 praedicaret
3639 5197 3698 5254 in
3727 5213 3876 5254 car-

2251 5302 2394 5354 cere,
2447 5292 2511 5342 ut
2538 5302 2675 5360 quos
2704 5287 2873 5346 libere
2913 5289 3152 5346 invitare
3191 5289 3261 5346 ad
3304 5289 3470 5347 ﬁdem
3503 5305 3616 5347 non
3646 5294 3877 5361 posset,

2253 5377 2311 5434 in
2341 5376 2581 5434 vinculis
2607 5378 2820 5453 positus
2846 5389 3091 5455 pasceret
3118 5381 3218 5439 Dei
3240 5379 3434 5440 verbo.

2326 5579 2448 5660 (74)
2478 5582 2638 5647 Rom.
2669 5583 2832 5659 edit.,
2861 5585 3008 5648 Nam
3029 5585 3128 5646 cui
3153 5587 3312 5644 certet
3333 5583 3456 5659 quis
3475 5585 3534 5642 in
3560 5597 3747 5659 agone.
