4108 6184
251 327 348 394 317
1251 315 1612 386 COMMENT.
1656 326 1727 384 IN
1771 317 1988 384 EPIST.
2031 319 2077 383 li
2118 321 2214 382 AD
2254 315 2540 382 TIMOTH.

3455 289 3561 388 81⁸

317 447 494 532 (Vers.
537 441 649 529 10.)
703 482 720 504 ι
745 441 874 513 Ideo
907 453 1095 513 omnia
1125 448 1325 514 suffero
1353 461 1574 530 propter
1601 443 1840 521 eiectos;
1877 453 1928 516 A
2030 439 2213 524 (Vera.
2249 444 2334 518 16,
2371 443 2484 520 17.)
2531 441 2824 508 cProfanas
2853 456 3034 508 autem
3056 457 3257 510 troch
3279 447 3559 511 novitates

243 556 303 606 ut
341 553 394 608 et
422 539 526 622 ipsi
560 549 794 606 salutem
826 543 1252 623 consequantur,
1289 555 1408 623 Quae
1437 553 1518 606 est
1547 543 1605 603 in
1628 543 1846 606 Christo

240 631 363 695 lesu
391 655 518 697 cum
561 638 735 712 gloria
763 636 990 696 caelesti.
1025 665 1043 688 ι
1090 629 1160 696 Ut
1197 635 1588 712 praedicatione
1613 651 1712 693 sua
1747 635 1847 691 salo

240 735 391 784 varet
431 727 690 785 homines
723 725 1140 800 praedestinatos
1178 727 1248 785 ad
1275 727 1471 796 vitam,
1513 724 1705 784 exitiis
1735 731 1850 780 erat

237 815 536 888 subjectus,
582 815 762 873 sciens
809 815 1118 890 profectum
1151 832 1208 873 se
1251 813 1574 874 habiturum
1605 813 1849 889 quaesitae

237 903 435 962 salutis
467 903 714 966 illorum.

309 1009 496 1086 (Vers.
530 1013 753 1086 11,12.)
785 1007 1026 1072 «Fidelis
1043 1020 1225 1072 sermo
1251 1013 1323 1082 ;si
1337 1011 1485 1070 enim
1515 1019 1846 1076 commortui

233 1118 448 1171 sumus,
481 1105 534 1159 et
561 1105 960 1174 convivemus;
993 1104 1038 1162 si
1061 1105 1420 1172 sustinemus,
1450 1103 1504 1159 et
1535 1118 1848 1176 conregna-

232 1192 486 1250 bimusn
543 1193 634 1250 Sic
677 1211 832 1266 posse
870 1195 940 1252 ad
990 1194 1466 1250 immortalitatem
1524 1202 1577 1250 et
1616 1191 1846 1265 gloriam

233 1279 448 1338 Christi
477 1283 756 1356 perveniri
787 1279 1080 1356 signiﬁcat,
1116 1283 1161 1339 si
1203 1279 1262 1337 in
1292 1282 1471 1338 forma
1499 1279 1847 1353 baptismatis

232 1372 628 1439 manserimus,
684 1369 780 1430 ubi
839 1373 1028 1430 omnia
1091 1366 1294 1430 delicta
1354 1371 1729 1439 moriuntur;
1786 1379 1848 1428 ut

235 1460 493 1518 innovati
523 1463 710 1520 omnia
739 1463 875 1520 vitia
898 1471 1084 1520 vetera
1112 1465 1166 1518 et
1195 1461 1432 1520 crimina
1452 1458 1750 1535 fugiamus,
1783 1467 1846 1516 ut

230 1550 475 1608 auctoris
509 1553 680 1610 secuti
719 1552 967 1626 vestigia,
1017 1551 1255 1626 peccatis
1287 1553 1494 1609 mortui
1533 1549 1843 1608 videamur.

231 1641 289 1697 Si
321 1649 453 1697 vero
501 1639 750 1698 additum
790 1641 962 1699 fuerit
1000 1641 1069 1698 ad
1124 1657 1366 1712 causam,
1417 1647 1479 1697 ut
1522 1648 1576 1698 et
1614 1640 1845 1696 tribula-

238 1731 419 1788 tiones
451 1737 514 1789 ac
552 1739 833 1806 pressuras
866 1747 982 1789 non
1027 1745 1164 1806 aegre
1211 1749 1310 1806 pro
1357 1733 1583 1789 nomine
1621 1730 1845 1790 Domini

1958 541 2164 616 devita,
2194 541 2495 619 plurimum
2538 542 2686 600 enim
2716 539 3017 617 proﬁciunt
3050 540 3119 602 ad
3160 541 3276 618 (711)
3309 545 3559 605 inanita-

1958 639 2093 713 tem,
2114 650 2167 700 et
2193 653 2373 699 sermo
2393 655 2584 697 eorum
2615 635 2759 697 sicut
2788 647 2982 699 cancer
3016 631 3242 716 serpitJ
3281 641 3392 702 lioc
3411 641 3557 702 idem

1960 731 2141 790 adhuc
2183 728 2556 804 prosequitur,
2600 733 2663 784 ut
2707 731 3088 789 contentiones
3133 733 3408 801 vitentur;
3460 747 3559 790 nec

1960 827 2108 885 enim
2157 823 2413 900 congruit
2463 823 2632 881 unius
2670 821 2799 881 ﬁdei
2837 825 2988 884 viros
3019 823 3221 886 habere
3252 827 3558 887 contentio-

1960 929 2110 988 nem,
2139 913 2235 973 sed
2283 915 2341 972 in
2373 917 2609 971 tractatu
2640 911 2923 986 patiantur
2950 929 3006 970 se
3043 912 3304 987 invicem,
3334 925 3388 975 et
3418 933 3562 975 con-

1959 1007 2206 1066 sentiant
2254 1005 2416 1064 bonis
2457 1003 2652 1063 dictis:
2704 1005 2749 1062 si
2792 1004 2926 1080 quid
2963 1015 3147 1064 autem
3201 1005 3561 1082 improbabile

1959 1091 2200 1166 videtur,
2233 1105 2360 1154 cum
2390 1109 2520 1168 pace
2549 1093 2953 1152 dissimulatur.
2987 1095 3308 1153 Adversarii
3335 1095 3482 1154 enim
3511 1104 3566 1154 et

1958 1187 2290 1250 dissidentes
2319 1192 2498 1250 solent
2541 1205 2596 1250 se
2640 1193 2881 1253 invicem
2913 1209 3232 1268 provocare,
3265 1209 3335 1251 ex
3364 1195 3564 1270 quibus

1957 1296 2103 1338 unus
2145 1281 2452 1340 catholicus
2498 1279 2601 1353 est,
2649 1291 2704 1339 et
2769 1283 2907 1340 alter
2946 1283 3228 1356 profanus.
3293 1285 3402 1357 Hic,
3439 1299 3565 1357 ergo

1957 1369 2264 1428 catholicus
2294 1379 2395 1441 est,
2426 1373 2516 1429 cui
2547 1373 2844 1445 Apostolus
2871 1355 3120 1442 mandat,
3152 1380 3214 1430 ut
3258 1355 3480 1447 spernat
3507 1355 3564 1432 et

1957 1459 2199 1518 declinet
2244 1477 2276 1517 a
2332 1459 2536 1519 fabulis
2592 1461 2883 1521 inanibus:
2937 1463 3154 1538 quietus
3211 1461 3375 1521 debet
3422 1477 3560 1532 esse,

1955 1559 2019 1607 ut
2048 1566 2262 1624 semper
2287 1549 2353 1607 de
2383 1554 2722 1610 conscientia
2746 1547 2911 1611 verba
2938 1556 3176 1623 emittat,
3204 1569 3305 1611 nec
3324 1553 3564 1628 patiatur

1958 1655 2014 1696 se
2053 1655 2235 1696 coram
2268 1640 2440 1715 impia
2471 1641 2640 1698 verba
2669 1639 2940 1716 depromi.
2973 1645 3119 1700 Dant
3147 1643 3294 1700 enim
3325 1643 3564 1718 quibus-

1956 1729 2082 1787 dam
2123 1731 2489 1799 occasionem,
2533 1729 2681 1788 utin
2712 1731 2866 1804 pejus
2895 1733 3223 1806 proficiant;
3270 1750 3379 1790 non
3414 1734 3560 1792 enim

237 1823 540 1896 patiamur,
583 1822 921 1879 sustinentes
959 1822 1096 1892 haec,
1147 1817 1313 1879 simui
1352 1839 1480 1880 cum
1523 1821 1622 1878 illo
1662 1837 1848 1894 regna-
1882 1821 1928 1885 B
1958 1817 2160 1876 desunt
2189 1820 2307 1894 qui,
2329 1820 2615 1877 audientes
2635 1817 2884 1894 profana,
2914 1822 3231 1896 concipiant
3259 1823 3560 1897 cogitatum

228 1909 454 1978 bimas;
487 1907 717 1982 dignum
750 1918 831 1967 est
861 1911 1012 1967 enim
1042 1917 1104 1967 ut
1153 1911 1249 1984 qui
1278 1919 1377 1985 pro
1422 1911 1521 1966 illo
1551 1909 1847 1984 cpprobria

229 1999 450 2072 patitur
487 2005 540 2056 et
566 2001 755 2070 exilia,
798 2000 856 2056 in
888 2016 1056 2073 regno
1085 1999 1204 2073 ejus
1251 2000 1524 2074 gloriosus
1571 2008 1843 2072 appareat.

243 2115 264 2138 ι
285 2090 349 2147 Si
377 2099 658 2163 negamus,
683 2089 735 2146 et
763 2091 858 2146 ille
879 2090 1103 2164 negabit
1133 2107 1252 2147 nos.
1283 2091 1490 2148 Verum
1513 2096 1616 2157 est,
1642 2090 1771 2164 quia
1799 2091 1846 2147 si

229 2179 473 2238 minime
504 2180 738 2237 confessi
775 2180 937 2236 illum
970 2181 1240 2236 fuerimus
1278 2193 1463 2237 coram
1503 2177 1843 2250 hominibus,

233 2267 377 2327 tunc
405 2267 554 2326 dicet
581 2273 632 2325 et
661 2267 776 2342 ipse
804 2267 967 2325 nobis
997 2268 1057 2324 in
1089 2269 1188 2325 illa
1215 2269 1539 2326 necessitate
1566 2269 1739 2326 futuri
1757 2269 1844 2342 ju-

231 2357 406 2418 dicii:
454 2381 473 2407 ι
501 2357 699 2416 Nescio
739 2367 838 2416 Vos
856 2359 1078 2431 (Matth.
1100 2375 1242 2426 xxv,
1278 2359 1390 2432 12).
1422 2379 1440 2407 ο
1487 2357 1614 2417 Haec
1642 2366 1723 2416 est
1747 2375 1844 2433 pu-

230 2449 473 2508 nitionis
496 2447 848 2524 signiﬁcatio.

306 2547 496 2625 (Vers.
533 2549 647 2621 i3.)
694 2574 712 2596 ι
744 2549 800 2606 Si
826 2559 939 2605 non
966 2538 1265 2618 credimus,
1294 2547 1389 2607 ille
1413 2541 1591 2607 ﬁdelis
1620 2560 1846 2622 perma-

235 2641 352 2709 net,
387 2654 584 2711 negare
615 2639 969 2711 semetipsum
1015 2655 1124 2694 non
1157 2643 1356 2712 potest.
1386 2663 1402 2685 ι
1456 2637 1628 2696 Nemo
1665 2647 1846 2712 potest

238 2729 486 2788 Domino
518 2728 730 2787 auferre
759 2727 905 2804 quod
939 2728 1122 2787 habet.
1155 2729 1290 2796 Quis
1329 2729 1475 2786 enim
1507 2730 1606 2786 illo
1645 2729 1844 2787 fortior

232 2828 316 2880 est
369 2838 464 2896 per
510 2837 670 2894 quem
703 2821 889 2877 omnia
927 2821 1263 2878 exstiterunt
1301 2817 1330 2876 ‘f
1371 2819 1483 2877 Nec
1520 2824 1671 2882 308
1715 2815 1844 2875 addi

233 2925 420 2994 potest
460 2919 732 2993 perfecto;
767 2918 894 2993 quia
935 2935 1046 2974 non
1090 2917 1176 2974 illi
1228 2917 1441 2991 aliquid
1477 2921 1718 2990 praestat,
1752 2915 1847 2988 qui

236 3008 418 3068 credit
445 3007 582 3066 ilum
603 3028 617 3078 ;
637 3008 914 3083 quomodo
940 3003 1085 3064 nihil
1118 3005 1298 3062 aufert
1327 3003 1396 3074 ei,
1420 3005 1516 3078 qui
1547 3021 1658 3060 non
1672 3003 1848 3062 credit

235 3101 296 3158 in
328 3099 514 3156 illum.
559 3087 844 3170 Quidquid
885 3113 1012 3169 ergo
1043 3096 1243 3168 agitur,
1288 3092 1360 3150 ad
1401 3087 1708 3167 profectum
1751 3109 1846 3150 no-

1955 1905 2164 1966 malum
2190 1927 2203 1966 :
2235 1908 2466 1984 ideoque
2495 1907 2651 1966 obest
2681 1910 2986 1968 Contentio.

2031 2001 2216 2074 (Vers.
2250 2001 2377 2072 18.)
2417 2021 2434 2049 ι
2462 2003 2549 2058 Ex
2580 2002 2780 2075 quibus
2813 2009 2895 2060 est
2925 2001 3258 2077 Hymenaeus
3286 2007 3340 2063 et
3363 2001 3562 2062 Phile-

1957 2092 2069 2160 tus,
2115 2090 2212 2163 qui
2259 2090 2653 2148 deerravernnt
2696 2109 2728 2148 a
2772 2093 3022 2162 veritate,
3072 2093 3317 2153 dicentes
3369 2111 3561 2152 resur-

1956 2189 2257 2246 rectionem
2292 2185 2405 2259 jam
2456 2187 2655 2246 factam
2703 2204 2839 2258 esse,
2896 2197 2949 2247 et
2987 2189 3152 2247 ﬁdem
3195 2191 3560 2266 quorumdam

1956 2277 2367 2335 subverterunt.
2419 2300 2437 2325 ι
2505 2271 2664 2334 Nunc
2707 2277 2954 2352 ipsorum
2995 2289 3230 2354 quorum
3271 2291 3434 2339 causa
3480 2279 3560 2337 vi~

1955 2367 2148 2423 tandas
2177 2368 2559 2425 contentiones
2605 2375 2811 2439 monet,
2857 2367 3102 2443 prodidit
3141 2371 3389 2442 nomina,
3425 2367 3561 2447 quos

1955 2463 2008 2513 et
2027 2459 2287 2530 profanos
2318 2466 2371 2515 et
2388 2459 2588 2533 impios
2611 2458 2945 2534 designavit,
2974 2469 3218 2519 errantes
3239 2475 3271 2519 a
3291 2463 3557 2532 veritate;

1955 2543 2061 2602 hoc
2095 2546 2242 2602 enim
2286 2549 2580 2620 negabant,
2616 2549 2762 2621 quod
2808 2551 3048 2623 palmare
3079 2558 3160 2607 est
3206 2547 3562 2609 Christiano-

1953 2653 2076 2693 rum
2113 2637 2205 2710 (77
2210 2640 2258 2710 ),
2289 2639 2352 2694 ut
2380 2638 2605 2694 credant
2627 2656 2680 2695 se
2707 2641 2766 2694 in
2798 2641 3048 2698 futurum
3072 2657 3102 2699 a
3132 2645 3364 2700 mortuis
3385 2659 3562 2701 resur-

1957 2744 2101 2799 gere.
2135 2728 2204 2783 Hi
2255 2735 2458 2796 autem,
2490 2729 2633 2784 sicut
2662 2745 2730 2784 ex
2767 2731 2874 2787 alia
2904 2731 3173 2803 scriptura
3201 2732 3482 2804 docemur,
3503 2736 3559 2792 in

1959 2814 2091 2872 ﬁliis
2147 2815 2267 2873 ﬁeri
2327 2818 2786 2874 resurrectionem
2843 2818 3122 2890 dicebant,
3181 2821 3383 2895 quibus
3450 2841 3560 2881 non

1960 2903 2165 2974 deerat,
2216 2905 2313 2979 qui
2363 2923 2646 2964 assensum
2693 2915 2974 2983 praestaret
3009 2920 3328 2984 perversum
3373 2922 3563 2972 contra

1958 2991 2146 3064 fidem,
2175 3009 2337 3068 quam
2368 2994 2424 3053 in
2457 2996 2760 3071 primordio
2794 2997 2974 3058 fuerat
3001 3009 3346 3061 consecutus.

2031 3087 2214 3159 (Vers.
2271 3088 2384 3162 19.)
2435 3113 2453 3137 ι
2484 3089 2732 3148 Firmum
2783 3101 2965 3151 autem
3007 3095 3430 3154 fundamentum
3461 3093 3560 3155 Dei

236 3199 418 3248 strum
473 3187 733 3262 pertinet,
784 3203 855 3242 ne
901 3185 959 3242 in
1009 3183 1322 3256 ignorantia
1360 3200 1697 3240 maneamus.
1738 3183 1847 3242 Nec
1880 3183 1924 3249 ο
1959 3186 2085 3247 stat,
2118 3177 2325 3236 habens
2364 3180 2710 3254 signaculum
2757 3181 2900 3253 hoc;
2938 3185 3200 3258 cognovit
3245 3187 3392 3245 enim
3441 3183 3562 3245 D0-

235 3279 389 3337 enim
430 3291 461 3330 a
489 3274 650 3330 nobis
678 3271 948 3342 ﬁrmatur,
982 3289 1110 3330 cum
1141 3273 1257 3346 ipse
1294 3289 1363 3330 ex
1409 3287 1464 3330 se
1507 3280 1560 3330 et
1606 3272 1751 3346 apud
1789 3289 1845 3330 se

238 3368 441 3423 ﬁrmus
459 3362 551 3419 sit.

319 3461 504 3534 (Vers.
538 3458 652 3532 14.)
693 3481 714 3509 ‹
744 3459 870 3518 Haec
894 3459 1147 3529 admone,
1179 3469 1494 3518 contestans
1525 3478 1708 3520 coram
1739 3465 1844 3520 Do-

237 3553 418 3610 mino.
450 3552 576 3610 Noli
605 3551 794 3609 verbis
822 3568 1064 3626 pugnare
1089 3570 1100 3609 :
1133 3551 1202 3609 ad
1225 3552 1369 3608 nihil
1398 3551 1545 3608 enim
1575 3554 1712 3610 utile
1741 3561 1842 3624 est,

236 3645 353 3702 nisi
401 3643 470 3702 ad
517 3641 937 3701 subversionem
981 3640 1347 3699 audientium.
1403 3667 1422 3691 ι
1451 3642 1846 3701 Contentiones

237 3733 501 3792 vitandas
558 3739 768 3801 monet,
823 3740 1091 3806 praecepta
1137 3741 1319 3789 autem
1373 3729 1552 3788 danda
1599 3729 1700 3790 sub
1745 3731 1846 3788 Dei

237 3827 441 3884 timore
499 3832 555 3882 et
607 3833 852 3893 terrore;
907 3824 1040 3898 quia
1090 3823 1374 3882 contentio
1424 3834 1604 3898 potest
1663 3823 1848 3882 adhuc

242 3914 431 3971 minus
476 3907 739 3970 stabilitis
786 3929 1044 3986 generare
1080 3917 1423 3988 scrupulum.
1465 3917 1654 3974 Solent
1697 3915 1846 3971 enim

243 4005 305 4061 in
346 4003 704 4063 contentione
752 4005 884 4062 talia
935 4005 1140 4079 opponi
1177 4007 1402 4064 elimato
1442 4006 1847 4064 malevolentiae

242 4095 414 4164 ferro,
446 4101 510 4152 ut
540 4101 801 4152 moveant
827 4093 1044 4151 animos
1072 4094 1460 4170 incipientium
1490 4098 1746 4156 fratrum.

318 4190 506 4262 (Vera.
538 4190 654 4262 15.)
724 4210 744 4238 ο
772 4189 1020 4248 Sollicite
1062 4207 1195 4248 cura
1223 4191 1596 4264 temetipsum,
1627 4198 1689 4247 ut
1729 4207 1848 4263 pro-

241 4280 490 4339 babilem
526 4288 582 4336 te
613 4277 878 4336 exhibeas
921 4281 1058 4350 Deo,
1107 4279 1417 4353 operarium
1453 4296 1564 4336 non
1599 4279 1848 4353 impudo-

244 4380 454 4440 ratum,
475 4380 618 4429 recte
635 4377 961 4428 tractantem
975 4370 1205 4426 verbum
1229 4369 1500 4426 veritatis.
1523 4395 1541 4418 ›
1577 4369 1848 4439 Quoniam

250 4472 387 4522 sunt
443 4464 615 4538 aliqui
663 4466 760 4539 qui
803 4463 994 4521 dicant
1037 4463 1449 4521 contentionem
1499 4463 1851 4520 audientibus

1958 3271 2144 3328 minus
2189 3272 2284 3345 qui
2334 3280 2463 3329 sunt
2513 3273 2712 3347 ipsius:
2761 3282 2815 3332 et
2862 3274 3106 3334 discedat
3152 3275 3220 3334 ab
3267 3279 3562 3353 iniquitate

1959 3363 2142 3420 omnis
2171 3363 2267 3437 qui
2302 3364 2553 3420 nominat
2592 3382 2794 3422 nomen
2835 3361 3080 3425 Domini.
3129 3394 3148 3418 ι
3209 3369 3561 3426 Fundamen-

1957 3455 2077 3510 tum
2107 3449 2208 3512 Dei
2241 3447 2378 3512 ﬁdes
2403 3463 2505 3526 est,
2535 3473 2655 3530 quae
2684 3456 2930 3514 continet
2960 3475 3081 3531 quae
3110 3458 3366 3533 promisit
3395 3458 3560 3528 Deus,

1959 3561 2079 3619 qua:
2112 3545 2248 3603 ﬁdes
2274 3563 2384 3603 non
2414 3549 2617 3620 poterit
2647 3545 2877 3622 infringi
2907 3549 3245 3622 perﬁdorum
3276 3561 3329 3609 et
3349 3545 3561 3608 haereti-

1959 3653 2150 3693 corum
2181 3637 2542 3706 commentis;
2578 3639 2832 3713 quamvis
2871 3641 3019 3698 enim
3051 3640 3110 3698 hi
3141 3645 3340 3716 negent
3377 3642 3563 3699 futura

1961 3741 2081 3798 quae
2106 3725 2418 3796 credimus;
2450 3725 2594 3784 Deus
2624 3735 2806 3786 tamen
2837 3727 2990 3788 dabit
3015 3749 3136 3806 quae
3161 3731 3436 3790 credimus
3470 3731 3562 3790 da-

1961 3824 2148 3874 turum
2192 3817 2374 3887 illum,
2429 3815 2564 3875 teste
2607 3820 2973 3894 promissione
3019 3821 3156 3895 ejus.
3206 3823 3559 3897 Signaculum

1960 3907 2145 3981 itaque
2177 3907 2558 3981 promissionis
2598 3907 2721 3979 Dei,
2765 3910 2901 3968 ﬁdes
2935 3922 3124 3970 nostra
3168 3919 3272 3980 est,
3322 3925 3442 3987 quas
3472 3913 3561 3968 nr-

1960 4005 2076 4054 mat
2123 3998 2224 4054 Dei
2256 3999 2443 4056 verba.
2479 4001 2541 4056 In
2585 3999 2673 4058 die
2707 4001 2905 4074 judicii
2939 4010 3230 4078 cognoscet
3268 4001 3433 4069 Deus,
3467 4001 3561 4074 qui

1961 4084 2169 4144 habent
2207 4088 2425 4161 signum
2465 4089 2607 4163 ejus,
2638 4089 3026 4148 dissentientes
3057 4103 3089 4146 a
3134 4088 3470 4162 perﬁdorum
3511 4096 3564 4146 et

1960 4173 2347 4234 haereticorum
2388 4177 2702 4252 iniquitate,
2734 4193 2854 4252 quae
2884 4179 2985 4234 Dei
3013 4174 3436 4249 promissionem
3465 4174 3564 4231 in-

1961 4266 2179 4325 ﬁrmare
2221 4286 2277 4326 se
2324 4278 2513 4342 putat;
2561 4269 2703 4324 nihil
2745 4269 2892 4324 enim
2922 4275 3035 4323 tam
3083 4267 3360 4341 iniquum,
3399 4285 3560 4344 quam

1962 4361 2062 4416 Dei
2109 4361 2236 4418 ﬁdei
2281 4361 2576 4418 contraire.
2627 4361 2698 4416 Et
2735 4357 2816 4416 sic
2859 4359 3097 4430 Dathan,
3142 4365 3196 4416 et
3241 4359 3475 4430 Abiron,
3508 4370 3563 4418 et

1962 4450 2099 4508 Core
2141 4452 2352 4510 dictum
2408 4459 2492 4507 est
2539 4465 2572 4505 a
2615 4449 2823 4524 Moyse,
2872 4467 2998 4508 cum
3033 4459 3226 4508 contra
3268 4451 3367 4508 Dei
3411 4469 3562 4526 prae-

248 4555 538 4628 prodesse:
597 4557 898 4630 Apostolus
952 4563 1136 4614 autem
1179 4557 1360 4614 sciens
1416 4556 1590 4628 magis
1644 4555 1852 4624 obesse,
1882 4545 1937 4610 D
1963 4556 2182 4620 ceptum
2232 4549 2426 4604 offerre
2475 4547 2742 4607 sacriﬁcia
2783 4551 3178 4623 praesumerent
3217 4547 3408 4620 (Nam.
3441 4566 3561 4620 xvr,

249 4644 357 4702 hoc
400 4644 648 4715 mandat,
697 4656 760 4703 ut
788 4647 1170 4721 unusquisque
1212 4645 1319 4704 hoc
1367 4654 1542 4716 curet,
1589 4653 1650 4702 ut
1677 4655 1855 4719 spreta

248 4735 617 4793 altercatione
675 4737 818 4810 (75),
879 4738 1233 4811 semetipsum
1288 4737 1630 4812 probabilem
1691 4737 1855 4795 faciat

249 4823 639 4897 impudoratos
679 4826 960 4900 appellans
1005 4843 1099 4884 eos
1127 4828 1225 4901 qui
1271 4826 1727 4885 contentionibus
1771 4827 1855 4884 ni-

249 4922 469 4974 tuntur.
498 4915 729 4973 Necesse
775 4925 857 4973 est
900 4915 1050 4972 enim
1099 4924 1162 4973 ut
1211 4917 1493 4974 contentio
1531 4926 1855 4992 extorqueat

249 5003 486 5078 aliquid,
517 5005 631 5062 imo
669 5006 844 5062 multa
872 5022 992 5080 quae
1034 5000 1298 5063 dicuntur
1324 5015 1515 5064 contra
1558 5009 1855 5066 conscien-

251 5093 387 5150 tiam
413 5113 428 5152 :
450 5102 514 5152 ut
530 5095 682 5152 intus
702 5096 760 5152 in
790 5096 978 5152 animo
993 5096 1203 5168 perdat,
1227 5097 1362 5155 foris
1382 5097 1561 5155 victor
1578 5099 1852 5158 abscedat.

252 5183 426 5242 Nemo
477 5187 628 5244 enim
677 5187 885 5262 patitur
921 5203 976 5244 se
1015 5186 1188 5256 vinci,
1235 5189 1364 5246 licet
1401 5189 1538 5247 sciat
1567 5207 1696 5248 vera
1734 5209 1854 5266 qum

254 5271 449 5332 audit:
511 5284 656 5334 recte
702 5284 884 5334 autem
936 5283 1154 5345 tractat,
1201 5286 1254 5334 et
1308 5279 1456 5337 bona
1495 5282 1852 5352 conscientia,

256 5369 350 5440 qui
397 5370 720 5428 volentibus
766 5371 1012 5444 loquitur
1045 5380 1101 5428 et
1145 5373 1407 5445 paciﬁcis.
1457 5377 1691 5436 Coilatio
1727 5395 1854 5452 ergo

260 5461 402 5519 inter
429 5465 526 5521 Dei
551 5481 739 5522 servos
767 5481 886 5522 esse
915 5465 1096 5534 debet,
1130 5483 1244 5521 non
1273 5466 1574 5526 altercatio.

330 5562 448 5702 (75)
481 5561 678 5646 Codex,
697 5561 894 5646 Laud,
924 5570 982 5618 ut
1010 5562 1249 5648 spiritali
1275 5565 1639 5647 altercatione.

360 5634 451 5702 76)
486 5636 643 5692 Rom.
668 5634 825 5702 ed1t.,
851 5633 1239 5702 proﬁcumtad
1269 5643 1602 5702 impietatem.

360 5634 453 5778 76)
486 5636 643 5692 Rom.
668 5634 825 5716 edin,
851 5633 1239 5708 proﬁciuntad
1269 5637 1602 5708 impietatem.

360 5705 424 5762 77
485 5706 690 5764 Omnes
708 5706 866 5776 edit.,
895 5708 1037 5778 quod
1067 5710 1255 5778 palam
1282 5715 1358 5766 est
1391 5709 1602 5768 Christi}

332 5705 453 5778 (77)
485 5706 690 5764 Omnes
708 5705 869 5776 edit;
895 5705 1037 5778 quod
1067 5710 1255 5782 palam
1282 5705 1358 5766 est
1391 5709 1850 5782 Christianorum;

1963 4643 2186 4714 28-30):
2236 4668 2253 4690 ι
2279 4640 2573 4715 Cognovit,
2590 4640 2792 4716 inquit,
2825 4641 3096 4700 Dominus
3114 4641 3210 4715 qui
3241 4647 3370 4698 sunt
3385 4641 3549 4715 ejus.»

1964 4732 2086 4801 Quo
2134 4731 2284 4788 dicto
2327 4731 2570 4788 ostendit
2618 4749 2738 4806 quae
2768 4732 3042 4806 pernicies
3075 4738 3320 4789 maneret
3348 4747 3439 4788 eos
3469 4731 3561 4805 qui

1963 4823 2063 4882 Dei
2094 4823 2261 4880 verba
2288 4822 2646 4879 inverterent.

2040 4915 2219 4988 (Vers.
2253 4915 2370 4989 20.)
2417 4940 2435 4963 ι
2475 4917 2536 4972 In
2569 4932 2765 4988 magna
2815 4921 2996 4974 autem
3027 4915 3193 4974 domo
3241 4933 3354 4974 non
3383 4917 3561 4975 solum

1964 5014 2093 5064 sunt
2124 5024 2253 5064 vasa
2292 5024 2457 5065 aurea
2499 5014 2553 5064 et
2583 5012 2859 5082 argentea,
2885 5025 3080 5065 verum
3112 5015 3166 5066 et
3196 5008 3376 5082 lignea
3403 5015 3458 5067 et
3485 5008 3562 5066 11-

1965 5101 2146 5160 ctilia:
2172 5108 2225 5158 et
2247 5101 2498 5174 quaedam
2530 5099 2755 5174 quidem
2775 5099 2833 5155 in
2854 5098 3142 5170 honorem,
3161 5100 3410 5176 quaedam
3432 5117 3564 5158 vero

1965 5194 2022 5250 in
2055 5193 2468 5252 contumeliam.
2500 5215 2520 5240 ι
2565 5193 2680 5249 Hoc
2707 5191 2856 5250 dicto
2884 5191 3219 5266 signiﬁcavit
3246 5193 3303 5248 in
3321 5189 3563 5250 Ecclesia

1964 5286 2211 5342 diversos
2253 5301 2368 5341 esse
2415 5281 2701 5340 homines:
2739 5281 3003 5358 quosdam
3035 5281 3209 5341 bonos
3239 5291 3292 5340 et
3318 5295 3564 5338 summos

1965 5381 2136 5449 viros,
2186 5396 2322 5454 quos
2365 5376 2422 5434 in
2454 5394 2590 5438 auro
2632 5377 2865 5452 intelligi
2895 5379 3051 5434 vult:
3089 5369 3360 5450 quosdam
3391 5369 3564 5429 bonos

1965 5475 2204 5538 tantum,
2254 5486 2392 5542 quos
2434 5469 2492 5524 in
2540 5479 2764 5542 argento
2794 5467 3074 5542 designat:
3112 5466 3248 5522 alios
3291 5477 3422 5517 vero
3451 5477 3563 5518 non

1965 5585 2095 5646 mss.
2129 5584 2260 5646 vero
2291 5567 2512 5640 partim,
2562 5569 2701 5640 quod
2734 5567 2979 5639 palmare
3019 5569 3112 5646 est,
3157 5559 3380 5635 partim,
3411 5555 3565 5646 Aquod

1960 5631 2435 5711 palmarium‘est;
2474 5631 2771 5712 utrumque
2812 5631 3333 5694 commodez'unus
3375 5631 3560 5706 etiam,

1963 5710 2105 5782 quod
2123 5712 2344 5783 speciale
2365 5717 2440 5768 est
2468 5710 2921 5769 Christianorum.
