  <div class='ocr_page' id='page_1' title='image "/cluster/home/n/w/nwhite01/storage/ocr_20150623/17/hvd.32044096580436/265.png"; bbox 0 0 4070 6186; ppageno 0'>
   <div class='ocr_carea' id='block_1_1' title="bbox 568 249 673 325">
    <p class='ocr_par' dir='ltr' id='par_1_1' title="bbox 568 249 673 325">
     <span class='ocr_line' id='line_1_1' title="bbox 568 249 673 325; baseline 0.029 -4"><span class='ocrx_word' id='word_1_1' title='bbox 568 249 673 325; x_wconf 71' lang='lat'><strong>819</strong></span> 
     </span>
    </p>
   </div>
   <div class='ocr_carea' id='block_1_2' title="bbox 1608 237 2865 318">
    <p class='ocr_par' dir='ltr' id='par_1_2' title="bbox 1608 237 2865 318">
     <span class='ocr_line' id='line_1_2' title="bbox 1608 237 2865 318; baseline -0.002 -1"><span class='ocrx_word' id='word_1_2' title='bbox 1608 252 1705 317; x_wconf 62' lang='lat' dir='ltr'><strong>an</strong></span> <span class='ocrx_word' id='word_1_3' title='bbox 1745 246 1983 318; x_wconf 68' lang='lat' dir='ltr'><strong>orem</strong></span> <span class='ocrx_word' id='word_1_4' title='bbox 2020 250 2076 316; x_wconf 87' lang='lat' dir='ltr'><strong>s.</strong></span> <span class='ocrx_word' id='word_1_5' title='bbox 2104 238 2440 317; x_wconf 68' lang='lat' dir='ltr'><strong>Aueaosu</strong></span> <span class='ocrx_word' id='word_1_6' title='bbox 2481 237 2865 316; x_wconf 59' lang='lat' dir='ltr'><strong>aeream.</strong></span> 
     </span>
    </p>
   </div>
   <div class='ocr_carea' id='block_1_3' title="bbox 3764 236 3872 315">
    <p class='ocr_par' dir='ltr' id='par_1_3' title="bbox 3764 236 3872 315">
     <span class='ocr_line' id='line_1_3' title="bbox 3764 236 3872 315; baseline 0.019 -2"><span class='ocrx_word' id='word_1_7' title='bbox 3764 236 3872 315; x_wconf 68' lang='lat'><strong>3&#39;20</strong></span> 
     </span>
    </p>
   </div>
   <div class='ocr_carea' id='block_1_4' title="bbox 567 373 3878 463">
    <p class='ocr_par' dir='ltr' id='par_1_4' title="bbox 567 373 3878 463">
     <span class='ocr_line' id='line_1_4' title="bbox 567 373 3878 463; baseline -0.002 -16"><span class='ocrx_word' id='word_1_8' title='bbox 567 385 764 458; x_wconf 86' lang='lat' dir='ltr'><strong>bonos,</strong></span> <span class='ocrx_word' id='word_1_9' title='bbox 794 400 933 463; x_wconf 89' lang='lat' dir='ltr'><strong>quos</strong></span> <span class='ocrx_word' id='word_1_10' title='bbox 962 399 1092 445; x_wconf 79' lang='lat' dir='ltr'><strong>vasa</strong></span> <span class='ocrx_word' id='word_1_11' title='bbox 1137 374 1316 459; x_wconf 88' lang='lat' dir='ltr'><strong>lignea</strong></span> <span class='ocrx_word' id='word_1_12' title='bbox 1365 390 1422 443; x_wconf 87' lang='lat' dir='ltr'><strong>et</strong></span> <span class='ocrx_word' id='word_1_13' title='bbox 1466 380 1664 442; x_wconf 86' lang='lat' dir='ltr'><strong>ﬁctilia</strong></span> <span class='ocrx_word' id='word_1_14' title='bbox 1704 381 1962 455; x_wconf 81' lang='lat' dir='ltr'><strong>appellat.</strong></span> <span class='ocrx_word' id='word_1_15' title='bbox 2011 379 2170 450; x_wconf 86' lang='lat' dir='ltr'><strong>Quod</strong></span> <span class='ocrx_word' id='word_1_16' title='bbox 2196 385 2247 447; x_wconf 81' lang='grc' dir='ltr'>Α</span> <span class='ocrx_word' id='word_1_17' title='bbox 2276 387 2415 457; x_wconf 63' lang='lat' dir='ltr'><strong>patre</strong></span> <span class='ocrx_word' id='word_1_18' title='bbox 2452 382 2602 453; x_wconf 78' lang='lat' dir='ltr'><strong>sunt,</strong></span> <span class='ocrx_word' id='word_1_19' title='bbox 2639 397 2703 440; x_wconf 89' lang='lat' dir='ltr'><strong>ac</strong></span> <span class='ocrx_word' id='word_1_20' title='bbox 2746 397 2844 457; x_wconf 89' lang='lat' dir='ltr'><strong>per</strong></span> <span class='ocrx_word' id='word_1_21' title='bbox 2872 377 2980 439; x_wconf 87' lang='lat' dir='ltr'><strong>hoc</strong></span> <span class='ocrx_word' id='word_1_22' title='bbox 3018 394 3051 437; x_wconf 91' lang='lat' dir='ltr'><strong>a</strong></span> <span class='ocrx_word' id='word_1_23' title='bbox 3096 375 3197 440; x_wconf 86' lang='lat' dir='ltr'><strong>Dei</strong></span> <span class='ocrx_word' id='word_1_24' title='bbox 3225 392 3385 439; x_wconf 81' lang='lat' dir='ltr'><strong>servo</strong></span> <span class='ocrx_word' id='word_1_25' title='bbox 3414 373 3689 454; x_wconf 70' lang='lat' dir='ltr'><strong>fugiendae</strong></span> <span class='ocrx_word' id='word_1_26' title='bbox 3729 390 3878 442; x_wconf 88' lang='lat' dir='ltr'><strong>sunt.</strong></span> 
     </span>
    </p>
   </div>
   <div class='ocr_carea' id='block_1_5' title="bbox 568 471 2170 552">
    <p class='ocr_par' dir='ltr' id='par_1_5' title="bbox 568 471 2170 552">
     <span class='ocr_line' id='line_1_5' title="bbox 568 471 2170 552; baseline -0.002 -14"><span class='ocrx_word' id='word_1_27' title='bbox 568 479 713 539; x_wconf 86' lang='lat' dir='ltr'><strong>nulli</strong></span> <span class='ocrx_word' id='word_1_28' title='bbox 739 479 1059 552; x_wconf 87' lang='lat' dir='ltr'><strong>ambiguum</strong></span> <span class='ocrx_word' id='word_1_29' title='bbox 1105 484 1282 550; x_wconf 86' lang='lat' dir='ltr'><strong>puto;</strong></span> <span class='ocrx_word' id='word_1_30' title='bbox 1328 492 1456 534; x_wconf 90' lang='lat' dir='ltr'><strong>nam</strong></span> <span class='ocrx_word' id='word_1_31' title='bbox 1504 474 1564 532; x_wconf 90' lang='lat' dir='ltr'><strong>in</strong></span> <span class='ocrx_word' id='word_1_32' title='bbox 1602 473 2021 535; x_wconf 85' lang='lat' dir='ltr'><strong>Corinthiorum</strong></span> <span class='ocrx_word' id='word_1_33' title='bbox 2063 471 2170 534; x_wconf 89' lang='lat' dir='ltr'><strong>hoc</strong></span> 
     </span>
    </p>
   </div>
   <div class='ocr_carea' id='block_1_6' title="bbox 567 567 2166 645">
    <p class='ocr_par' dir='ltr' id='par_1_6' title="bbox 567 567 2166 645">
     <span class='ocr_line' id='line_1_6' title="bbox 567 567 2166 645; baseline -0.004 -13"><span class='ocrx_word' id='word_1_34' title='bbox 567 573 814 634; x_wconf 76' lang='lat' dir='ltr'><strong>Ecclesia</strong></span> <span class='ocrx_word' id='word_1_35' title='bbox 849 571 1045 645; x_wconf 90' lang='lat' dir='ltr'><strong>probat</strong></span> <span class='ocrx_word' id='word_1_36' title='bbox 1098 569 1358 643; x_wconf 81' lang='lat' dir='ltr'><strong>frequens</strong></span> <span class='ocrx_word' id='word_1_37' title='bbox 1405 584 1587 625; x_wconf 82' lang='lat' dir='ltr'><strong>sermo</strong></span> <span class='ocrx_word' id='word_1_38' title='bbox 1633 567 1977 641; x_wconf 86' lang='lat' dir='ltr'><strong>objurgantis</strong></span> <span class='ocrx_word' id='word_1_39' title='bbox 2022 570 2166 642; x_wconf 86' lang='lat' dir='ltr'><strong>Apo-</strong></span> 
     </span>
    </p>
   </div>
   <div class='ocr_carea' id='block_1_7' title="bbox 567 656 2168 732">
    <p class='ocr_par' dir='ltr' id='par_1_7' title="bbox 567 656 2168 732">
     <span class='ocr_line' id='line_1_7' title="bbox 567 656 2168 732; baseline -0.002 -14"><span class='ocrx_word' id='word_1_40' title='bbox 567 660 716 718; x_wconf 90' lang='lat' dir='ltr'><strong>stoli.</strong></span> <span class='ocrx_word' id='word_1_41' title='bbox 748 659 909 716; x_wconf 87' lang='lat' dir='ltr'><strong>Nunc</strong></span> <span class='ocrx_word' id='word_1_42' title='bbox 951 665 1136 715; x_wconf 91' lang='lat' dir='ltr'><strong>autem</strong></span> <span class='ocrx_word' id='word_1_43' title='bbox 1184 658 1244 716; x_wconf 90' lang='lat' dir='ltr'><strong>in</strong></span> <span class='ocrx_word' id='word_1_44' title='bbox 1272 656 1519 715; x_wconf 88' lang='lat' dir='ltr'><strong>Ecclesia</strong></span> <span class='ocrx_word' id='word_1_45' title='bbox 1565 666 1753 715; x_wconf 81' lang='lat' dir='ltr'><strong>nostra</strong></span> <span class='ocrx_word' id='word_1_46' title='bbox 1793 664 1939 723; x_wconf 85' lang='lat'><strong>309</strong></span> <span class='ocrx_word' id='word_1_47' title='bbox 1988 659 2168 732; x_wconf 81' lang='lat' dir='ltr'><strong>palam</strong></span> 
     </span>
    </p>
   </div>
   <div class='ocr_carea' id='block_1_8' title="bbox 568 755 2170 831">
    <p class='ocr_par' dir='ltr' id='par_1_8' title="bbox 568 755 2170 831">
     <span class='ocr_line' id='line_1_8' title="bbox 568 755 2170 831; baseline -0.001 -15"><span class='ocrx_word' id='word_1_48' title='bbox 568 766 669 826; x_wconf 89' lang='lat' dir='ltr'><strong>est,</strong></span> <span class='ocrx_word' id='word_1_49' title='bbox 706 765 761 815; x_wconf 87' lang='lat' dir='ltr'><strong>et</strong></span> <span class='ocrx_word' id='word_1_50' title='bbox 810 755 867 812; x_wconf 92' lang='lat' dir='ltr'><strong>in</strong></span> <span class='ocrx_word' id='word_1_51' title='bbox 907 757 1114 829; x_wconf 90' lang='lat' dir='ltr'><strong>templo</strong></span> <span class='ocrx_word' id='word_1_52' title='bbox 1152 755 1572 830; x_wconf 81' lang='lat' dir='ltr'><strong>Hierosolymis,</strong></span> <span class='ocrx_word' id='word_1_53' title='bbox 1616 757 1674 814; x_wconf 89' lang='lat' dir='ltr'><strong>in</strong></span> <span class='ocrx_word' id='word_1_54' title='bbox 1713 774 1823 831; x_wconf 92' lang='lat' dir='ltr'><strong>quo</strong></span> <span class='ocrx_word' id='word_1_55' title='bbox 1850 766 2015 831; x_wconf 84' lang='lat' dir='ltr'><strong>typus</strong></span> <span class='ocrx_word' id='word_1_56' title='bbox 2053 764 2170 814; x_wconf 88' lang='lat' dir='ltr'><strong>erat</strong></span> 
     </span>
    </p>
   </div>
   <div class='ocr_carea' id='block_1_9' title="bbox 564 844 2168 919">
    <p class='ocr_par' dir='ltr' id='par_1_9' title="bbox 564 844 2168 919">
     <span class='ocr_line' id='line_1_9' title="bbox 564 844 2168 919; baseline -0.001 -15"><span class='ocrx_word' id='word_1_57' title='bbox 564 845 849 914; x_wconf 65' lang='lat' dir='ltr'><strong>Ecclesiae,</strong></span> <span class='ocrx_word' id='word_1_58' title='bbox 879 844 1189 902; x_wconf 77' lang='lat' dir='ltr'><strong>manifestis</strong></span> <span class='ocrx_word' id='word_1_59' title='bbox 1232 844 1567 902; x_wconf 77' lang='lat' dir='ltr'><strong>lectionibus</strong></span> <span class='ocrx_word' id='word_1_60' title='bbox 1595 846 1948 919; x_wconf 83' lang='lat' dir='ltr'><strong>approbatur.</strong></span> <span class='ocrx_word' id='word_1_61' title='bbox 1995 847 2168 903; x_wconf 84' lang='lat' dir='ltr'><strong>Erant</strong></span> 
     </span>
    </p>
   </div>
   <div class='ocr_carea' id='block_1_10' title="bbox 566 934 2171 1009">
    <p class='ocr_par' dir='ltr' id='par_1_10' title="bbox 566 934 2171 1009">
     <span class='ocr_line' id='line_1_10' title="bbox 566 934 2171 1009; baseline -0.002 -14"><span class='ocrx_word' id='word_1_62' title='bbox 566 938 714 995; x_wconf 89' lang='lat' dir='ltr'><strong>enim</strong></span> <span class='ocrx_word' id='word_1_63' title='bbox 744 936 825 992; x_wconf 90' lang='lat' dir='ltr'><strong>ibi</strong></span> <span class='ocrx_word' id='word_1_64' title='bbox 857 934 1163 1004; x_wconf 72' lang='lat' dir='ltr'><strong>Sadduczei,</strong></span> <span class='ocrx_word' id='word_1_65' title='bbox 1196 951 1266 993; x_wconf 85' lang='lat' dir='ltr'><strong>ex</strong></span> <span class='ocrx_word' id='word_1_66' title='bbox 1294 951 1529 1009; x_wconf 90' lang='lat' dir='ltr'><strong>quorum</strong></span> <span class='ocrx_word' id='word_1_67' title='bbox 1560 935 1741 993; x_wconf 87' lang='lat' dir='ltr'><strong>radice</strong></span> <span class='ocrx_word' id='word_1_68' title='bbox 1769 944 1925 993; x_wconf 88' lang='lat' dir='ltr'><strong>erant</strong></span> <span class='ocrx_word' id='word_1_69' title='bbox 1953 936 2171 1009; x_wconf 82' lang='lat' dir='ltr'><strong>Hyme-</strong></span> 
     </span>
    </p>
   </div>
   <div class='ocr_carea' id='block_1_11' title="bbox 567 1026 2166 1102">
    <p class='ocr_par' dir='ltr' id='par_1_11' title="bbox 567 1026 2166 1102">
     <span class='ocr_line' id='line_1_11' title="bbox 567 1026 2166 1102; baseline -0.001 -17"><span class='ocrx_word' id='word_1_70' title='bbox 567 1045 719 1085; x_wconf 65' lang='lat' dir='ltr'><strong>naeus</strong></span> <span class='ocrx_word' id='word_1_71' title='bbox 757 1034 812 1083; x_wconf 92' lang='lat' dir='ltr'><strong>et</strong></span> <span class='ocrx_word' id='word_1_72' title='bbox 857 1026 1139 1084; x_wconf 78' lang='lat' dir='ltr'><strong>Philetas:</strong></span> <span class='ocrx_word' id='word_1_73' title='bbox 1172 1027 1241 1085; x_wconf 90' lang='lat' dir='ltr'><strong>de</strong></span> <span class='ocrx_word' id='word_1_74' title='bbox 1283 1043 1517 1102; x_wconf 90' lang='lat' dir='ltr'><strong>quorum</strong></span> <span class='ocrx_word' id='word_1_75' title='bbox 1551 1044 1718 1101; x_wconf 83' lang='lat' dir='ltr'><strong>prava</strong></span> <span class='ocrx_word' id='word_1_76' title='bbox 1743 1029 2017 1085; x_wconf 84' lang='lat' dir='ltr'><strong>sententia</strong></span> <span class='ocrx_word' id='word_1_77' title='bbox 2041 1045 2166 1085; x_wconf 89' lang='lat' dir='ltr'><strong>cum</strong></span> 
     </span>
    </p>
   </div>
   <div class='ocr_carea' id='block_1_12' title="bbox 563 1118 2164 1194">
    <p class='ocr_par' dir='ltr' id='par_1_12' title="bbox 563 1118 2164 1194">
     <span class='ocr_line' id='line_1_12' title="bbox 563 1118 2164 1194; baseline -0.001 -16"><span class='ocrx_word' id='word_1_78' title='bbox 563 1118 862 1194; x_wconf 76' lang='lat' dir='ltr'><strong>Apostolus</strong></span> <span class='ocrx_word' id='word_1_79' title='bbox 908 1125 1049 1176; x_wconf 89' lang='lat' dir='ltr'><strong>esset</strong></span> <span class='ocrx_word' id='word_1_80' title='bbox 1096 1119 1337 1189; x_wconf 89' lang='lat' dir='ltr'><strong>locutus,</strong></span> <span class='ocrx_word' id='word_1_81' title='bbox 1375 1120 1561 1177; x_wconf 83' lang='lat' dir='ltr'><strong>statim</strong></span> <span class='ocrx_word' id='word_1_82' title='bbox 1606 1120 1713 1179; x_wconf 92' lang='lat' dir='ltr'><strong>hoc</strong></span> <span class='ocrx_word' id='word_1_83' title='bbox 1755 1120 2009 1193; x_wconf 88' lang='lat' dir='ltr'><strong>subjecit,</strong></span> <span class='ocrx_word' id='word_1_84' title='bbox 2049 1136 2164 1178; x_wconf 90' lang='lat' dir='ltr'><strong>non</strong></span> 
     </span>
    </p>
   </div>
   <div class='ocr_carea' id='block_1_13' title="bbox 564 1210 2166 1270">
    <p class='ocr_par' dir='ltr' id='par_1_13' title="bbox 564 1210 2166 1270">
     <span class='ocr_line' id='line_1_13' title="bbox 564 1210 2166 1270; baseline -0.001 -1"><span class='ocrx_word' id='word_1_85' title='bbox 564 1230 681 1270; x_wconf 87' lang='lat' dir='ltr'><strong>esse</strong></span> <span class='ocrx_word' id='word_1_86' title='bbox 726 1211 982 1270; x_wconf 90' lang='lat' dir='ltr'><strong>mirabile</strong></span> <span class='ocrx_word' id='word_1_87' title='bbox 1025 1210 1085 1268; x_wconf 91' lang='lat' dir='ltr'><strong>in</strong></span> <span class='ocrx_word' id='word_1_88' title='bbox 1125 1212 1375 1269; x_wconf 87' lang='lat' dir='ltr'><strong>Ecclesia</strong></span> <span class='ocrx_word' id='word_1_89' title='bbox 1415 1211 1594 1269; x_wconf 89' lang='lat' dir='ltr'><strong>videri</strong></span> <span class='ocrx_word' id='word_1_90' title='bbox 1658 1212 1913 1270; x_wconf 88' lang='lat' dir='ltr'><strong>homines</strong></span> <span class='ocrx_word' id='word_1_91' title='bbox 1957 1213 2166 1270; x_wconf 83' lang='lat' dir='ltr'><strong>dissen-</strong></span> 
     </span>
    </p>
   </div>
   <div class='ocr_carea' id='block_1_14' title="bbox 564 1294 2170 1379">
    <p class='ocr_par' dir='ltr' id='par_1_14' title="bbox 564 1294 2170 1379">
     <span class='ocr_line' id='line_1_14' title="bbox 564 1294 2170 1379; baseline 0.001 -20"><span class='ocrx_word' id='word_1_92' title='bbox 564 1303 786 1361; x_wconf 90' lang='lat' dir='ltr'><strong>tientes.</strong></span> <span class='ocrx_word' id='word_1_93' title='bbox 822 1294 958 1361; x_wconf 87' lang='lat' dir='ltr'><strong>Nam</strong></span> <span class='ocrx_word' id='word_1_94' title='bbox 1002 1312 1055 1360; x_wconf 93' lang='lat' dir='ltr'><strong>et</strong></span> <span class='ocrx_word' id='word_1_95' title='bbox 1088 1302 1146 1359; x_wconf 91' lang='lat' dir='ltr'><strong>in</strong></span> <span class='ocrx_word' id='word_1_96' title='bbox 1186 1303 1605 1362; x_wconf 84' lang='lat' dir='ltr'><strong>Corinthiorum</strong></span> <span class='ocrx_word' id='word_1_97' title='bbox 1650 1305 1918 1373; x_wconf 89' lang='lat' dir='ltr'><strong>Ecclesia,</strong></span> <span class='ocrx_word' id='word_1_98' title='bbox 1954 1305 2023 1362; x_wconf 90' lang='lat' dir='ltr'><strong>de</strong></span> <span class='ocrx_word' id='word_1_99' title='bbox 2061 1321 2170 1379; x_wconf 90' lang='lat' dir='ltr'><strong>qua</strong></span> 
     </span>
    </p>
   </div>
   <div class='ocr_carea' id='block_1_15' title="bbox 564 1392 2165 1468">
    <p class='ocr_par' dir='ltr' id='par_1_15' title="bbox 564 1392 2165 1468">
     <span class='ocr_line' id='line_1_15' title="bbox 564 1392 2165 1468; baseline -0.001 -15"><span class='ocrx_word' id='word_1_100' title='bbox 564 1394 706 1463; x_wconf 84' lang='lat' dir='ltr'><strong>dixi,</strong></span> <span class='ocrx_word' id='word_1_101' title='bbox 746 1392 972 1468; x_wconf 91' lang='lat' dir='ltr'><strong>quidam</strong></span> <span class='ocrx_word' id='word_1_102' title='bbox 1015 1402 1171 1450; x_wconf 88' lang='lat' dir='ltr'><strong>erant</strong></span> <span class='ocrx_word' id='word_1_103' title='bbox 1215 1394 1312 1467; x_wconf 90' lang='lat' dir='ltr'><strong>qui</strong></span> <span class='ocrx_word' id='word_1_104' title='bbox 1351 1394 1762 1464; x_wconf 86' lang='lat' dir='ltr'><strong>dissentientes,</strong></span> <span class='ocrx_word' id='word_1_105' title='bbox 1811 1394 2165 1452; x_wconf 89' lang='lat' dir='ltr'><strong>resurrectio-</strong></span> 
     </span>
    </p>
   </div>
   <div class='ocr_carea' id='block_1_16' title="bbox 565 1483 2169 1558">
    <p class='ocr_par' dir='ltr' id='par_1_16' title="bbox 565 1483 2169 1558">
     <span class='ocr_line' id='line_1_16' title="bbox 565 1483 2169 1558; baseline 0 -14"><span class='ocrx_word' id='word_1_106' title='bbox 565 1503 692 1544; x_wconf 88' lang='lat' dir='ltr'><strong>nem</strong></span> <span class='ocrx_word' id='word_1_107' title='bbox 734 1483 1028 1558; x_wconf 78' lang='lat' dir='ltr'><strong>negabant.</strong></span> <span class='ocrx_word' id='word_1_108' title='bbox 1077 1486 1311 1542; x_wconf 87' lang='lat' dir='ltr'><strong>Insanus</strong></span> <span class='ocrx_word' id='word_1_109' title='bbox 1338 1493 1524 1542; x_wconf 91' lang='lat' dir='ltr'><strong>tamen</strong></span> <span class='ocrx_word' id='word_1_110' title='bbox 1568 1486 1909 1544; x_wconf 88' lang='lat' dir='ltr'><strong>Novatianus</strong></span> <span class='ocrx_word' id='word_1_111' title='bbox 1957 1486 2074 1558; x_wconf 90' lang='lat'><strong>(78)</strong></span> <span class='ocrx_word' id='word_1_112' title='bbox 2106 1496 2169 1544; x_wconf 90' lang='lat' dir='ltr'><strong>ut</strong></span> 
     </span>
    </p>
   </div>
   <div class='ocr_carea' id='block_1_17' title="bbox 566 1573 2166 1647">
    <p class='ocr_par' dir='ltr' id='par_1_17' title="bbox 566 1573 2166 1647">
     <span class='ocr_line' id='line_1_17' title="bbox 566 1573 2166 1647; baseline -0.001 -14"><span class='ocrx_word' id='word_1_113' title='bbox 566 1574 743 1633; x_wconf 90' lang='lat' dir='ltr'><strong>errori</strong></span> <span class='ocrx_word' id='word_1_114' title='bbox 814 1591 915 1631; x_wconf 90' lang='lat' dir='ltr'><strong>suo</strong></span> <span class='ocrx_word' id='word_1_115' title='bbox 964 1573 1306 1643; x_wconf 88' lang='lat' dir='ltr'><strong>blandiatur,</strong></span> <span class='ocrx_word' id='word_1_116' title='bbox 1363 1575 1525 1631; x_wconf 88' lang='lat' dir='ltr'><strong>aliter</strong></span> <span class='ocrx_word' id='word_1_117' title='bbox 1578 1574 1686 1632; x_wconf 91' lang='lat' dir='ltr'><strong>hoc</strong></span> <span class='ocrx_word' id='word_1_118' title='bbox 1745 1573 2166 1647; x_wconf 85' lang='lat' dir='ltr'><strong>intelligendum</strong></span> 
     </span>
    </p>
   </div>
   <div class='ocr_carea' id='block_1_18' title="bbox 565 1661 2166 1737">
    <p class='ocr_par' dir='ltr' id='par_1_18' title="bbox 565 1661 2166 1737">
     <span class='ocr_line' id='line_1_18' title="bbox 565 1661 2166 1737; baseline -0.002 -14"><span class='ocrx_word' id='word_1_119' title='bbox 565 1667 771 1733; x_wconf 86' lang='lat' dir='ltr'><strong>tradit;</strong></span> <span class='ocrx_word' id='word_1_120' title='bbox 814 1674 879 1722; x_wconf 91' lang='lat' dir='ltr'><strong>ut</strong></span> <span class='ocrx_word' id='word_1_121' title='bbox 923 1664 1121 1722; x_wconf 91' lang='lat' dir='ltr'><strong>domus</strong></span> <span class='ocrx_word' id='word_1_122' title='bbox 1158 1680 1355 1737; x_wconf 87' lang='lat' dir='ltr'><strong>magna</strong></span> <span class='ocrx_word' id='word_1_123' title='bbox 1404 1671 1555 1719; x_wconf 90' lang='lat' dir='ltr'><strong>totus</strong></span> <span class='ocrx_word' id='word_1_124' title='bbox 1583 1661 1825 1719; x_wconf 88' lang='lat' dir='ltr'><strong>mundus</strong></span> <span class='ocrx_word' id='word_1_125' title='bbox 1866 1662 2166 1735; x_wconf 89' lang='lat' dir='ltr'><strong>signiﬁcari</strong></span> 
     </span>
    </p>
   </div>
   <div class='ocr_carea' id='block_1_19' title="bbox 2293 469 3880 548">
    <p class='ocr_par' dir='ltr' id='par_1_19' title="bbox 2293 469 3880 548">
     <span class='ocr_line' id='line_1_19' title="bbox 2293 469 3880 548; baseline -0.001 -13"><span class='ocrx_word' id='word_1_126' title='bbox 2293 500 2312 524; x_wconf 75' lang='grc' dir='ltr'>ι</span> <span class='ocrx_word' id='word_1_127' title='bbox 2340 476 2556 535; x_wconf 87' lang='lat' dir='ltr'><strong>Sectare</strong></span> <span class='ocrx_word' id='word_1_128' title='bbox 2592 491 2725 534; x_wconf 93' lang='lat' dir='ltr'><strong>vero</strong></span> <span class='ocrx_word' id='word_1_129' title='bbox 2745 473 3044 548; x_wconf 87' lang='lat' dir='ltr'><strong>justitiam,</strong></span> <span class='ocrx_word' id='word_1_130' title='bbox 3078 471 3265 543; x_wconf 89' lang='lat' dir='ltr'><strong>ﬁdem,</strong></span> <span class='ocrx_word' id='word_1_131' title='bbox 3293 469 3643 544; x_wconf 89' lang='lat' dir='ltr'><strong>charitatem,</strong></span> <span class='ocrx_word' id='word_1_132' title='bbox 3669 489 3880 548; x_wconf 89' lang='lat' dir='ltr'><strong>pacem,</strong></span> 
     </span>
    </p>
   </div>
   <div class='ocr_carea' id='block_1_20' title="bbox 2278 561 3867 641">
    <p class='ocr_par' dir='ltr' id='par_1_20' title="bbox 2278 561 3867 641">
     <span class='ocr_line' id='line_1_20' title="bbox 2278 561 3867 641; baseline -0.002 -16"><span class='ocrx_word' id='word_1_133' title='bbox 2278 585 2405 625; x_wconf 90' lang='lat' dir='ltr'><strong>cum</strong></span> <span class='ocrx_word' id='word_1_134' title='bbox 2446 566 2516 624; x_wconf 89' lang='lat' dir='ltr'><strong>iis</strong></span> <span class='ocrx_word' id='word_1_135' title='bbox 2558 566 2655 641; x_wconf 90' lang='lat' dir='ltr'><strong>qui</strong></span> <span class='ocrx_word' id='word_1_136' title='bbox 2684 566 2950 624; x_wconf 86' lang='lat' dir='ltr'><strong>invocant</strong></span> <span class='ocrx_word' id='word_1_137' title='bbox 2992 562 3294 639; x_wconf 82' lang='lat' dir='ltr'><strong>Dominum</strong></span> <span class='ocrx_word' id='word_1_138' title='bbox 3338 561 3407 619; x_wconf 90' lang='lat' dir='ltr'><strong>de</strong></span> <span class='ocrx_word' id='word_1_139' title='bbox 3454 580 3593 637; x_wconf 90' lang='lat' dir='ltr'><strong>puro</strong></span> <span class='ocrx_word' id='word_1_140' title='bbox 3630 563 3817 622; x_wconf 90' lang='lat' dir='ltr'><strong>corde.</strong></span> <span class='ocrx_word' id='word_1_141' title='bbox 3848 591 3867 614; x_wconf 76' lang='grc' dir='ltr'>ι</span> 
     </span>
    </p>
   </div>
   <div class='ocr_carea' id='block_1_21' title="bbox 2279 652 3882 732">
    <p class='ocr_par' dir='ltr' id='par_1_21' title="bbox 2279 652 3882 732">
     <span class='ocr_line' id='line_1_21' title="bbox 2279 652 3882 732; baseline 0 -16"><span class='ocrx_word' id='word_1_142' title='bbox 2279 661 2409 716; x_wconf 72' lang='lat' dir='ltr'><strong>Haec</strong></span> <span class='ocrx_word' id='word_1_143' title='bbox 2435 660 2694 717; x_wconf 88' lang='lat' dir='ltr'><strong>sectanda</strong></span> <span class='ocrx_word' id='word_1_144' title='bbox 2716 654 2895 731; x_wconf 89' lang='lat' dir='ltr'><strong>jubet,</strong></span> <span class='ocrx_word' id='word_1_145' title='bbox 2928 674 3049 732; x_wconf 59' lang='lat' dir='ltr'><strong>qua;</strong></span> <span class='ocrx_word' id='word_1_146' title='bbox 3067 652 3311 729; x_wconf 82' lang='lat' dir='ltr'><strong>juvenili</strong></span> <span class='ocrx_word' id='word_1_147' title='bbox 3337 654 3487 713; x_wconf 83' lang='lat' dir='ltr'><strong>aetati</strong></span> <span class='ocrx_word' id='word_1_148' title='bbox 3503 655 3665 713; x_wconf 89' lang='lat' dir='ltr'><strong>devia</strong></span> <span class='ocrx_word' id='word_1_149' title='bbox 3692 657 3882 716; x_wconf 86' lang='lat' dir='ltr'><strong>viden-</strong></span> 
     </span>
    </p>
   </div>
   <div class='ocr_carea' id='block_1_22' title="bbox 2281 744 3880 828">
    <p class='ocr_par' dir='ltr' id='par_1_22' title="bbox 2281 744 3880 828">
     <span class='ocr_line' id='line_1_22' title="bbox 2281 744 3880 828; baseline -0.002 -13"><span class='ocrx_word' id='word_1_150' title='bbox 2281 765 2373 815; x_wconf 89' lang='lat' dir='ltr'><strong>tur</strong></span> <span class='ocrx_word' id='word_1_151' title='bbox 2420 744 2476 812; x_wconf 81' lang='lat' dir='ltr'><strong>et</strong></span> <span class='ocrx_word' id='word_1_152' title='bbox 2515 772 2723 828; x_wconf 89' lang='lat' dir='ltr'><strong>aspera.</strong></span> <span class='ocrx_word' id='word_1_153' title='bbox 2754 754 2860 823; x_wconf 87' lang='lat' dir='ltr'><strong>Qui</strong></span> <span class='ocrx_word' id='word_1_154' title='bbox 2898 753 3046 810; x_wconf 86' lang='lat' dir='ltr'><strong>enim</strong></span> <span class='ocrx_word' id='word_1_155' title='bbox 3089 751 3364 826; x_wconf 86' lang='lat' dir='ltr'><strong>justitiam</strong></span> <span class='ocrx_word' id='word_1_156' title='bbox 3416 750 3591 824; x_wconf 89' lang='lat' dir='ltr'><strong>eligit,</strong></span> <span class='ocrx_word' id='word_1_157' title='bbox 3641 751 3693 809; x_wconf 90' lang='lat' dir='ltr'><strong>ei</strong></span> <span class='ocrx_word' id='word_1_158' title='bbox 3739 753 3880 812; x_wconf 89' lang='lat' dir='ltr'><strong>nihil</strong></span> 
     </span>
    </p>
   </div>
   <div class='ocr_carea' id='block_1_23' title="bbox 2280 840 3880 917">
    <p class='ocr_par' dir='ltr' id='par_1_23' title="bbox 2280 840 3880 917">
     <span class='ocr_line' id='line_1_23' title="bbox 2280 840 3880 917; baseline -0.002 -13"><span class='ocrx_word' id='word_1_159' title='bbox 2280 846 2414 905; x_wconf 82' lang='lat' dir='ltr'><strong>facit</strong></span> <span class='ocrx_word' id='word_1_160' title='bbox 2458 844 2822 913; x_wconf 89' lang='lat' dir='ltr'><strong>contrarium,</strong></span> <span class='ocrx_word' id='word_1_161' title='bbox 2850 852 2905 900; x_wconf 94' lang='lat' dir='ltr'><strong>et</strong></span> <span class='ocrx_word' id='word_1_162' title='bbox 2931 844 3026 917; x_wconf 89' lang='lat' dir='ltr'><strong>qui</strong></span> <span class='ocrx_word' id='word_1_163' title='bbox 3070 843 3233 900; x_wconf 89' lang='lat' dir='ltr'><strong>ﬁdem</strong></span> <span class='ocrx_word' id='word_1_164' title='bbox 3265 840 3470 915; x_wconf 88' lang='lat' dir='ltr'><strong>diligit,</strong></span> <span class='ocrx_word' id='word_1_165' title='bbox 3516 852 3701 901; x_wconf 79' lang='lat' dir='ltr'><strong>servat</strong></span> <span class='ocrx_word' id='word_1_166' title='bbox 3731 862 3880 901; x_wconf 87' lang='lat' dir='ltr'><strong>man-</strong></span> 
     </span>
    </p>
   </div>
   <div class='ocr_carea' id='block_1_24' title="bbox 2278 934 3881 1014">
    <p class='ocr_par' dir='ltr' id='par_1_24' title="bbox 2278 934 3881 1014">
     <span class='ocr_line' id='line_1_24' title="bbox 2278 934 3881 1014; baseline -0.001 -18"><span class='ocrx_word' id='word_1_167' title='bbox 2278 939 2440 998; x_wconf 90' lang='lat' dir='ltr'><strong>data:</strong></span> <span class='ocrx_word' id='word_1_168' title='bbox 2472 939 2568 1014; x_wconf 92' lang='lat' dir='ltr'><strong>qui</strong></span> <span class='ocrx_word' id='word_1_169' title='bbox 2598 947 2782 1007; x_wconf 69' lang='lat' dir='ltr'><strong>autem</strong></span> <span class='ocrx_word' id='word_1_170' title='bbox 2811 937 3134 995; x_wconf 89' lang='lat' dir='ltr'><strong>charitatem</strong></span> <span class='ocrx_word' id='word_1_171' title='bbox 3163 934 3434 1009; x_wconf 88' lang='lat' dir='ltr'><strong>sequitur,</strong></span> <span class='ocrx_word' id='word_1_172' title='bbox 3469 937 3733 994; x_wconf 88' lang='lat' dir='ltr'><strong>omnibus</strong></span> <span class='ocrx_word' id='word_1_173' title='bbox 3764 937 3881 995; x_wconf 91' lang='lat' dir='ltr'><strong>hu-</strong></span> 
     </span>
    </p>
   </div>
   <div class='ocr_carea' id='block_1_25' title="bbox 2279 1025 3880 1103">
    <p class='ocr_par' dir='ltr' id='par_1_25' title="bbox 2279 1025 3880 1103">
     <span class='ocr_line' id='line_1_25' title="bbox 2279 1025 3880 1103; baseline -0.004 -14"><span class='ocrx_word' id='word_1_174' title='bbox 2279 1031 2430 1089; x_wconf 90' lang='lat' dir='ltr'><strong>milis</strong></span> <span class='ocrx_word' id='word_1_175' title='bbox 2456 1039 2565 1088; x_wconf 90' lang='lat' dir='ltr'><strong>est:</strong></span> <span class='ocrx_word' id='word_1_176' title='bbox 2604 1028 2755 1103; x_wconf 88' lang='lat' dir='ltr'><strong>pacis</strong></span> <span class='ocrx_word' id='word_1_177' title='bbox 2782 1044 2914 1084; x_wconf 90' lang='lat' dir='ltr'><strong>vero</strong></span> <span class='ocrx_word' id='word_1_178' title='bbox 2941 1033 3125 1084; x_wconf 89' lang='lat' dir='ltr'><strong>custos</strong></span> <span class='ocrx_word' id='word_1_179' title='bbox 3155 1025 3374 1082; x_wconf 89' lang='lat' dir='ltr'><strong>nullum</strong></span> <span class='ocrx_word' id='word_1_180' title='bbox 3406 1025 3626 1083; x_wconf 87' lang='lat' dir='ltr'><strong>lacessit</strong></span> <span class='ocrx_word' id='word_1_181' title='bbox 3655 1025 3724 1083; x_wconf 88' lang='lat' dir='ltr'><strong>ad</strong></span> <span class='ocrx_word' id='word_1_182' title='bbox 3747 1026 3880 1100; x_wconf 90' lang='lat' dir='ltr'><strong>jur-</strong></span> 
     </span>
    </p>
   </div>
   <div class='ocr_carea' id='block_1_26' title="bbox 2281 1122 2451 1197">
    <p class='ocr_par' dir='ltr' id='par_1_26' title="bbox 2281 1122 2451 1197">
     <span class='ocr_line' id='line_1_26' title="bbox 2281 1122 2451 1197; baseline 0.006 -19"><span class='ocrx_word' id='word_1_183' title='bbox 2281 1122 2428 1197; x_wconf 91' lang='lat' dir='ltr'><strong>gium</strong></span> <span class='ocrx_word' id='word_1_184' title='bbox 2439 1165 2451 1179; x_wconf 94' lang='lat'><strong>.</strong></span> 
     </span>
    </p>
   </div>
   <div class='ocr_carea' id='block_1_27' title="bbox 2354 1214 3879 1293">
    <p class='ocr_par' dir='ltr' id='par_1_27' title="bbox 2354 1214 3879 1293">
     <span class='ocr_line' id='line_1_27' title="bbox 2354 1214 3879 1293; baseline -0.002 -14"><span class='ocrx_word' id='word_1_185' title='bbox 2354 1220 2539 1293; x_wconf 85' lang='lat' dir='ltr'><strong>(Vers.</strong></span> <span class='ocrx_word' id='word_1_186' title='bbox 2584 1220 2700 1292; x_wconf 87' lang='lat'><strong>23.)</strong></span> <span class='ocrx_word' id='word_1_187' title='bbox 2731 1244 2749 1267; x_wconf 83' lang='lat'><strong><em>-</em></strong></span> <span class='ocrx_word' id='word_1_188' title='bbox 2806 1219 3013 1276; x_wconf 88' lang='lat' dir='ltr'><strong>Stultas</strong></span> <span class='ocrx_word' id='word_1_189' title='bbox 3051 1224 3235 1274; x_wconf 90' lang='lat' dir='ltr'><strong>autem</strong></span> <span class='ocrx_word' id='word_1_190' title='bbox 3277 1223 3331 1273; x_wconf 90' lang='lat' dir='ltr'><strong>et</strong></span> <span class='ocrx_word' id='word_1_191' title='bbox 3377 1214 3684 1275; x_wconf 88' lang='lat' dir='ltr'><strong>ineruditas</strong></span> <span class='ocrx_word' id='word_1_192' title='bbox 3722 1236 3879 1292; x_wconf 66' lang='lat' dir='ltr'><strong>qure-</strong></span> 
     </span>
    </p>
   </div>
   <div class='ocr_carea' id='block_1_28' title="bbox 2278 1305 3877 1381">
    <p class='ocr_par' dir='ltr' id='par_1_28' title="bbox 2278 1305 3877 1381">
     <span class='ocr_line' id='line_1_28' title="bbox 2278 1305 3877 1381; baseline 0 -15"><span class='ocrx_word' id='word_1_193' title='bbox 2278 1309 2486 1367; x_wconf 90' lang='lat' dir='ltr'><strong>stiones</strong></span> <span class='ocrx_word' id='word_1_194' title='bbox 2514 1309 2721 1378; x_wconf 91' lang='lat' dir='ltr'><strong>devita,</strong></span> <span class='ocrx_word' id='word_1_195' title='bbox 2765 1307 2939 1365; x_wconf 89' lang='lat' dir='ltr'><strong>sciens</strong></span> <span class='ocrx_word' id='word_1_196' title='bbox 2981 1307 3111 1381; x_wconf 89' lang='lat' dir='ltr'><strong>quia</strong></span> <span class='ocrx_word' id='word_1_197' title='bbox 3147 1314 3407 1379; x_wconf 86' lang='lat' dir='ltr'><strong>generant</strong></span> <span class='ocrx_word' id='word_1_198' title='bbox 3450 1305 3597 1364; x_wconf 89' lang='lat' dir='ltr'><strong>lites.</strong></span> <span class='ocrx_word' id='word_1_199' title='bbox 3631 1334 3650 1356; x_wconf 79' lang='grc' dir='ltr'><strong>ιι</strong></span> <span class='ocrx_word' id='word_1_200' title='bbox 3696 1310 3877 1366; x_wconf 89' lang='lat' dir='ltr'><strong>Insen-</strong></span> 
     </span>
    </p>
   </div>
   <div class='ocr_carea' id='block_1_29' title="bbox 2279 1395 3877 1473">
    <p class='ocr_par' dir='ltr' id='par_1_29' title="bbox 2279 1395 3877 1473">
     <span class='ocr_line' id='line_1_29' title="bbox 2279 1395 3877 1473; baseline -0.001 -16"><span class='ocrx_word' id='word_1_201' title='bbox 2279 1407 2409 1457; x_wconf 66' lang='lat' dir='ltr'><strong>sata</strong></span> <span class='ocrx_word' id='word_1_202' title='bbox 2454 1398 2784 1473; x_wconf 64' lang='lat' dir='ltr'><strong>quaestiones</strong></span> <span class='ocrx_word' id='word_1_203' title='bbox 2838 1396 3040 1471; x_wconf 89' lang='lat' dir='ltr'><strong>partim</strong></span> <span class='ocrx_word' id='word_1_204' title='bbox 3083 1395 3414 1465; x_wconf 90' lang='lat' dir='ltr'><strong>inﬁdelium,</strong></span> <span class='ocrx_word' id='word_1_205' title='bbox 3453 1396 3657 1469; x_wconf 86' lang='lat' dir='ltr'><strong>partim</strong></span> <span class='ocrx_word' id='word_1_206' title='bbox 3712 1396 3877 1455; x_wconf 66' lang='lat' dir='ltr'><strong>haere-</strong></span> 
     </span>
    </p>
   </div>
   <div class='ocr_carea' id='block_1_30' title="bbox 2278 1482 3879 1559">
    <p class='ocr_par' dir='ltr' id='par_1_30' title="bbox 2278 1482 3879 1559">
     <span class='ocr_line' id='line_1_30' title="bbox 2278 1482 3879 1559; baseline 0.001 -15"><span class='ocrx_word' id='word_1_207' title='bbox 2278 1487 2514 1545; x_wconf 89' lang='lat' dir='ltr'><strong>ticorum</strong></span> <span class='ocrx_word' id='word_1_208' title='bbox 2552 1495 2714 1545; x_wconf 90' lang='lat' dir='ltr'><strong>sunt:</strong></span> <span class='ocrx_word' id='word_1_209' title='bbox 2766 1503 2836 1544; x_wconf 86' lang='lat' dir='ltr'><strong>ex</strong></span> <span class='ocrx_word' id='word_1_210' title='bbox 2874 1492 3029 1559; x_wconf 90' lang='lat' dir='ltr'><strong>parte</strong></span> <span class='ocrx_word' id='word_1_211' title='bbox 3076 1482 3411 1551; x_wconf 88' lang='lat' dir='ltr'><strong>inﬁdelium,</strong></span> <span class='ocrx_word' id='word_1_212' title='bbox 3443 1502 3565 1559; x_wconf 72' lang='lat' dir='ltr'><strong>quae</strong></span> <span class='ocrx_word' id='word_1_213' title='bbox 3605 1486 3879 1545; x_wconf 87' lang='lat' dir='ltr'><strong>modestos</strong></span> 
     </span>
    </p>
   </div>
   <div class='ocr_carea' id='block_1_31' title="bbox 2279 1567 3882 1649">
    <p class='ocr_par' dir='ltr' id='par_1_31' title="bbox 2279 1567 3882 1649">
     <span class='ocr_line' id='line_1_31' title="bbox 2279 1567 3882 1649; baseline -0.001 -17"><span class='ocrx_word' id='word_1_214' title='bbox 2279 1575 2532 1634; x_wconf 89' lang='lat' dir='ltr'><strong>homines</strong></span> <span class='ocrx_word' id='word_1_215' title='bbox 2561 1583 2767 1649; x_wconf 87' lang='lat' dir='ltr'><strong>cogunt</strong></span> <span class='ocrx_word' id='word_1_216' title='bbox 2793 1574 2861 1632; x_wconf 90' lang='lat' dir='ltr'><strong>ad</strong></span> <span class='ocrx_word' id='word_1_217' title='bbox 2891 1574 3080 1641; x_wconf 89' lang='lat' dir='ltr'><strong>litem;</strong></span> <span class='ocrx_word' id='word_1_218' title='bbox 3113 1567 3483 1632; x_wconf 85' lang='lat' dir='ltr'><strong>immutantur</strong></span> <span class='ocrx_word' id='word_1_219' title='bbox 3525 1574 3674 1631; x_wconf 89' lang='lat' dir='ltr'><strong>enim</strong></span> <span class='ocrx_word' id='word_1_220' title='bbox 3706 1572 3882 1631; x_wconf 91' lang='lat' dir='ltr'><strong>nimia</strong></span> 
     </span>
    </p>
   </div>
   <div class='ocr_carea' id='block_1_32' title="bbox 2278 1663 3881 1738">
    <p class='ocr_par' dir='ltr' id='par_1_32' title="bbox 2278 1663 3881 1738">
     <span class='ocr_line' id='line_1_32' title="bbox 2278 1663 3881 1738; baseline -0.001 -16"><span class='ocrx_word' id='word_1_221' title='bbox 2278 1664 2715 1722; x_wconf 87' lang='lat' dir='ltr'><strong>contradictione</strong></span> <span class='ocrx_word' id='word_1_222' title='bbox 2766 1663 3067 1738; x_wconf 88' lang='lat' dir='ltr'><strong>impietatis</strong></span> <span class='ocrx_word' id='word_1_223' title='bbox 3117 1679 3331 1732; x_wconf 88' lang='lat' dir='ltr'><strong>eorum,</strong></span> <span class='ocrx_word' id='word_1_224' title='bbox 3384 1670 3441 1719; x_wconf 92' lang='lat' dir='ltr'><strong>et</strong></span> <span class='ocrx_word' id='word_1_225' title='bbox 3499 1663 3626 1722; x_wconf 89' lang='lat' dir='ltr'><strong>irati</strong></span> <span class='ocrx_word' id='word_1_226' title='bbox 3681 1663 3881 1723; x_wconf 90' lang='lat' dir='ltr'><strong>dicunt</strong></span> 
     </span>
    </p>
   </div>
   <div class='ocr_carea' id='block_1_33' title="bbox 563 1750 3881 1829">
    <p class='ocr_par' dir='ltr' id='par_1_33' title="bbox 563 1750 3881 1829">
     <span class='ocr_line' id='line_1_33' title="bbox 563 1750 3881 1829; baseline -0.001 -17"><span class='ocrx_word' id='word_1_227' title='bbox 563 1755 838 1823; x_wconf 88' lang='lat' dir='ltr'><strong>credatur,</strong></span> <span class='ocrx_word' id='word_1_228' title='bbox 878 1754 973 1827; x_wconf 92' lang='lat' dir='ltr'><strong>qui</strong></span> <span class='ocrx_word' id='word_1_229' title='bbox 1026 1750 1192 1808; x_wconf 88' lang='lat' dir='ltr'><strong>habet</strong></span> <span class='ocrx_word' id='word_1_230' title='bbox 1231 1751 1523 1808; x_wconf 88' lang='lat' dir='ltr'><strong>hominum</strong></span> <span class='ocrx_word' id='word_1_231' title='bbox 1578 1750 1994 1821; x_wconf 89' lang='lat' dir='ltr'><strong>diversitatem;</strong></span> <span class='ocrx_word' id='word_1_232' title='bbox 2037 1770 2164 1810; x_wconf 89' lang='lat' dir='ltr'><strong>cum</strong></span> <span class='ocrx_word' id='word_1_233' title='bbox 2191 1757 2239 1819; x_wconf 91' lang='lat' dir='ltr'><strong>B</strong></span> <span class='ocrx_word' id='word_1_234' title='bbox 2275 1754 2487 1829; x_wconf 89' lang='lat' dir='ltr'><strong>aliquid</strong></span> <span class='ocrx_word' id='word_1_235' title='bbox 2516 1762 2709 1812; x_wconf 89' lang='lat' dir='ltr'><strong>contra</strong></span> <span class='ocrx_word' id='word_1_236' title='bbox 2755 1754 3111 1827; x_wconf 78' lang='lat' dir='ltr'><strong>praepositum</strong></span> <span class='ocrx_word' id='word_1_237' title='bbox 3140 1769 3301 1810; x_wconf 88' lang='lat' dir='ltr'><strong>suum</strong></span> <span class='ocrx_word' id='word_1_238' title='bbox 3346 1751 3483 1826; x_wconf 88' lang='lat'><strong>(80).</strong></span> <span class='ocrx_word' id='word_1_239' title='bbox 3512 1752 3645 1808; x_wconf 86' lang='lat' dir='ltr'><strong>Nam</strong></span> <span class='ocrx_word' id='word_1_240' title='bbox 3693 1754 3881 1810; x_wconf 89' lang='lat' dir='ltr'><strong>solent</strong></span> 
     </span>
    </p>
   </div>
   <div class='ocr_carea' id='block_1_34' title="bbox 566 1846 2168 1921">
    <p class='ocr_par' dir='ltr' id='par_1_34' title="bbox 566 1846 2168 1921">
     <span class='ocr_line' id='line_1_34' title="bbox 566 1846 2168 1921; baseline -0.001 -14"><span class='ocrx_word' id='word_1_241' title='bbox 566 1856 781 1907; x_wconf 87' lang='lat' dir='ltr'><strong>constet</strong></span> <span class='ocrx_word' id='word_1_242' title='bbox 810 1846 1137 1921; x_wconf 88' lang='lat' dir='ltr'><strong>Apostolum</strong></span> <span class='ocrx_word' id='word_1_243' title='bbox 1167 1847 1421 1918; x_wconf 90' lang='lat' dir='ltr'><strong>exemplo</strong></span> <span class='ocrx_word' id='word_1_244' title='bbox 1449 1863 1609 1903; x_wconf 90' lang='lat' dir='ltr'><strong>usum</strong></span> <span class='ocrx_word' id='word_1_245' title='bbox 1654 1846 1853 1904; x_wconf 90' lang='lat' dir='ltr'><strong>domus</strong></span> <span class='ocrx_word' id='word_1_246' title='bbox 1890 1846 2083 1904; x_wconf 89' lang='lat' dir='ltr'><strong>divitis</strong></span> <span class='ocrx_word' id='word_1_247' title='bbox 2113 1858 2168 1905; x_wconf 91' lang='lat' dir='ltr'><strong>et</strong></span> 
     </span>
    </p>
   </div>
   <div class='ocr_carea' id='block_1_35' title="bbox 565 1934 2167 2013">
    <p class='ocr_par' dir='ltr' id='par_1_35' title="bbox 565 1934 2167 2013">
     <span class='ocr_line' id='line_1_35' title="bbox 565 1934 2167 2013; baseline -0.002 -17"><span class='ocrx_word' id='word_1_248' title='bbox 565 1937 839 2013; x_wconf 90' lang='lat' dir='ltr'><strong>opulenti,</strong></span> <span class='ocrx_word' id='word_1_249' title='bbox 870 1954 1015 2012; x_wconf 83' lang='lat' dir='ltr'><strong>quae,</strong></span> <span class='ocrx_word' id='word_1_250' title='bbox 1069 1936 1323 2010; x_wconf 90' lang='lat' dir='ltr'><strong>quamvis</strong></span> <span class='ocrx_word' id='word_1_251' title='bbox 1351 1934 1573 2009; x_wconf 89' lang='lat' dir='ltr'><strong>copiosa</strong></span> <span class='ocrx_word' id='word_1_252' title='bbox 1611 1935 1707 2004; x_wconf 90' lang='lat' dir='ltr'><strong>sit,</strong></span> <span class='ocrx_word' id='word_1_253' title='bbox 1753 1935 1953 1993; x_wconf 87' lang='lat' dir='ltr'><strong>habeat</strong></span> <span class='ocrx_word' id='word_1_254' title='bbox 1982 1944 2167 1993; x_wconf 87' lang='lat' dir='ltr'><strong>tamen</strong></span> 
     </span>
    </p>
   </div>
   <div class='ocr_carea' id='block_1_36' title="bbox 565 2024 2166 2101">
    <p class='ocr_par' dir='ltr' id='par_1_36' title="bbox 565 2024 2166 2101">
     <span class='ocr_line' id='line_1_36' title="bbox 565 2024 2166 2101; baseline -0.001 -17"><span class='ocrx_word' id='word_1_255' title='bbox 565 2045 696 2086; x_wconf 89' lang='lat' dir='ltr'><strong>vasa</strong></span> <span class='ocrx_word' id='word_1_256' title='bbox 726 2028 908 2101; x_wconf 89' lang='lat' dir='ltr'><strong>lignea</strong></span> <span class='ocrx_word' id='word_1_257' title='bbox 935 2035 991 2083; x_wconf 89' lang='lat' dir='ltr'><strong>et</strong></span> <span class='ocrx_word' id='word_1_258' title='bbox 1017 2025 1242 2083; x_wconf 87' lang='lat' dir='ltr'><strong>ﬁctilia:</strong></span> <span class='ocrx_word' id='word_1_259' title='bbox 1276 2025 1385 2083; x_wconf 91' lang='lat' dir='ltr'><strong>hoc</strong></span> <span class='ocrx_word' id='word_1_260' title='bbox 1413 2026 1577 2082; x_wconf 92' lang='lat' dir='ltr'><strong>modo</strong></span> <span class='ocrx_word' id='word_1_261' title='bbox 1596 2035 1650 2083; x_wconf 92' lang='lat' dir='ltr'><strong>et</strong></span> <span class='ocrx_word' id='word_1_262' title='bbox 1679 2024 1945 2094; x_wconf 87' lang='lat' dir='ltr'><strong>Ecclesia,</strong></span> <span class='ocrx_word' id='word_1_263' title='bbox 1978 2041 2166 2099; x_wconf 89' lang='lat' dir='ltr'><strong>quan-</strong></span> 
     </span>
    </p>
   </div>
   <div class='ocr_carea' id='block_1_37' title="bbox 567 2115 2170 2194">
    <p class='ocr_par' dir='ltr' id='par_1_37' title="bbox 567 2115 2170 2194">
     <span class='ocr_line' id='line_1_37' title="bbox 567 2115 2170 2194; baseline -0.002 -18"><span class='ocrx_word' id='word_1_264' title='bbox 567 2136 730 2194; x_wconf 88' lang='lat' dir='ltr'><strong>quam</strong></span> <span class='ocrx_word' id='word_1_265' title='bbox 780 2126 967 2175; x_wconf 88' lang='lat' dir='ltr'><strong>sancta</strong></span> <span class='ocrx_word' id='word_1_266' title='bbox 1013 2116 1252 2185; x_wconf 86' lang='lat' dir='ltr'><strong>dicatur,</strong></span> <span class='ocrx_word' id='word_1_267' title='bbox 1296 2115 1461 2172; x_wconf 87' lang='lat' dir='ltr'><strong>habet</strong></span> <span class='ocrx_word' id='word_1_268' title='bbox 1501 2125 1685 2177; x_wconf 89' lang='lat' dir='ltr'><strong>tamen</strong></span> <span class='ocrx_word' id='word_1_269' title='bbox 1732 2123 1787 2171; x_wconf 89' lang='lat' dir='ltr'><strong>et</strong></span> <span class='ocrx_word' id='word_1_270' title='bbox 1832 2115 2064 2173; x_wconf 91' lang='lat' dir='ltr'><strong>vitiosos</strong></span> <span class='ocrx_word' id='word_1_271' title='bbox 2114 2124 2170 2173; x_wconf 92' lang='lat' dir='ltr'><strong>et</strong></span> 
     </span>
    </p>
   </div>
   <div class='ocr_carea' id='block_1_38' title="bbox 568 2205 2168 2284">
    <p class='ocr_par' dir='ltr' id='par_1_38' title="bbox 568 2205 2168 2284">
     <span class='ocr_line' id='line_1_38' title="bbox 568 2205 2168 2284; baseline -0.002 -19"><span class='ocrx_word' id='word_1_272' title='bbox 568 2225 738 2284; x_wconf 90' lang='lat' dir='ltr'><strong>prava</strong></span> <span class='ocrx_word' id='word_1_273' title='bbox 791 2207 1110 2275; x_wconf 89' lang='lat' dir='ltr'><strong>sentientes,</strong></span> <span class='ocrx_word' id='word_1_274' title='bbox 1167 2206 1312 2263; x_wconf 90' lang='lat' dir='ltr'><strong>sicut</strong></span> <span class='ocrx_word' id='word_1_275' title='bbox 1348 2206 1602 2279; x_wconf 89' lang='lat' dir='ltr'><strong>superius</strong></span> <span class='ocrx_word' id='word_1_276' title='bbox 1639 2205 1965 2262; x_wconf 87' lang='lat' dir='ltr'><strong>memoravi.</strong></span> <span class='ocrx_word' id='word_1_277' title='bbox 2018 2205 2168 2272; x_wconf 90' lang='lat' dir='ltr'><strong>Quos</strong></span> 
     </span>
    </p>
   </div>
   <div class='ocr_carea' id='block_1_39' title="bbox 563 2294 2162 2369">
    <p class='ocr_par' dir='ltr' id='par_1_39' title="bbox 563 2294 2162 2369">
     <span class='ocr_line' id='line_1_39' title="bbox 563 2294 2162 2369; baseline -0.003 -13"><span class='ocrx_word' id='word_1_278' title='bbox 563 2296 901 2356; x_wconf 89' lang='lat' dir='ltr'><strong>contumelia</strong></span> <span class='ocrx_word' id='word_1_279' title='bbox 946 2295 1142 2369; x_wconf 90' lang='lat' dir='ltr'><strong>dignos</strong></span> <span class='ocrx_word' id='word_1_280' title='bbox 1177 2294 1439 2364; x_wconf 89' lang='lat' dir='ltr'><strong>ostendit,</strong></span> <span class='ocrx_word' id='word_1_281' title='bbox 1486 2312 1598 2353; x_wconf 90' lang='lat' dir='ltr'><strong>non</strong></span> <span class='ocrx_word' id='word_1_282' title='bbox 1636 2305 1819 2353; x_wconf 90' lang='lat' dir='ltr'><strong>tamen</strong></span> <span class='ocrx_word' id='word_1_283' title='bbox 1866 2296 2162 2368; x_wconf 89' lang='lat' dir='ltr'><strong>perituros,</strong></span> 
     </span>
    </p>
   </div>
   <div class='ocr_carea' id='block_1_40' title="bbox 564 2385 2168 2462">
    <p class='ocr_par' dir='ltr' id='par_1_40' title="bbox 564 2385 2168 2462">
     <span class='ocr_line' id='line_1_40' title="bbox 564 2385 2168 2462; baseline -0.003 -15"><span class='ocrx_word' id='word_1_284' title='bbox 564 2388 659 2447; x_wconf 89' lang='lat' dir='ltr'><strong>sed</strong></span> <span class='ocrx_word' id='word_1_285' title='bbox 697 2387 1010 2462; x_wconf 85' lang='lat' dir='ltr'><strong>purgandos</strong></span> <span class='ocrx_word' id='word_1_286' title='bbox 1054 2402 1152 2459; x_wconf 92' lang='lat' dir='ltr'><strong>per</strong></span> <span class='ocrx_word' id='word_1_287' title='bbox 1197 2385 1419 2458; x_wconf 89' lang='lat' dir='ltr'><strong>ignem;</strong></span> <span class='ocrx_word' id='word_1_288' title='bbox 1450 2386 1579 2459; x_wconf 90' lang='lat' dir='ltr'><strong>quia</strong></span> <span class='ocrx_word' id='word_1_289' title='bbox 1632 2385 1826 2442; x_wconf 90' lang='lat' dir='ltr'><strong>domui</strong></span> <span class='ocrx_word' id='word_1_290' title='bbox 1866 2402 1937 2441; x_wconf 89' lang='lat' dir='ltr'><strong>ex</strong></span> <span class='ocrx_word' id='word_1_291' title='bbox 1983 2385 2168 2458; x_wconf 90' lang='lat' dir='ltr'><strong>aliqua</strong></span> 
     </span>
    </p>
   </div>
   <div class='ocr_carea' id='block_1_41' title="bbox 564 2475 2167 2556">
    <p class='ocr_par' dir='ltr' id='par_1_41' title="bbox 564 2475 2167 2556">
     <span class='ocr_line' id='line_1_41' title="bbox 564 2475 2167 2556; baseline -0.006 -18"><span class='ocrx_word' id='word_1_292' title='bbox 564 2491 720 2556; x_wconf 90' lang='lat' dir='ltr'><strong>parte</strong></span> <span class='ocrx_word' id='word_1_293' title='bbox 748 2477 1042 2538; x_wconf 87' lang='lat' dir='ltr'><strong>necessarii</strong></span> <span class='ocrx_word' id='word_1_294' title='bbox 1084 2486 1234 2536; x_wconf 81' lang='lat' dir='ltr'><strong>sunt.</strong></span> <span class='ocrx_word' id='word_1_295' title='bbox 1280 2476 1623 2535; x_wconf 87' lang='lat' dir='ltr'><strong>Novatianus</strong></span> <span class='ocrx_word' id='word_1_296' title='bbox 1650 2484 1831 2533; x_wconf 90' lang='lat' dir='ltr'><strong>autem</strong></span> <span class='ocrx_word' id='word_1_297' title='bbox 1860 2475 2037 2533; x_wconf 83' lang='lat' dir='ltr'><strong>elatus</strong></span> <span class='ocrx_word' id='word_1_298' title='bbox 2064 2489 2167 2529; x_wconf 90' lang='lat' dir='ltr'><strong>su-</strong></span> 
     </span>
    </p>
   </div>
   <div class='ocr_carea' id='block_1_42' title="bbox 568 2564 2163 2645">
    <p class='ocr_par' dir='ltr' id='par_1_42' title="bbox 568 2564 2163 2645">
     <span class='ocr_line' id='line_1_42' title="bbox 568 2564 2163 2645; baseline -0.006 -16"><span class='ocrx_word' id='word_1_299' title='bbox 568 2571 779 2645; x_wconf 89' lang='lat' dir='ltr'><strong>perbia,</strong></span> <span class='ocrx_word' id='word_1_300' title='bbox 817 2579 881 2627; x_wconf 90' lang='lat' dir='ltr'><strong>ut</strong></span> <span class='ocrx_word' id='word_1_301' title='bbox 923 2569 1183 2627; x_wconf 86' lang='lat' dir='ltr'><strong>Ecclesiae</strong></span> <span class='ocrx_word' id='word_1_302' title='bbox 1233 2585 1346 2625; x_wconf 87' lang='lat' dir='ltr'><strong>suae</strong></span> <span class='ocrx_word' id='word_1_303' title='bbox 1389 2567 1678 2625; x_wconf 88' lang='lat' dir='ltr'><strong>veritatem</strong></span> <span class='ocrx_word' id='word_1_304' title='bbox 1725 2574 1780 2624; x_wconf 86' lang='lat' dir='ltr'><strong>et</strong></span> <span class='ocrx_word' id='word_1_305' title='bbox 1816 2564 2163 2624; x_wconf 88' lang='lat' dir='ltr'><strong>sanctitatem</strong></span> 
     </span>
    </p>
   </div>
   <div class='ocr_carea' id='block_1_43' title="bbox 563 2655 2165 2735">
    <p class='ocr_par' dir='ltr' id='par_1_43' title="bbox 563 2655 2165 2735">
     <span class='ocr_line' id='line_1_43' title="bbox 563 2655 2165 2735; baseline -0.006 -17"><span class='ocrx_word' id='word_1_306' title='bbox 563 2660 870 2735; x_wconf 90' lang='lat' dir='ltr'><strong>generalem</strong></span> <span class='ocrx_word' id='word_1_307' title='bbox 901 2659 1238 2726; x_wconf 86' lang='lat' dir='ltr'><strong>defenderet,</strong></span> <span class='ocrx_word' id='word_1_308' title='bbox 1264 2657 1372 2715; x_wconf 93' lang='lat' dir='ltr'><strong>hoc</strong></span> <span class='ocrx_word' id='word_1_309' title='bbox 1400 2657 1565 2714; x_wconf 90' lang='lat' dir='ltr'><strong>modo</strong></span> <span class='ocrx_word' id='word_1_310' title='bbox 1594 2655 2017 2730; x_wconf 86' lang='lat' dir='ltr'><strong>intelligendum</strong></span> <span class='ocrx_word' id='word_1_311' title='bbox 2048 2669 2165 2711; x_wconf 87' lang='lat' dir='ltr'><strong>esse</strong></span> 
     </span>
    </p>
   </div>
   <div class='ocr_carea' id='block_1_44' title="bbox 561 2746 2165 2822">
    <p class='ocr_par' dir='ltr' id='par_1_44' title="bbox 561 2746 2165 2822">
     <span class='ocr_line' id='line_1_44' title="bbox 561 2746 2165 2822; baseline -0.004 -15"><span class='ocrx_word' id='word_1_312' title='bbox 561 2750 835 2816; x_wconf 87' lang='lat' dir='ltr'><strong>decrevit,</strong></span> <span class='ocrx_word' id='word_1_313' title='bbox 861 2748 1018 2822; x_wconf 87' lang='lat' dir='ltr'><strong>quasi</strong></span> <span class='ocrx_word' id='word_1_314' title='bbox 1050 2747 1299 2806; x_wconf 87' lang='lat' dir='ltr'><strong>Ecclesia</strong></span> <span class='ocrx_word' id='word_1_315' title='bbox 1327 2764 1493 2821; x_wconf 91' lang='lat' dir='ltr'><strong>penes</strong></span> <span class='ocrx_word' id='word_1_316' title='bbox 1513 2747 1693 2820; x_wconf 90' lang='lat' dir='ltr'><strong>ipsum</strong></span> <span class='ocrx_word' id='word_1_317' title='bbox 1725 2746 1817 2815; x_wconf 92' lang='lat' dir='ltr'><strong>sit,</strong></span> <span class='ocrx_word' id='word_1_318' title='bbox 1850 2753 1905 2802; x_wconf 93' lang='lat' dir='ltr'><strong>et</strong></span> <span class='ocrx_word' id='word_1_319' title='bbox 1935 2754 2165 2804; x_wconf 89' lang='lat' dir='ltr'><strong>cunctos</strong></span> 
     </span>
    </p>
   </div>
   <div class='ocr_carea' id='block_1_45' title="bbox 561 2834 2164 2913">
    <p class='ocr_par' dir='ltr' id='par_1_45' title="bbox 561 2834 2164 2913">
     <span class='ocr_line' id='line_1_45' title="bbox 561 2834 2164 2913; baseline -0.005 -14"><span class='ocrx_word' id='word_1_320' title='bbox 561 2840 763 2898; x_wconf 90' lang='lat' dir='ltr'><strong>habeat</strong></span> <span class='ocrx_word' id='word_1_321' title='bbox 799 2838 1142 2913; x_wconf 89' lang='lat' dir='ltr'><strong>puriﬁcatos,</strong></span> <span class='ocrx_word' id='word_1_322' title='bbox 1190 2847 1413 2910; x_wconf 90' lang='lat' dir='ltr'><strong>propter</strong></span> <span class='ocrx_word' id='word_1_323' title='bbox 1449 2836 1574 2893; x_wconf 90' lang='lat' dir='ltr'><strong>illas</strong></span> <span class='ocrx_word' id='word_1_324' title='bbox 1603 2853 1793 2894; x_wconf 87' lang='lat' dir='ltr'><strong>causas</strong></span> <span class='ocrx_word' id='word_1_325' title='bbox 1834 2834 2035 2910; x_wconf 91' lang='lat' dir='ltr'><strong>quibus</strong></span> <span class='ocrx_word' id='word_1_326' title='bbox 2063 2850 2164 2892; x_wconf 91' lang='lat' dir='ltr'><strong>nos</strong></span> 
     </span>
    </p>
   </div>
   <div class='ocr_carea' id='block_1_46' title="bbox 562 2923 2165 3000">
    <p class='ocr_par' dir='ltr' id='par_1_46' title="bbox 562 2923 2165 3000">
     <span class='ocr_line' id='line_1_46' title="bbox 562 2923 2165 3000; baseline -0.002 -14"><span class='ocrx_word' id='word_1_327' title='bbox 562 2929 888 2987; x_wconf 85' lang='lat' dir='ltr'><strong>innocentes</strong></span> <span class='ocrx_word' id='word_1_328' title='bbox 941 2935 1161 2987; x_wconf 88' lang='lat' dir='ltr'><strong>accusat</strong></span> <span class='ocrx_word' id='word_1_329' title='bbox 1203 2928 1344 3000; x_wconf 88' lang='lat'><strong>(79).</strong></span> <span class='ocrx_word' id='word_1_330' title='bbox 1396 2925 1502 2983; x_wconf 86' lang='lat' dir='ltr'><strong>Sed</strong></span> <span class='ocrx_word' id='word_1_331' title='bbox 1541 2925 1674 2999; x_wconf 91' lang='lat' dir='ltr'><strong>quid</strong></span> <span class='ocrx_word' id='word_1_332' title='bbox 1720 2942 1859 2999; x_wconf 92' lang='lat' dir='ltr'><strong>opus</strong></span> <span class='ocrx_word' id='word_1_333' title='bbox 1901 2932 2017 2981; x_wconf 86' lang='lat' dir='ltr'><strong>erat</strong></span> <span class='ocrx_word' id='word_1_334' title='bbox 2059 2923 2165 2982; x_wconf 91' lang='lat' dir='ltr'><strong>hoc</strong></span> 
     </span>
    </p>
   </div>
   <div class='ocr_carea' id='block_1_47' title="bbox 565 3014 2165 3090">
    <p class='ocr_par' dir='ltr' id='par_1_47' title="bbox 565 3014 2165 3090">
     <span class='ocr_line' id='line_1_47' title="bbox 565 3014 2165 3090; baseline -0.003 -16"><span class='ocrx_word' id='word_1_335' title='bbox 565 3019 688 3075; x_wconf 91' lang='lat' dir='ltr'><strong>loco</strong></span> <span class='ocrx_word' id='word_1_336' title='bbox 714 3018 784 3076; x_wconf 89' lang='lat' dir='ltr'><strong>de</strong></span> <span class='ocrx_word' id='word_1_337' title='bbox 806 3018 1018 3076; x_wconf 90' lang='lat' dir='ltr'><strong>mundo</strong></span> <span class='ocrx_word' id='word_1_338' title='bbox 1047 3015 1258 3090; x_wconf 91' lang='lat' dir='ltr'><strong>aliquid</strong></span> <span class='ocrx_word' id='word_1_339' title='bbox 1273 3016 1478 3084; x_wconf 89' lang='lat' dir='ltr'><strong>dicere,</strong></span> <span class='ocrx_word' id='word_1_340' title='bbox 1509 3023 1603 3071; x_wconf 88' lang='lat' dir='ltr'><strong>aut</strong></span> <span class='ocrx_word' id='word_1_341' title='bbox 1617 3023 1680 3071; x_wconf 92' lang='lat' dir='ltr'><strong>ut</strong></span> <span class='ocrx_word' id='word_1_342' title='bbox 1707 3014 1842 3089; x_wconf 91' lang='lat' dir='ltr'><strong>quid</strong></span> <span class='ocrx_word' id='word_1_343' title='bbox 1869 3014 2165 3071; x_wconf 79' lang='lat' dir='ltr'><strong>afﬁrmaret</strong></span> 
     </span>
    </p>
   </div>
   <div class='ocr_carea' id='block_1_48' title="bbox 2276 1841 3877 1919">
    <p class='ocr_par' dir='ltr' id='par_1_48' title="bbox 2276 1841 3877 1919">
     <span class='ocr_line' id='line_1_48' title="bbox 2276 1841 3877 1919; baseline -0.001 -18"><span class='ocrx_word' id='word_1_344' title='bbox 2276 1845 2501 1919; x_wconf 89' lang='lat' dir='ltr'><strong>quidam</strong></span> <span class='ocrx_word' id='word_1_345' title='bbox 2531 1844 2916 1903; x_wconf 67' lang='lat' dir='ltr'><strong>haereticorum</strong></span> <span class='ocrx_word' id='word_1_346' title='bbox 2946 1842 3271 1917; x_wconf 88' lang='lat' dir='ltr'><strong>patientiam</strong></span> <span class='ocrx_word' id='word_1_347' title='bbox 3301 1841 3502 1916; x_wconf 87' lang='lat' dir='ltr'><strong>ﬁngere</strong></span> <span class='ocrx_word' id='word_1_348' title='bbox 3532 1841 3814 1916; x_wconf 88' lang='lat' dir='ltr'><strong>(quamvis</strong></span> <span class='ocrx_word' id='word_1_349' title='bbox 3841 1860 3877 1899; x_wconf 89' lang='lat' dir='ltr'><strong>a</strong></span> 
     </span>
    </p>
   </div>
   <div class='ocr_carea' id='block_1_49' title="bbox 2275 1931 3881 2007">
    <p class='ocr_par' dir='ltr' id='par_1_49' title="bbox 2275 1931 3881 2007">
     <span class='ocr_line' id='line_1_49' title="bbox 2275 1931 3881 2007; baseline -0.002 -16"><span class='ocrx_word' id='word_1_350' title='bbox 2275 1933 2551 1992; x_wconf 88' lang='lat' dir='ltr'><strong>catholico</strong></span> <span class='ocrx_word' id='word_1_351' title='bbox 2597 1951 2709 1991; x_wconf 90' lang='lat' dir='ltr'><strong>non</strong></span> <span class='ocrx_word' id='word_1_352' title='bbox 2757 1931 2971 2007; x_wconf 88' lang='lat' dir='ltr'><strong>possint</strong></span> <span class='ocrx_word' id='word_1_353' title='bbox 3008 1931 3198 1989; x_wconf 90' lang='lat' dir='ltr'><strong>audire</strong></span> <span class='ocrx_word' id='word_1_354' title='bbox 3244 1931 3455 2005; x_wconf 89' lang='lat' dir='ltr'><strong>aliquid</strong></span> <span class='ocrx_word' id='word_1_355' title='bbox 3484 1932 3787 2004; x_wconf 88' lang='lat' dir='ltr'><strong>asperum),</strong></span> <span class='ocrx_word' id='word_1_356' title='bbox 3818 1941 3881 1988; x_wconf 91' lang='lat' dir='ltr'><strong>ut</strong></span> 
     </span>
    </p>
   </div>
   <div class='ocr_carea' id='block_1_50' title="bbox 2275 2019 3877 2097">
    <p class='ocr_par' dir='ltr' id='par_1_50' title="bbox 2275 2019 3877 2097">
     <span class='ocr_line' id='line_1_50' title="bbox 2275 2019 3877 2097; baseline -0.002 -16"><span class='ocrx_word' id='word_1_357' title='bbox 2275 2023 2665 2081; x_wconf 89' lang='lat' dir='ltr'><strong>commendent</strong></span> <span class='ocrx_word' id='word_1_358' title='bbox 2701 2039 2871 2097; x_wconf 87' lang='lat' dir='ltr'><strong>prava</strong></span> <span class='ocrx_word' id='word_1_359' title='bbox 2902 2039 3000 2079; x_wconf 89' lang='lat' dir='ltr'><strong>sua</strong></span> <span class='ocrx_word' id='word_1_360' title='bbox 3026 2020 3334 2095; x_wconf 88' lang='lat' dir='ltr'><strong>colloquia:</strong></span> <span class='ocrx_word' id='word_1_361' title='bbox 3368 2019 3577 2078; x_wconf 90' lang='lat' dir='ltr'><strong>idcirco</strong></span> <span class='ocrx_word' id='word_1_362' title='bbox 3604 2020 3877 2077; x_wconf 89' lang='lat' dir='ltr'><strong>dissimu-</strong></span> 
     </span>
    </p>
   </div>
   <div class='ocr_carea' id='block_1_51' title="bbox 2276 2113 2850 2172">
    <p class='ocr_par' dir='ltr' id='par_1_51' title="bbox 2276 2113 2850 2172">
     <span class='ocr_line' id='line_1_51' title="bbox 2276 2113 2850 2172; baseline 0.002 -2"><span class='ocrx_word' id='word_1_363' title='bbox 2276 2113 2505 2171; x_wconf 90' lang='lat' dir='ltr'><strong>landum</strong></span> <span class='ocrx_word' id='word_1_364' title='bbox 2535 2113 2604 2170; x_wconf 89' lang='lat' dir='ltr'><strong>ab</strong></span> <span class='ocrx_word' id='word_1_365' title='bbox 2634 2113 2722 2170; x_wconf 91' lang='lat' dir='ltr'><strong>his</strong></span> <span class='ocrx_word' id='word_1_366' title='bbox 2749 2123 2850 2172; x_wconf 89' lang='lat' dir='ltr'><strong>est.</strong></span> 
     </span>
    </p>
   </div>
   <div class='ocr_carea' id='block_1_52' title="bbox 2349 2212 3874 2288">
    <p class='ocr_par' dir='ltr' id='par_1_52' title="bbox 2349 2212 3874 2288">
     <span class='ocr_line' id='line_1_52' title="bbox 2349 2212 3874 2288; baseline -0.004 -14"><span class='ocrx_word' id='word_1_367' title='bbox 2349 2216 2533 2287; x_wconf 86' lang='lat' dir='ltr'><strong>(Vers.</strong></span> <span class='ocrx_word' id='word_1_368' title='bbox 2565 2215 2653 2285; x_wconf 61' lang='lat'><strong>24,</strong></span> <span class='ocrx_word' id='word_1_369' title='bbox 2687 2216 2777 2284; x_wconf 75' lang='lat'><strong>25,</strong></span> <span class='ocrx_word' id='word_1_370' title='bbox 2808 2215 2923 2288; x_wconf 86' lang='lat'><strong>26.)</strong></span> <span class='ocrx_word' id='word_1_371' title='bbox 2986 2239 3005 2262; x_wconf 86' lang='grc'><strong>‹</strong></span> <span class='ocrx_word' id='word_1_372' title='bbox 3035 2214 3269 2272; x_wconf 89' lang='lat' dir='ltr'><strong>Servum</strong></span> <span class='ocrx_word' id='word_1_373' title='bbox 3298 2221 3482 2270; x_wconf 88' lang='lat' dir='ltr'><strong>autem</strong></span> <span class='ocrx_word' id='word_1_374' title='bbox 3508 2212 3736 2271; x_wconf 90' lang='lat' dir='ltr'><strong>Domini</strong></span> <span class='ocrx_word' id='word_1_375' title='bbox 3765 2230 3874 2270; x_wconf 90' lang='lat' dir='ltr'><strong>non</strong></span> 
     </span>
    </p>
   </div>
   <div class='ocr_carea' id='block_1_53' title="bbox 2276 2304 3876 2379">
    <p class='ocr_par' dir='ltr' id='par_1_53' title="bbox 2276 2304 3876 2379">
     <span class='ocr_line' id='line_1_53' title="bbox 2276 2304 3876 2379; baseline -0.002 -16"><span class='ocrx_word' id='word_1_376' title='bbox 2276 2314 2489 2379; x_wconf 85' lang='lat' dir='ltr'><strong>oportet</strong></span> <span class='ocrx_word' id='word_1_377' title='bbox 2519 2307 2753 2379; x_wconf 86' lang='lat' dir='ltr'><strong>litigare,</strong></span> <span class='ocrx_word' id='word_1_378' title='bbox 2786 2306 2882 2363; x_wconf 89' lang='lat' dir='ltr'><strong>sed</strong></span> <span class='ocrx_word' id='word_1_379' title='bbox 2928 2307 3119 2363; x_wconf 83' lang='lat' dir='ltr'><strong>mitem</strong></span> <span class='ocrx_word' id='word_1_380' title='bbox 3162 2323 3279 2364; x_wconf 88' lang='lat' dir='ltr'><strong>esse</strong></span> <span class='ocrx_word' id='word_1_381' title='bbox 3314 2305 3383 2363; x_wconf 88' lang='lat' dir='ltr'><strong>ad</strong></span> <span class='ocrx_word' id='word_1_382' title='bbox 3412 2322 3627 2374; x_wconf 89' lang='lat' dir='ltr'><strong>omnes,</strong></span> <span class='ocrx_word' id='word_1_383' title='bbox 3654 2304 3876 2362; x_wconf 91' lang='lat' dir='ltr'><strong>docibi-</strong></span> 
     </span>
    </p>
   </div>
   <div class='ocr_carea' id='block_1_54' title="bbox 2274 2392 3873 2467">
    <p class='ocr_par' dir='ltr' id='par_1_54' title="bbox 2274 2392 3873 2467">
     <span class='ocr_line' id='line_1_54' title="bbox 2274 2392 3873 2467; baseline -0.002 -16"><span class='ocrx_word' id='word_1_384' title='bbox 2274 2394 2405 2465; x_wconf 92' lang='lat' dir='ltr'><strong>lem,</strong></span> <span class='ocrx_word' id='word_1_385' title='bbox 2439 2395 2760 2467; x_wconf 90' lang='lat' dir='ltr'><strong>patientem,</strong></span> <span class='ocrx_word' id='word_1_386' title='bbox 2814 2395 3146 2463; x_wconf 82' lang='lat' dir='ltr'><strong>modestum,</strong></span> <span class='ocrx_word' id='word_1_387' title='bbox 3201 2393 3565 2467; x_wconf 87' lang='lat' dir='ltr'><strong>corrigentem</strong></span> <span class='ocrx_word' id='word_1_388' title='bbox 3638 2409 3731 2450; x_wconf 87' lang='lat' dir='ltr'><strong>eos</strong></span> <span class='ocrx_word' id='word_1_389' title='bbox 3780 2392 3873 2465; x_wconf 89' lang='lat' dir='ltr'><strong>qui</strong></span> 
     </span>
    </p>
   </div>
   <div class='ocr_carea' id='block_1_55' title="bbox 2274 2482 3872 2558">
    <p class='ocr_par' dir='ltr' id='par_1_55' title="bbox 2274 2482 3872 2558">
     <span class='ocr_line' id='line_1_55' title="bbox 2274 2482 3872 2558; baseline 0.001 -20"><span class='ocrx_word' id='word_1_390' title='bbox 2274 2483 2494 2540; x_wconf 86' lang='lat' dir='ltr'><strong>diversa</strong></span> <span class='ocrx_word' id='word_1_391' title='bbox 2521 2483 2801 2541; x_wconf 86' lang='lat' dir='ltr'><strong>sentiunt:</strong></span> <span class='ocrx_word' id='word_1_392' title='bbox 2834 2484 2882 2540; x_wconf 88' lang='lat' dir='ltr'><strong>si</strong></span> <span class='ocrx_word' id='word_1_393' title='bbox 2911 2483 3132 2558; x_wconf 90' lang='lat' dir='ltr'><strong>quando</strong></span> <span class='ocrx_word' id='word_1_394' title='bbox 3160 2482 3253 2539; x_wconf 91' lang='lat' dir='ltr'><strong>det</strong></span> <span class='ocrx_word' id='word_1_395' title='bbox 3288 2482 3402 2540; x_wconf 88' lang='lat' dir='ltr'><strong>illis</strong></span> <span class='ocrx_word' id='word_1_396' title='bbox 3433 2485 3580 2539; x_wconf 88' lang='lat' dir='ltr'><strong>Deus</strong></span> <span class='ocrx_word' id='word_1_397' title='bbox 3606 2482 3872 2555; x_wconf 73' lang='lat' dir='ltr'><strong>pmniten-</strong></span> 
     </span>
    </p>
   </div>
   <div class='ocr_carea' id='block_1_56' title="bbox 2275 2573 3876 2648">
    <p class='ocr_par' dir='ltr' id='par_1_56' title="bbox 2275 2573 3876 2648">
     <span class='ocr_line' id='line_1_56' title="bbox 2275 2573 3876 2648; baseline -0.001 -18"><span class='ocrx_word' id='word_1_398' title='bbox 2275 2574 2409 2631; x_wconf 92' lang='lat' dir='ltr'><strong>tiam</strong></span> <span class='ocrx_word' id='word_1_399' title='bbox 2475 2574 2545 2632; x_wconf 90' lang='lat' dir='ltr'><strong>ad</strong></span> <span class='ocrx_word' id='word_1_400' title='bbox 2603 2574 2943 2648; x_wconf 88' lang='lat' dir='ltr'><strong>agnitionem</strong></span> <span class='ocrx_word' id='word_1_401' title='bbox 3007 2574 3282 2644; x_wconf 85' lang='lat' dir='ltr'><strong>veritatis,</strong></span> <span class='ocrx_word' id='word_1_402' title='bbox 3337 2583 3393 2633; x_wconf 93' lang='lat' dir='ltr'><strong>et</strong></span> <span class='ocrx_word' id='word_1_403' title='bbox 3457 2573 3789 2647; x_wconf 79' lang='lat' dir='ltr'><strong>resipiscam</strong></span> <span class='ocrx_word' id='word_1_404' title='bbox 3844 2591 3876 2629; x_wconf 88' lang='lat' dir='ltr'><strong>a</strong></span> 
     </span>
    </p>
   </div>
   <div class='ocr_carea' id='block_1_57' title="bbox 2273 2662 3875 2738">
    <p class='ocr_par' dir='ltr' id='par_1_57' title="bbox 2273 2662 3875 2738">
     <span class='ocr_line' id='line_1_57' title="bbox 2273 2662 3875 2738; baseline -0.001 -18"><span class='ocrx_word' id='word_1_405' title='bbox 2273 2664 2480 2721; x_wconf 84' lang='lat' dir='ltr'><strong>diaboli</strong></span> <span class='ocrx_word' id='word_1_406' title='bbox 2512 2665 2742 2738; x_wconf 88' lang='lat' dir='ltr'><strong>laqueis,</strong></span> <span class='ocrx_word' id='word_1_407' title='bbox 2775 2684 2806 2722; x_wconf 91' lang='lat' dir='ltr'><strong>a</strong></span> <span class='ocrx_word' id='word_1_408' title='bbox 2828 2682 2938 2738; x_wconf 91' lang='lat' dir='ltr'><strong>quo</strong></span> <span class='ocrx_word' id='word_1_409' title='bbox 2966 2672 3225 2722; x_wconf 89' lang='lat' dir='ltr'><strong>tenentur</strong></span> <span class='ocrx_word' id='word_1_410' title='bbox 3251 2663 3396 2736; x_wconf 90' lang='lat' dir='ltr'><strong>capti</strong></span> <span class='ocrx_word' id='word_1_411' title='bbox 3424 2662 3492 2719; x_wconf 90' lang='lat' dir='ltr'><strong>ab</strong></span> <span class='ocrx_word' id='word_1_412' title='bbox 3517 2680 3581 2719; x_wconf 93' lang='lat' dir='ltr'><strong>eo</strong></span> <span class='ocrx_word' id='word_1_413' title='bbox 3604 2662 3675 2719; x_wconf 91' lang='lat' dir='ltr'><strong>ad</strong></span> <span class='ocrx_word' id='word_1_414' title='bbox 3702 2662 3875 2734; x_wconf 90' lang='lat' dir='ltr'><strong>ipsius</strong></span> 
     </span>
    </p>
   </div>
   <div class='ocr_carea' id='block_1_58' title="bbox 2273 2750 3871 2825">
    <p class='ocr_par' dir='ltr' id='par_1_58' title="bbox 2273 2750 3871 2825">
     <span class='ocr_line' id='line_1_58' title="bbox 2273 2750 3871 2825; baseline -0.001 -16"><span class='ocrx_word' id='word_1_415' title='bbox 2273 2755 2637 2811; x_wconf 89' lang='lat' dir='ltr'><strong>voluntatem.</strong></span> <span class='ocrx_word' id='word_1_416' title='bbox 2673 2777 2693 2802; x_wconf 81' lang='grc'><strong>›</strong></span> <span class='ocrx_word' id='word_1_417' title='bbox 2737 2754 2865 2811; x_wconf 77' lang='lat' dir='ltr'><strong>Haec</strong></span> <span class='ocrx_word' id='word_1_418' title='bbox 2911 2754 3069 2810; x_wconf 91' lang='lat' dir='ltr'><strong>nulla</strong></span> <span class='ocrx_word' id='word_1_419' title='bbox 3112 2752 3362 2825; x_wconf 87' lang='lat' dir='ltr'><strong>indigent</strong></span> <span class='ocrx_word' id='word_1_420' title='bbox 3400 2750 3871 2824; x_wconf 86' lang='lat' dir='ltr'><strong>interpretatione,</strong></span> 
     </span>
    </p>
   </div>
   <div class='ocr_carea' id='block_1_59' title="bbox 2274 2841 3874 2915">
    <p class='ocr_par' dir='ltr' id='par_1_59' title="bbox 2274 2841 3874 2915">
     <span class='ocr_line' id='line_1_59' title="bbox 2274 2841 3874 2915; baseline -0.003 -14"><span class='ocrx_word' id='word_1_421' title='bbox 2274 2852 2403 2902; x_wconf 89' lang='lat' dir='ltr'><strong>sunt</strong></span> <span class='ocrx_word' id='word_1_422' title='bbox 2456 2844 2604 2901; x_wconf 91' lang='lat' dir='ltr'><strong>enim</strong></span> <span class='ocrx_word' id='word_1_423' title='bbox 2651 2842 2964 2901; x_wconf 88' lang='lat' dir='ltr'><strong>manifesta.</strong></span> <span class='ocrx_word' id='word_1_424' title='bbox 3009 2843 3286 2911; x_wconf 87' lang='lat' dir='ltr'><strong>Quantum</strong></span> <span class='ocrx_word' id='word_1_425' title='bbox 3325 2848 3508 2897; x_wconf 87' lang='lat' dir='ltr'><strong>tamen</strong></span> <span class='ocrx_word' id='word_1_426' title='bbox 3557 2841 3730 2915; x_wconf 89' lang='lat' dir='ltr'><strong>prosit</strong></span> <span class='ocrx_word' id='word_1_427' title='bbox 3760 2858 3874 2897; x_wconf 78' lang='lat' dir='ltr'><strong>mo-</strong></span> 
     </span>
    </p>
   </div>
   <div class='ocr_carea' id='block_1_60' title="bbox 2273 2927 3871 3004">
    <p class='ocr_par' dir='ltr' id='par_1_60' title="bbox 2273 2927 3871 3004">
     <span class='ocr_line' id='line_1_60' title="bbox 2273 2927 3871 3004; baseline -0.002 -14"><span class='ocrx_word' id='word_1_428' title='bbox 2273 2933 2470 2996; x_wconf 88' lang='lat' dir='ltr'><strong>destia,</strong></span> <span class='ocrx_word' id='word_1_429' title='bbox 2501 2931 2833 3000; x_wconf 85' lang='lat' dir='ltr'><strong>declaravit;</strong></span> <span class='ocrx_word' id='word_1_430' title='bbox 2865 2931 2912 2988; x_wconf 93' lang='lat' dir='ltr'><strong>si</strong></span> <span class='ocrx_word' id='word_1_431' title='bbox 2941 2930 3090 2988; x_wconf 88' lang='lat' dir='ltr'><strong>enim</strong></span> <span class='ocrx_word' id='word_1_432' title='bbox 3119 2930 3226 2988; x_wconf 88' lang='lat' dir='ltr'><strong>hoc</strong></span> <span class='ocrx_word' id='word_1_433' title='bbox 3251 2930 3311 2986; x_wconf 93' lang='lat' dir='ltr'><strong>in</strong></span> <span class='ocrx_word' id='word_1_434' title='bbox 3340 2928 3670 3004; x_wconf 88' lang='lat' dir='ltr'><strong>quibusdam</strong></span> <span class='ocrx_word' id='word_1_435' title='bbox 3701 2927 3871 2987; x_wconf 77' lang='lat' dir='ltr'><strong>baere.</strong></span> 
     </span>
    </p>
   </div>
   <div class='ocr_carea' id='block_1_61' title="bbox 2273 3017 3872 3093">
    <p class='ocr_par' dir='ltr' id='par_1_61' title="bbox 2273 3017 3872 3093">
     <span class='ocr_line' id='line_1_61' title="bbox 2273 3017 3872 3093; baseline -0.001 -17"><span class='ocrx_word' id='word_1_436' title='bbox 2273 3019 2398 3077; x_wconf 90' lang='lat' dir='ltr'><strong>ticis</strong></span> <span class='ocrx_word' id='word_1_437' title='bbox 2427 3019 2691 3093; x_wconf 89' lang='lat' dir='ltr'><strong>placitum</strong></span> <span class='ocrx_word' id='word_1_438' title='bbox 2720 3026 2824 3087; x_wconf 88' lang='lat' dir='ltr'><strong>est,</strong></span> <span class='ocrx_word' id='word_1_439' title='bbox 2862 3017 2994 3093; x_wconf 91' lang='lat' dir='ltr'><strong>quia</strong></span> <span class='ocrx_word' id='word_1_440' title='bbox 3034 3017 3273 3075; x_wconf 88' lang='lat' dir='ltr'><strong>humiles</strong></span> <span class='ocrx_word' id='word_1_441' title='bbox 3299 3017 3617 3076; x_wconf 89' lang='lat' dir='ltr'><strong>videantur:</strong></span> <span class='ocrx_word' id='word_1_442' title='bbox 3663 3024 3872 3091; x_wconf 87' lang='lat' dir='ltr'><strong>quanto</strong></span> 
     </span>
    </p>
   </div>
   <div class='ocr_carea' id='block_1_62' title="bbox 562 3098 3869 3182">
    <p class='ocr_par' dir='ltr' id='par_1_62' title="bbox 562 3098 3869 3182">
     <span class='ocr_line' id='line_1_62' title="bbox 562 3098 3869 3182; baseline -0.002 -16"><span class='ocrx_word' id='word_1_443' title='bbox 562 3108 833 3166; x_wconf 89' lang='lat' dir='ltr'><strong>mundum</strong></span> <span class='ocrx_word' id='word_1_444' title='bbox 851 3109 1079 3166; x_wconf 89' lang='lat' dir='ltr'><strong>domum</strong></span> <span class='ocrx_word' id='word_1_445' title='bbox 1097 3123 1346 3181; x_wconf 87' lang='lat' dir='ltr'><strong>magnam</strong></span> <span class='ocrx_word' id='word_1_446' title='bbox 1367 3105 1722 3180; x_wconf 80' lang='lat' dir='ltr'><strong>signiﬁcare?</strong></span> <span class='ocrx_word' id='word_1_447' title='bbox 1741 3106 1877 3163; x_wconf 85' lang='lat' dir='ltr'><strong>Nam</strong></span> <span class='ocrx_word' id='word_1_448' title='bbox 1906 3106 2045 3163; x_wconf 90' lang='lat' dir='ltr'><strong>dicit</strong></span> <span class='ocrx_word' id='word_1_449' title='bbox 2058 3107 2163 3162; x_wconf 89' lang='lat' dir='ltr'><strong>Do-</strong></span> <span class='ocrx_word' id='word_1_450' title='bbox 2197 3119 2242 3180; x_wconf 76' lang='grc' dir='ltr'>ο</span> <span class='ocrx_word' id='word_1_451' title='bbox 2274 3109 2448 3182; x_wconf 90' lang='lat' dir='ltr'><strong>magis</strong></span> <span class='ocrx_word' id='word_1_452' title='bbox 2477 3107 2751 3165; x_wconf 88' lang='lat' dir='ltr'><strong>laudabile</strong></span> <span class='ocrx_word' id='word_1_453' title='bbox 2790 3116 2845 3165; x_wconf 90' lang='lat' dir='ltr'><strong>et</strong></span> <span class='ocrx_word' id='word_1_454' title='bbox 2874 3107 3216 3165; x_wconf 87' lang='lat' dir='ltr'><strong>fructuosum</strong></span> <span class='ocrx_word' id='word_1_455' title='bbox 3247 3106 3354 3164; x_wconf 91' lang='lat' dir='ltr'><strong>erit</strong></span> <span class='ocrx_word' id='word_1_456' title='bbox 3390 3106 3450 3165; x_wconf 89' lang='lat' dir='ltr'><strong>in</strong></span> <span class='ocrx_word' id='word_1_457' title='bbox 3492 3106 3789 3174; x_wconf 88' lang='lat' dir='ltr'><strong>catholico,</strong></span> <span class='ocrx_word' id='word_1_458' title='bbox 3820 3098 3869 3161; x_wconf 88' lang='lat' dir='ltr'><strong>si</strong></span> 
     </span>
    </p>
   </div>
   <div class='ocr_carea' id='block_1_63' title="bbox 558 3195 2162 3274">
    <p class='ocr_par' dir='ltr' id='par_1_63' title="bbox 558 3195 2162 3274">
     <span class='ocr_line' id='line_1_63' title="bbox 558 3195 2162 3274; baseline -0.002 -19"><span class='ocrx_word' id='word_1_459' title='bbox 558 3198 747 3257; x_wconf 89' lang='lat' dir='ltr'><strong>minus</strong></span> <span class='ocrx_word' id='word_1_460' title='bbox 779 3199 1073 3274; x_wconf 89' lang='lat' dir='ltr'><strong>apostolis:</strong></span> <span class='ocrx_word' id='word_1_461' title='bbox 1120 3221 1139 3248; x_wconf 78' lang='grc' dir='ltr'>ι</span> <span class='ocrx_word' id='word_1_462' title='bbox 1166 3197 1288 3255; x_wconf 86' lang='lat' dir='ltr'><strong>Non</strong></span> <span class='ocrx_word' id='word_1_463' title='bbox 1331 3196 1467 3255; x_wconf 88' lang='lat' dir='ltr'><strong>estis</strong></span> <span class='ocrx_word' id='word_1_464' title='bbox 1495 3195 1562 3253; x_wconf 93' lang='lat' dir='ltr'><strong>de</strong></span> <span class='ocrx_word' id='word_1_465' title='bbox 1591 3195 1821 3265; x_wconf 88' lang='lat' dir='ltr'><strong>mundo,</strong></span> <span class='ocrx_word' id='word_1_466' title='bbox 1850 3213 1949 3270; x_wconf 87' lang='lat' dir='ltr'><strong>ego</strong></span> <span class='ocrx_word' id='word_1_467' title='bbox 1979 3205 2162 3254; x_wconf 91' lang='lat' dir='ltr'><strong>autem</strong></span> 
     </span>
    </p>
   </div>
   <div class='ocr_carea' id='block_1_64' title="bbox 558 3287 2164 3367">
    <p class='ocr_par' dir='ltr' id='par_1_64' title="bbox 558 3287 2164 3367">
     <span class='ocr_line' id='line_1_64' title="bbox 558 3287 2164 3367; baseline -0.004 -17"><span class='ocrx_word' id='word_1_468' title='bbox 558 3293 699 3367; x_wconf 89' lang='lat' dir='ltr'><strong>elegi</strong></span> <span class='ocrx_word' id='word_1_469' title='bbox 722 3310 819 3350; x_wconf 89' lang='lat' dir='ltr'><strong>vos</strong></span> <span class='ocrx_word' id='word_1_470' title='bbox 847 3292 914 3349; x_wconf 92' lang='lat' dir='ltr'><strong>de</strong></span> <span class='ocrx_word' id='word_1_471' title='bbox 930 3290 1140 3348; x_wconf 90' lang='lat' dir='ltr'><strong>mundo</strong></span> <span class='ocrx_word' id='word_1_472' title='bbox 1167 3291 1350 3363; x_wconf 80' lang='lat' dir='ltr'><strong>(Joan.</strong></span> <span class='ocrx_word' id='word_1_473' title='bbox 1372 3307 1470 3359; x_wconf 86' lang='lat' dir='ltr'><strong>xv,</strong></span> <span class='ocrx_word' id='word_1_474' title='bbox 1496 3290 1609 3363; x_wconf 84' lang='grc'><strong>19).</strong></span> <span class='ocrx_word' id='word_1_475' title='bbox 1630 3315 1649 3340; x_wconf 75' lang='grc' dir='ltr'><strong><em>ι</em></strong></span> <span class='ocrx_word' id='word_1_476' title='bbox 1682 3289 1971 3357; x_wconf 87' lang='lat' dir='ltr'><strong>Quomodo</strong></span> <span class='ocrx_word' id='word_1_477' title='bbox 1993 3287 2164 3360; x_wconf 87' lang='lat' dir='ltr'><strong>igitur</strong></span> 
     </span>
    </p>
   </div>
   <div class='ocr_carea' id='block_1_65' title="bbox 560 3375 2162 3453">
    <p class='ocr_par' dir='ltr' id='par_1_65' title="bbox 560 3375 2162 3453">
     <span class='ocr_line' id='line_1_65' title="bbox 560 3375 2162 3453; baseline -0.004 -14"><span class='ocrx_word' id='word_1_478' title='bbox 560 3381 709 3439; x_wconf 89' lang='lat' dir='ltr'><strong>intra</strong></span> <span class='ocrx_word' id='word_1_479' title='bbox 740 3381 1012 3439; x_wconf 90' lang='lat' dir='ltr'><strong>mundum</strong></span> <span class='ocrx_word' id='word_1_480' title='bbox 1054 3378 1421 3438; x_wconf 89' lang='lat' dir='ltr'><strong>concludendi</strong></span> <span class='ocrx_word' id='word_1_481' title='bbox 1465 3387 1616 3447; x_wconf 90' lang='lat' dir='ltr'><strong>sunt,</strong></span> <span class='ocrx_word' id='word_1_482' title='bbox 1647 3378 1743 3453; x_wconf 91' lang='lat' dir='ltr'><strong>qui</strong></span> <span class='ocrx_word' id='word_1_483' title='bbox 1788 3386 2059 3451; x_wconf 88' lang='lat' dir='ltr'><strong>negantur</strong></span> <span class='ocrx_word' id='word_1_484' title='bbox 2094 3375 2162 3433; x_wconf 90' lang='lat' dir='ltr'><strong>de</strong></span> 
     </span>
    </p>
   </div>
   <div class='ocr_carea' id='block_1_66' title="bbox 558 3466 2157 3542">
    <p class='ocr_par' dir='ltr' id='par_1_66' title="bbox 558 3466 2157 3542">
     <span class='ocr_line' id='line_1_66' title="bbox 558 3466 2157 3542; baseline -0.004 -14"><span class='ocrx_word' id='word_1_485' title='bbox 558 3471 768 3529; x_wconf 89' lang='lat' dir='ltr'><strong>mundo</strong></span> <span class='ocrx_word' id='word_1_486' title='bbox 820 3472 988 3530; x_wconf 81' lang='lat' dir='ltr'><strong>esse?</strong></span> <span class='ocrx_word' id='word_1_487' title='bbox 1029 3472 1102 3529; x_wconf 90' lang='lat' dir='ltr'><strong>Et</strong></span> <span class='ocrx_word' id='word_1_488' title='bbox 1139 3470 1288 3528; x_wconf 90' lang='lat' dir='ltr'><strong>idem</strong></span> <span class='ocrx_word' id='word_1_489' title='bbox 1332 3471 1663 3542; x_wconf 82' lang='lat' dir='ltr'><strong>Apostolus:</strong></span> <span class='ocrx_word' id='word_1_490' title='bbox 1724 3493 1742 3516; x_wconf 76' lang='grc' dir='ltr'>ι</span> <span class='ocrx_word' id='word_1_491' title='bbox 1773 3469 1915 3536; x_wconf 91' lang='lat' dir='ltr'><strong>Quo,</strong></span> <span class='ocrx_word' id='word_1_492' title='bbox 1955 3466 2157 3541; x_wconf 90' lang='lat' dir='ltr'><strong>inquit,</strong></span> 
     </span>
    </p>
   </div>
   <div class='ocr_carea' id='block_1_67' title="bbox 559 3555 2143 3632">
    <p class='ocr_par' dir='ltr' id='par_1_67' title="bbox 559 3555 2143 3632">
     <span class='ocr_line' id='line_1_67' title="bbox 559 3555 2143 3632; baseline -0.003 -16"><span class='ocrx_word' id='word_1_493' title='bbox 559 3559 700 3616; x_wconf 89' lang='lat' dir='ltr'><strong>mihi</strong></span> <span class='ocrx_word' id='word_1_494' title='bbox 730 3560 797 3616; x_wconf 91' lang='lat' dir='ltr'><strong>de</strong></span> <span class='ocrx_word' id='word_1_495' title='bbox 821 3559 913 3628; x_wconf 91' lang='lat' dir='ltr'><strong>iis,</strong></span> <span class='ocrx_word' id='word_1_496' title='bbox 945 3557 1040 3632; x_wconf 91' lang='lat' dir='ltr'><strong>qui</strong></span> <span class='ocrx_word' id='word_1_497' title='bbox 1071 3557 1207 3615; x_wconf 89' lang='lat' dir='ltr'><strong>foris</strong></span> <span class='ocrx_word' id='word_1_498' title='bbox 1220 3566 1371 3625; x_wconf 92' lang='lat' dir='ltr'><strong>sunt,</strong></span> <span class='ocrx_word' id='word_1_499' title='bbox 1396 3555 1648 3629; x_wconf 90' lang='lat' dir='ltr'><strong>judicare</strong></span> <span class='ocrx_word' id='word_1_500' title='bbox 1671 3557 1730 3629; x_wconf 88' lang='grc' dir='ltr'><strong>(Ι</strong></span> <span class='ocrx_word' id='word_1_501' title='bbox 1754 3556 1880 3613; x_wconf 86' lang='lat' dir='ltr'><strong>Cor.</strong></span> <span class='ocrx_word' id='word_1_502' title='bbox 1914 3574 1969 3624; x_wconf 91' lang='lat' dir='ltr'><strong>v,</strong></span> <span class='ocrx_word' id='word_1_503' title='bbox 1996 3556 2143 3627; x_wconf 80' lang='lat' dir='ltr'><strong>i2).-</strong></span> 
     </span>
    </p>
   </div>
   <div class='ocr_carea' id='block_1_68' title="bbox 556 3643 2158 3712">
    <p class='ocr_par' dir='ltr' id='par_1_68' title="bbox 556 3643 2158 3712">
     <span class='ocr_line' id='line_1_68' title="bbox 556 3643 2158 3712; baseline -0.002 -9"><span class='ocrx_word' id='word_1_504' title='bbox 556 3647 693 3704; x_wconf 89' lang='lat' dir='ltr'><strong>Nam</strong></span> <span class='ocrx_word' id='word_1_505' title='bbox 723 3648 783 3703; x_wconf 88' lang='lat' dir='ltr'><strong>in</strong></span> <span class='ocrx_word' id='word_1_506' title='bbox 813 3662 924 3702; x_wconf 91' lang='lat' dir='ltr'><strong>una</strong></span> <span class='ocrx_word' id='word_1_507' title='bbox 937 3645 1103 3701; x_wconf 91' lang='lat' dir='ltr'><strong>domo</strong></span> <span class='ocrx_word' id='word_1_508' title='bbox 1133 3661 1325 3700; x_wconf 90' lang='lat' dir='ltr'><strong>omnes</strong></span> <span class='ocrx_word' id='word_1_509' title='bbox 1341 3644 1444 3700; x_wconf 89' lang='lat' dir='ltr'><strong>sub</strong></span> <span class='ocrx_word' id='word_1_510' title='bbox 1466 3661 1583 3701; x_wconf 90' lang='lat' dir='ltr'><strong>uno</strong></span> <span class='ocrx_word' id='word_1_511' title='bbox 1610 3652 1741 3701; x_wconf 89' lang='lat' dir='ltr'><strong>sunt</strong></span> <span class='ocrx_word' id='word_1_512' title='bbox 1768 3643 1993 3700; x_wconf 90' lang='lat' dir='ltr'><strong>nomine</strong></span> <span class='ocrx_word' id='word_1_513' title='bbox 2013 3663 2026 3712; x_wconf 90' lang='lat'><strong>;</strong></span> <span class='ocrx_word' id='word_1_514' title='bbox 2046 3659 2158 3700; x_wconf 91' lang='lat' dir='ltr'><strong>uno</strong></span> 
     </span>
    </p>
   </div>
   <div class='ocr_carea' id='block_1_69' title="bbox 556 3731 2157 3793">
    <p class='ocr_par' dir='ltr' id='par_1_69' title="bbox 556 3731 2157 3793">
     <span class='ocr_line' id='line_1_69' title="bbox 556 3731 2157 3793; baseline 0.001 -2"><span class='ocrx_word' id='word_1_515' title='bbox 556 3734 705 3791; x_wconf 90' lang='lat' dir='ltr'><strong>enim</strong></span> <span class='ocrx_word' id='word_1_516' title='bbox 735 3733 962 3792; x_wconf 88' lang='lat' dir='ltr'><strong>Domini</strong></span> <span class='ocrx_word' id='word_1_517' title='bbox 982 3733 1069 3789; x_wconf 87' lang='lat' dir='ltr'><strong>sui</strong></span> <span class='ocrx_word' id='word_1_518' title='bbox 1088 3731 1313 3790; x_wconf 89' lang='lat' dir='ltr'><strong>nomine</strong></span> <span class='ocrx_word' id='word_1_519' title='bbox 1333 3741 1627 3791; x_wconf 89' lang='lat' dir='ltr'><strong>censentur</strong></span> <span class='ocrx_word' id='word_1_520' title='bbox 1648 3751 1839 3792; x_wconf 90' lang='lat' dir='ltr'><strong>omnes</strong></span> <span class='ocrx_word' id='word_1_521' title='bbox 1869 3754 1881 3791; x_wconf 86' lang='lat'>:</span> <span class='ocrx_word' id='word_1_522' title='bbox 1915 3734 2157 3793; x_wconf 89' lang='lat' dir='ltr'><strong>mundus</strong></span> 
     </span>
    </p>
   </div>
   <div class='ocr_carea' id='block_1_70' title="bbox 554 3830 2156 3903">
    <p class='ocr_par' dir='ltr' id='par_1_70' title="bbox 554 3830 2156 3903">
     <span class='ocr_line' id='line_1_70' title="bbox 554 3830 2156 3903; baseline 0.001 -15"><span class='ocrx_word' id='word_1_523' title='bbox 554 3838 737 3889; x_wconf 91' lang='lat' dir='ltr'><strong>autem</strong></span> <span class='ocrx_word' id='word_1_524' title='bbox 781 3830 1012 3888; x_wconf 62' lang='lat' dir='ltr'><strong>diversa:</strong></span> <span class='ocrx_word' id='word_1_525' title='bbox 1059 3830 1418 3903; x_wconf 84' lang='lat' dir='ltr'><strong>professionis</strong></span> <span class='ocrx_word' id='word_1_526' title='bbox 1460 3831 1708 3890; x_wconf 91' lang='lat' dir='ltr'><strong>continet</strong></span> <span class='ocrx_word' id='word_1_527' title='bbox 1753 3832 2044 3901; x_wconf 88' lang='lat' dir='ltr'><strong>homines;</strong></span> <span class='ocrx_word' id='word_1_528' title='bbox 2078 3833 2156 3889; x_wconf 89' lang='lat' dir='ltr'><strong>ita</strong></span> 
     </span>
    </p>
   </div>
   <div class='ocr_carea' id='block_1_71' title="bbox 554 3919 2154 3995">
    <p class='ocr_par' dir='ltr' id='par_1_71' title="bbox 554 3919 2154 3995">
     <span class='ocr_line' id='line_1_71' title="bbox 554 3919 2154 3995; baseline 0.001 -18"><span class='ocrx_word' id='word_1_529' title='bbox 554 3929 617 3979; x_wconf 93' lang='lat' dir='ltr'><strong>ut</strong></span> <span class='ocrx_word' id='word_1_530' title='bbox 644 3919 891 3995; x_wconf 89' lang='lat' dir='ltr'><strong>dispares</strong></span> <span class='ocrx_word' id='word_1_531' title='bbox 916 3921 1281 3994; x_wconf 88' lang='lat' dir='ltr'><strong>proﬁteantur</strong></span> <span class='ocrx_word' id='word_1_532' title='bbox 1310 3937 1368 3978; x_wconf 91' lang='lat' dir='ltr'><strong>se</strong></span> <span class='ocrx_word' id='word_1_533' title='bbox 1409 3920 1611 3980; x_wconf 90' lang='lat' dir='ltr'><strong>habere</strong></span> <span class='ocrx_word' id='word_1_534' title='bbox 1639 3932 1694 3981; x_wconf 90' lang='lat' dir='ltr'><strong>et</strong></span> <span class='ocrx_word' id='word_1_535' title='bbox 1723 3922 1854 3980; x_wconf 85' lang='lat' dir='ltr'><strong>deos</strong></span> <span class='ocrx_word' id='word_1_536' title='bbox 1880 3932 1933 3980; x_wconf 90' lang='lat' dir='ltr'><strong>et</strong></span> <span class='ocrx_word' id='word_1_537' title='bbox 1962 3923 2154 3981; x_wconf 89' lang='lat' dir='ltr'><strong>domi-</strong></span> 
     </span>
    </p>
   </div>
   <div class='ocr_carea' id='block_1_72' title="bbox 552 4014 2152 4088">
    <p class='ocr_par' dir='ltr' id='par_1_72' title="bbox 552 4014 2152 4088">
     <span class='ocr_line' id='line_1_72' title="bbox 552 4014 2152 4088; baseline 0.001 -17"><span class='ocrx_word' id='word_1_538' title='bbox 552 4030 672 4071; x_wconf 90' lang='lat' dir='ltr'><strong>nos.</strong></span> <span class='ocrx_word' id='word_1_539' title='bbox 706 4014 829 4071; x_wconf 87' lang='lat' dir='ltr'><strong>Non</strong></span> <span class='ocrx_word' id='word_1_540' title='bbox 858 4030 986 4087; x_wconf 90' lang='lat' dir='ltr'><strong>ergo</strong></span> <span class='ocrx_word' id='word_1_541' title='bbox 1016 4014 1244 4071; x_wconf 90' lang='lat' dir='ltr'><strong>domum</strong></span> <span class='ocrx_word' id='word_1_542' title='bbox 1273 4031 1531 4088; x_wconf 88' lang='lat' dir='ltr'><strong>magnam</strong></span> <span class='ocrx_word' id='word_1_543' title='bbox 1568 4014 1837 4073; x_wconf 91' lang='lat' dir='ltr'><strong>mundum</strong></span> <span class='ocrx_word' id='word_1_544' title='bbox 1867 4016 2026 4086; x_wconf 90' lang='lat' dir='ltr'><strong>dicit,</strong></span> <span class='ocrx_word' id='word_1_545' title='bbox 2057 4015 2152 4073; x_wconf 87' lang='lat' dir='ltr'><strong>sed</strong></span> 
     </span>
    </p>
   </div>
   <div class='ocr_carea' id='block_1_73' title="bbox 549 4102 2150 4179">
    <p class='ocr_par' dir='ltr' id='par_1_73' title="bbox 549 4102 2150 4179">
     <span class='ocr_line' id='line_1_73' title="bbox 549 4102 2150 4179; baseline 0.002 -18"><span class='ocrx_word' id='word_1_546' title='bbox 549 4102 875 4173; x_wconf 89' lang='lat' dir='ltr'><strong>Ecclesiam,</strong></span> <span class='ocrx_word' id='word_1_547' title='bbox 924 4104 983 4160; x_wconf 91' lang='lat' dir='ltr'><strong>in</strong></span> <span class='ocrx_word' id='word_1_548' title='bbox 1022 4120 1130 4179; x_wconf 90' lang='lat' dir='ltr'><strong>qua</strong></span> <span class='ocrx_word' id='word_1_549' title='bbox 1177 4121 1368 4162; x_wconf 89' lang='lat' dir='ltr'><strong>omnes</strong></span> <span class='ocrx_word' id='word_1_550' title='bbox 1404 4104 1507 4162; x_wconf 89' lang='lat' dir='ltr'><strong>sub</strong></span> <span class='ocrx_word' id='word_1_551' title='bbox 1548 4106 1715 4163; x_wconf 90' lang='lat' dir='ltr'><strong>unius</strong></span> <span class='ocrx_word' id='word_1_552' title='bbox 1760 4106 1981 4163; x_wconf 89' lang='lat' dir='ltr'><strong>Domini</strong></span> <span class='ocrx_word' id='word_1_553' title='bbox 2022 4116 2150 4164; x_wconf 89' lang='lat' dir='ltr'><strong>sunt</strong></span> 
     </span>
    </p>
   </div>
   <div class='ocr_carea' id='block_1_74' title="bbox 550 4194 798 4264">
    <p class='ocr_par' dir='ltr' id='par_1_74' title="bbox 550 4194 798 4264">
     <span class='ocr_line' id='line_1_74' title="bbox 550 4194 798 4264; baseline 0.012 -15"><span class='ocrx_word' id='word_1_554' title='bbox 550 4194 798 4264; x_wconf 88' lang='lat' dir='ltr'><strong>nomine,</strong></span> 
     </span>
    </p>
   </div>
   <div class='ocr_carea' id='block_1_75' title="bbox 621 4285 2148 4361">
    <p class='ocr_par' dir='ltr' id='par_1_75' title="bbox 621 4285 2148 4361">
     <span class='ocr_line' id='line_1_75' title="bbox 621 4285 2148 4361; baseline 0.002 -20"><span class='ocrx_word' id='word_1_555' title='bbox 621 4286 804 4356; x_wconf 85' lang='lat' dir='ltr'><strong>(Vers.</strong></span> <span class='ocrx_word' id='word_1_556' title='bbox 841 4285 958 4357; x_wconf 82' lang='lat' dir='ltr'><strong>2i.)</strong></span> <span class='ocrx_word' id='word_1_557' title='bbox 1006 4311 1025 4335; x_wconf 76' lang='grc' dir='ltr'><strong>ι</strong></span> <span class='ocrx_word' id='word_1_558' title='bbox 1055 4285 1112 4344; x_wconf 91' lang='lat' dir='ltr'><strong>Si</strong></span> <span class='ocrx_word' id='word_1_559' title='bbox 1157 4286 1280 4361; x_wconf 90' lang='lat' dir='ltr'><strong>quis</strong></span> <span class='ocrx_word' id='word_1_560' title='bbox 1308 4304 1438 4360; x_wconf 84' lang='lat' dir='ltr'><strong>ergo</strong></span> <span class='ocrx_word' id='word_1_561' title='bbox 1466 4285 1782 4361; x_wconf 85' lang='lat' dir='ltr'><strong>purgaverit</strong></span> <span class='ocrx_word' id='word_1_562' title='bbox 1809 4286 2048 4361; x_wconf 88' lang='lat' dir='ltr'><strong>seipsum</strong></span> <span class='ocrx_word' id='word_1_563' title='bbox 2079 4286 2148 4344; x_wconf 86' lang='lat' dir='ltr'><strong>ab</strong></span> 
     </span>
    </p>
   </div>
   <div class='ocr_carea' id='block_1_76' title="bbox 548 4373 2146 4449">
    <p class='ocr_par' dir='ltr' id='par_1_76' title="bbox 548 4373 2146 4449">
     <span class='ocr_line' id='line_1_76' title="bbox 548 4373 2146 4449; baseline 0.003 -18"><span class='ocrx_word' id='word_1_564' title='bbox 548 4373 690 4444; x_wconf 89' lang='lat' dir='ltr'><strong>istis,</strong></span> <span class='ocrx_word' id='word_1_565' title='bbox 721 4376 827 4434; x_wconf 90' lang='lat' dir='ltr'><strong>erit</strong></span> <span class='ocrx_word' id='word_1_566' title='bbox 855 4394 951 4435; x_wconf 87' lang='lat' dir='ltr'><strong>vas</strong></span> <span class='ocrx_word' id='word_1_567' title='bbox 994 4378 1053 4434; x_wconf 90' lang='lat' dir='ltr'><strong>in</strong></span> <span class='ocrx_word' id='word_1_568' title='bbox 1100 4377 1366 4436; x_wconf 86' lang='lat' dir='ltr'><strong>honorem</strong></span> <span class='ocrx_word' id='word_1_569' title='bbox 1400 4379 1825 4449; x_wconf 87' lang='lat' dir='ltr'><strong>sanctiﬁcatum,</strong></span> <span class='ocrx_word' id='word_1_570' title='bbox 1855 4379 1993 4437; x_wconf 91' lang='lat' dir='ltr'><strong>utile</strong></span> <span class='ocrx_word' id='word_1_571' title='bbox 2024 4381 2146 4437; x_wconf 92' lang='lat' dir='ltr'><strong>Do-</strong></span> 
     </span>
    </p>
   </div>
   <div class='ocr_carea' id='block_1_77' title="bbox 2272 3197 3871 3273">
    <p class='ocr_par' dir='ltr' id='par_1_77' title="bbox 2272 3197 3871 3273">
     <span class='ocr_line' id='line_1_77' title="bbox 2272 3197 3871 3273; baseline -0.003 -17"><span class='ocrx_word' id='word_1_572' title='bbox 2272 3200 2441 3256; x_wconf 91' lang='lat' dir='ltr'><strong>fuerit</strong></span> <span class='ocrx_word' id='word_1_573' title='bbox 2478 3199 2650 3269; x_wconf 87' lang='lat' dir='ltr'><strong>mitis,</strong></span> <span class='ocrx_word' id='word_1_574' title='bbox 2699 3199 2758 3255; x_wconf 91' lang='lat' dir='ltr'><strong>in</strong></span> <span class='ocrx_word' id='word_1_575' title='bbox 2806 3215 2915 3273; x_wconf 90' lang='lat' dir='ltr'><strong>quo</strong></span> <span class='ocrx_word' id='word_1_576' title='bbox 2962 3206 3016 3255; x_wconf 90' lang='lat' dir='ltr'><strong>et</strong></span> <span class='ocrx_word' id='word_1_577' title='bbox 3062 3214 3255 3255; x_wconf 89' lang='lat' dir='ltr'><strong>sensus</strong></span> <span class='ocrx_word' id='word_1_578' title='bbox 3309 3197 3487 3266; x_wconf 88' lang='lat' dir='ltr'><strong>utilis,</strong></span> <span class='ocrx_word' id='word_1_579' title='bbox 3530 3206 3586 3255; x_wconf 91' lang='lat' dir='ltr'><strong>et</strong></span> <span class='ocrx_word' id='word_1_580' title='bbox 3628 3197 3871 3270; x_wconf 85' lang='lat' dir='ltr'><strong>gravitas</strong></span> 
     </span>
    </p>
   </div>
   <div class='ocr_carea' id='block_1_78' title="bbox 2270 3286 2936 3363">
    <p class='ocr_par' dir='ltr' id='par_1_78' title="bbox 2270 3286 2936 3363">
     <span class='ocr_line' id='line_1_78' title="bbox 2270 3286 2936 3363; baseline -0.002 -18"><span class='ocrx_word' id='word_1_581' title='bbox 2270 3288 2542 3346; x_wconf 89' lang='lat' dir='ltr'><strong>imitanda</strong></span> <span class='ocrx_word' id='word_1_582' title='bbox 2567 3286 2901 3363; x_wconf 90' lang='lat' dir='ltr'><strong>perspicitur</strong></span> <span class='ocrx_word' id='word_1_583' title='bbox 2924 3287 2936 3344; x_wconf 83' lang='lat' dir='ltr'><strong>l</strong></span> 
     </span>
    </p>
   </div>
   <div class='ocr_carea' id='block_1_79' title="bbox 2893 3431 3245 3490">
    <p class='ocr_par' dir='ltr' id='par_1_79' title="bbox 2893 3431 3245 3490">
     <span class='ocr_line' id='line_1_79' title="bbox 2893 3431 3245 3490; baseline -0.011 0"><span class='ocrx_word' id='word_1_584' title='bbox 2893 3431 3122 3490; x_wconf 86' lang='lat' dir='ltr'><strong>CAPUT</strong></span> <span class='ocrx_word' id='word_1_585' title='bbox 3150 3431 3245 3487; x_wconf 90' lang='lat' dir='ltr'><strong>III.</strong></span> 
     </span>
    </p>
   </div>
   <div class='ocr_carea' id='block_1_80' title="bbox 2341 3556 3868 3632">
    <p class='ocr_par' dir='ltr' id='par_1_80' title="bbox 2341 3556 3868 3632">
     <span class='ocr_line' id='line_1_80' title="bbox 2341 3556 3868 3632; baseline -0.002 -13"><span class='ocrx_word' id='word_1_586' title='bbox 2341 3559 2524 3632; x_wconf 85' lang='lat' dir='ltr'><strong>(Vers.</strong></span> <span class='ocrx_word' id='word_1_587' title='bbox 2560 3559 2697 3629; x_wconf 76' lang='grc'><strong>1-5.)</strong></span> <span class='ocrx_word' id='word_1_588' title='bbox 2736 3584 2753 3607; x_wconf 79' lang='grc' dir='ltr'>ι</span> <span class='ocrx_word' id='word_1_589' title='bbox 2782 3558 2900 3616; x_wconf 83' lang='lat' dir='ltr'><strong>Hoc</strong></span> <span class='ocrx_word' id='word_1_590' title='bbox 2919 3567 3101 3616; x_wconf 89' lang='lat' dir='ltr'><strong>autem</strong></span> <span class='ocrx_word' id='word_1_591' title='bbox 3131 3558 3287 3626; x_wconf 89' lang='lat' dir='ltr'><strong>scito,</strong></span> <span class='ocrx_word' id='word_1_592' title='bbox 3305 3557 3437 3631; x_wconf 88' lang='lat' dir='ltr'><strong>quia</strong></span> <span class='ocrx_word' id='word_1_593' title='bbox 3455 3556 3513 3614; x_wconf 90' lang='lat' dir='ltr'><strong>in</strong></span> <span class='ocrx_word' id='word_1_594' title='bbox 3543 3557 3868 3616; x_wconf 85' lang='lat' dir='ltr'><strong>novissimis</strong></span> 
     </span>
    </p>
   </div>
   <div class='ocr_carea' id='block_1_81' title="bbox 2265 3646 3863 3722">
    <p class='ocr_par' dir='ltr' id='par_1_81' title="bbox 2265 3646 3863 3722">
     <span class='ocr_line' id='line_1_81' title="bbox 2265 3646 3863 3722; baseline -0.001 -17"><span class='ocrx_word' id='word_1_595' title='bbox 2265 3647 2461 3705; x_wconf 89' lang='lat' dir='ltr'><strong>diebus</strong></span> <span class='ocrx_word' id='word_1_596' title='bbox 2507 3648 2794 3706; x_wconf 89' lang='lat' dir='ltr'><strong>instabunt</strong></span> <span class='ocrx_word' id='word_1_597' title='bbox 2839 3656 3085 3722; x_wconf 87' lang='lat' dir='ltr'><strong>tempora</strong></span> <span class='ocrx_word' id='word_1_598' title='bbox 3125 3646 3469 3721; x_wconf 86' lang='lat' dir='ltr'><strong>periculosa:</strong></span> <span class='ocrx_word' id='word_1_599' title='bbox 3502 3655 3667 3704; x_wconf 90' lang='lat' dir='ltr'><strong>erunt</strong></span> <span class='ocrx_word' id='word_1_600' title='bbox 3711 3646 3863 3704; x_wconf 89' lang='lat' dir='ltr'><strong>enim</strong></span> 
     </span>
    </p>
   </div>
   <div class='ocr_carea' id='block_1_82' title="bbox 2264 3735 3865 3807">
    <p class='ocr_par' dir='ltr' id='par_1_82' title="bbox 2264 3735 3865 3807">
     <span class='ocr_line' id='line_1_82' title="bbox 2264 3735 3865 3807; baseline 0 -13"><span class='ocrx_word' id='word_1_601' title='bbox 2264 3737 2518 3796; x_wconf 88' lang='lat' dir='ltr'><strong>homines</strong></span> <span class='ocrx_word' id='word_1_602' title='bbox 2546 3738 2631 3795; x_wconf 90' lang='lat' dir='ltr'><strong>sui</strong></span> <span class='ocrx_word' id='word_1_603' title='bbox 2661 3745 2877 3796; x_wconf 86' lang='lat' dir='ltr'><strong>tantum</strong></span> <span class='ocrx_word' id='word_1_604' title='bbox 2906 3747 3198 3807; x_wconf 87' lang='lat' dir='ltr'><strong>amatores,</strong></span> <span class='ocrx_word' id='word_1_605' title='bbox 3228 3736 3403 3806; x_wconf 89' lang='lat' dir='ltr'><strong>avari,</strong></span> <span class='ocrx_word' id='word_1_606' title='bbox 3430 3735 3753 3804; x_wconf 86' lang='lat' dir='ltr'><strong>insolentes,</strong></span> <span class='ocrx_word' id='word_1_607' title='bbox 3776 3753 3865 3794; x_wconf 86' lang='lat' dir='ltr'><strong>su-</strong></span> 
     </span>
    </p>
   </div>
   <div class='ocr_carea' id='block_1_83' title="bbox 2262 3825 3867 3902">
    <p class='ocr_par' dir='ltr' id='par_1_83' title="bbox 2262 3825 3867 3902">
     <span class='ocr_line' id='line_1_83' title="bbox 2262 3825 3867 3902; baseline 0 -19"><span class='ocrx_word' id='word_1_608' title='bbox 2262 3827 2439 3902; x_wconf 89' lang='lat' dir='ltr'><strong>perbi,</strong></span> <span class='ocrx_word' id='word_1_609' title='bbox 2490 3827 2820 3902; x_wconf 89' lang='lat' dir='ltr'><strong>blasphemi,</strong></span> <span class='ocrx_word' id='word_1_610' title='bbox 2853 3827 3173 3902; x_wconf 89' lang='lat' dir='ltr'><strong>parentibus</strong></span> <span class='ocrx_word' id='word_1_611' title='bbox 3212 3843 3325 3884; x_wconf 92' lang='lat' dir='ltr'><strong>non</strong></span> <span class='ocrx_word' id='word_1_612' title='bbox 3356 3825 3737 3901; x_wconf 89' lang='lat' dir='ltr'><strong>obsequentes,</strong></span> <span class='ocrx_word' id='word_1_613' title='bbox 3781 3827 3867 3883; x_wconf 86' lang='lat' dir='ltr'><strong>in-</strong></span> 
     </span>
    </p>
   </div>
   <div class='ocr_carea' id='block_1_84' title="bbox 2261 3914 3864 3991">
    <p class='ocr_par' dir='ltr' id='par_1_84' title="bbox 2261 3914 3864 3991">
     <span class='ocr_line' id='line_1_84' title="bbox 2261 3914 3864 3991; baseline -0.001 -18"><span class='ocrx_word' id='word_1_614' title='bbox 2261 3918 2420 3991; x_wconf 86' lang='lat' dir='ltr'><strong>grati,</strong></span> <span class='ocrx_word' id='word_1_615' title='bbox 2453 3918 2633 3991; x_wconf 92' lang='lat' dir='ltr'><strong>impii,</strong></span> <span class='ocrx_word' id='word_1_616' title='bbox 2666 3917 2785 3975; x_wconf 91' lang='lat' dir='ltr'><strong>sine</strong></span> <span class='ocrx_word' id='word_1_617' title='bbox 2813 3917 2942 3985; x_wconf 90' lang='lat' dir='ltr'><strong>ﬁde,</strong></span> <span class='ocrx_word' id='word_1_618' title='bbox 2959 3916 3078 3974; x_wconf 90' lang='lat' dir='ltr'><strong>sine</strong></span> <span class='ocrx_word' id='word_1_619' title='bbox 3108 3915 3425 3985; x_wconf 87' lang='lat' dir='ltr'><strong>dilectione,</strong></span> <span class='ocrx_word' id='word_1_620' title='bbox 3458 3914 3864 3983; x_wconf 87' lang='lat' dir='ltr'><strong>criminatores,</strong></span> 
     </span>
    </p>
   </div>
   <div class='ocr_carea' id='block_1_85' title="bbox 2260 4002 3865 4079">
    <p class='ocr_par' dir='ltr' id='par_1_85' title="bbox 2260 4002 3865 4079">
     <span class='ocr_line' id='line_1_85' title="bbox 2260 4002 3865 4079; baseline -0.002 -16"><span class='ocrx_word' id='word_1_621' title='bbox 2260 4006 2692 4079; x_wconf 91' lang='lat' dir='ltr'><strong>incontinentes,</strong></span> <span class='ocrx_word' id='word_1_622' title='bbox 2739 4007 3005 4076; x_wconf 89' lang='lat' dir='ltr'><strong>immites,</strong></span> <span class='ocrx_word' id='word_1_623' title='bbox 3039 4008 3308 4065; x_wconf 90' lang='lat' dir='ltr'><strong>bonorum</strong></span> <span class='ocrx_word' id='word_1_624' title='bbox 3347 4004 3578 4073; x_wconf 90' lang='lat' dir='ltr'><strong>inimici,</strong></span> <span class='ocrx_word' id='word_1_625' title='bbox 3608 4002 3865 4077; x_wconf 85' lang='lat' dir='ltr'><strong>prodito-</strong></span> 
     </span>
    </p>
   </div>
   <div class='ocr_carea' id='block_1_86' title="bbox 2259 4097 3862 4172">
    <p class='ocr_par' dir='ltr' id='par_1_86' title="bbox 2259 4097 3862 4172">
     <span class='ocr_line' id='line_1_86' title="bbox 2259 4097 3862 4172; baseline -0.002 -18"><span class='ocrx_word' id='word_1_626' title='bbox 2259 4115 2363 4168; x_wconf 91' lang='lat' dir='ltr'><strong>res,</strong></span> <span class='ocrx_word' id='word_1_627' title='bbox 2418 4099 2686 4172; x_wconf 88' lang='lat' dir='ltr'><strong>protervi,</strong></span> <span class='ocrx_word' id='word_1_628' title='bbox 2742 4097 2966 4167; x_wconf 90' lang='lat' dir='ltr'><strong>tumidi,</strong></span> <span class='ocrx_word' id='word_1_629' title='bbox 3017 4104 3285 4155; x_wconf 88' lang='lat' dir='ltr'><strong>amatores</strong></span> <span class='ocrx_word' id='word_1_630' title='bbox 3330 4097 3677 4168; x_wconf 88' lang='lat' dir='ltr'><strong>voluptatum</strong></span> <span class='ocrx_word' id='word_1_631' title='bbox 3746 4112 3862 4151; x_wconf 85' lang='lat' dir='ltr'><strong>ma-</strong></span> 
     </span>
    </p>
   </div>
   <div class='ocr_carea' id='block_1_87' title="bbox 2257 4183 3857 4262">
    <p class='ocr_par' dir='ltr' id='par_1_87' title="bbox 2257 4183 3857 4262">
     <span class='ocr_line' id='line_1_87' title="bbox 2257 4183 3857 4262; baseline -0.002 -18"><span class='ocrx_word' id='word_1_632' title='bbox 2257 4187 2339 4260; x_wconf 90' lang='lat' dir='ltr'><strong>gis</strong></span> <span class='ocrx_word' id='word_1_633' title='bbox 2403 4204 2566 4262; x_wconf 92' lang='lat' dir='ltr'><strong>quam</strong></span> <span class='ocrx_word' id='word_1_634' title='bbox 2622 4185 2742 4255; x_wconf 92' lang='lat' dir='ltr'><strong>Dei,</strong></span> <span class='ocrx_word' id='word_1_635' title='bbox 2798 4186 3066 4244; x_wconf 89' lang='lat' dir='ltr'><strong>habentes</strong></span> <span class='ocrx_word' id='word_1_636' title='bbox 3121 4192 3269 4250; x_wconf 87' lang='lat'><strong>310</strong></span> <span class='ocrx_word' id='word_1_637' title='bbox 3328 4186 3565 4242; x_wconf 88' lang='lat' dir='ltr'><strong>formam</strong></span> <span class='ocrx_word' id='word_1_638' title='bbox 3610 4183 3857 4257; x_wconf 88' lang='lat' dir='ltr'><strong>pietatis,</strong></span> 
     </span>
    </p>
   </div>
   <div class='ocr_carea' id='block_1_88' title="bbox 2255 4280 3857 4358">
    <p class='ocr_par' dir='ltr' id='par_1_88' title="bbox 2255 4280 3857 4358">
     <span class='ocr_line' id='line_1_88' title="bbox 2255 4280 3857 4358; baseline -0.003 -17"><span class='ocrx_word' id='word_1_639' title='bbox 2255 4284 2517 4343; x_wconf 81' lang='lat' dir='ltr'><strong>virtutem</strong></span> <span class='ocrx_word' id='word_1_640' title='bbox 2575 4294 2757 4343; x_wconf 89' lang='lat' dir='ltr'><strong>autem</strong></span> <span class='ocrx_word' id='word_1_641' title='bbox 2818 4284 2938 4358; x_wconf 90' lang='lat' dir='ltr'><strong>ejus</strong></span> <span class='ocrx_word' id='word_1_642' title='bbox 2995 4284 3370 4358; x_wconf 84' lang='lat' dir='ltr'><strong>abnegantes:</strong></span> <span class='ocrx_word' id='word_1_643' title='bbox 3425 4290 3481 4341; x_wconf 88' lang='lat' dir='ltr'><strong>et</strong></span> <span class='ocrx_word' id='word_1_644' title='bbox 3547 4281 3650 4340; x_wconf 90' lang='lat' dir='ltr'><strong>hos</strong></span> <span class='ocrx_word' id='word_1_645' title='bbox 3701 4280 3857 4340; x_wconf 85' lang='lat' dir='ltr'><strong>devi-</strong></span> 
     </span>
    </p>
   </div>
   <div class='ocr_carea' id='block_1_89' title="bbox 2252 4370 3857 4449">
    <p class='ocr_par' dir='ltr' id='par_1_89' title="bbox 2252 4370 3857 4449">
     <span class='ocr_line' id='line_1_89' title="bbox 2252 4370 3857 4449; baseline -0.004 -17"><span class='ocrx_word' id='word_1_646' title='bbox 2252 4383 2327 4432; x_wconf 90' lang='lat' dir='ltr'><strong>ta.</strong></span> <span class='ocrx_word' id='word_1_647' title='bbox 2392 4400 2412 4424; x_wconf 79' lang='grc' dir='ltr'><strong>ι</strong></span> <span class='ocrx_word' id='word_1_648' title='bbox 2472 4375 2768 4449; x_wconf 89' lang='lat' dir='ltr'><strong>Prophetia</strong></span> <span class='ocrx_word' id='word_1_649' title='bbox 2804 4383 2886 4431; x_wconf 89' lang='lat' dir='ltr'><strong>est</strong></span> <span class='ocrx_word' id='word_1_650' title='bbox 2940 4374 3059 4431; x_wconf 75' lang='lat' dir='ltr'><strong>haec</strong></span> <span class='ocrx_word' id='word_1_651' title='bbox 3096 4374 3272 4431; x_wconf 88' lang='lat' dir='ltr'><strong>sancti</strong></span> <span class='ocrx_word' id='word_1_652' title='bbox 3317 4370 3594 4444; x_wconf 88' lang='lat' dir='ltr'><strong>Apostoli,</strong></span> <span class='ocrx_word' id='word_1_653' title='bbox 3642 4370 3702 4427; x_wconf 90' lang='lat' dir='ltr'><strong>in</strong></span> <span class='ocrx_word' id='word_1_654' title='bbox 3748 4386 3857 4444; x_wconf 85' lang='lat' dir='ltr'><strong>qua</strong></span> 
     </span>
    </p>
   </div>
   <div class='ocr_carea' id='block_1_90' title="bbox 548 4459 3855 4546">
    <p class='ocr_par' dir='ltr' id='par_1_90' title="bbox 548 4459 3855 4546">
     <span class='ocr_line' id='line_1_90' title="bbox 548 4459 3855 4546; baseline -0.003 -22"><span class='ocrx_word' id='word_1_655' title='bbox 548 4464 718 4523; x_wconf 88' lang='lat' dir='ltr'><strong>mino:</strong></span> <span class='ocrx_word' id='word_1_656' title='bbox 762 4468 831 4524; x_wconf 91' lang='lat' dir='ltr'><strong>ad</strong></span> <span class='ocrx_word' id='word_1_657' title='bbox 877 4485 1042 4526; x_wconf 89' lang='lat' dir='ltr'><strong>omne</strong></span> <span class='ocrx_word' id='word_1_658' title='bbox 1082 4486 1221 4542; x_wconf 84' lang='lat' dir='ltr'><strong>opus</strong></span> <span class='ocrx_word' id='word_1_659' title='bbox 1266 4471 1474 4528; x_wconf 85' lang='lat' dir='ltr'><strong>bonum</strong></span> <span class='ocrx_word' id='word_1_660' title='bbox 1505 4481 1889 4546; x_wconf 64' lang='lat' dir='ltr'><strong>praeparatum,</strong></span> <span class='ocrx_word' id='word_1_661' title='bbox 1914 4498 1932 4521; x_wconf 75' lang='grc' dir='ltr'><strong><em>ι</em></strong></span> <span class='ocrx_word' id='word_1_662' title='bbox 1989 4474 2147 4532; x_wconf 73' lang='lat' dir='ltr'><strong>Nunc</strong></span> <span class='ocrx_word' id='word_1_663' title='bbox 2176 4478 2226 4538; x_wconf 78' lang='grc' dir='ltr'><strong>ι)</strong></span> <span class='ocrx_word' id='word_1_664' title='bbox 2253 4462 2514 4538; x_wconf 66' lang='lat' dir='ltr'><strong>praevidit</strong></span> <span class='ocrx_word' id='word_1_665' title='bbox 2540 4471 2746 4539; x_wconf 88' lang='lat' dir='ltr'><strong>quanta</strong></span> <span class='ocrx_word' id='word_1_666' title='bbox 2787 4464 2932 4520; x_wconf 88' lang='lat' dir='ltr'><strong>mala</strong></span> <span class='ocrx_word' id='word_1_667' title='bbox 2959 4463 3149 4520; x_wconf 88' lang='lat' dir='ltr'><strong>futura</strong></span> <span class='ocrx_word' id='word_1_668' title='bbox 3175 4469 3356 4520; x_wconf 85' lang='lat' dir='ltr'><strong>essent</strong></span> <span class='ocrx_word' id='word_1_669' title='bbox 3382 4459 3771 4517; x_wconf 60' lang='lat' dir='ltr'><strong>haereticorum</strong></span> <span class='ocrx_word' id='word_1_670' title='bbox 3798 4465 3855 4515; x_wconf 88' lang='lat' dir='ltr'><strong>et</strong></span> 
     </span>
    </p>
   </div>
   <div class='ocr_carea' id='block_1_91' title="bbox 544 4556 2146 4637">
    <p class='ocr_par' dir='ltr' id='par_1_91' title="bbox 544 4556 2146 4637">
     <span class='ocr_line' id='line_1_91' title="bbox 544 4556 2146 4637; baseline 0.008 -27"><span class='ocrx_word' id='word_1_671' title='bbox 544 4556 654 4612; x_wconf 86' lang='lat' dir='ltr'><strong>alia</strong></span> <span class='ocrx_word' id='word_1_672' title='bbox 699 4557 925 4616; x_wconf 66' lang='lat' dir='ltr'><strong>haeresis</strong></span> <span class='ocrx_word' id='word_1_673' title='bbox 975 4559 1167 4615; x_wconf 86' lang='lat' dir='ltr'><strong>fraude</strong></span> <span class='ocrx_word' id='word_1_674' title='bbox 1214 4577 1312 4616; x_wconf 89' lang='lat' dir='ltr'><strong>sua</strong></span> <span class='ocrx_word' id='word_1_675' title='bbox 1353 4562 1727 4632; x_wconf 88' lang='lat' dir='ltr'><strong>convincitur,</strong></span> <span class='ocrx_word' id='word_1_676' title='bbox 1784 4580 1906 4637; x_wconf 64' lang='lat' dir='ltr'><strong>quae</strong></span> <span class='ocrx_word' id='word_1_677' title='bbox 1953 4565 2146 4623; x_wconf 89' lang='lat' dir='ltr'><strong>asserit</strong></span> 
     </span>
    </p>
   </div>
   <div class='ocr_carea' id='block_1_92' title="bbox 544 4647 2142 4728">
    <p class='ocr_par' dir='ltr' id='par_1_92' title="bbox 544 4647 2142 4728">
     <span class='ocr_line' id='line_1_92' title="bbox 544 4647 2142 4728; baseline 0.008 -26"><span class='ocrx_word' id='word_1_678' title='bbox 544 4647 753 4706; x_wconf 87' lang='lat' dir='ltr'><strong>animas</strong></span> <span class='ocrx_word' id='word_1_679' title='bbox 780 4651 1045 4724; x_wconf 88' lang='lat' dir='ltr'><strong>quasdam</strong></span> <span class='ocrx_word' id='word_1_680' title='bbox 1081 4659 1281 4709; x_wconf 89' lang='lat' dir='ltr'><strong>natura</strong></span> <span class='ocrx_word' id='word_1_681' title='bbox 1308 4668 1425 4710; x_wconf 88' lang='lat' dir='ltr'><strong>esse</strong></span> <span class='ocrx_word' id='word_1_682' title='bbox 1456 4654 1648 4723; x_wconf 87' lang='lat' dir='ltr'><strong>malas,</strong></span> <span class='ocrx_word' id='word_1_683' title='bbox 1679 4672 1799 4728; x_wconf 78' lang='lat' dir='ltr'><strong>quae</strong></span> <span class='ocrx_word' id='word_1_684' title='bbox 1835 4654 1905 4713; x_wconf 90' lang='lat' dir='ltr'><strong>ad</strong></span> <span class='ocrx_word' id='word_1_685' title='bbox 1933 4656 2142 4714; x_wconf 88' lang='lat' dir='ltr'><strong>bonum</strong></span> 
     </span>
    </p>
   </div>
   <div class='ocr_carea' id='block_1_93' title="bbox 543 4739 2140 4820">
    <p class='ocr_par' dir='ltr' id='par_1_93' title="bbox 543 4739 2140 4820">
     <span class='ocr_line' id='line_1_93' title="bbox 543 4739 2140 4820; baseline 0.006 -25"><span class='ocrx_word' id='word_1_686' title='bbox 543 4739 665 4812; x_wconf 89' lang='lat' dir='ltr'><strong>cogi</strong></span> <span class='ocrx_word' id='word_1_687' title='bbox 696 4757 809 4798; x_wconf 91' lang='lat' dir='ltr'><strong>non</strong></span> <span class='ocrx_word' id='word_1_688' title='bbox 839 4742 1082 4815; x_wconf 88' lang='lat' dir='ltr'><strong>possint:</strong></span> <span class='ocrx_word' id='word_1_689' title='bbox 1113 4760 1239 4801; x_wconf 90' lang='lat' dir='ltr'><strong>cum</strong></span> <span class='ocrx_word' id='word_1_690' title='bbox 1268 4743 1363 4802; x_wconf 90' lang='lat' dir='ltr'><strong>hic</strong></span> <span class='ocrx_word' id='word_1_691' title='bbox 1389 4743 1538 4802; x_wconf 88' lang='lat' dir='ltr'><strong>dicat</strong></span> <span class='ocrx_word' id='word_1_692' title='bbox 1565 4762 1722 4820; x_wconf 81' lang='lat' dir='ltr'><strong>posse</strong></span> <span class='ocrx_word' id='word_1_693' title='bbox 1740 4748 1912 4804; x_wconf 90' lang='lat' dir='ltr'><strong>malos</strong></span> <span class='ocrx_word' id='word_1_694' title='bbox 1943 4746 2140 4805; x_wconf 90' lang='lat' dir='ltr'><strong>immu-</strong></span> 
     </span>
    </p>
   </div>
   <div class='ocr_carea' id='block_1_94' title="bbox 542 4829 2140 4911">
    <p class='ocr_par' dir='ltr' id='par_1_94' title="bbox 542 4829 2140 4911">
     <span class='ocr_line' id='line_1_94' title="bbox 542 4829 2140 4911; baseline 0.006 -25"><span class='ocrx_word' id='word_1_695' title='bbox 542 4830 647 4887; x_wconf 88' lang='lat' dir='ltr'><strong>tari</strong></span> <span class='ocrx_word' id='word_1_696' title='bbox 701 4829 760 4888; x_wconf 92' lang='lat' dir='ltr'><strong>in</strong></span> <span class='ocrx_word' id='word_1_697' title='bbox 804 4831 1037 4901; x_wconf 90' lang='lat' dir='ltr'><strong>bonum,</strong></span> <span class='ocrx_word' id='word_1_698' title='bbox 1081 4841 1136 4891; x_wconf 93' lang='lat' dir='ltr'><strong>et</strong></span> <span class='ocrx_word' id='word_1_699' title='bbox 1189 4836 1441 4895; x_wconf 90' lang='lat' dir='ltr'><strong>sordidos</strong></span> <span class='ocrx_word' id='word_1_700' title='bbox 1489 4838 1791 4911; x_wconf 87' lang='lat' dir='ltr'><strong>puriﬁcari.</strong></span> <span class='ocrx_word' id='word_1_701' title='bbox 1841 4840 2140 4897; x_wconf 76' lang='lat' dir='ltr'><strong>Potuerunt</strong></span> 
     </span>
    </p>
   </div>
   <div class='ocr_carea' id='block_1_95' title="bbox 541 4922 2135 5000">
    <p class='ocr_par' dir='ltr' id='par_1_95' title="bbox 541 4922 2135 5000">
     <span class='ocr_line' id='line_1_95' title="bbox 541 4922 2135 5000; baseline 0.005 -21"><span class='ocrx_word' id='word_1_702' title='bbox 541 4922 687 4980; x_wconf 91' lang='lat' dir='ltr'><strong>enim</strong></span> <span class='ocrx_word' id='word_1_703' title='bbox 719 4924 1052 4997; x_wconf 82' lang='lat' dir='ltr'><strong>Hymenaeus</strong></span> <span class='ocrx_word' id='word_1_704' title='bbox 1080 4936 1133 4986; x_wconf 92' lang='lat' dir='ltr'><strong>et</strong></span> <span class='ocrx_word' id='word_1_705' title='bbox 1152 4928 1402 4988; x_wconf 87' lang='lat' dir='ltr'><strong>Philetus</strong></span> <span class='ocrx_word' id='word_1_706' title='bbox 1426 4930 1692 4987; x_wconf 87' lang='lat' dir='ltr'><strong>mundare</strong></span> <span class='ocrx_word' id='word_1_707' title='bbox 1716 4947 1935 4987; x_wconf 89' lang='lat' dir='ltr'><strong>sensum</strong></span> <span class='ocrx_word' id='word_1_708' title='bbox 1952 4948 2135 5000; x_wconf 89' lang='lat' dir='ltr'><strong>suum,</strong></span> 
     </span>
    </p>
   </div>
   <div class='ocr_carea' id='block_1_96' title="bbox 539 5011 2134 5094">
    <p class='ocr_par' dir='ltr' id='par_1_96' title="bbox 539 5011 2134 5094">
     <span class='ocr_line' id='line_1_96' title="bbox 539 5011 2134 5094; baseline 0.004 -26"><span class='ocrx_word' id='word_1_709' title='bbox 539 5011 586 5069; x_wconf 91' lang='lat' dir='ltr'><strong>si</strong></span> <span class='ocrx_word' id='word_1_710' title='bbox 616 5013 956 5072; x_wconf 87' lang='lat' dir='ltr'><strong>voluissent:</strong></span> <span class='ocrx_word' id='word_1_711' title='bbox 1007 5026 1070 5075; x_wconf 92' lang='lat' dir='ltr'><strong>ut</strong></span> <span class='ocrx_word' id='word_1_712' title='bbox 1112 5018 1307 5077; x_wconf 90' lang='lat' dir='ltr'><strong>ﬁerent</strong></span> <span class='ocrx_word' id='word_1_713' title='bbox 1346 5037 1444 5078; x_wconf 87' lang='lat' dir='ltr'><strong>vas</strong></span> <span class='ocrx_word' id='word_1_714' title='bbox 1471 5020 1896 5088; x_wconf 90' lang='lat' dir='ltr'><strong>sanctiﬁcatum,</strong></span> <span class='ocrx_word' id='word_1_715' title='bbox 1931 5036 2134 5094; x_wconf 70' lang='lat' dir='ltr'><strong>praepa-</strong></span> 
     </span>
    </p>
   </div>
   <div class='ocr_carea' id='block_1_97' title="bbox 539 5103 1127 5163">
    <p class='ocr_par' dir='ltr' id='par_1_97' title="bbox 539 5103 1127 5163">
     <span class='ocr_line' id='line_1_97' title="bbox 539 5103 1127 5163; baseline 0.009 -5"><span class='ocrx_word' id='word_1_716' title='bbox 539 5108 717 5160; x_wconf 86' lang='lat' dir='ltr'><strong>ratum</strong></span> <span class='ocrx_word' id='word_1_717' title='bbox 750 5103 808 5159; x_wconf 91' lang='lat' dir='ltr'><strong>in</strong></span> <span class='ocrx_word' id='word_1_718' title='bbox 838 5103 1127 5163; x_wconf 89' lang='lat' dir='ltr'><strong>honorem.</strong></span> 
     </span>
    </p>
   </div>
   <div class='ocr_carea' id='block_1_98' title="bbox 611 5193 2120 5272">
    <p class='ocr_par' dir='ltr' id='par_1_98' title="bbox 611 5193 2120 5272">
     <span class='ocr_line' id='line_1_98' title="bbox 611 5193 2120 5272; baseline 0.003 -21"><span class='ocrx_word' id='word_1_719' title='bbox 611 5193 796 5265; x_wconf 84' lang='lat' dir='ltr'><strong>(Vers.</strong></span> <span class='ocrx_word' id='word_1_720' title='bbox 843 5194 960 5267; x_wconf 86' lang='lat'><strong>22.)</strong></span> <span class='ocrx_word' id='word_1_721' title='bbox 1026 5217 1044 5242; x_wconf 76' lang='grc' dir='ltr'><strong>α</strong></span> <span class='ocrx_word' id='word_1_722' title='bbox 1073 5195 1353 5254; x_wconf 81' lang='lat' dir='ltr'><strong>Juvenilia</strong></span> <span class='ocrx_word' id='word_1_723' title='bbox 1392 5207 1575 5256; x_wconf 88' lang='lat' dir='ltr'><strong>autem</strong></span> <span class='ocrx_word' id='word_1_724' title='bbox 1622 5196 1894 5256; x_wconf 89' lang='lat' dir='ltr'><strong>desideria</strong></span> <span class='ocrx_word' id='word_1_725' title='bbox 1920 5197 2065 5272; x_wconf 82' lang='lat' dir='ltr'><strong>fuge.</strong></span> <span class='ocrx_word' id='word_1_726' title='bbox 2102 5226 2120 5248; x_wconf 81' lang='grc'><strong>›</strong></span> 
     </span>
    </p>
   </div>
   <div class='ocr_carea' id='block_1_99' title="bbox 536 5281 2133 5343">
    <p class='ocr_par' dir='ltr' id='par_1_99' title="bbox 536 5281 2133 5343">
     <span class='ocr_line' id='line_1_99' title="bbox 536 5281 2133 5343; baseline 0.004 -6"><span class='ocrx_word' id='word_1_727' title='bbox 536 5281 817 5339; x_wconf 84' lang='lat' dir='ltr'><strong>Juvenilia</strong></span> <span class='ocrx_word' id='word_1_728' title='bbox 859 5281 1134 5339; x_wconf 89' lang='lat' dir='ltr'><strong>desideria</strong></span> <span class='ocrx_word' id='word_1_729' title='bbox 1181 5284 1411 5341; x_wconf 88' lang='lat' dir='ltr'><strong>adversa</strong></span> <span class='ocrx_word' id='word_1_730' title='bbox 1450 5296 1611 5342; x_wconf 89' lang='lat' dir='ltr'><strong>sunt:</strong></span> <span class='ocrx_word' id='word_1_731' title='bbox 1663 5292 1794 5341; x_wconf 89' lang='lat' dir='ltr'><strong>sunt</strong></span> <span class='ocrx_word' id='word_1_732' title='bbox 1838 5285 1988 5342; x_wconf 90' lang='lat' dir='ltr'><strong>enim</strong></span> <span class='ocrx_word' id='word_1_733' title='bbox 2024 5303 2133 5343; x_wconf 88' lang='lat' dir='ltr'><strong>vo-</strong></span> 
     </span>
    </p>
   </div>
   <div class='ocr_carea' id='block_1_100' title="bbox 536 5370 2131 5447">
    <p class='ocr_par' dir='ltr' id='par_1_100' title="bbox 536 5370 2131 5447">
     <span class='ocr_line' id='line_1_100' title="bbox 536 5370 2131 5447; baseline 0.005 -23"><span class='ocrx_word' id='word_1_734' title='bbox 536 5370 774 5445; x_wconf 89' lang='lat' dir='ltr'><strong>luptates</strong></span> <span class='ocrx_word' id='word_1_735' title='bbox 805 5370 1119 5442; x_wconf 73' lang='lat' dir='ltr'><strong>mundanae,</strong></span> <span class='ocrx_word' id='word_1_736' title='bbox 1152 5388 1272 5447; x_wconf 68' lang='lat' dir='ltr'><strong>quae</strong></span> <span class='ocrx_word' id='word_1_737' title='bbox 1303 5373 1560 5430; x_wconf 89' lang='lat' dir='ltr'><strong>omnibus</strong></span> <span class='ocrx_word' id='word_1_738' title='bbox 1596 5372 1871 5429; x_wconf 90' lang='lat' dir='ltr'><strong>illecebris</strong></span> <span class='ocrx_word' id='word_1_739' title='bbox 1911 5374 2131 5432; x_wconf 89' lang='lat' dir='ltr'><strong>manci-</strong></span> 
     </span>
    </p>
   </div>
   <div class='ocr_carea' id='block_1_101' title="bbox 610 5490 2128 5562">
    <p class='ocr_par' dir='ltr' id='par_1_101' title="bbox 610 5490 2128 5562">
     <span class='ocr_line' id='line_1_101' title="bbox 610 5490 2128 5562; baseline 0.001 -14"><span class='ocrx_word' id='word_1_740' title='bbox 610 5492 726 5562; x_wconf 80' lang='lat'><strong>(78)</strong></span> <span class='ocrx_word' id='word_1_741' title='bbox 767 5492 831 5550; x_wconf 90' lang='lat' dir='ltr'><strong>In</strong></span> <span class='ocrx_word' id='word_1_742' title='bbox 874 5491 1035 5551; x_wconf 81' lang='lat' dir='ltr'><strong>Rom.</strong></span> <span class='ocrx_word' id='word_1_743' title='bbox 1086 5491 1220 5549; x_wconf 88' lang='lat' dir='ltr'><strong>edit.</strong></span> <span class='ocrx_word' id='word_1_744' title='bbox 1249 5490 1343 5550; x_wconf 91' lang='lat' dir='ltr'><strong>hic</strong></span> <span class='ocrx_word' id='word_1_745' title='bbox 1387 5501 1443 5550; x_wconf 92' lang='lat' dir='ltr'><strong>et</strong></span> <span class='ocrx_word' id='word_1_746' title='bbox 1469 5490 1616 5549; x_wconf 84' lang='lat' dir='ltr'><strong>infra</strong></span> <span class='ocrx_word' id='word_1_747' title='bbox 1653 5507 1768 5549; x_wconf 91' lang='lat' dir='ltr'><strong>non</strong></span> <span class='ocrx_word' id='word_1_748' title='bbox 1794 5493 2128 5554; x_wconf 78' lang='lat' dir='ltr'><strong>Novatianus</strong></span> 
     </span>
    </p>
   </div>
   <div class='ocr_carea' id='block_1_102' title="bbox 538 5560 1234 5632">
    <p class='ocr_par' dir='ltr' id='par_1_102' title="bbox 538 5560 1234 5632">
     <span class='ocr_line' id='line_1_102' title="bbox 538 5560 1234 5632; baseline 0.006 -16"><span class='ocrx_word' id='word_1_749' title='bbox 538 5560 823 5632; x_wconf 81' lang='lat' dir='ltr'><strong>scribitur,</strong></span> <span class='ocrx_word' id='word_1_750' title='bbox 854 5563 949 5622; x_wconf 85' lang='lat' dir='ltr'><strong>sed</strong></span> <span class='ocrx_word' id='word_1_751' title='bbox 976 5564 1234 5623; x_wconf 81' lang='lat' dir='ltr'><strong>Novatus.</strong></span> 
     </span>
    </p>
   </div>
   <div class='ocr_carea' id='block_1_103' title="bbox 612 5632 1830 5708">
    <p class='ocr_par' dir='ltr' id='par_1_103' title="bbox 612 5632 1830 5708">
     <span class='ocr_line' id='line_1_103' title="bbox 612 5632 1830 5708; baseline 0.007 -21"><span class='ocrx_word' id='word_1_752' title='bbox 612 5632 728 5704; x_wconf 86' lang='lat'><strong>(79)</strong></span> <span class='ocrx_word' id='word_1_753' title='bbox 762 5635 924 5694; x_wconf 80' lang='lat' dir='ltr'><strong>Rom.</strong></span> <span class='ocrx_word' id='word_1_754' title='bbox 949 5636 1110 5708; x_wconf 92' lang='lat' dir='ltr'><strong>edit.,</strong></span> <span class='ocrx_word' id='word_1_755' title='bbox 1138 5654 1234 5695; x_wconf 78' lang='lat' dir='ltr'><strong>nos</strong></span> <span class='ocrx_word' id='word_1_756' title='bbox 1263 5641 1322 5694; x_wconf 85' lang='lat' dir='ltr'><strong>ut</strong></span> <span class='ocrx_word' id='word_1_757' title='bbox 1342 5642 1574 5696; x_wconf 80' lang='lat' dir='ltr'><strong>nocentes</strong></span> <span class='ocrx_word' id='word_1_758' title='bbox 1600 5644 1830 5696; x_wconf 75' lang='lat' dir='ltr'><strong>accusat.</strong></span> 
     </span>
    </p>
   </div>
   <div class='ocr_carea' id='block_1_104' title="bbox 2253 4548 3855 4625">
    <p class='ocr_par' dir='ltr' id='par_1_104' title="bbox 2253 4548 3855 4625">
     <span class='ocr_line' id='line_1_104' title="bbox 2253 4548 3855 4625; baseline -0.004 -13"><span class='ocrx_word' id='word_1_759' title='bbox 2253 4554 2599 4624; x_wconf 68' lang='lat' dir='ltr'><strong>Iudaeorum;</strong></span> <span class='ocrx_word' id='word_1_760' title='bbox 2652 4556 2710 4612; x_wconf 92' lang='lat' dir='ltr'><strong>in</strong></span> <span class='ocrx_word' id='word_1_761' title='bbox 2752 4555 2844 4612; x_wconf 89' lang='lat' dir='ltr'><strong>his</strong></span> <span class='ocrx_word' id='word_1_762' title='bbox 2884 4554 3031 4611; x_wconf 86' lang='lat' dir='ltr'><strong>enim</strong></span> <span class='ocrx_word' id='word_1_763' title='bbox 3062 4554 3249 4611; x_wconf 89' lang='lat' dir='ltr'><strong>omnia</strong></span> <span class='ocrx_word' id='word_1_764' title='bbox 3285 4553 3407 4621; x_wconf 88' lang='lat' dir='ltr'><strong>ista,</strong></span> <span class='ocrx_word' id='word_1_765' title='bbox 3458 4567 3582 4625; x_wconf 65' lang='lat' dir='ltr'><strong>quae</strong></span> <span class='ocrx_word' id='word_1_766' title='bbox 3624 4548 3855 4607; x_wconf 82' lang='lat' dir='ltr'><strong>inimica</strong></span> 
     </span>
    </p>
   </div>
   <div class='ocr_carea' id='block_1_105' title="bbox 2250 4639 3847 4718">
    <p class='ocr_par' dir='ltr' id='par_1_105' title="bbox 2250 4639 3847 4718">
     <span class='ocr_line' id='line_1_105' title="bbox 2250 4639 3847 4718; baseline -0.006 -14"><span class='ocrx_word' id='word_1_767' title='bbox 2250 4645 2380 4704; x_wconf 85' lang='lat' dir='ltr'><strong>ﬁdei</strong></span> <span class='ocrx_word' id='word_1_768' title='bbox 2423 4654 2574 4715; x_wconf 90' lang='lat' dir='ltr'><strong>sunt,</strong></span> <span class='ocrx_word' id='word_1_769' title='bbox 2619 4645 2974 4703; x_wconf 89' lang='lat' dir='ltr'><strong>denotantur.</strong></span> <span class='ocrx_word' id='word_1_770' title='bbox 3005 4646 3127 4718; x_wconf 89' lang='lat' dir='ltr'><strong>Ipse</strong></span> <span class='ocrx_word' id='word_1_771' title='bbox 3153 4644 3300 4701; x_wconf 88' lang='lat' dir='ltr'><strong>enim</strong></span> <span class='ocrx_word' id='word_1_772' title='bbox 3343 4640 3643 4715; x_wconf 84' lang='lat' dir='ltr'><strong>Apostolus</strong></span> <span class='ocrx_word' id='word_1_773' title='bbox 3669 4639 3847 4696; x_wconf 87' lang='lat' dir='ltr'><strong>dixit:</strong></span> 
     </span>
    </p>
   </div>
   <div class='ocr_carea' id='block_1_106' title="bbox 2234 4728 3854 4808">
    <p class='ocr_par' dir='ltr' id='par_1_106' title="bbox 2234 4728 3854 4808">
     <span class='ocr_line' id='line_1_106' title="bbox 2234 4728 3854 4808; baseline -0.004 -15"><span class='ocrx_word' id='word_1_774' title='bbox 2234 4758 2284 4803; x_wconf 71' lang='grc' dir='ltr'>,ε</span> <span class='ocrx_word' id='word_1_775' title='bbox 2313 4734 2434 4803; x_wconf 90' lang='lat' dir='ltr'><strong>Quo</strong></span> <span class='ocrx_word' id='word_1_776' title='bbox 2460 4734 2611 4790; x_wconf 89' lang='lat' dir='ltr'><strong>enim</strong></span> <span class='ocrx_word' id='word_1_777' title='bbox 2659 4733 2799 4790; x_wconf 92' lang='lat' dir='ltr'><strong>mihi</strong></span> <span class='ocrx_word' id='word_1_778' title='bbox 2847 4734 2915 4791; x_wconf 90' lang='lat' dir='ltr'><strong>de</strong></span> <span class='ocrx_word' id='word_1_779' title='bbox 2962 4733 3051 4803; x_wconf 91' lang='lat' dir='ltr'><strong>iis,</strong></span> <span class='ocrx_word' id='word_1_780' title='bbox 3088 4733 3181 4808; x_wconf 91' lang='lat' dir='ltr'><strong>qui</strong></span> <span class='ocrx_word' id='word_1_781' title='bbox 3224 4732 3363 4790; x_wconf 89' lang='lat' dir='ltr'><strong>foris</strong></span> <span class='ocrx_word' id='word_1_782' title='bbox 3409 4737 3560 4799; x_wconf 89' lang='lat' dir='ltr'><strong>sunt,</strong></span> <span class='ocrx_word' id='word_1_783' title='bbox 3595 4728 3854 4802; x_wconf 83' lang='lat' dir='ltr'><strong>judicare</strong></span> 
     </span>
    </p>
   </div>
   <div class='ocr_carea' id='block_1_107' title="bbox 2251 4821 3855 4898">
    <p class='ocr_par' dir='ltr' id='par_1_107' title="bbox 2251 4821 3855 4898">
     <span class='ocr_line' id='line_1_107' title="bbox 2251 4821 3855 4898; baseline -0.006 -14"><span class='ocrx_word' id='word_1_784' title='bbox 2251 4826 2309 4897; x_wconf 86' lang='grc' dir='ltr'><strong>(Ι</strong></span> <span class='ocrx_word' id='word_1_785' title='bbox 2329 4827 2457 4884; x_wconf 85' lang='lat' dir='ltr'><strong>Cor.</strong></span> <span class='ocrx_word' id='word_1_786' title='bbox 2488 4843 2545 4894; x_wconf 88' lang='lat' dir='ltr'><strong>v,</strong></span> <span class='ocrx_word' id='word_1_787' title='bbox 2580 4825 2670 4898; x_wconf 77' lang='lat' dir='ltr'><strong>l2)</strong></span> <span class='ocrx_word' id='word_1_788' title='bbox 2692 4824 2722 4882; x_wconf 82' lang='lat'><strong>?</strong></span> <span class='ocrx_word' id='word_1_789' title='bbox 2742 4852 2761 4875; x_wconf 75' lang='grc' dir='ltr'><strong><em>ι</em></strong></span> <span class='ocrx_word' id='word_1_790' title='bbox 2803 4825 2910 4894; x_wconf 87' lang='lat' dir='ltr'><strong>Qui</strong></span> <span class='ocrx_word' id='word_1_791' title='bbox 2930 4825 3079 4883; x_wconf 91' lang='lat' dir='ltr'><strong>enim</strong></span> <span class='ocrx_word' id='word_1_792' title='bbox 3101 4826 3244 4881; x_wconf 90' lang='lat' dir='ltr'><strong>male</strong></span> <span class='ocrx_word' id='word_1_793' title='bbox 3271 4823 3341 4881; x_wconf 92' lang='lat' dir='ltr'><strong>de</strong></span> <span class='ocrx_word' id='word_1_794' title='bbox 3359 4825 3474 4883; x_wconf 90' lang='lat' dir='ltr'><strong>Deo</strong></span> <span class='ocrx_word' id='word_1_795' title='bbox 3500 4821 3774 4888; x_wconf 87' lang='lat' dir='ltr'><strong>sentiunt,</strong></span> <span class='ocrx_word' id='word_1_796' title='bbox 3797 4828 3855 4876; x_wconf 90' lang='lat' dir='ltr'><strong>et</strong></span> 
     </span>
    </p>
   </div>
   <div class='ocr_carea' id='block_1_108' title="bbox 2245 4910 3850 4992">
    <p class='ocr_par' dir='ltr' id='par_1_108' title="bbox 2245 4910 3850 4992">
     <span class='ocr_line' id='line_1_108' title="bbox 2245 4910 3850 4992; baseline -0.005 -18"><span class='ocrx_word' id='word_1_797' title='bbox 2245 4934 2359 4975; x_wconf 90' lang='lat' dir='ltr'><strong>non</strong></span> <span class='ocrx_word' id='word_1_798' title='bbox 2388 4916 2608 4987; x_wconf 91' lang='lat' dir='ltr'><strong>timent,</strong></span> <span class='ocrx_word' id='word_1_799' title='bbox 2640 4917 2788 4992; x_wconf 89' lang='lat' dir='ltr'><strong>quod</strong></span> <span class='ocrx_word' id='word_1_800' title='bbox 2829 4917 2899 4975; x_wconf 89' lang='lat' dir='ltr'><strong>ad</strong></span> <span class='ocrx_word' id='word_1_801' title='bbox 2940 4917 3202 4990; x_wconf 89' lang='lat' dir='ltr'><strong>injuriam</strong></span> <span class='ocrx_word' id='word_1_802' title='bbox 3242 4916 3362 4989; x_wconf 90' lang='lat' dir='ltr'><strong>ejus</strong></span> <span class='ocrx_word' id='word_1_803' title='bbox 3391 4912 3651 4988; x_wconf 89' lang='lat' dir='ltr'><strong>pertinet,</strong></span> <span class='ocrx_word' id='word_1_804' title='bbox 3681 4910 3850 4983; x_wconf 87' lang='lat' dir='ltr'><strong>proﬁ-</strong></span> 
     </span>
    </p>
   </div>
   <div class='ocr_carea' id='block_1_109' title="bbox 2245 5005 3853 5081">
    <p class='ocr_par' dir='ltr' id='par_1_109' title="bbox 2245 5005 3853 5081">
     <span class='ocr_line' id='line_1_109' title="bbox 2245 5005 3853 5081; baseline -0.004 -19"><span class='ocrx_word' id='word_1_805' title='bbox 2245 5006 2377 5074; x_wconf 87' lang='lat' dir='ltr'><strong>teri;</strong></span> <span class='ocrx_word' id='word_1_806' title='bbox 2425 5007 2700 5081; x_wconf 90' lang='lat' dir='ltr'><strong>quomodo</strong></span> <span class='ocrx_word' id='word_1_807' title='bbox 2755 5006 2815 5064; x_wconf 92' lang='lat' dir='ltr'><strong>in</strong></span> <span class='ocrx_word' id='word_1_808' title='bbox 2858 5009 3275 5064; x_wconf 84' lang='lat' dir='ltr'><strong>conversatione</strong></span> <span class='ocrx_word' id='word_1_809' title='bbox 3325 5005 3570 5061; x_wconf 90' lang='lat' dir='ltr'><strong>humana</strong></span> <span class='ocrx_word' id='word_1_810' title='bbox 3614 5007 3853 5075; x_wconf 69' lang='lat' dir='ltr'><strong>possunt</strong></span> 
     </span>
    </p>
   </div>
   <div class='ocr_carea' id='block_1_110' title="bbox 2244 5090 3847 5154">
    <p class='ocr_par' dir='ltr' id='par_1_110' title="bbox 2244 5090 3847 5154">
     <span class='ocr_line' id='line_1_110' title="bbox 2244 5090 3847 5154; baseline -0.005 -1"><span class='ocrx_word' id='word_1_811' title='bbox 2244 5113 2360 5153; x_wconf 89' lang='lat' dir='ltr'><strong>esse</strong></span> <span class='ocrx_word' id='word_1_812' title='bbox 2384 5095 2693 5154; x_wconf 80' lang='lat' dir='ltr'><strong>benevoli?</strong></span> <span class='ocrx_word' id='word_1_813' title='bbox 2718 5095 2847 5152; x_wconf 89' lang='lat' dir='ltr'><strong>Ideo</strong></span> <span class='ocrx_word' id='word_1_814' title='bbox 2867 5096 3018 5153; x_wconf 91' lang='lat' dir='ltr'><strong>enim</strong></span> <span class='ocrx_word' id='word_1_815' title='bbox 3043 5094 3209 5152; x_wconf 83' lang='lat' dir='ltr'><strong>dixit:</strong></span> <span class='ocrx_word' id='word_1_816' title='bbox 3255 5118 3275 5142; x_wconf 73' lang='grc' dir='ltr'>ι</span> <span class='ocrx_word' id='word_1_817' title='bbox 3298 5092 3575 5149; x_wconf 85' lang='lat' dir='ltr'><strong>Habentes</strong></span> <span class='ocrx_word' id='word_1_818' title='bbox 3602 5090 3847 5147; x_wconf 87' lang='lat' dir='ltr'><strong>formam</strong></span> 
     </span>
    </p>
   </div>
   <div class='ocr_carea' id='block_1_111' title="bbox 2242 5182 3851 5262">
    <p class='ocr_par' dir='ltr' id='par_1_111' title="bbox 2242 5182 3851 5262">
     <span class='ocr_line' id='line_1_111' title="bbox 2242 5182 3851 5262; baseline -0.006 -16"><span class='ocrx_word' id='word_1_819' title='bbox 2242 5188 2480 5262; x_wconf 86' lang='lat' dir='ltr'><strong>pietatis,</strong></span> <span class='ocrx_word' id='word_1_820' title='bbox 2530 5189 2794 5246; x_wconf 88' lang='lat' dir='ltr'><strong>virtutem</strong></span> <span class='ocrx_word' id='word_1_821' title='bbox 2839 5196 3022 5246; x_wconf 90' lang='lat' dir='ltr'><strong>autem</strong></span> <span class='ocrx_word' id='word_1_822' title='bbox 3072 5187 3190 5261; x_wconf 89' lang='lat' dir='ltr'><strong>ejus</strong></span> <span class='ocrx_word' id='word_1_823' title='bbox 3232 5186 3601 5260; x_wconf 86' lang='lat' dir='ltr'><strong>abnegantes;</strong></span> <span class='ocrx_word' id='word_1_824' title='bbox 3648 5208 3667 5232; x_wconf 77' lang='grc' dir='ltr'><strong>ι</strong></span> <span class='ocrx_word' id='word_1_825' title='bbox 3712 5182 3851 5257; x_wconf 80' lang='lat' dir='ltr'><strong>quia</strong></span> 
     </span>
    </p>
   </div>
   <div class='ocr_carea' id='block_1_112' title="bbox 2240 5274 3848 5355">
    <p class='ocr_par' dir='ltr' id='par_1_112' title="bbox 2240 5274 3848 5355">
     <span class='ocr_line' id='line_1_112' title="bbox 2240 5274 3848 5355; baseline -0.005 -19"><span class='ocrx_word' id='word_1_826' title='bbox 2240 5280 2570 5352; x_wconf 86' lang='lat' dir='ltr'><strong>proﬁtentur</strong></span> <span class='ocrx_word' id='word_1_827' title='bbox 2623 5278 2843 5355; x_wconf 90' lang='lat' dir='ltr'><strong>quidem</strong></span> <span class='ocrx_word' id='word_1_828' title='bbox 2911 5277 3231 5351; x_wconf 86' lang='lat' dir='ltr'><strong>semetipsos</strong></span> <span class='ocrx_word' id='word_1_829' title='bbox 3286 5274 3651 5342; x_wconf 87' lang='lat' dir='ltr'><strong>Christianos,</strong></span> <span class='ocrx_word' id='word_1_830' title='bbox 3713 5288 3848 5329; x_wconf 90' lang='lat' dir='ltr'><strong>cum</strong></span> 
     </span>
    </p>
   </div>
   <div class='ocr_carea' id='block_1_113' title="bbox 2238 5361 3850 5444">
    <p class='ocr_par' dir='ltr' id='par_1_113' title="bbox 2238 5361 3850 5444">
     <span class='ocr_line' id='line_1_113' title="bbox 2238 5361 3850 5444; baseline -0.005 -19"><span class='ocrx_word' id='word_1_831' title='bbox 2238 5369 2351 5427; x_wconf 90' lang='lat' dir='ltr'><strong>sint</strong></span> <span class='ocrx_word' id='word_1_832' title='bbox 2393 5377 2448 5426; x_wconf 90' lang='lat' dir='ltr'><strong>et</strong></span> <span class='ocrx_word' id='word_1_833' title='bbox 2484 5368 2807 5444; x_wconf 90' lang='lat' dir='ltr'><strong>nequissimi</strong></span> <span class='ocrx_word' id='word_1_834' title='bbox 2855 5368 3054 5443; x_wconf 90' lang='lat' dir='ltr'><strong>operis,</strong></span> <span class='ocrx_word' id='word_1_835' title='bbox 3104 5374 3159 5424; x_wconf 89' lang='lat' dir='ltr'><strong>et</strong></span> <span class='ocrx_word' id='word_1_836' title='bbox 3206 5384 3371 5424; x_wconf 90' lang='lat' dir='ltr'><strong>sensu</strong></span> <span class='ocrx_word' id='word_1_837' title='bbox 3418 5362 3684 5439; x_wconf 87' lang='lat' dir='ltr'><strong>perversi.</strong></span> <span class='ocrx_word' id='word_1_838' title='bbox 3716 5361 3850 5418; x_wconf 78' lang='lat' dir='ltr'><strong>Non</strong></span> 
     </span>
    </p>
   </div>
   <div class='ocr_carea' id='block_1_114' title="bbox 2312 5481 3850 5564">
    <p class='ocr_par' dir='ltr' id='par_1_114' title="bbox 2312 5481 3850 5564">
     <span class='ocr_line' id='line_1_114' title="bbox 2312 5481 3850 5564; baseline -0.008 -17"><span class='ocrx_word' id='word_1_839' title='bbox 2312 5488 2454 5564; x_wconf 77' lang='lat'><strong>(80)</strong></span> <span class='ocrx_word' id='word_1_840' title='bbox 2477 5486 2664 5564; x_wconf 74' lang='lat' dir='ltr'><strong>Codex</strong></span> <span class='ocrx_word' id='word_1_841' title='bbox 2692 5487 2863 5558; x_wconf 81' lang='lat' dir='ltr'><strong>Vall.,</strong></span> <span class='ocrx_word' id='word_1_842' title='bbox 2906 5485 3205 5543; x_wconf 74' lang='lat' dir='ltr'><strong>invitantur</strong></span> <span class='ocrx_word' id='word_1_843' title='bbox 3232 5485 3372 5541; x_wconf 71' lang='lat' dir='ltr'><strong>enim</strong></span> <span class='ocrx_word' id='word_1_844' title='bbox 3417 5481 3587 5564; x_wconf 64' lang='lat' dir='ltr'><strong>nimia</strong></span> <span class='ocrx_word' id='word_1_845' title='bbox 3612 5485 3850 5536; x_wconf 80' lang='lat' dir='ltr'><strong>contm-</strong></span> 
     </span>
    </p>
   </div>
   <div class='ocr_carea' id='block_1_115' title="bbox 2235 5560 3845 5639">
    <p class='ocr_par' dir='ltr' id='par_1_115' title="bbox 2235 5560 3845 5639">
     <span class='ocr_line' id='line_1_115' title="bbox 2235 5560 3845 5639; baseline -0.006 -23"><span class='ocrx_word' id='word_1_846' title='bbox 2235 5560 2481 5617; x_wconf 74' lang='lat' dir='ltr'><strong>dictionis</strong></span> <span class='ocrx_word' id='word_1_847' title='bbox 2506 5560 2769 5635; x_wconf 78' lang='lat' dir='ltr'><strong>impietate</strong></span> <span class='ocrx_word' id='word_1_848' title='bbox 2803 5575 3053 5639; x_wconf 82' lang='lat' dir='ltr'><strong>eorum..,</strong></span> <span class='ocrx_word' id='word_1_849' title='bbox 3084 5565 3271 5616; x_wconf 80' lang='lat' dir='ltr'><strong>contra</strong></span> <span class='ocrx_word' id='word_1_850' title='bbox 3292 5560 3629 5632; x_wconf 74' lang='lat' dir='ltr'><strong>propositum</strong></span> <span class='ocrx_word' id='word_1_851' title='bbox 3655 5568 3845 5609; x_wconf 76' lang='lat' dir='ltr'><strong>suum.</strong></span> 
     </span>
    </p>
   </div>
  </div>
