  <div class='ocr_page' id='page_1' title='image "/cluster/home/n/w/nwhite01/storage/ocr_20150623/17/hvd.32044096580436/266.png"; bbox 0 0 4070 6186; ppageno 0'>
   <div class='ocr_carea' id='block_1_1' title="bbox 220 228 2503 296">
    <p class='ocr_par' dir='ltr' id='par_1_1' title="bbox 220 228 2503 296">
     <span class='ocr_line' id='line_1_1' title="bbox 220 228 2503 296; baseline -0.003 -1"><span class='ocrx_word' id='word_1_1' title='bbox 220 233 316 296; x_wconf 72' lang='grc'>521</span> <span class='ocrx_word' id='word_1_2' title='bbox 1217 233 1578 294; x_wconf 80' lang='lat' dir='ltr'>COMMENT.</span> <span class='ocrx_word' id='word_1_3' title='bbox 1624 232 1695 292; x_wconf 79' lang='grc' dir='ltr'><strong>ΙΝ</strong></span> <span class='ocrx_word' id='word_1_4' title='bbox 1732 233 1950 292; x_wconf 89' lang='lat' dir='ltr'>EPIST.</span> <span class='ocrx_word' id='word_1_5' title='bbox 1993 235 2042 292; x_wconf 88' lang='lat' dir='ltr'>ll</span> <span class='ocrx_word' id='word_1_6' title='bbox 2083 235 2178 290; x_wconf 85' lang='lat' dir='ltr'>AD</span> <span class='ocrx_word' id='word_1_7' title='bbox 2217 228 2503 290; x_wconf 85' lang='lat' dir='ltr'>TIMOTH.</span> 
     </span>
    </p>
   </div>
   <div class='ocr_carea' id='block_1_2' title="bbox 3410 240 3517 297">
    <p class='ocr_par' dir='ltr' id='par_1_2' title="bbox 3410 240 3517 297">
     <span class='ocr_line' id='line_1_2' title="bbox 3410 240 3517 297; baseline 0.009 -1"><span class='ocrx_word' id='word_1_8' title='bbox 3410 240 3517 297; x_wconf 76' lang='lat'><strong>522</strong></span> 
     </span>
    </p>
   </div>
   <div class='ocr_carea' id='block_1_3' title="bbox 221 357 3514 436">
    <p class='ocr_par' dir='ltr' id='par_1_3' title="bbox 221 357 3514 436">
     <span class='ocr_line' id='line_1_3' title="bbox 221 357 3514 436; baseline -0.002 -12"><span class='ocrx_word' id='word_1_9' title='bbox 221 368 363 423; x_wconf 90' lang='lat' dir='ltr'>enim</span> <span class='ocrx_word' id='word_1_10' title='bbox 409 366 463 420; x_wconf 88' lang='lat' dir='ltr'>in</span> <span class='ocrx_word' id='word_1_11' title='bbox 496 361 835 436; x_wconf 82' lang='lat' dir='ltr'>professione</span> <span class='ocrx_word' id='word_1_12' title='bbox 875 361 1068 433; x_wconf 82' lang='lat' dir='ltr'>magis,</span> <span class='ocrx_word' id='word_1_13' title='bbox 1099 377 1261 434; x_wconf 85' lang='lat' dir='ltr'>quam</span> <span class='ocrx_word' id='word_1_14' title='bbox 1292 361 1346 416; x_wconf 91' lang='lat' dir='ltr'>in</span> <span class='ocrx_word' id='word_1_15' title='bbox 1383 361 1546 433; x_wconf 80' lang='lat' dir='ltr'>gestis</span> <span class='ocrx_word' id='word_1_16' title='bbox 1577 363 1693 416; x_wconf 89' lang='lat' dir='ltr'>laus</span> <span class='ocrx_word' id='word_1_17' title='bbox 1714 360 1811 417; x_wconf 87' lang='lat' dir='ltr'>Dei</span> <span class='ocrx_word' id='word_1_18' title='bbox 1845 364 1891 422; x_wconf 85' lang='lat' dir='ltr'><strong>A</strong></span> <span class='ocrx_word' id='word_1_19' title='bbox 1923 359 2020 416; x_wconf 91' lang='lat' dir='ltr'>nui</span> <span class='ocrx_word' id='word_1_20' title='bbox 2042 368 2122 416; x_wconf 88' lang='lat' dir='ltr'>:et</span> <span class='ocrx_word' id='word_1_21' title='bbox 2143 377 2210 415; x_wconf 73' lang='lat' dir='ltr'>ex</span> <span class='ocrx_word' id='word_1_22' title='bbox 2230 357 2860 415; x_wconf 84' lang='lat' dir='ltr'>omnibusliberavitme</span> <span class='ocrx_word' id='word_1_23' title='bbox 2887 361 3178 416; x_wconf 84' lang='lat' dir='ltr'>Dominus.</span> <span class='ocrx_word' id='word_1_24' title='bbox 3204 363 3306 418; x_wconf 88' lang='lat' dir='ltr'>Sed</span> <span class='ocrx_word' id='word_1_25' title='bbox 3325 381 3514 426; x_wconf 66' lang='lat' dir='ltr'>omnes</span> 
     </span>
    </p>
   </div>
   <div class='ocr_carea' id='block_1_4' title="bbox 219 456 594 514">
    <p class='ocr_par' dir='ltr' id='par_1_4' title="bbox 219 456 594 514">
     <span class='ocr_line' id='line_1_4' title="bbox 219 456 594 514; baseline -0.016 0"><span class='ocrx_word' id='word_1_26' title='bbox 219 465 273 514; x_wconf 85' lang='lat' dir='ltr'>et</span> <span class='ocrx_word' id='word_1_27' title='bbox 299 456 468 512; x_wconf 88' lang='lat' dir='ltr'>virtus</span> <span class='ocrx_word' id='word_1_28' title='bbox 492 461 594 510; x_wconf 90' lang='lat' dir='ltr'>est.</span> 
     </span>
    </p>
   </div>
   <div class='ocr_carea' id='block_1_5' title="bbox 291 541 1809 618">
    <p class='ocr_par' dir='ltr' id='par_1_5' title="bbox 291 541 1809 618">
     <span class='ocr_line' id='line_1_5' title="bbox 291 541 1809 618; baseline -0.002 -17"><span class='ocrx_word' id='word_1_29' title='bbox 291 545 461 618; x_wconf 74' lang='lat' dir='ltr'>(Vere.</span> <span class='ocrx_word' id='word_1_30' title='bbox 494 543 548 611; x_wconf 87' lang='lat'>6,</span> <span class='ocrx_word' id='word_1_31' title='bbox 580 542 662 615; x_wconf 91' lang='lat'>7.)</span> <span class='ocrx_word' id='word_1_32' title='bbox 709 564 728 590; x_wconf 72' lang='grc' dir='ltr'>ι</span> <span class='ocrx_word' id='word_1_33' title='bbox 753 542 842 598; x_wconf 77' lang='lat' dir='ltr'>Ex</span> <span class='ocrx_word' id='word_1_34' title='bbox 871 541 961 598; x_wconf 88' lang='lat' dir='ltr'>bis</span> <span class='ocrx_word' id='word_1_35' title='bbox 991 541 1139 598; x_wconf 91' lang='lat' dir='ltr'>enim</span> <span class='ocrx_word' id='word_1_36' title='bbox 1171 547 1318 610; x_wconf 88' lang='lat' dir='ltr'>sunt,</span> <span class='ocrx_word' id='word_1_37' title='bbox 1355 541 1448 615; x_wconf 89' lang='lat' dir='ltr'>qui</span> <span class='ocrx_word' id='word_1_38' title='bbox 1482 541 1730 614; x_wconf 88' lang='lat' dir='ltr'>irrepunt</span> <span class='ocrx_word' id='word_1_39' title='bbox 1751 543 1809 598; x_wconf 91' lang='lat' dir='ltr'>in</span> 
     </span>
    </p>
   </div>
   <div class='ocr_carea' id='block_1_6' title="bbox 217 630 1811 704">
    <p class='ocr_par' dir='ltr' id='par_1_6' title="bbox 217 630 1811 704">
     <span class='ocr_line' id='line_1_6' title="bbox 217 630 1811 704; baseline -0.003 -12"><span class='ocrx_word' id='word_1_40' title='bbox 217 635 419 703; x_wconf 89' lang='lat' dir='ltr'>domos,</span> <span class='ocrx_word' id='word_1_41' title='bbox 468 641 525 689; x_wconf 88' lang='lat' dir='ltr'>et</span> <span class='ocrx_word' id='word_1_42' title='bbox 589 632 838 704; x_wconf 89' lang='lat' dir='ltr'>captivas</span> <span class='ocrx_word' id='word_1_43' title='bbox 877 630 1088 687; x_wconf 91' lang='lat' dir='ltr'>ducunt</span> <span class='ocrx_word' id='word_1_44' title='bbox 1149 631 1501 687; x_wconf 84' lang='lat' dir='ltr'>mulierculas</span> <span class='ocrx_word' id='word_1_45' title='bbox 1561 639 1811 688; x_wconf 89' lang='lat' dir='ltr'>oneratas</span> 
     </span>
    </p>
   </div>
   <div class='ocr_carea' id='block_1_7' title="bbox 217 719 1810 798">
    <p class='ocr_par' dir='ltr' id='par_1_7' title="bbox 217 719 1810 798">
     <span class='ocr_line' id='line_1_7' title="bbox 217 719 1810 798; baseline -0.003 -18"><span class='ocrx_word' id='word_1_46' title='bbox 217 722 466 798; x_wconf 80' lang='lat' dir='ltr'>peccatis,</span> <span class='ocrx_word' id='word_1_47' title='bbox 502 737 629 795; x_wconf 67' lang='lat' dir='ltr'>quas</span> <span class='ocrx_word' id='word_1_48' title='bbox 658 719 933 777; x_wconf 90' lang='lat' dir='ltr'>ducuntur</span> <span class='ocrx_word' id='word_1_49' title='bbox 963 737 994 775; x_wconf 90' lang='lat' dir='ltr'>a</span> <span class='ocrx_word' id='word_1_50' title='bbox 1045 719 1215 776; x_wconf 90' lang='lat' dir='ltr'>variis</span> <span class='ocrx_word' id='word_1_51' title='bbox 1257 719 1566 789; x_wconf 86' lang='lat' dir='ltr'>desideriis,</span> <span class='ocrx_word' id='word_1_52' title='bbox 1597 737 1810 792; x_wconf 88' lang='lat' dir='ltr'>semper</span> 
     </span>
    </p>
   </div>
   <div class='ocr_carea' id='block_1_8' title="bbox 213 807 1808 882">
    <p class='ocr_par' dir='ltr' id='par_1_8' title="bbox 213 807 1808 882">
     <span class='ocr_line' id='line_1_8' title="bbox 213 807 1808 882; baseline -0.002 -13"><span class='ocrx_word' id='word_1_53' title='bbox 213 813 512 879; x_wconf 80' lang='lat' dir='ltr'>discentes,</span> <span class='ocrx_word' id='word_1_54' title='bbox 543 817 597 866; x_wconf 88' lang='lat' dir='ltr'>et</span> <span class='ocrx_word' id='word_1_55' title='bbox 628 825 905 881; x_wconf 86' lang='lat' dir='ltr'>nunquam</span> <span class='ocrx_word' id='word_1_56' title='bbox 935 807 1003 864; x_wconf 91' lang='lat' dir='ltr'>ad</span> <span class='ocrx_word' id='word_1_57' title='bbox 1027 809 1314 866; x_wconf 85' lang='lat' dir='ltr'>scientiam</span> <span class='ocrx_word' id='word_1_58' title='bbox 1346 809 1596 865; x_wconf 86' lang='lat' dir='ltr'>veritatis</span> <span class='ocrx_word' id='word_1_59' title='bbox 1626 826 1808 882; x_wconf 89' lang='lat' dir='ltr'>perve-</span> 
     </span>
    </p>
   </div>
   <div class='ocr_carea' id='block_1_9' title="bbox 213 897 1810 965">
    <p class='ocr_par' dir='ltr' id='par_1_9' title="bbox 213 897 1810 965">
     <span class='ocr_line' id='line_1_9' title="bbox 213 897 1810 965; baseline -0.002 -6"><span class='ocrx_word' id='word_1_60' title='bbox 213 902 446 960; x_wconf 91' lang='lat' dir='ltr'>nientes.</span> <span class='ocrx_word' id='word_1_61' title='bbox 481 925 499 946; x_wconf 77' lang='grc' dir='ltr'>ι</span> <span class='ocrx_word' id='word_1_62' title='bbox 551 897 814 965; x_wconf 85' lang='lat' dir='ltr'>Quamvis</span> <span class='ocrx_word' id='word_1_63' title='bbox 870 897 1130 954; x_wconf 90' lang='lat' dir='ltr'>omnibus</span> <span class='ocrx_word' id='word_1_64' title='bbox 1160 897 1434 954; x_wconf 62' lang='lat' dir='ltr'>haereticis</span> <span class='ocrx_word' id='word_1_65' title='bbox 1463 899 1569 956; x_wconf 91' lang='lat' dir='ltr'>hoc</span> <span class='ocrx_word' id='word_1_66' title='bbox 1597 916 1810 957; x_wconf 88' lang='lat' dir='ltr'>conve-</span> 
     </span>
    </p>
   </div>
   <div class='ocr_carea' id='block_1_10' title="bbox 212 987 1810 1061">
    <p class='ocr_par' dir='ltr' id='par_1_10' title="bbox 212 987 1810 1061">
     <span class='ocr_line' id='line_1_10' title="bbox 212 987 1810 1061; baseline -0.003 -12"><span class='ocrx_word' id='word_1_67' title='bbox 212 993 351 1061; x_wconf 89' lang='lat' dir='ltr'>niat,</span> <span class='ocrx_word' id='word_1_68' title='bbox 410 999 471 1047; x_wconf 92' lang='lat' dir='ltr'>ut</span> <span class='ocrx_word' id='word_1_69' title='bbox 497 988 873 1045; x_wconf 88' lang='lat' dir='ltr'>subintrantes</span> <span class='ocrx_word' id='word_1_70' title='bbox 922 987 1134 1056; x_wconf 90' lang='lat' dir='ltr'>domos,</span> <span class='ocrx_word' id='word_1_71' title='bbox 1169 987 1429 1044; x_wconf 88' lang='lat' dir='ltr'>mulieres</span> <span class='ocrx_word' id='word_1_72' title='bbox 1481 988 1728 1045; x_wconf 90' lang='lat' dir='ltr'>subdolis</span> <span class='ocrx_word' id='word_1_73' title='bbox 1757 997 1810 1044; x_wconf 93' lang='lat' dir='ltr'>et</span> 
     </span>
    </p>
   </div>
   <div class='ocr_carea' id='block_1_11' title="bbox 212 1075 1809 1149">
    <p class='ocr_par' dir='ltr' id='par_1_11' title="bbox 212 1075 1809 1149">
     <span class='ocr_line' id='line_1_11' title="bbox 212 1075 1809 1149; baseline -0.002 -14"><span class='ocrx_word' id='word_1_74' title='bbox 212 1079 446 1138; x_wconf 90' lang='lat' dir='ltr'>versutis</span> <span class='ocrx_word' id='word_1_75' title='bbox 471 1076 656 1132; x_wconf 86' lang='lat' dir='ltr'>verbis</span> <span class='ocrx_word' id='word_1_76' title='bbox 711 1076 951 1147; x_wconf 77' lang='lat' dir='ltr'>capiant,</span> <span class='ocrx_word' id='word_1_77' title='bbox 985 1083 1046 1132; x_wconf 91' lang='lat' dir='ltr'>ut</span> <span class='ocrx_word' id='word_1_78' title='bbox 1076 1093 1170 1148; x_wconf 90' lang='lat' dir='ltr'>per</span> <span class='ocrx_word' id='word_1_79' title='bbox 1198 1091 1287 1132; x_wconf 90' lang='lat' dir='ltr'>eas</span> <span class='ocrx_word' id='word_1_80' title='bbox 1334 1075 1482 1132; x_wconf 89' lang='lat' dir='ltr'>viros</span> <span class='ocrx_word' id='word_1_81' title='bbox 1531 1075 1809 1149; x_wconf 88' lang='lat' dir='ltr'>decipiant</span> 
     </span>
    </p>
   </div>
   <div class='ocr_carea' id='block_1_12' title="bbox 214 1165 1806 1240">
    <p class='ocr_par' dir='ltr' id='par_1_12' title="bbox 214 1165 1806 1240">
     <span class='ocr_line' id='line_1_12' title="bbox 214 1165 1806 1240; baseline -0.003 -15"><span class='ocrx_word' id='word_1_82' title='bbox 214 1186 357 1226; x_wconf 91' lang='lat' dir='ltr'>more</span> <span class='ocrx_word' id='word_1_83' title='bbox 371 1167 544 1240; x_wconf 89' lang='lat' dir='ltr'>patris</span> <span class='ocrx_word' id='word_1_84' title='bbox 565 1165 652 1222; x_wconf 92' lang='lat' dir='ltr'>sui</span> <span class='ocrx_word' id='word_1_85' title='bbox 675 1165 907 1233; x_wconf 90' lang='lat' dir='ltr'>diaboli,</span> <span class='ocrx_word' id='word_1_86' title='bbox 931 1165 1024 1238; x_wconf 90' lang='lat' dir='ltr'>qui</span> <span class='ocrx_word' id='word_1_87' title='bbox 1047 1181 1144 1237; x_wconf 89' lang='lat' dir='ltr'>per</span> <span class='ocrx_word' id='word_1_88' title='bbox 1164 1167 1338 1221; x_wconf 86' lang='lat' dir='ltr'>Evam</span> <span class='ocrx_word' id='word_1_89' title='bbox 1368 1166 1543 1221; x_wconf 86' lang='lat' dir='ltr'>Adam</span> <span class='ocrx_word' id='word_1_90' title='bbox 1574 1167 1806 1222; x_wconf 91' lang='lat' dir='ltr'>circum-</span> 
     </span>
    </p>
   </div>
   <div class='ocr_carea' id='block_1_13' title="bbox 216 1254 1806 1328">
    <p class='ocr_par' dir='ltr' id='par_1_13' title="bbox 216 1254 1806 1328">
     <span class='ocr_line' id='line_1_13' title="bbox 216 1254 1806 1328; baseline -0.001 -16"><span class='ocrx_word' id='word_1_91' title='bbox 216 1258 401 1324; x_wconf 86' lang='lat' dir='ltr'>venit;</span> <span class='ocrx_word' id='word_1_92' title='bbox 433 1254 754 1312; x_wconf 88' lang='lat' dir='ltr'>Manichaeis</span> <span class='ocrx_word' id='word_1_93' title='bbox 768 1261 954 1310; x_wconf 91' lang='lat' dir='ltr'>tamen</span> <span class='ocrx_word' id='word_1_94' title='bbox 986 1271 1095 1328; x_wconf 63' lang='lat' dir='ltr'>prae</span> <span class='ocrx_word' id='word_1_95' title='bbox 1126 1255 1338 1312; x_wconf 67' lang='lat' dir='ltr'>caeteris</span> <span class='ocrx_word' id='word_1_96' title='bbox 1357 1257 1629 1327; x_wconf 79' lang='lat' dir='ltr'>congruit.</span> <span class='ocrx_word' id='word_1_97' title='bbox 1656 1256 1806 1312; x_wconf 90' lang='lat' dir='ltr'>Nulli</span> 
     </span>
    </p>
   </div>
   <div class='ocr_carea' id='block_1_14' title="bbox 219 1344 1804 1417">
    <p class='ocr_par' dir='ltr' id='par_1_14' title="bbox 219 1344 1804 1417">
     <span class='ocr_line' id='line_1_14' title="bbox 219 1344 1804 1417; baseline -0.001 -15"><span class='ocrx_word' id='word_1_98' title='bbox 219 1347 359 1403; x_wconf 88' lang='lat' dir='ltr'>enim</span> <span class='ocrx_word' id='word_1_99' title='bbox 379 1354 486 1402; x_wconf 90' lang='lat' dir='ltr'>tam</span> <span class='ocrx_word' id='word_1_100' title='bbox 521 1344 850 1416; x_wconf 90' lang='lat' dir='ltr'>importuni,</span> <span class='ocrx_word' id='word_1_101' title='bbox 879 1352 990 1400; x_wconf 88' lang='lat' dir='ltr'>tam</span> <span class='ocrx_word' id='word_1_102' title='bbox 1014 1344 1256 1412; x_wconf 84' lang='lat' dir='ltr'>fallaces,</span> <span class='ocrx_word' id='word_1_103' title='bbox 1277 1352 1388 1400; x_wconf 87' lang='lat' dir='ltr'>tam</span> <span class='ocrx_word' id='word_1_104' title='bbox 1407 1345 1633 1417; x_wconf 89' lang='lat' dir='ltr'>captiosi</span> <span class='ocrx_word' id='word_1_105' title='bbox 1656 1353 1804 1415; x_wconf 90' lang='lat' dir='ltr'>sunt,</span> 
     </span>
    </p>
   </div>
   <div class='ocr_carea' id='block_1_15' title="bbox 221 1434 1806 1511">
    <p class='ocr_par' dir='ltr' id='par_1_15' title="bbox 221 1434 1806 1511">
     <span class='ocr_line' id='line_1_15' title="bbox 221 1434 1806 1511; baseline -0.001 -19"><span class='ocrx_word' id='word_1_106' title='bbox 221 1454 371 1511; x_wconf 89' lang='lat' dir='ltr'>quam</span> <span class='ocrx_word' id='word_1_107' title='bbox 403 1436 504 1509; x_wconf 88' lang='lat' dir='ltr'>ipsi</span> <span class='ocrx_word' id='word_1_108' title='bbox 539 1452 678 1508; x_wconf 84' lang='lat' dir='ltr'>quos</span> <span class='ocrx_word' id='word_1_109' title='bbox 699 1442 917 1491; x_wconf 82' lang='lat' dir='ltr'>constat</span> <span class='ocrx_word' id='word_1_110' title='bbox 945 1434 1097 1490; x_wconf 87' lang='lat' dir='ltr'>aliud</span> <span class='ocrx_word' id='word_1_111' title='bbox 1115 1435 1312 1502; x_wconf 91' lang='lat' dir='ltr'>colere,</span> <span class='ocrx_word' id='word_1_112' title='bbox 1336 1444 1389 1490; x_wconf 92' lang='lat' dir='ltr'>et</span> <span class='ocrx_word' id='word_1_113' title='bbox 1418 1436 1568 1491; x_wconf 87' lang='lat' dir='ltr'>aliud</span> <span class='ocrx_word' id='word_1_114' title='bbox 1591 1436 1806 1508; x_wconf 86' lang='lat' dir='ltr'>proﬁte-</span> 
     </span>
    </p>
   </div>
   <div class='ocr_carea' id='block_1_16' title="bbox 216 1524 1805 1596">
    <p class='ocr_par' dir='ltr' id='par_1_16' title="bbox 216 1524 1805 1596">
     <span class='ocr_line' id='line_1_16' title="bbox 216 1524 1805 1596; baseline -0.002 -12"><span class='ocrx_word' id='word_1_115' title='bbox 216 1529 294 1595; x_wconf 90' lang='lat' dir='ltr'>ri;</span> <span class='ocrx_word' id='word_1_116' title='bbox 324 1526 476 1582; x_wconf 86' lang='lat' dir='ltr'>aliud</span> <span class='ocrx_word' id='word_1_117' title='bbox 507 1526 662 1581; x_wconf 89' lang='lat' dir='ltr'>intus</span> <span class='ocrx_word' id='word_1_118' title='bbox 690 1539 894 1596; x_wconf 83' lang='lat' dir='ltr'>gerere,</span> <span class='ocrx_word' id='word_1_119' title='bbox 927 1532 981 1580; x_wconf 88' lang='lat' dir='ltr'>et</span> <span class='ocrx_word' id='word_1_120' title='bbox 1002 1524 1136 1580; x_wconf 88' lang='lat' dir='ltr'>foris</span> <span class='ocrx_word' id='word_1_121' title='bbox 1162 1524 1317 1580; x_wconf 89' lang='lat' dir='ltr'>aliud</span> <span class='ocrx_word' id='word_1_122' title='bbox 1343 1524 1646 1582; x_wconf 91' lang='lat' dir='ltr'>vindicare.</span> <span class='ocrx_word' id='word_1_123' title='bbox 1670 1527 1805 1582; x_wconf 76' lang='lat' dir='ltr'>Nam</span> 
     </span>
    </p>
   </div>
   <div class='ocr_carea' id='block_1_17' title="bbox 215 1613 1809 1687">
    <p class='ocr_par' dir='ltr' id='par_1_17' title="bbox 215 1613 1809 1687">
     <span class='ocr_line' id='line_1_17' title="bbox 215 1613 1809 1687; baseline -0.002 -13"><span class='ocrx_word' id='word_1_124' title='bbox 215 1614 636 1674; x_wconf 86' lang='lat' dir='ltr'>sanctimonium</span> <span class='ocrx_word' id='word_1_125' title='bbox 670 1613 996 1683; x_wconf 90' lang='lat' dir='ltr'>defendunt,</span> <span class='ocrx_word' id='word_1_126' title='bbox 1031 1621 1085 1670; x_wconf 90' lang='lat' dir='ltr'>et</span> <span class='ocrx_word' id='word_1_127' title='bbox 1133 1615 1246 1687; x_wconf 85' lang='lat' dir='ltr'>lege</span> <span class='ocrx_word' id='word_1_128' title='bbox 1295 1631 1391 1671; x_wconf 89' lang='lat' dir='ltr'>sua</span> <span class='ocrx_word' id='word_1_129' title='bbox 1413 1616 1648 1684; x_wconf 83' lang='lat' dir='ltr'>favente,</span> <span class='ocrx_word' id='word_1_130' title='bbox 1681 1623 1809 1671; x_wconf 90' lang='lat' dir='ltr'>tur—</span> 
     </span>
    </p>
   </div>
   <div class='ocr_carea' id='block_1_18' title="bbox 1919 447 3515 522">
    <p class='ocr_par' dir='ltr' id='par_1_18' title="bbox 1919 447 3515 522">
     <span class='ocr_line' id='line_1_18' title="bbox 1919 447 3515 522; baseline 0.005 -18"><span class='ocrx_word' id='word_1_131' title='bbox 1919 449 2012 522; x_wconf 92' lang='lat' dir='ltr'>qui</span> <span class='ocrx_word' id='word_1_132' title='bbox 2042 450 2239 505; x_wconf 90' lang='lat' dir='ltr'>volunt</span> <span class='ocrx_word' id='word_1_133' title='bbox 2260 447 2346 520; x_wconf 90' lang='lat' dir='ltr'>pie</span> <span class='ocrx_word' id='word_1_134' title='bbox 2364 447 2549 502; x_wconf 87' lang='lat' dir='ltr'>vivere</span> <span class='ocrx_word' id='word_1_135' title='bbox 2570 447 2628 502; x_wconf 93' lang='lat' dir='ltr'>in</span> <span class='ocrx_word' id='word_1_136' title='bbox 2659 447 2878 505; x_wconf 88' lang='lat' dir='ltr'>Christo</span> <span class='ocrx_word' id='word_1_137' title='bbox 2899 447 3048 517; x_wconf 88' lang='lat' dir='ltr'>Jesu,</span> <span class='ocrx_word' id='word_1_138' title='bbox 3079 452 3515 521; x_wconf 88' lang='lat' dir='ltr'>persecutionem</span> 
     </span>
    </p>
   </div>
   <div class='ocr_carea' id='block_1_19' title="bbox 1919 537 3519 615">
    <p class='ocr_par' dir='ltr' id='par_1_19' title="bbox 1919 537 3519 615">
     <span class='ocr_line' id='line_1_19' title="bbox 1919 537 3519 615; baseline 0.005 -22"><span class='ocrx_word' id='word_1_139' title='bbox 1919 540 2214 610; x_wconf 88' lang='lat' dir='ltr'>patientur.</span> <span class='ocrx_word' id='word_1_140' title='bbox 2280 539 2525 610; x_wconf 87' lang='lat' dir='ltr'>Nequam</span> <span class='ocrx_word' id='word_1_141' title='bbox 2577 545 2758 593; x_wconf 90' lang='lat' dir='ltr'>autem</span> <span class='ocrx_word' id='word_1_142' title='bbox 2805 537 3058 595; x_wconf 88' lang='lat' dir='ltr'>homines</span> <span class='ocrx_word' id='word_1_143' title='bbox 3103 549 3158 595; x_wconf 89' lang='lat' dir='ltr'>et</span> <span class='ocrx_word' id='word_1_144' title='bbox 3203 540 3519 615; x_wconf 86' lang='lat' dir='ltr'>deceptores</span> 
     </span>
    </p>
   </div>
   <div class='ocr_carea' id='block_1_20' title="bbox 1918 626 3516 702">
    <p class='ocr_par' dir='ltr' id='par_1_20' title="bbox 1918 626 3516 702">
     <span class='ocr_line' id='line_1_20' title="bbox 1918 626 3516 702; baseline 0.004 -20"><span class='ocrx_word' id='word_1_145' title='bbox 1918 627 2208 700; x_wconf 89' lang='lat' dir='ltr'>proﬁcient</span> <span class='ocrx_word' id='word_1_146' title='bbox 2239 628 2293 682; x_wconf 92' lang='lat' dir='ltr'>in</span> <span class='ocrx_word' id='word_1_147' title='bbox 2327 626 2481 699; x_wconf 88' lang='lat' dir='ltr'>pejus</span> <span class='ocrx_word' id='word_1_148' title='bbox 2507 643 2517 680; x_wconf 89' lang='lat'><strong>:</strong></span> <span class='ocrx_word' id='word_1_149' title='bbox 2553 627 2655 700; x_wconf 90' lang='lat' dir='ltr'>ipsi</span> <span class='ocrx_word' id='word_1_150' title='bbox 2686 636 2931 684; x_wconf 83' lang='lat' dir='ltr'>errantes</span> <span class='ocrx_word' id='word_1_151' title='bbox 2960 637 3121 702; x_wconf 90' lang='lat' dir='ltr'>atque</span> <span class='ocrx_word' id='word_1_152' title='bbox 3151 630 3290 686; x_wconf 89' lang='lat' dir='ltr'>alios</span> <span class='ocrx_word' id='word_1_153' title='bbox 3322 638 3516 689; x_wconf 79' lang='lat' dir='ltr'>errori~</span> 
     </span>
    </p>
   </div>
   <div class='ocr_carea' id='block_1_21' title="bbox 1921 716 3514 794">
    <p class='ocr_par' dir='ltr' id='par_1_21' title="bbox 1921 716 3514 794">
     <span class='ocr_line' id='line_1_21' title="bbox 1921 716 3514 794; baseline 0.006 -22"><span class='ocrx_word' id='word_1_154' title='bbox 1921 717 2022 773; x_wconf 88' lang='lat' dir='ltr'>bus</span> <span class='ocrx_word' id='word_1_155' title='bbox 2056 719 2422 774; x_wconf 87' lang='lat' dir='ltr'>involventes.</span> <span class='ocrx_word' id='word_1_156' title='bbox 2459 741 2477 764; x_wconf 76' lang='grc' dir='ltr'><strong><em>ι</em></strong></span> <span class='ocrx_word' id='word_1_157' title='bbox 2549 716 2676 771; x_wconf 90' lang='lat' dir='ltr'>Ideo</span> <span class='ocrx_word' id='word_1_158' title='bbox 2707 733 2826 789; x_wconf 70' lang='lat' dir='ltr'>quae</span> <span class='ocrx_word' id='word_1_159' title='bbox 2854 725 2907 772; x_wconf 92' lang='lat' dir='ltr'>et</span> <span class='ocrx_word' id='word_1_160' title='bbox 2938 726 3142 790; x_wconf 88' lang='lat' dir='ltr'>quanta</span> <span class='ocrx_word' id='word_1_161' title='bbox 3173 738 3362 793; x_wconf 89' lang='lat' dir='ltr'>passus</span> <span class='ocrx_word' id='word_1_162' title='bbox 3422 725 3514 794; x_wconf 85' lang='lat' dir='ltr'>sit,</span> 
     </span>
    </p>
   </div>
   <div class='ocr_carea' id='block_1_22' title="bbox 1920 805 3519 881">
    <p class='ocr_par' dir='ltr' id='par_1_22' title="bbox 1920 805 3519 881">
     <span class='ocr_line' id='line_1_22' title="bbox 1920 805 3519 881; baseline 0.006 -20"><span class='ocrx_word' id='word_1_163' title='bbox 1920 817 2187 880; x_wconf 72' lang='lat' dir='ltr'>memorat</span> <span class='ocrx_word' id='word_1_164' title='bbox 2217 825 2229 873; x_wconf 92' lang='lat'>;</span> <span class='ocrx_word' id='word_1_165' title='bbox 2264 816 2324 862; x_wconf 92' lang='lat' dir='ltr'>ut</span> <span class='ocrx_word' id='word_1_166' title='bbox 2353 806 2563 860; x_wconf 84' lang='lat' dir='ltr'>auxilia</span> <span class='ocrx_word' id='word_1_167' title='bbox 2593 805 2692 861; x_wconf 92' lang='lat' dir='ltr'>Dei</span> <span class='ocrx_word' id='word_1_168' title='bbox 2735 807 3005 875; x_wconf 89' lang='lat' dir='ltr'>ostendat,</span> <span class='ocrx_word' id='word_1_169' title='bbox 3039 809 3241 881; x_wconf 86' lang='lat' dir='ltr'>quibus</span> <span class='ocrx_word' id='word_1_170' title='bbox 3272 811 3519 870; x_wconf 86' lang='lat' dir='ltr'>defendit</span> 
     </span>
    </p>
   </div>
   <div class='ocr_carea' id='block_1_23' title="bbox 1920 895 3512 968">
    <p class='ocr_par' dir='ltr' id='par_1_23' title="bbox 1920 895 3512 968">
     <span class='ocr_line' id='line_1_23' title="bbox 1920 895 3512 968; baseline 0.006 -18"><span class='ocrx_word' id='word_1_171' title='bbox 1920 903 1974 950; x_wconf 90' lang='lat' dir='ltr'>et</span> <span class='ocrx_word' id='word_1_172' title='bbox 2006 903 2155 952; x_wconf 89' lang='lat' dir='ltr'>tutos</span> <span class='ocrx_word' id='word_1_173' title='bbox 2179 903 2399 967; x_wconf 85' lang='lat' dir='ltr'>praestat</span> <span class='ocrx_word' id='word_1_174' title='bbox 2427 909 2614 950; x_wconf 91' lang='lat' dir='ltr'>servos</span> <span class='ocrx_word' id='word_1_175' title='bbox 2644 912 2772 950; x_wconf 88' lang='lat' dir='ltr'>suos</span> <span class='ocrx_word' id='word_1_176' title='bbox 2800 895 2868 950; x_wconf 90' lang='lat' dir='ltr'>ab</span> <span class='ocrx_word' id='word_1_177' title='bbox 2898 896 3243 968; x_wconf 87' lang='lat' dir='ltr'>impudentia</span> <span class='ocrx_word' id='word_1_178' title='bbox 3271 900 3512 958; x_wconf 69' lang='lat' dir='ltr'>Satanae:</span> 
     </span>
    </p>
   </div>
   <div class='ocr_carea' id='block_1_24' title="bbox 1920 983 3515 1062">
    <p class='ocr_par' dir='ltr' id='par_1_24' title="bbox 1920 983 3515 1062">
     <span class='ocr_line' id='line_1_24' title="bbox 1920 983 3515 1062; baseline 0.005 -24"><span class='ocrx_word' id='word_1_179' title='bbox 1920 992 1981 1038; x_wconf 89' lang='lat' dir='ltr'>ut</span> <span class='ocrx_word' id='word_1_180' title='bbox 2039 1000 2258 1040; x_wconf 91' lang='lat' dir='ltr'>securos</span> <span class='ocrx_word' id='word_1_181' title='bbox 2290 984 2416 1039; x_wconf 92' lang='lat' dir='ltr'>illos</span> <span class='ocrx_word' id='word_1_182' title='bbox 2471 983 2635 1039; x_wconf 87' lang='lat' dir='ltr'>faciat</span> <span class='ocrx_word' id='word_1_183' title='bbox 2665 993 2719 1039; x_wconf 91' lang='lat' dir='ltr'>et</span> <span class='ocrx_word' id='word_1_184' title='bbox 2773 984 2967 1055; x_wconf 82' lang='lat' dir='ltr'>erigat,</span> <span class='ocrx_word' id='word_1_185' title='bbox 3016 1001 3084 1042; x_wconf 89' lang='lat' dir='ltr'>ne</span> <span class='ocrx_word' id='word_1_186' title='bbox 3135 987 3368 1045; x_wconf 87' lang='lat' dir='ltr'>timeant</span> <span class='ocrx_word' id='word_1_187' title='bbox 3395 1007 3515 1062; x_wconf 72' lang='lat' dir='ltr'>quae</span> 
     </span>
    </p>
   </div>
   <div class='ocr_carea' id='block_1_25' title="bbox 1920 1071 3514 1146">
    <p class='ocr_par' dir='ltr' id='par_1_25' title="bbox 1920 1071 3514 1146">
     <span class='ocr_line' id='line_1_25' title="bbox 1920 1071 3514 1146; baseline 0.004 -20"><span class='ocrx_word' id='word_1_188' title='bbox 1920 1071 2154 1143; x_wconf 86' lang='lat' dir='ltr'>irrogari</span> <span class='ocrx_word' id='word_1_189' title='bbox 2178 1079 2405 1142; x_wconf 88' lang='lat' dir='ltr'>possunt</span> <span class='ocrx_word' id='word_1_190' title='bbox 2435 1087 2464 1125; x_wconf 91' lang='lat' dir='ltr'>a</span> <span class='ocrx_word' id='word_1_191' title='bbox 2495 1071 2720 1142; x_wconf 88' lang='lat' dir='ltr'>perﬁdis</span> <span class='ocrx_word' id='word_1_192' title='bbox 2748 1089 2760 1126; x_wconf 89' lang='lat'><strong>:</strong></span> <span class='ocrx_word' id='word_1_193' title='bbox 2793 1072 2885 1128; x_wconf 92' lang='lat' dir='ltr'>sed</span> <span class='ocrx_word' id='word_1_194' title='bbox 2920 1074 2977 1128; x_wconf 93' lang='lat' dir='ltr'>in</span> <span class='ocrx_word' id='word_1_195' title='bbox 3006 1078 3384 1146; x_wconf 90' lang='lat' dir='ltr'>persecutione</span> <span class='ocrx_word' id='word_1_196' title='bbox 3407 1080 3514 1134; x_wconf 87' lang='lat' dir='ltr'>ala-</span> 
     </span>
    </p>
   </div>
   <div class='ocr_carea' id='block_1_26' title="bbox 1919 1160 3516 1233">
    <p class='ocr_par' dir='ltr' id='par_1_26' title="bbox 1919 1160 3516 1233">
     <span class='ocr_line' id='line_1_26' title="bbox 1919 1160 3516 1233; baseline 0.005 -17"><span class='ocrx_word' id='word_1_197' title='bbox 1919 1177 2038 1217; x_wconf 90' lang='lat' dir='ltr'>cres</span> <span class='ocrx_word' id='word_1_198' title='bbox 2092 1161 2225 1229; x_wconf 91' lang='lat' dir='ltr'>sint,</span> <span class='ocrx_word' id='word_1_199' title='bbox 2280 1160 2414 1218; x_wconf 90' lang='lat' dir='ltr'>certi</span> <span class='ocrx_word' id='word_1_200' title='bbox 2473 1160 2602 1232; x_wconf 88' lang='lat' dir='ltr'>quia</span> <span class='ocrx_word' id='word_1_201' title='bbox 2650 1177 2840 1216; x_wconf 90' lang='lat' dir='ltr'>omnes</span> <span class='ocrx_word' id='word_1_202' title='bbox 2885 1163 2980 1233; x_wconf 90' lang='lat' dir='ltr'>qui</span> <span class='ocrx_word' id='word_1_203' title='bbox 3030 1164 3087 1219; x_wconf 93' lang='lat' dir='ltr'>in</span> <span class='ocrx_word' id='word_1_204' title='bbox 3118 1165 3338 1224; x_wconf 89' lang='lat' dir='ltr'>Christo</span> <span class='ocrx_word' id='word_1_205' title='bbox 3372 1177 3516 1226; x_wconf 90' lang='lat' dir='ltr'>recte</span> 
     </span>
    </p>
   </div>
   <div class='ocr_carea' id='block_1_27' title="bbox 1917 1248 3514 1327">
    <p class='ocr_par' dir='ltr' id='par_1_27' title="bbox 1917 1248 3514 1327">
     <span class='ocr_line' id='line_1_27' title="bbox 1917 1248 3514 1327; baseline 0.004 -23"><span class='ocrx_word' id='word_1_206' title='bbox 1917 1257 2340 1317; x_wconf 85' lang='lat' dir='ltr'>conversantur,</span> <span class='ocrx_word' id='word_1_207' title='bbox 2373 1248 2500 1304; x_wconf 89' lang='lat' dir='ltr'>odio</span> <span class='ocrx_word' id='word_1_208' title='bbox 2557 1248 2833 1304; x_wconf 84' lang='lat' dir='ltr'>habentur</span> <span class='ocrx_word' id='word_1_209' title='bbox 2887 1251 3053 1306; x_wconf 89' lang='lat' dir='ltr'>etiam</span> <span class='ocrx_word' id='word_1_210' title='bbox 3086 1269 3117 1307; x_wconf 93' lang='lat' dir='ltr'>a</span> <span class='ocrx_word' id='word_1_211' title='bbox 3143 1255 3386 1327; x_wconf 90' lang='lat' dir='ltr'>corporis</span> <span class='ocrx_word' id='word_1_212' title='bbox 3429 1257 3514 1313; x_wconf 91' lang='lat' dir='ltr'>sui</span> 
     </span>
    </p>
   </div>
   <div class='ocr_carea' id='block_1_28' title="bbox 1918 1337 3518 1413">
    <p class='ocr_par' dir='ltr' id='par_1_28' title="bbox 1918 1337 3518 1413">
     <span class='ocr_line' id='line_1_28' title="bbox 1918 1337 3518 1413; baseline 0.006 -20"><span class='ocrx_word' id='word_1_213' title='bbox 1918 1339 2197 1395; x_wconf 90' lang='lat' dir='ltr'>membris.</span> <span class='ocrx_word' id='word_1_214' title='bbox 2231 1339 2359 1394; x_wconf 85' lang='lat' dir='ltr'>Mali</span> <span class='ocrx_word' id='word_1_215' title='bbox 2417 1347 2596 1394; x_wconf 90' lang='lat' dir='ltr'>autem</span> <span class='ocrx_word' id='word_1_216' title='bbox 2631 1338 2686 1393; x_wconf 92' lang='lat' dir='ltr'>in</span> <span class='ocrx_word' id='word_1_217' title='bbox 2745 1339 2986 1396; x_wconf 90' lang='lat' dir='ltr'>deterius</span> <span class='ocrx_word' id='word_1_218' title='bbox 3035 1337 3350 1413; x_wconf 84' lang='lat' dir='ltr'>proﬁciunt,</span> <span class='ocrx_word' id='word_1_219' title='bbox 3384 1347 3518 1403; x_wconf 88' lang='lat' dir='ltr'>dum</span> 
     </span>
    </p>
   </div>
   <div class='ocr_carea' id='block_1_29' title="bbox 1917 1426 3517 1495">
    <p class='ocr_par' dir='ltr' id='par_1_29' title="bbox 1917 1426 3517 1495">
     <span class='ocr_line' id='line_1_29' title="bbox 1917 1426 3517 1495; baseline 0.005 -14"><span class='ocrx_word' id='word_1_220' title='bbox 1917 1426 2109 1482; x_wconf 88' lang='lat' dir='ltr'>vident</span> <span class='ocrx_word' id='word_1_221' title='bbox 2137 1429 2341 1482; x_wconf 86' lang='lat' dir='ltr'>multos</span> <span class='ocrx_word' id='word_1_222' title='bbox 2373 1427 2478 1483; x_wconf 91' lang='lat' dir='ltr'>sibi</span> <span class='ocrx_word' id='word_1_223' title='bbox 2509 1426 2638 1482; x_wconf 91' lang='lat' dir='ltr'>dare</span> <span class='ocrx_word' id='word_1_224' title='bbox 2664 1443 2966 1495; x_wconf 88' lang='lat' dir='ltr'>assensum,</span> <span class='ocrx_word' id='word_1_225' title='bbox 2999 1428 3078 1483; x_wconf 89' lang='lat' dir='ltr'>ita</span> <span class='ocrx_word' id='word_1_226' title='bbox 3117 1437 3178 1484; x_wconf 89' lang='lat' dir='ltr'>ut</span> <span class='ocrx_word' id='word_1_227' title='bbox 3205 1439 3432 1489; x_wconf 70' lang='lat' dir='ltr'>caeteros</span> <span class='ocrx_word' id='word_1_228' title='bbox 3459 1434 3517 1489; x_wconf 91' lang='lat' dir='ltr'>in</span> 
     </span>
    </p>
   </div>
   <div class='ocr_carea' id='block_1_30' title="bbox 1918 1516 3519 1579">
    <p class='ocr_par' dir='ltr' id='par_1_30' title="bbox 1918 1516 3519 1579">
     <span class='ocr_line' id='line_1_30' title="bbox 1918 1516 3519 1579; baseline 0.004 -9"><span class='ocrx_word' id='word_1_229' title='bbox 1918 1532 2159 1571; x_wconf 91' lang='lat' dir='ltr'>errorem</span> <span class='ocrx_word' id='word_1_230' title='bbox 2209 1516 2450 1572; x_wconf 86' lang='lat' dir='ltr'>mittant.</span> <span class='ocrx_word' id='word_1_231' title='bbox 2503 1519 2647 1572; x_wconf 91' lang='lat' dir='ltr'>Dum</span> <span class='ocrx_word' id='word_1_232' title='bbox 2678 1517 2825 1572; x_wconf 92' lang='lat' dir='ltr'>enim</span> <span class='ocrx_word' id='word_1_233' title='bbox 2870 1516 3124 1573; x_wconf 89' lang='lat' dir='ltr'>sciuntur</span> <span class='ocrx_word' id='word_1_234' title='bbox 3158 1534 3274 1575; x_wconf 89' lang='lat' dir='ltr'>esse</span> <span class='ocrx_word' id='word_1_235' title='bbox 3305 1521 3435 1577; x_wconf 90' lang='lat' dir='ltr'>mali</span> <span class='ocrx_word' id='word_1_236' title='bbox 3465 1531 3519 1579; x_wconf 91' lang='lat' dir='ltr'>et</span> 
     </span>
    </p>
   </div>
   <div class='ocr_carea' id='block_1_31' title="bbox 1917 1607 3516 1684">
    <p class='ocr_par' dir='ltr' id='par_1_31' title="bbox 1917 1607 3516 1684">
     <span class='ocr_line' id='line_1_31' title="bbox 1917 1607 3516 1684; baseline 0.003 -20"><span class='ocrx_word' id='word_1_237' title='bbox 1917 1607 2254 1679; x_wconf 89' lang='lat' dir='ltr'>deceptores,</span> <span class='ocrx_word' id='word_1_238' title='bbox 2311 1616 2365 1664; x_wconf 91' lang='lat' dir='ltr'>et</span> <span class='ocrx_word' id='word_1_239' title='bbox 2411 1607 2779 1662; x_wconf 89' lang='lat' dir='ltr'>nihilominus</span> <span class='ocrx_word' id='word_1_240' title='bbox 2809 1607 3001 1664; x_wconf 86' lang='lat' dir='ltr'>ﬂorere</span> <span class='ocrx_word' id='word_1_241' title='bbox 3031 1616 3084 1664; x_wconf 91' lang='lat' dir='ltr'>et</span> <span class='ocrx_word' id='word_1_242' title='bbox 3113 1612 3421 1684; x_wconf 89' lang='lat' dir='ltr'>prosperari</span> <span class='ocrx_word' id='word_1_243' title='bbox 3457 1613 3516 1669; x_wconf 91' lang='lat' dir='ltr'>in</span> 
     </span>
    </p>
   </div>
   <div class='ocr_carea' id='block_1_32' title="bbox 213 1702 3514 1782">
    <p class='ocr_par' dir='ltr' id='par_1_32' title="bbox 213 1702 3514 1782">
     <span class='ocr_line' id='line_1_32' title="bbox 213 1702 3514 1782; baseline -0 -19"><span class='ocrx_word' id='word_1_244' title='bbox 213 1707 342 1780; x_wconf 89' lang='lat' dir='ltr'>piter</span> <span class='ocrx_word' id='word_1_245' title='bbox 367 1707 614 1762; x_wconf 86' lang='lat' dir='ltr'>vivunt:</span> <span class='ocrx_word' id='word_1_246' title='bbox 662 1703 1100 1760; x_wconf 90' lang='lat' dir='ltr'>misericordiam</span> <span class='ocrx_word' id='word_1_247' title='bbox 1144 1703 1394 1773; x_wconf 91' lang='lat' dir='ltr'>laudant,</span> <span class='ocrx_word' id='word_1_248' title='bbox 1423 1721 1549 1760; x_wconf 92' lang='lat' dir='ltr'>cum</span> <span class='ocrx_word' id='word_1_249' title='bbox 1583 1705 1725 1761; x_wconf 88' lang='lat' dir='ltr'>inter</span> <span class='ocrx_word' id='word_1_250' title='bbox 1752 1722 1808 1762; x_wconf 92' lang='lat' dir='ltr'>se</span> <span class='ocrx_word' id='word_1_251' title='bbox 1839 1723 1884 1782; x_wconf 80' lang='grc' dir='ltr'>Β</span> <span class='ocrx_word' id='word_1_252' title='bbox 1920 1705 2150 1773; x_wconf 91' lang='lat' dir='ltr'>mundo,</span> <span class='ocrx_word' id='word_1_253' title='bbox 2204 1704 2492 1760; x_wconf 86' lang='lat' dir='ltr'>attrahunt</span> <span class='ocrx_word' id='word_1_254' title='bbox 2538 1702 2828 1776; x_wconf 86' lang='lat' dir='ltr'>quosdam,</span> <span class='ocrx_word' id='word_1_255' title='bbox 2877 1710 2938 1757; x_wconf 92' lang='lat' dir='ltr'>ut</span> <span class='ocrx_word' id='word_1_256' title='bbox 2971 1703 3276 1760; x_wconf 87' lang='lat' dir='ltr'>imitatores</span> <span class='ocrx_word' id='word_1_257' title='bbox 3323 1723 3514 1762; x_wconf 90' lang='lat' dir='ltr'>eorum</span> 
     </span>
    </p>
   </div>
   <div class='ocr_carea' id='block_1_33' title="bbox 212 1791 1808 1868">
    <p class='ocr_par' dir='ltr' id='par_1_33' title="bbox 212 1791 1808 1868">
     <span class='ocr_line' id='line_1_33' title="bbox 212 1791 1808 1868; baseline -0.001 -17"><span class='ocrx_word' id='word_1_258' title='bbox 212 1795 395 1868; x_wconf 89' lang='lat' dir='ltr'>injusti</span> <span class='ocrx_word' id='word_1_259' title='bbox 429 1791 950 1866; x_wconf 87' lang='lat' dir='ltr'>deprehendantur:</span> <span class='ocrx_word' id='word_1_260' title='bbox 1005 1792 1274 1848; x_wconf 90' lang='lat' dir='ltr'>mundum</span> <span class='ocrx_word' id='word_1_261' title='bbox 1314 1793 1681 1864; x_wconf 89' lang='lat' dir='ltr'>spernendum</span> <span class='ocrx_word' id='word_1_262' title='bbox 1710 1811 1808 1850; x_wconf 87' lang='lat' dir='ltr'>as-</span> 
     </span>
    </p>
   </div>
   <div class='ocr_carea' id='block_1_34' title="bbox 211 1879 1808 1954">
    <p class='ocr_par' dir='ltr' id='par_1_34' title="bbox 211 1879 1808 1954">
     <span class='ocr_line' id='line_1_34' title="bbox 211 1879 1808 1954; baseline -0.001 -14"><span class='ocrx_word' id='word_1_263' title='bbox 211 1892 420 1952; x_wconf 81' lang='lat' dir='ltr'>serunt,</span> <span class='ocrx_word' id='word_1_264' title='bbox 453 1890 508 1940; x_wconf 89' lang='lat' dir='ltr'>et</span> <span class='ocrx_word' id='word_1_265' title='bbox 537 1896 752 1954; x_wconf 82' lang='lat' dir='ltr'>semper</span> <span class='ocrx_word' id='word_1_266' title='bbox 779 1879 1022 1937; x_wconf 90' lang='lat' dir='ltr'>accurati</span> <span class='ocrx_word' id='word_1_267' title='bbox 1054 1881 1359 1953; x_wconf 90' lang='lat' dir='ltr'>procedunt</span> <span class='ocrx_word' id='word_1_268' title='bbox 1386 1899 1398 1949; x_wconf 88' lang='lat'>;</span> <span class='ocrx_word' id='word_1_269' title='bbox 1419 1881 1648 1954; x_wconf 89' lang='lat' dir='ltr'>jejuniis</span> <span class='ocrx_word' id='word_1_270' title='bbox 1679 1883 1808 1940; x_wconf 86' lang='lat' dir='ltr'>insi-</span> 
     </span>
    </p>
   </div>
   <div class='ocr_carea' id='block_1_35' title="bbox 213 1969 1807 2044">
    <p class='ocr_par' dir='ltr' id='par_1_35' title="bbox 213 1969 1807 2044">
     <span class='ocr_line' id='line_1_35' title="bbox 213 1969 1807 2044; baseline -0.002 -15"><span class='ocrx_word' id='word_1_271' title='bbox 213 1983 351 2030; x_wconf 89' lang='lat' dir='ltr'>stere</span> <span class='ocrx_word' id='word_1_272' title='bbox 378 1988 443 2028; x_wconf 84' lang='lat' dir='ltr'>se</span> <span class='ocrx_word' id='word_1_273' title='bbox 475 1971 743 2043; x_wconf 84' lang='lat' dir='ltr'>jactanter</span> <span class='ocrx_word' id='word_1_274' title='bbox 789 1969 1109 2043; x_wconf 59' lang='lat' dir='ltr'>pradicant,</span> <span class='ocrx_word' id='word_1_275' title='bbox 1160 1987 1286 2028; x_wconf 88' lang='lat' dir='ltr'>cum</span> <span class='ocrx_word' id='word_1_276' title='bbox 1337 1987 1528 2027; x_wconf 88' lang='lat' dir='ltr'>omnes</span> <span class='ocrx_word' id='word_1_277' title='bbox 1577 1972 1807 2044; x_wconf 83' lang='lat' dir='ltr'>saginati</span> 
     </span>
    </p>
   </div>
   <div class='ocr_carea' id='block_1_36' title="bbox 214 2059 1810 2132">
    <p class='ocr_par' dir='ltr' id='par_1_36' title="bbox 214 2059 1810 2132">
     <span class='ocr_line' id='line_1_36' title="bbox 214 2059 1810 2132; baseline -0.001 -14"><span class='ocrx_word' id='word_1_278' title='bbox 214 2062 511 2118; x_wconf 87' lang='lat' dir='ltr'>videantur</span> <span class='ocrx_word' id='word_1_279' title='bbox 540 2067 791 2128; x_wconf 88' lang='lat' dir='ltr'>;tantum</span> <span class='ocrx_word' id='word_1_280' title='bbox 832 2059 979 2132; x_wconf 90' lang='lat' dir='ltr'>quod</span> <span class='ocrx_word' id='word_1_281' title='bbox 1026 2066 1141 2116; x_wconf 85' lang='lat' dir='ltr'>arte</span> <span class='ocrx_word' id='word_1_282' title='bbox 1183 2059 1418 2132; x_wconf 90' lang='lat' dir='ltr'>quadam</span> <span class='ocrx_word' id='word_1_283' title='bbox 1447 2060 1640 2132; x_wconf 89' lang='lat' dir='ltr'>pallidi</span> <span class='ocrx_word' id='word_1_284' title='bbox 1681 2078 1810 2117; x_wconf 90' lang='lat' dir='ltr'>cer-</span> 
     </span>
    </p>
   </div>
   <div class='ocr_carea' id='block_1_37' title="bbox 211 2148 1808 2222">
    <p class='ocr_par' dir='ltr' id='par_1_37' title="bbox 211 2148 1808 2222">
     <span class='ocr_line' id='line_1_37' title="bbox 211 2148 1808 2222; baseline -0.001 -14"><span class='ocrx_word' id='word_1_285' title='bbox 211 2158 438 2218; x_wconf 90' lang='lat' dir='ltr'>nuntur,</span> <span class='ocrx_word' id='word_1_286' title='bbox 472 2157 531 2205; x_wconf 91' lang='lat' dir='ltr'>ut</span> <span class='ocrx_word' id='word_1_287' title='bbox 578 2149 792 2205; x_wconf 86' lang='lat' dir='ltr'>fallant.</span> <span class='ocrx_word' id='word_1_288' title='bbox 826 2149 952 2206; x_wconf 71' lang='lat' dir='ltr'>Haec</span> <span class='ocrx_word' id='word_1_289' title='bbox 981 2165 1108 2222; x_wconf 87' lang='lat' dir='ltr'>ergo</span> <span class='ocrx_word' id='word_1_290' title='bbox 1133 2148 1430 2222; x_wconf 84' lang='lat' dir='ltr'>Apostolus</span> <span class='ocrx_word' id='word_1_291' title='bbox 1473 2149 1712 2205; x_wconf 83' lang='lat' dir='ltr'>maxime</span> <span class='ocrx_word' id='word_1_292' title='bbox 1741 2150 1808 2206; x_wconf 91' lang='lat' dir='ltr'>de</span> 
     </span>
    </p>
   </div>
   <div class='ocr_carea' id='block_1_38' title="bbox 210 2239 1809 2314">
    <p class='ocr_par' dir='ltr' id='par_1_38' title="bbox 210 2239 1809 2314">
     <span class='ocr_line' id='line_1_38' title="bbox 210 2239 1809 2314; baseline -0.001 -19"><span class='ocrx_word' id='word_1_293' title='bbox 210 2240 291 2297; x_wconf 88' lang='lat' dir='ltr'>his</span> <span class='ocrx_word' id='word_1_294' title='bbox 318 2239 700 2314; x_wconf 87' lang='lat' dir='ltr'>prophetavit,</span> <span class='ocrx_word' id='word_1_295' title='bbox 745 2255 882 2311; x_wconf 91' lang='lat' dir='ltr'>quos</span> <span class='ocrx_word' id='word_1_296' title='bbox 909 2245 1124 2294; x_wconf 88' lang='lat' dir='ltr'>constat</span> <span class='ocrx_word' id='word_1_297' title='bbox 1155 2239 1530 2311; x_wconf 86' lang='lat' dir='ltr'>apostolorum</span> <span class='ocrx_word' id='word_1_298' title='bbox 1563 2247 1809 2311; x_wconf 91' lang='lat' dir='ltr'>tempore</span> 
     </span>
    </p>
   </div>
   <div class='ocr_carea' id='block_1_39' title="bbox 209 2327 1808 2401">
    <p class='ocr_par' dir='ltr' id='par_1_39' title="bbox 209 2327 1808 2401">
     <span class='ocr_line' id='line_1_39' title="bbox 209 2327 1808 2401; baseline 0 -17"><span class='ocrx_word' id='word_1_299' title='bbox 209 2346 310 2385; x_wconf 91' lang='lat' dir='ltr'>non</span> <span class='ocrx_word' id='word_1_300' title='bbox 339 2330 540 2398; x_wconf 91' lang='lat' dir='ltr'>fuisse,</span> <span class='ocrx_word' id='word_1_301' title='bbox 571 2329 719 2385; x_wconf 91' lang='lat' dir='ltr'>sicut</span> <span class='ocrx_word' id='word_1_302' title='bbox 747 2343 849 2384; x_wconf 91' lang='lat' dir='ltr'>nec</span> <span class='ocrx_word' id='word_1_303' title='bbox 877 2329 1148 2396; x_wconf 84' lang='lat' dir='ltr'>Arianos;</span> <span class='ocrx_word' id='word_1_304' title='bbox 1207 2328 1411 2401; x_wconf 88' lang='lat' dir='ltr'>quippe</span> <span class='ocrx_word' id='word_1_305' title='bbox 1438 2345 1565 2385; x_wconf 92' lang='lat' dir='ltr'>cum</span> <span class='ocrx_word' id='word_1_306' title='bbox 1597 2327 1808 2386; x_wconf 86' lang='lat' dir='ltr'>Diocle-</span> 
     </span>
    </p>
   </div>
   <div class='ocr_carea' id='block_1_40' title="bbox 208 2415 1804 2489">
    <p class='ocr_par' dir='ltr' id='par_1_40' title="bbox 208 2415 1804 2489">
     <span class='ocr_line' id='line_1_40' title="bbox 208 2415 1804 2489; baseline 0 -15"><span class='ocrx_word' id='word_1_307' title='bbox 208 2419 384 2475; x_wconf 86' lang='lat' dir='ltr'>tianus</span> <span class='ocrx_word' id='word_1_308' title='bbox 420 2419 724 2489; x_wconf 86' lang='lat' dir='ltr'>imperator</span> <span class='ocrx_word' id='word_1_309' title='bbox 752 2416 1154 2473; x_wconf 85' lang='lat' dir='ltr'>constitutione</span> <span class='ocrx_word' id='word_1_310' title='bbox 1181 2433 1281 2472; x_wconf 91' lang='lat' dir='ltr'>sua</span> <span class='ocrx_word' id='word_1_311' title='bbox 1300 2415 1570 2489; x_wconf 82' lang='lat' dir='ltr'>designet,</span> <span class='ocrx_word' id='word_1_312' title='bbox 1597 2416 1804 2474; x_wconf 90' lang='lat' dir='ltr'>dicens:</span> 
     </span>
    </p>
   </div>
   <div class='ocr_carea' id='block_1_41' title="bbox 208 2505 1807 2579">
    <p class='ocr_par' dir='ltr' id='par_1_41' title="bbox 208 2505 1807 2579">
     <span class='ocr_line' id='line_1_41' title="bbox 208 2505 1807 2579; baseline 0.001 -17"><span class='ocrx_word' id='word_1_313' title='bbox 208 2506 503 2564; x_wconf 88' lang='lat' dir='ltr'>Sordidam</span> <span class='ocrx_word' id='word_1_314' title='bbox 558 2507 700 2564; x_wconf 89' lang='lat' dir='ltr'>hanc</span> <span class='ocrx_word' id='word_1_315' title='bbox 728 2514 782 2562; x_wconf 92' lang='lat' dir='ltr'>et</span> <span class='ocrx_word' id='word_1_316' title='bbox 817 2505 1093 2579; x_wconf 88' lang='lat' dir='ltr'>impuram</span> <span class='ocrx_word' id='word_1_317' title='bbox 1127 2506 1399 2573; x_wconf 73' lang='lat' dir='ltr'>haeresim,</span> <span class='ocrx_word' id='word_1_318' title='bbox 1455 2523 1574 2578; x_wconf 71' lang='lat' dir='ltr'>qua:</span> <span class='ocrx_word' id='word_1_319' title='bbox 1612 2523 1807 2578; x_wconf 90' lang='lat' dir='ltr'>nuper,</span> 
     </span>
    </p>
   </div>
   <div class='ocr_carea' id='block_1_42' title="bbox 206 2595 1805 2670">
    <p class='ocr_par' dir='ltr' id='par_1_42' title="bbox 206 2595 1805 2670">
     <span class='ocr_line' id='line_1_42' title="bbox 206 2595 1805 2670; baseline -0.001 -16"><span class='ocrx_word' id='word_1_320' title='bbox 206 2597 411 2670; x_wconf 90' lang='lat' dir='ltr'>inquit,</span> <span class='ocrx_word' id='word_1_321' title='bbox 479 2613 687 2669; x_wconf 88' lang='lat' dir='ltr'>egressa</span> <span class='ocrx_word' id='word_1_322' title='bbox 740 2604 821 2653; x_wconf 76' lang='lat' dir='ltr'>est</span> <span class='ocrx_word' id='word_1_323' title='bbox 874 2595 941 2652; x_wconf 89' lang='lat' dir='ltr'>de</span> <span class='ocrx_word' id='word_1_324' title='bbox 997 2595 1216 2652; x_wconf 90' lang='lat' dir='ltr'>Perside</span> <span class='ocrx_word' id='word_1_325' title='bbox 1249 2595 1411 2666; x_wconf 89' lang='lat' dir='ltr'>(Vide</span> <span class='ocrx_word' id='word_1_326' title='bbox 1464 2596 1675 2652; x_wconf 78' lang='lat' dir='ltr'>Collect.</span> <span class='ocrx_word' id='word_1_327' title='bbox 1712 2598 1805 2667; x_wconf 83' lang='lat' dir='ltr'>leg.</span> 
     </span>
    </p>
   </div>
   <div class='ocr_carea' id='block_1_43' title="bbox 204 2684 1807 2757">
    <p class='ocr_par' dir='ltr' id='par_1_43' title="bbox 204 2684 1807 2757">
     <span class='ocr_line' id='line_1_43' title="bbox 204 2684 1807 2757; baseline -0.002 -14"><span class='ocrx_word' id='word_1_328' title='bbox 204 2688 429 2746; x_wconf 77' lang='lat' dir='ltr'>Mosaic.</span> <span class='ocrx_word' id='word_1_329' title='bbox 462 2693 510 2742; x_wconf 77' lang='lat' dir='ltr'>et</span> <span class='ocrx_word' id='word_1_330' title='bbox 528 2686 802 2757; x_wconf 63' lang='lat' dir='ltr'>Romam).</span> <span class='ocrx_word' id='word_1_331' title='bbox 832 2685 900 2740; x_wconf 89' lang='lat' dir='ltr'>Hi</span> <span class='ocrx_word' id='word_1_332' title='bbox 924 2685 1220 2741; x_wconf 90' lang='lat' dir='ltr'>inveniunt</span> <span class='ocrx_word' id='word_1_333' title='bbox 1240 2685 1500 2742; x_wconf 88' lang='lat' dir='ltr'>mulieres</span> <span class='ocrx_word' id='word_1_334' title='bbox 1521 2701 1630 2757; x_wconf 63' lang='lat' dir='ltr'>prae</span> <span class='ocrx_word' id='word_1_335' title='bbox 1657 2684 1807 2741; x_wconf 89' lang='lat' dir='ltr'>vani-</span> 
     </span>
    </p>
   </div>
   <div class='ocr_carea' id='block_1_44' title="bbox 205 2775 1811 2850">
    <p class='ocr_par' dir='ltr' id='par_1_44' title="bbox 205 2775 1811 2850">
     <span class='ocr_line' id='line_1_44' title="bbox 205 2775 1811 2850; baseline -0.001 -16"><span class='ocrx_word' id='word_1_336' title='bbox 205 2785 308 2834; x_wconf 89' lang='lat' dir='ltr'>tate</span> <span class='ocrx_word' id='word_1_337' title='bbox 337 2794 556 2835; x_wconf 89' lang='lat' dir='ltr'>novum</span> <span class='ocrx_word' id='word_1_338' title='bbox 611 2775 823 2850; x_wconf 89' lang='lat' dir='ltr'>aliquid</span> <span class='ocrx_word' id='word_1_339' title='bbox 852 2775 1227 2832; x_wconf 85' lang='lat' dir='ltr'>desiderantes</span> <span class='ocrx_word' id='word_1_340' title='bbox 1282 2775 1496 2844; x_wconf 89' lang='lat' dir='ltr'>audire,</span> <span class='ocrx_word' id='word_1_341' title='bbox 1529 2785 1585 2832; x_wconf 89' lang='lat' dir='ltr'>et</span> <span class='ocrx_word' id='word_1_342' title='bbox 1614 2792 1711 2849; x_wconf 89' lang='lat' dir='ltr'>per</span> <span class='ocrx_word' id='word_1_343' title='bbox 1749 2793 1811 2832; x_wconf 89' lang='lat' dir='ltr'>ea</span> 
     </span>
    </p>
   </div>
   <div class='ocr_carea' id='block_1_45' title="bbox 205 2864 1810 2940">
    <p class='ocr_par' dir='ltr' id='par_1_45' title="bbox 205 2864 1810 2940">
     <span class='ocr_line' id='line_1_45' title="bbox 205 2864 1810 2940; baseline -0.001 -16"><span class='ocrx_word' id='word_1_344' title='bbox 205 2884 314 2940; x_wconf 70' lang='lat' dir='ltr'>quae</span> <span class='ocrx_word' id='word_1_345' title='bbox 341 2866 563 2940; x_wconf 83' lang='lat' dir='ltr'>placita</span> <span class='ocrx_word' id='word_1_346' title='bbox 594 2873 745 2933; x_wconf 87' lang='lat' dir='ltr'>sunt,</span> <span class='ocrx_word' id='word_1_347' title='bbox 772 2864 1004 2921; x_wconf 89' lang='lat' dir='ltr'>suadent</span> <span class='ocrx_word' id='word_1_348' title='bbox 1032 2864 1146 2921; x_wconf 90' lang='lat' dir='ltr'>illis</span> <span class='ocrx_word' id='word_1_349' title='bbox 1174 2865 1314 2921; x_wconf 71' lang='lat' dir='ltr'>faada</span> <span class='ocrx_word' id='word_1_350' title='bbox 1365 2872 1419 2920; x_wconf 91' lang='lat' dir='ltr'>et</span> <span class='ocrx_word' id='word_1_351' title='bbox 1449 2864 1646 2922; x_wconf 91' lang='lat' dir='ltr'>illicita</span> <span class='ocrx_word' id='word_1_352' title='bbox 1671 2885 1684 2933; x_wconf 90' lang='lat'>;</span> <span class='ocrx_word' id='word_1_353' title='bbox 1718 2883 1810 2923; x_wconf 85' lang='lat' dir='ltr'>cu-</span> 
     </span>
    </p>
   </div>
   <div class='ocr_carea' id='block_1_46' title="bbox 205 2953 1812 3029">
    <p class='ocr_par' dir='ltr' id='par_1_46' title="bbox 205 2953 1812 3029">
     <span class='ocr_line' id='line_1_46' title="bbox 205 2953 1812 3029; baseline -0.001 -17"><span class='ocrx_word' id='word_1_354' title='bbox 205 2957 335 3029; x_wconf 67' lang='lat' dir='ltr'>pidae</span> <span class='ocrx_word' id='word_1_355' title='bbox 359 2956 525 3014; x_wconf 88' lang='lat' dir='ltr'>enim</span> <span class='ocrx_word' id='word_1_356' title='bbox 557 2962 685 3011; x_wconf 91' lang='lat' dir='ltr'>sunt</span> <span class='ocrx_word' id='word_1_357' title='bbox 701 2953 969 3021; x_wconf 88' lang='lat' dir='ltr'>discendi,</span> <span class='ocrx_word' id='word_1_358' title='bbox 989 2971 1114 3012; x_wconf 92' lang='lat' dir='ltr'>cum</span> <span class='ocrx_word' id='word_1_359' title='bbox 1142 2953 1417 3025; x_wconf 90' lang='lat' dir='ltr'>judicium</span> <span class='ocrx_word' id='word_1_360' title='bbox 1439 2971 1547 3011; x_wconf 92' lang='lat' dir='ltr'>non</span> <span class='ocrx_word' id='word_1_361' title='bbox 1574 2953 1812 3012; x_wconf 90' lang='lat' dir='ltr'>habeant</span> 
     </span>
    </p>
   </div>
   <div class='ocr_carea' id='block_1_47' title="bbox 1917 1789 3518 1865">
    <p class='ocr_par' dir='ltr' id='par_1_47' title="bbox 1917 1789 3518 1865">
     <span class='ocr_line' id='line_1_47' title="bbox 1917 1789 3518 1865; baseline 0.002 -21"><span class='ocrx_word' id='word_1_362' title='bbox 1917 1789 2248 1860; x_wconf 80' lang='lat' dir='ltr'>efﬁciantur,</span> <span class='ocrx_word' id='word_1_363' title='bbox 2309 1808 2420 1847; x_wconf 90' lang='lat' dir='ltr'>non</span> <span class='ocrx_word' id='word_1_364' title='bbox 2478 1791 2657 1847; x_wconf 89' lang='lat' dir='ltr'>solum</span> <span class='ocrx_word' id='word_1_365' title='bbox 2707 1789 2764 1844; x_wconf 91' lang='lat' dir='ltr'>in</span> <span class='ocrx_word' id='word_1_366' title='bbox 2811 1789 3048 1860; x_wconf 90' lang='lat' dir='ltr'>propriis</span> <span class='ocrx_word' id='word_1_367' title='bbox 3077 1792 3358 1848; x_wconf 91' lang='lat' dir='ltr'>erroribus</span> <span class='ocrx_word' id='word_1_368' title='bbox 3404 1809 3518 1865; x_wconf 88' lang='lat' dir='ltr'>pu—</span> 
     </span>
    </p>
   </div>
   <div class='ocr_carea' id='block_1_48' title="bbox 1919 1879 3518 1952">
    <p class='ocr_par' dir='ltr' id='par_1_48' title="bbox 1919 1879 3518 1952">
     <span class='ocr_line' id='line_1_48' title="bbox 1919 1879 3518 1952; baseline 0.001 -16"><span class='ocrx_word' id='word_1_369' title='bbox 1919 1880 2130 1951; x_wconf 90' lang='lat' dir='ltr'>niendi,</span> <span class='ocrx_word' id='word_1_370' title='bbox 2187 1899 2381 1938; x_wconf 88' lang='lat' dir='ltr'>verum</span> <span class='ocrx_word' id='word_1_371' title='bbox 2414 1880 2579 1938; x_wconf 90' lang='lat' dir='ltr'>etiam</span> <span class='ocrx_word' id='word_1_372' title='bbox 2627 1880 2686 1936; x_wconf 91' lang='lat' dir='ltr'>in</span> <span class='ocrx_word' id='word_1_373' title='bbox 2715 1879 2936 1948; x_wconf 92' lang='lat' dir='ltr'>horum,</span> <span class='ocrx_word' id='word_1_374' title='bbox 2970 1895 3107 1952; x_wconf 91' lang='lat' dir='ltr'>quos</span> <span class='ocrx_word' id='word_1_375' title='bbox 3136 1883 3390 1952; x_wconf 87' lang='lat' dir='ltr'>exemplo</span> <span class='ocrx_word' id='word_1_376' title='bbox 3419 1899 3518 1938; x_wconf 92' lang='lat' dir='ltr'>suo</span> 
     </span>
    </p>
   </div>
   <div class='ocr_carea' id='block_1_49' title="bbox 1917 1971 2963 2043">
    <p class='ocr_par' dir='ltr' id='par_1_49' title="bbox 1917 1971 2963 2043">
     <span class='ocr_line' id='line_1_49' title="bbox 1917 1971 2963 2043; baseline 0.012 -18"><span class='ocrx_word' id='word_1_377' title='bbox 1917 1971 2244 2043; x_wconf 89' lang='lat' dir='ltr'>deperdunt.</span> <span class='ocrx_word' id='word_1_378' title='bbox 2959 2032 2963 2038; x_wconf 92' lang='lat'>.</span> 
     </span>
    </p>
   </div>
   <div class='ocr_carea' id='block_1_50' title="bbox 1993 2059 3519 2134">
    <p class='ocr_par' dir='ltr' id='par_1_50' title="bbox 1993 2059 3519 2134">
     <span class='ocr_line' id='line_1_50' title="bbox 1993 2059 3519 2134; baseline 0.001 -18"><span class='ocrx_word' id='word_1_379' title='bbox 1993 2059 2174 2130; x_wconf 86' lang='lat' dir='ltr'>(Vers.</span> <span class='ocrx_word' id='word_1_380' title='bbox 2218 2061 2303 2129; x_wconf 71' lang='grc'>14,</span> <span class='ocrx_word' id='word_1_381' title='bbox 2339 2061 2454 2133; x_wconf 78' lang='grc'><strong>15.)</strong></span> <span class='ocrx_word' id='word_1_382' title='bbox 2523 2086 2541 2108; x_wconf 74' lang='grc' dir='ltr'><strong>ε</strong></span> <span class='ocrx_word' id='word_1_383' title='bbox 2568 2061 2650 2116; x_wconf 93' lang='lat' dir='ltr'>Tu</span> <span class='ocrx_word' id='word_1_384' title='bbox 2679 2076 2810 2117; x_wconf 87' lang='lat' dir='ltr'>vero</span> <span class='ocrx_word' id='word_1_385' title='bbox 2840 2076 3127 2132; x_wconf 89' lang='lat' dir='ltr'>persevera</span> <span class='ocrx_word' id='word_1_386' title='bbox 3158 2061 3214 2116; x_wconf 91' lang='lat' dir='ltr'>in</span> <span class='ocrx_word' id='word_1_387' title='bbox 3258 2060 3367 2130; x_wconf 87' lang='lat' dir='ltr'>his,</span> <span class='ocrx_word' id='word_1_388' title='bbox 3399 2076 3519 2134; x_wconf 64' lang='lat' dir='ltr'>quae</span> 
     </span>
    </p>
   </div>
   <div class='ocr_carea' id='block_1_51' title="bbox 1919 2147 3522 2224">
    <p class='ocr_par' dir='ltr' id='par_1_51' title="bbox 1919 2147 3522 2224">
     <span class='ocr_line' id='line_1_51' title="bbox 1919 2147 3522 2224; baseline 0.002 -20"><span class='ocrx_word' id='word_1_389' title='bbox 1919 2147 2195 2218; x_wconf 91' lang='lat' dir='ltr'>dedicisti,</span> <span class='ocrx_word' id='word_1_390' title='bbox 2227 2157 2279 2205; x_wconf 89' lang='lat' dir='ltr'>et</span> <span class='ocrx_word' id='word_1_391' title='bbox 2308 2167 2428 2223; x_wconf 68' lang='lat' dir='ltr'>qua:</span> <span class='ocrx_word' id='word_1_392' title='bbox 2475 2149 2578 2204; x_wconf 88' lang='lat' dir='ltr'>tibi</span> <span class='ocrx_word' id='word_1_393' title='bbox 2609 2149 2815 2206; x_wconf 89' lang='lat' dir='ltr'>credita</span> <span class='ocrx_word' id='word_1_394' title='bbox 2844 2157 2993 2217; x_wconf 90' lang='lat' dir='ltr'>sunt,</span> <span class='ocrx_word' id='word_1_395' title='bbox 3031 2151 3210 2206; x_wconf 90' lang='lat' dir='ltr'>sciens</span> <span class='ocrx_word' id='word_1_396' title='bbox 3261 2167 3292 2205; x_wconf 90' lang='lat' dir='ltr'>a</span> <span class='ocrx_word' id='word_1_397' title='bbox 3321 2151 3522 2224; x_wconf 88' lang='lat' dir='ltr'>quibus</span> 
     </span>
    </p>
   </div>
   <div class='ocr_carea' id='block_1_52' title="bbox 1919 2237 3513 2311">
    <p class='ocr_par' dir='ltr' id='par_1_52' title="bbox 1919 2237 3513 2311">
     <span class='ocr_line' id='line_1_52' title="bbox 1919 2237 3513 2311; baseline 0.006 -19"><span class='ocrx_word' id='word_1_398' title='bbox 1919 2237 2202 2306; x_wconf 89' lang='lat' dir='ltr'>didiceris,</span> <span class='ocrx_word' id='word_1_399' title='bbox 2259 2246 2314 2293; x_wconf 91' lang='lat' dir='ltr'>et</span> <span class='ocrx_word' id='word_1_400' title='bbox 2367 2238 2499 2311; x_wconf 88' lang='lat' dir='ltr'>quia</span> <span class='ocrx_word' id='word_1_401' title='bbox 2551 2237 2619 2294; x_wconf 91' lang='lat' dir='ltr'>ab</span> <span class='ocrx_word' id='word_1_402' title='bbox 2649 2238 2887 2294; x_wconf 86' lang='lat' dir='ltr'>infantia</span> <span class='ocrx_word' id='word_1_403' title='bbox 2927 2255 3108 2295; x_wconf 91' lang='lat' dir='ltr'>sacras</span> <span class='ocrx_word' id='word_1_404' title='bbox 3138 2239 3345 2295; x_wconf 86' lang='lat' dir='ltr'>litteras</span> <span class='ocrx_word' id='word_1_405' title='bbox 3375 2246 3513 2301; x_wconf 87' lang='lat'>311</span> 
     </span>
    </p>
   </div>
   <div class='ocr_carea' id='block_1_53' title="bbox 1920 2333 3522 2409">
    <p class='ocr_par' dir='ltr' id='par_1_53' title="bbox 1920 2333 3522 2409">
     <span class='ocr_line' id='line_1_53' title="bbox 1920 2333 3522 2409; baseline 0.001 -19"><span class='ocrx_word' id='word_1_406' title='bbox 1920 2335 2088 2404; x_wconf 90' lang='lat' dir='ltr'>nosti,</span> <span class='ocrx_word' id='word_1_407' title='bbox 2119 2353 2240 2409; x_wconf 68' lang='lat' dir='ltr'>qua:</span> <span class='ocrx_word' id='word_1_408' title='bbox 2275 2342 2506 2406; x_wconf 89' lang='lat' dir='ltr'>possunt</span> <span class='ocrx_word' id='word_1_409' title='bbox 2561 2343 2614 2390; x_wconf 92' lang='lat' dir='ltr'>te</span> <span class='ocrx_word' id='word_1_410' title='bbox 2670 2333 2891 2390; x_wconf 89' lang='lat' dir='ltr'>erudire</span> <span class='ocrx_word' id='word_1_411' title='bbox 2919 2336 2988 2392; x_wconf 91' lang='lat' dir='ltr'>ad</span> <span class='ocrx_word' id='word_1_412' title='bbox 3017 2336 3270 2391; x_wconf 90' lang='lat' dir='ltr'>salutem.</span> <span class='ocrx_word' id='word_1_413' title='bbox 3305 2361 3324 2385; x_wconf 77' lang='grc' dir='ltr'>ι</span> <span class='ocrx_word' id='word_1_414' title='bbox 3368 2337 3522 2392; x_wconf 90' lang='lat' dir='ltr'>Mul—</span> 
     </span>
    </p>
   </div>
   <div class='ocr_carea' id='block_1_54' title="bbox 1919 2423 3521 2499">
    <p class='ocr_par' dir='ltr' id='par_1_54' title="bbox 1919 2423 3521 2499">
     <span class='ocr_line' id='line_1_54' title="bbox 1919 2423 3521 2499; baseline -0.001 -17"><span class='ocrx_word' id='word_1_415' title='bbox 1919 2435 2036 2483; x_wconf 90' lang='lat' dir='ltr'>tum</span> <span class='ocrx_word' id='word_1_416' title='bbox 2096 2425 2353 2499; x_wconf 90' lang='lat' dir='ltr'>prodesse</span> <span class='ocrx_word' id='word_1_417' title='bbox 2387 2423 2660 2496; x_wconf 88' lang='lat' dir='ltr'>signiﬁcat</span> <span class='ocrx_word' id='word_1_418' title='bbox 2711 2425 2924 2480; x_wconf 87' lang='lat' dir='ltr'>Veteris</span> <span class='ocrx_word' id='word_1_419' title='bbox 2955 2425 3290 2482; x_wconf 90' lang='lat' dir='ltr'>Testamenti</span> <span class='ocrx_word' id='word_1_420' title='bbox 3321 2426 3521 2481; x_wconf 89' lang='lat' dir='ltr'>habere</span> 
     </span>
    </p>
   </div>
   <div class='ocr_carea' id='block_1_55' title="bbox 1921 2515 3519 2588">
    <p class='ocr_par' dir='ltr' id='par_1_55' title="bbox 1921 2515 3519 2588">
     <span class='ocr_line' id='line_1_55' title="bbox 1921 2515 3519 2588; baseline -0.001 -15"><span class='ocrx_word' id='word_1_421' title='bbox 1921 2515 2214 2578; x_wconf 86' lang='lat' dir='ltr'>notitiam;</span> <span class='ocrx_word' id='word_1_422' title='bbox 2274 2517 2418 2587; x_wconf 87' lang='lat' dir='ltr'>ipsas</span> <span class='ocrx_word' id='word_1_423' title='bbox 2471 2517 2618 2571; x_wconf 91' lang='lat' dir='ltr'>enim</span> <span class='ocrx_word' id='word_1_424' title='bbox 2677 2531 2856 2572; x_wconf 90' lang='lat' dir='ltr'>sacras</span> <span class='ocrx_word' id='word_1_425' title='bbox 2916 2515 3128 2571; x_wconf 90' lang='lat' dir='ltr'>litteras</span> <span class='ocrx_word' id='word_1_426' title='bbox 3183 2516 3339 2584; x_wconf 91' lang='lat' dir='ltr'>dicit,</span> <span class='ocrx_word' id='word_1_427' title='bbox 3399 2532 3519 2588; x_wconf 67' lang='lat' dir='ltr'>quas</span> 
     </span>
    </p>
   </div>
   <div class='ocr_carea' id='block_1_56' title="bbox 1920 2600 3521 2677">
    <p class='ocr_par' dir='ltr' id='par_1_56' title="bbox 1920 2600 3521 2677">
     <span class='ocr_line' id='line_1_56' title="bbox 1920 2600 3521 2677; baseline -0.002 -16"><span class='ocrx_word' id='word_1_428' title='bbox 1920 2605 2126 2663; x_wconf 90' lang='lat' dir='ltr'>Christi</span> <span class='ocrx_word' id='word_1_429' title='bbox 2147 2621 2436 2677; x_wconf 90' lang='lat' dir='ltr'>personam</span> <span class='ocrx_word' id='word_1_430' title='bbox 2457 2603 2766 2670; x_wconf 80' lang='lat' dir='ltr'>insinuant,</span> <span class='ocrx_word' id='word_1_431' title='bbox 2789 2609 2843 2657; x_wconf 91' lang='lat' dir='ltr'>et</span> <span class='ocrx_word' id='word_1_432' title='bbox 2864 2602 3294 2658; x_wconf 89' lang='lat' dir='ltr'>incarnationem</span> <span class='ocrx_word' id='word_1_433' title='bbox 3319 2600 3436 2672; x_wconf 86' lang='lat' dir='ltr'>ejus</span> <span class='ocrx_word' id='word_1_434' title='bbox 3451 2603 3521 2658; x_wconf 88' lang='lat' dir='ltr'>ad</span> 
     </span>
    </p>
   </div>
   <div class='ocr_carea' id='block_1_57' title="bbox 1921 2691 3522 2750">
    <p class='ocr_par' dir='ltr' id='par_1_57' title="bbox 1921 2691 3522 2750">
     <span class='ocr_line' id='line_1_57' title="bbox 1921 2691 3522 2750; baseline -0.002 0"><span class='ocrx_word' id='word_1_435' title='bbox 1921 2696 2151 2750; x_wconf 85' lang='lat' dir='ltr'>salutem</span> <span class='ocrx_word' id='word_1_436' title='bbox 2196 2693 2486 2748; x_wconf 91' lang='lat' dir='ltr'>hominum</span> <span class='ocrx_word' id='word_1_437' title='bbox 2521 2691 2896 2747; x_wconf 90' lang='lat' dir='ltr'>redimendam</span> <span class='ocrx_word' id='word_1_438' title='bbox 2926 2691 3224 2748; x_wconf 89' lang='lat' dir='ltr'>declarant.</span> <span class='ocrx_word' id='word_1_439' title='bbox 3258 2693 3522 2748; x_wconf 84' lang='lat' dir='ltr'>Hortatur</span> 
     </span>
    </p>
   </div>
   <div class='ocr_carea' id='block_1_58' title="bbox 1921 2778 3520 2852">
    <p class='ocr_par' dir='ltr' id='par_1_58' title="bbox 1921 2778 3520 2852">
     <span class='ocr_line' id='line_1_58' title="bbox 1921 2778 3520 2852; baseline -0.002 -14"><span class='ocrx_word' id='word_1_440' title='bbox 1921 2791 2101 2838; x_wconf 87' lang='lat' dir='ltr'>autem</span> <span class='ocrx_word' id='word_1_441' title='bbox 2136 2797 2283 2847; x_wconf 89' lang='lat' dir='ltr'>eum,</span> <span class='ocrx_word' id='word_1_442' title='bbox 2305 2787 2368 2835; x_wconf 88' lang='lat' dir='ltr'>ut</span> <span class='ocrx_word' id='word_1_443' title='bbox 2400 2779 2457 2834; x_wconf 94' lang='lat' dir='ltr'>in</span> <span class='ocrx_word' id='word_1_444' title='bbox 2487 2779 2574 2834; x_wconf 90' lang='lat' dir='ltr'>his</span> <span class='ocrx_word' id='word_1_445' title='bbox 2595 2778 2846 2852; x_wconf 88' lang='lat' dir='ltr'>proﬁciat</span> <span class='ocrx_word' id='word_1_446' title='bbox 2871 2797 2884 2846; x_wconf 92' lang='lat'>;</span> <span class='ocrx_word' id='word_1_447' title='bbox 2907 2778 3207 2852; x_wconf 87' lang='lat' dir='ltr'>antiquitas</span> <span class='ocrx_word' id='word_1_448' title='bbox 3232 2779 3377 2834; x_wconf 91' lang='lat' dir='ltr'>enim</span> <span class='ocrx_word' id='word_1_449' title='bbox 3402 2779 3520 2836; x_wconf 70' lang='lat' dir='ltr'>haec</span> 
     </span>
    </p>
   </div>
   <div class='ocr_carea' id='block_1_59' title="bbox 1921 2867 3513 2940">
    <p class='ocr_par' dir='ltr' id='par_1_59' title="bbox 1921 2867 3513 2940">
     <span class='ocr_line' id='line_1_59' title="bbox 1921 2867 3513 2940; baseline -0.003 -13"><span class='ocrx_word' id='word_1_450' title='bbox 1921 2871 2090 2927; x_wconf 89' lang='lat' dir='ltr'>robur</span> <span class='ocrx_word' id='word_1_451' title='bbox 2115 2877 2196 2925; x_wconf 91' lang='lat' dir='ltr'>est</span> <span class='ocrx_word' id='word_1_452' title='bbox 2228 2867 2514 2935; x_wconf 89' lang='lat' dir='ltr'>novitatis,</span> <span class='ocrx_word' id='word_1_453' title='bbox 2538 2867 2718 2924; x_wconf 89' lang='lat' dir='ltr'>sciens</span> <span class='ocrx_word' id='word_1_454' title='bbox 2747 2867 2877 2940; x_wconf 88' lang='lat' dir='ltr'>quia</span> <span class='ocrx_word' id='word_1_455' title='bbox 2904 2884 2935 2923; x_wconf 90' lang='lat' dir='ltr'>a</span> <span class='ocrx_word' id='word_1_456' title='bbox 2966 2884 3075 2940; x_wconf 91' lang='lat' dir='ltr'>quo</span> <span class='ocrx_word' id='word_1_457' title='bbox 3104 2867 3324 2930; x_wconf 87' lang='lat' dir='ltr'>didicit.</span> <span class='ocrx_word' id='word_1_458' title='bbox 3353 2867 3513 2922; x_wconf 87' lang='lat' dir='ltr'>ﬁrma</span> 
     </span>
    </p>
   </div>
   <div class='ocr_carea' id='block_1_60' title="bbox 1920 2956 3520 3030">
    <p class='ocr_par' dir='ltr' id='par_1_60' title="bbox 1920 2956 3520 3030">
     <span class='ocr_line' id='line_1_60' title="bbox 1920 2956 3520 3030; baseline -0.002 -14"><span class='ocrx_word' id='word_1_459' title='bbox 1920 2967 2002 3016; x_wconf 90' lang='lat' dir='ltr'>est</span> <span class='ocrx_word' id='word_1_460' title='bbox 2029 2958 2360 3025; x_wconf 90' lang='lat' dir='ltr'>auctoritas;</span> <span class='ocrx_word' id='word_1_461' title='bbox 2415 2957 2571 3030; x_wconf 86' lang='lat' dir='ltr'>signa</span> <span class='ocrx_word' id='word_1_462' title='bbox 2615 2956 2763 3012; x_wconf 91' lang='lat' dir='ltr'>enim</span> <span class='ocrx_word' id='word_1_463' title='bbox 2815 2965 2870 3012; x_wconf 90' lang='lat' dir='ltr'>et</span> <span class='ocrx_word' id='word_1_464' title='bbox 2901 2956 3152 3028; x_wconf 90' lang='lat' dir='ltr'>prodigia</span> <span class='ocrx_word' id='word_1_465' title='bbox 3191 2957 3334 3012; x_wconf 89' lang='lat' dir='ltr'>vidit</span> <span class='ocrx_word' id='word_1_466' title='bbox 3375 2957 3520 3013; x_wconf 88' lang='lat' dir='ltr'>facta</span> 
     </span>
    </p>
   </div>
   <div class='ocr_carea' id='block_1_61' title="bbox 202 3043 3202 3143">
    <p class='ocr_par' dir='ltr' id='par_1_61' title="bbox 202 3043 3202 3143">
     <span class='ocr_line' id='line_1_61' title="bbox 202 3043 3202 3143; baseline 0.001 -41"><span class='ocrx_word' id='word_1_467' title='bbox 202 3045 478 3119; x_wconf 89' lang='lat' dir='ltr'>probandi</span> <span class='ocrx_word' id='word_1_468' title='bbox 506 3065 517 3102; x_wconf 92' lang='lat'>:</span> <span class='ocrx_word' id='word_1_469' title='bbox 550 3044 657 3101; x_wconf 92' lang='lat' dir='ltr'>hoc</span> <span class='ocrx_word' id='word_1_470' title='bbox 685 3051 766 3100; x_wconf 84' lang='lat' dir='ltr'>est</span> <span class='ocrx_word' id='word_1_471' title='bbox 795 3059 1007 3116; x_wconf 89' lang='lat' dir='ltr'>semper</span> <span class='ocrx_word' id='word_1_472' title='bbox 1035 3043 1339 3113; x_wconf 91' lang='lat' dir='ltr'>discere,et</span> <span class='ocrx_word' id='word_1_473' title='bbox 1365 3045 1615 3101; x_wconf 86' lang='lat' dir='ltr'>veritatis</span> <span class='ocrx_word' id='word_1_474' title='bbox 1635 3045 1810 3101; x_wconf 89' lang='lat' dir='ltr'>scien-</span> <span class='ocrx_word' id='word_1_475' title='bbox 1838 3079 1889 3143; x_wconf 61' lang='grc' dir='ltr'><strong>ρ</strong></span> <span class='ocrx_word' id='word_1_476' title='bbox 1919 3067 2014 3124; x_wconf 90' lang='lat' dir='ltr'>per</span> <span class='ocrx_word' id='word_1_477' title='bbox 2041 3067 2191 3116; x_wconf 92' lang='lat' dir='ltr'>cum,</span> <span class='ocrx_word' id='word_1_478' title='bbox 2220 3049 2421 3122; x_wconf 91' lang='lat' dir='ltr'>quibus</span> <span class='ocrx_word' id='word_1_479' title='bbox 2451 3047 2635 3105; x_wconf 89' lang='lat' dir='ltr'>omnis</span> <span class='ocrx_word' id='word_1_480' title='bbox 2661 3064 2840 3104; x_wconf 91' lang='lat' dir='ltr'>sermo</span> <span class='ocrx_word' id='word_1_481' title='bbox 2872 3047 3202 3104; x_wconf 85' lang='lat' dir='ltr'>succumbit.</span> 
     </span>
    </p>
   </div>
   <div class='ocr_carea' id='block_1_62' title="bbox 205 3134 741 3194">
    <p class='ocr_par' dir='ltr' id='par_1_62' title="bbox 205 3134 741 3194">
     <span class='ocr_line' id='line_1_62' title="bbox 205 3134 741 3194; baseline -0.004 -2"><span class='ocrx_word' id='word_1_482' title='bbox 205 3137 328 3193; x_wconf 87' lang='lat' dir='ltr'>tiam</span> <span class='ocrx_word' id='word_1_483' title='bbox 360 3151 491 3194; x_wconf 91' lang='lat' dir='ltr'>non</span> <span class='ocrx_word' id='word_1_484' title='bbox 523 3134 741 3191; x_wconf 88' lang='lat' dir='ltr'>habere.</span> 
     </span>
    </p>
   </div>
   <div class='ocr_carea' id='block_1_63' title="bbox 271 3221 1812 3298">
    <p class='ocr_par' dir='ltr' id='par_1_63' title="bbox 271 3221 1812 3298">
     <span class='ocr_line' id='line_1_63' title="bbox 271 3221 1812 3298; baseline -0.003 -14"><span class='ocrx_word' id='word_1_485' title='bbox 271 3228 472 3298; x_wconf 85' lang='lat' dir='ltr'>(Vers.</span> <span class='ocrx_word' id='word_1_486' title='bbox 508 3224 562 3291; x_wconf 91' lang='lat'>8,</span> <span class='ocrx_word' id='word_1_487' title='bbox 593 3224 676 3294; x_wconf 89' lang='lat'>9.)</span> <span class='ocrx_word' id='word_1_488' title='bbox 741 3246 760 3269; x_wconf 81' lang='grc' dir='ltr'>ι</span> <span class='ocrx_word' id='word_1_489' title='bbox 791 3221 1262 3290; x_wconf 90' lang='lat' dir='ltr'>Quemadmodum</span> <span class='ocrx_word' id='word_1_490' title='bbox 1313 3232 1493 3279; x_wconf 91' lang='lat' dir='ltr'>autem</span> <span class='ocrx_word' id='word_1_491' title='bbox 1525 3223 1724 3280; x_wconf 85' lang='lat' dir='ltr'>Jannes</span> <span class='ocrx_word' id='word_1_492' title='bbox 1758 3231 1812 3279; x_wconf 93' lang='lat' dir='ltr'>et</span> 
     </span>
    </p>
   </div>
   <div class='ocr_carea' id='block_1_64' title="bbox 202 3311 1809 3384">
    <p class='ocr_par' dir='ltr' id='par_1_64' title="bbox 202 3311 1809 3384">
     <span class='ocr_line' id='line_1_64' title="bbox 202 3311 1809 3384; baseline -0.002 -14"><span class='ocrx_word' id='word_1_493' title='bbox 202 3314 484 3372; x_wconf 83' lang='lat' dir='ltr'>Mambres</span> <span class='ocrx_word' id='word_1_494' title='bbox 513 3313 836 3369; x_wconf 88' lang='lat' dir='ltr'>restiterunt</span> <span class='ocrx_word' id='word_1_495' title='bbox 895 3312 1096 3384; x_wconf 88' lang='lat' dir='ltr'>Moysi,</span> <span class='ocrx_word' id='word_1_496' title='bbox 1125 3311 1204 3368; x_wconf 87' lang='lat' dir='ltr'>ita</span> <span class='ocrx_word' id='word_1_497' title='bbox 1222 3311 1349 3368; x_wconf 88' lang='lat' dir='ltr'>ethi</span> <span class='ocrx_word' id='word_1_498' title='bbox 1374 3311 1638 3368; x_wconf 90' lang='lat' dir='ltr'>resistunt</span> <span class='ocrx_word' id='word_1_499' title='bbox 1669 3313 1809 3368; x_wconf 78' lang='lat' dir='ltr'>veri-</span> 
     </span>
    </p>
   </div>
   <div class='ocr_carea' id='block_1_65' title="bbox 201 3402 1806 3475">
    <p class='ocr_par' dir='ltr' id='par_1_65' title="bbox 201 3402 1806 3475">
     <span class='ocr_line' id='line_1_65' title="bbox 201 3402 1806 3475; baseline -0.001 -14"><span class='ocrx_word' id='word_1_500' title='bbox 201 3406 318 3475; x_wconf 87' lang='lat' dir='ltr'>tati,</span> <span class='ocrx_word' id='word_1_501' title='bbox 375 3403 644 3461; x_wconf 88' lang='lat' dir='ltr'>homines</span> <span class='ocrx_word' id='word_1_502' title='bbox 673 3403 918 3474; x_wconf 88' lang='lat' dir='ltr'>corrupti</span> <span class='ocrx_word' id='word_1_503' title='bbox 950 3410 1150 3470; x_wconf 89' lang='lat' dir='ltr'>mente,</span> <span class='ocrx_word' id='word_1_504' title='bbox 1201 3402 1419 3475; x_wconf 89' lang='lat' dir='ltr'>reprobi</span> <span class='ocrx_word' id='word_1_505' title='bbox 1448 3402 1594 3459; x_wconf 90' lang='lat' dir='ltr'>circa</span> <span class='ocrx_word' id='word_1_506' title='bbox 1620 3403 1806 3460; x_wconf 88' lang='lat' dir='ltr'>ﬁdem.</span> 
     </span>
    </p>
   </div>
   <div class='ocr_carea' id='block_1_66' title="bbox 203 3491 1808 3566">
    <p class='ocr_par' dir='ltr' id='par_1_66' title="bbox 203 3491 1808 3566">
     <span class='ocr_line' id='line_1_66' title="bbox 203 3491 1808 3566; baseline -0.002 -14"><span class='ocrx_word' id='word_1_507' title='bbox 203 3495 301 3551; x_wconf 85' lang='lat' dir='ltr'>Sed</span> <span class='ocrx_word' id='word_1_508' title='bbox 331 3510 459 3552; x_wconf 87' lang='lat' dir='ltr'>non</span> <span class='ocrx_word' id='word_1_509' title='bbox 494 3493 783 3566; x_wconf 90' lang='lat' dir='ltr'>proﬁcient</span> <span class='ocrx_word' id='word_1_510' title='bbox 811 3492 1086 3564; x_wconf 87' lang='lat' dir='ltr'>amplius;</span> <span class='ocrx_word' id='word_1_511' title='bbox 1120 3491 1429 3562; x_wconf 79' lang='lat' dir='ltr'>ignorantia</span> <span class='ocrx_word' id='word_1_512' title='bbox 1449 3492 1597 3548; x_wconf 91' lang='lat' dir='ltr'>enim</span> <span class='ocrx_word' id='word_1_513' title='bbox 1618 3509 1808 3549; x_wconf 90' lang='lat' dir='ltr'>eorum</span> 
     </span>
    </p>
   </div>
   <div class='ocr_carea' id='block_1_67' title="bbox 201 3582 1807 3652">
    <p class='ocr_par' dir='ltr' id='par_1_67' title="bbox 201 3582 1807 3652">
     <span class='ocr_line' id='line_1_67' title="bbox 201 3582 1807 3652; baseline -0.002 -10"><span class='ocrx_word' id='word_1_514' title='bbox 201 3587 441 3644; x_wconf 84' lang='lat' dir='ltr'>evidens</span> <span class='ocrx_word' id='word_1_515' title='bbox 462 3586 566 3641; x_wconf 89' lang='lat' dir='ltr'>erit</span> <span class='ocrx_word' id='word_1_516' title='bbox 585 3584 867 3652; x_wconf 90' lang='lat' dir='ltr'>omnibus,</span> <span class='ocrx_word' id='word_1_517' title='bbox 898 3583 1042 3641; x_wconf 90' lang='lat' dir='ltr'>sicut</span> <span class='ocrx_word' id='word_1_518' title='bbox 1057 3591 1112 3639; x_wconf 91' lang='lat' dir='ltr'>et</span> <span class='ocrx_word' id='word_1_519' title='bbox 1131 3582 1356 3639; x_wconf 87' lang='lat' dir='ltr'>illorum</span> <span class='ocrx_word' id='word_1_520' title='bbox 1387 3583 1514 3640; x_wconf 90' lang='lat' dir='ltr'>fuit.</span> <span class='ocrx_word' id='word_1_521' title='bbox 1549 3609 1567 3632; x_wconf 75' lang='grc'><strong>»</strong></span> <span class='ocrx_word' id='word_1_522' title='bbox 1609 3585 1807 3640; x_wconf 87' lang='lat' dir='ltr'>Exem-</span> 
     </span>
    </p>
   </div>
   <div class='ocr_carea' id='block_1_68' title="bbox 200 3673 1806 3749">
    <p class='ocr_par' dir='ltr' id='par_1_68' title="bbox 200 3673 1806 3749">
     <span class='ocr_line' id='line_1_68' title="bbox 200 3673 1806 3749; baseline -0.002 -18"><span class='ocrx_word' id='word_1_523' title='bbox 200 3677 352 3749; x_wconf 89' lang='lat' dir='ltr'>plum</span> <span class='ocrx_word' id='word_1_524' title='bbox 387 3677 504 3732; x_wconf 91' lang='lat' dir='ltr'>hoc</span> <span class='ocrx_word' id='word_1_525' title='bbox 541 3675 608 3731; x_wconf 90' lang='lat' dir='ltr'>de</span> <span class='ocrx_word' id='word_1_526' title='bbox 635 3673 967 3748; x_wconf 83' lang='lat' dir='ltr'>apocryphis</span> <span class='ocrx_word' id='word_1_527' title='bbox 997 3681 1114 3740; x_wconf 90' lang='lat' dir='ltr'>est;</span> <span class='ocrx_word' id='word_1_528' title='bbox 1151 3674 1354 3730; x_wconf 91' lang='lat' dir='ltr'>Jannes</span> <span class='ocrx_word' id='word_1_529' title='bbox 1381 3673 1526 3729; x_wconf 91' lang='lat' dir='ltr'>enim</span> <span class='ocrx_word' id='word_1_530' title='bbox 1559 3681 1612 3730; x_wconf 92' lang='lat' dir='ltr'>et</span> <span class='ocrx_word' id='word_1_531' title='bbox 1641 3675 1806 3729; x_wconf 89' lang='lat' dir='ltr'>Mam-</span> 
     </span>
    </p>
   </div>
   <div class='ocr_carea' id='block_1_69' title="bbox 198 3763 1806 3837">
    <p class='ocr_par' dir='ltr' id='par_1_69' title="bbox 198 3763 1806 3837">
     <span class='ocr_line' id='line_1_69' title="bbox 198 3763 1806 3837; baseline -0.002 -15"><span class='ocrx_word' id='word_1_532' title='bbox 198 3765 323 3824; x_wconf 79' lang='lat' dir='ltr'>bres</span> <span class='ocrx_word' id='word_1_533' title='bbox 354 3769 560 3824; x_wconf 84' lang='lat' dir='ltr'>fratres</span> <span class='ocrx_word' id='word_1_534' title='bbox 587 3773 742 3822; x_wconf 87' lang='lat' dir='ltr'>erant</span> <span class='ocrx_word' id='word_1_535' title='bbox 800 3764 940 3837; x_wconf 82' lang='lat' dir='ltr'>magi</span> <span class='ocrx_word' id='word_1_536' title='bbox 972 3765 1059 3820; x_wconf 92' lang='lat' dir='ltr'>vel</span> <span class='ocrx_word' id='word_1_537' title='bbox 1099 3763 1331 3820; x_wconf 88' lang='lat' dir='ltr'>veneﬁci</span> <span class='ocrx_word' id='word_1_538' title='bbox 1394 3763 1806 3836; x_wconf 65' lang='lat' dir='ltr'>Egyptiorum,</span> 
     </span>
    </p>
   </div>
   <div class='ocr_carea' id='block_1_70' title="bbox 197 3853 1808 3930">
    <p class='ocr_par' dir='ltr' id='par_1_70' title="bbox 197 3853 1808 3930">
     <span class='ocr_line' id='line_1_70' title="bbox 197 3853 1808 3930; baseline -0.002 -17"><span class='ocrx_word' id='word_1_539' title='bbox 197 3857 294 3930; x_wconf 89' lang='lat' dir='ltr'>qui</span> <span class='ocrx_word' id='word_1_540' title='bbox 331 3863 458 3913; x_wconf 87' lang='lat' dir='ltr'>arte</span> <span class='ocrx_word' id='word_1_541' title='bbox 489 3856 676 3928; x_wconf 67' lang='lat' dir='ltr'>magia:</span> <span class='ocrx_word' id='word_1_542' title='bbox 697 3872 808 3911; x_wconf 70' lang='lat' dir='ltr'>suae</span> <span class='ocrx_word' id='word_1_543' title='bbox 839 3855 1140 3911; x_wconf 77' lang='lat' dir='ltr'>virtutibus</span> <span class='ocrx_word' id='word_1_544' title='bbox 1161 3853 1280 3923; x_wconf 91' lang='lat' dir='ltr'>Dei,</span> <span class='ocrx_word' id='word_1_545' title='bbox 1310 3870 1432 3926; x_wconf 77' lang='lat' dir='ltr'>quae</span> <span class='ocrx_word' id='word_1_546' title='bbox 1463 3869 1559 3926; x_wconf 93' lang='lat' dir='ltr'>per</span> <span class='ocrx_word' id='word_1_547' title='bbox 1581 3855 1808 3927; x_wconf 87' lang='lat' dir='ltr'>Moysen</span> 
     </span>
    </p>
   </div>
   <div class='ocr_carea' id='block_1_71' title="bbox 193 3943 1810 4018">
    <p class='ocr_par' dir='ltr' id='par_1_71' title="bbox 193 3943 1810 4018">
     <span class='ocr_line' id='line_1_71' title="bbox 193 3943 1810 4018; baseline 0.001 -18"><span class='ocrx_word' id='word_1_548' title='bbox 193 3945 536 4018; x_wconf 83' lang='lat' dir='ltr'>agebantur,</span> <span class='ocrx_word' id='word_1_549' title='bbox 593 3944 939 4000; x_wconf 78' lang='lat' dir='ltr'>aemulatione</span> <span class='ocrx_word' id='word_1_550' title='bbox 1007 3943 1388 4000; x_wconf 88' lang='lat' dir='ltr'>commentitia</span> <span class='ocrx_word' id='word_1_551' title='bbox 1446 3945 1697 4001; x_wconf 89' lang='lat' dir='ltr'>resistere</span> <span class='ocrx_word' id='word_1_552' title='bbox 1753 3962 1810 4001; x_wconf 90' lang='lat' dir='ltr'>se</span> 
     </span>
    </p>
   </div>
   <div class='ocr_carea' id='block_1_72' title="bbox 191 4033 1810 4108">
    <p class='ocr_par' dir='ltr' id='par_1_72' title="bbox 191 4033 1810 4108">
     <span class='ocr_line' id='line_1_72' title="bbox 191 4033 1810 4108; baseline 0.002 -21"><span class='ocrx_word' id='word_1_553' title='bbox 191 4033 490 4106; x_wconf 84' lang='lat' dir='ltr'>putabant</span> <span class='ocrx_word' id='word_1_554' title='bbox 523 4033 726 4100; x_wconf 71' lang='lat' dir='ltr'>(Exod.</span> <span class='ocrx_word' id='word_1_555' title='bbox 757 4049 860 4098; x_wconf 84' lang='lat' dir='ltr'>vn,</span> <span class='ocrx_word' id='word_1_556' title='bbox 893 4034 1003 4102; x_wconf 88' lang='grc'><strong>11).</strong></span> <span class='ocrx_word' id='word_1_557' title='bbox 1057 4033 1160 4089; x_wconf 89' lang='lat' dir='ltr'>Sed</span> <span class='ocrx_word' id='word_1_558' title='bbox 1210 4051 1333 4090; x_wconf 91' lang='lat' dir='ltr'>cum</span> <span class='ocrx_word' id='word_1_559' title='bbox 1365 4034 1573 4108; x_wconf 85' lang='lat' dir='ltr'>Moysis</span> <span class='ocrx_word' id='word_1_560' title='bbox 1630 4035 1810 4090; x_wconf 90' lang='lat' dir='ltr'>virtus</span> 
     </span>
    </p>
   </div>
   <div class='ocr_carea' id='block_1_73' title="bbox 191 4119 1809 4192">
    <p class='ocr_par' dir='ltr' id='par_1_73' title="bbox 191 4119 1809 4192">
     <span class='ocr_line' id='line_1_73' title="bbox 191 4119 1809 4192; baseline 0.002 -16"><span class='ocrx_word' id='word_1_561' title='bbox 191 4121 261 4176; x_wconf 85' lang='lat' dir='ltr'>in</span> <span class='ocrx_word' id='word_1_562' title='bbox 308 4119 578 4190; x_wconf 89' lang='lat' dir='ltr'>operibus</span> <span class='ocrx_word' id='word_1_563' title='bbox 619 4127 908 4186; x_wconf 88' lang='lat' dir='ltr'>cresceret,</span> <span class='ocrx_word' id='word_1_564' title='bbox 936 4120 1176 4177; x_wconf 89' lang='lat' dir='ltr'>humiles</span> <span class='ocrx_word' id='word_1_565' title='bbox 1227 4123 1376 4192; x_wconf 85' lang='lat' dir='ltr'>facti,</span> <span class='ocrx_word' id='word_1_566' title='bbox 1408 4124 1646 4182; x_wconf 88' lang='lat' dir='ltr'>confessi</span> <span class='ocrx_word' id='word_1_567' title='bbox 1679 4133 1809 4180; x_wconf 93' lang='lat' dir='ltr'>sunt</span> 
     </span>
    </p>
   </div>
   <div class='ocr_carea' id='block_1_74' title="bbox 187 4206 1807 4286">
    <p class='ocr_par' dir='ltr' id='par_1_74' title="bbox 187 4206 1807 4286">
     <span class='ocr_line' id='line_1_74' title="bbox 187 4206 1807 4286; baseline 0.001 -20"><span class='ocrx_word' id='word_1_568' title='bbox 187 4225 334 4269; x_wconf 90' lang='lat' dir='ltr'>cum</span> <span class='ocrx_word' id='word_1_569' title='bbox 397 4206 589 4264; x_wconf 89' lang='lat' dir='ltr'>dolore</span> <span class='ocrx_word' id='word_1_570' title='bbox 646 4209 938 4264; x_wconf 87' lang='lat' dir='ltr'>vulnerum</span> <span class='ocrx_word' id='word_1_571' title='bbox 981 4211 1155 4264; x_wconf 90' lang='lat' dir='ltr'>Deum</span> <span class='ocrx_word' id='word_1_572' title='bbox 1195 4211 1251 4266; x_wconf 94' lang='lat' dir='ltr'>in</span> <span class='ocrx_word' id='word_1_573' title='bbox 1285 4213 1469 4285; x_wconf 85' lang='lat' dir='ltr'>Moyse</span> <span class='ocrx_word' id='word_1_574' title='bbox 1517 4222 1807 4286; x_wconf 85' lang='lat' dir='ltr'>operatum</span> 
     </span>
    </p>
   </div>
   <div class='ocr_carea' id='block_1_75' title="bbox 191 4295 1842 4376">
    <p class='ocr_par' dir='ltr' id='par_1_75' title="bbox 191 4295 1842 4376">
     <span class='ocr_line' id='line_1_75' title="bbox 191 4295 1842 4376; baseline 0.004 -23"><span class='ocrx_word' id='word_1_575' title='bbox 191 4295 426 4370; x_wconf 75' lang='lat' dir='ltr'>(Exod.</span> <span class='ocrx_word' id='word_1_576' title='bbox 461 4315 586 4366; x_wconf 85' lang='lat' dir='ltr'>vm,</span> <span class='ocrx_word' id='word_1_577' title='bbox 622 4297 735 4369; x_wconf 85' lang='grc'><strong>19).</strong></span> <span class='ocrx_word' id='word_1_578' title='bbox 770 4297 925 4353; x_wconf 90' lang='lat' dir='ltr'>Unde</span> <span class='ocrx_word' id='word_1_579' title='bbox 950 4297 1208 4352; x_wconf 86' lang='lat' dir='ltr'>similiter</span> <span class='ocrx_word' id='word_1_580' title='bbox 1233 4306 1284 4352; x_wconf 89' lang='lat' dir='ltr'>et</span> <span class='ocrx_word' id='word_1_581' title='bbox 1310 4299 1410 4355; x_wconf 89' lang='lat' dir='ltr'>hos</span> <span class='ocrx_word' id='word_1_582' title='bbox 1435 4319 1544 4356; x_wconf 91' lang='lat' dir='ltr'>non</span> <span class='ocrx_word' id='word_1_583' title='bbox 1571 4303 1810 4376; x_wconf 88' lang='lat' dir='ltr'>amplius</span> <span class='ocrx_word' id='word_1_584' title='bbox 1837 4363 1842 4366; x_wconf 95' lang='lat'><em>_</em></span> 
     </span>
    </p>
   </div>
   <div class='ocr_carea' id='block_1_76' title="bbox 189 4385 1807 4466">
    <p class='ocr_par' dir='ltr' id='par_1_76' title="bbox 189 4385 1807 4466">
     <span class='ocr_line' id='line_1_76' title="bbox 189 4385 1807 4466; baseline 0.003 -22"><span class='ocrx_word' id='word_1_585' title='bbox 189 4387 480 4464; x_wconf 87' lang='lat' dir='ltr'>proﬁcere</span> <span class='ocrx_word' id='word_1_586' title='bbox 512 4389 569 4443; x_wconf 89' lang='lat' dir='ltr'>in</span> <span class='ocrx_word' id='word_1_587' title='bbox 618 4387 905 4459; x_wconf 89' lang='lat' dir='ltr'>impietate</span> <span class='ocrx_word' id='word_1_588' title='bbox 951 4385 1270 4441; x_wconf 88' lang='lat' dir='ltr'>assertionis</span> <span class='ocrx_word' id='word_1_589' title='bbox 1297 4404 1407 4442; x_wconf 72' lang='lat' dir='ltr'>sua:</span> <span class='ocrx_word' id='word_1_590' title='bbox 1443 4389 1613 4459; x_wconf 88' lang='lat' dir='ltr'>dicit;</span> <span class='ocrx_word' id='word_1_591' title='bbox 1679 4395 1807 4466; x_wconf 92' lang='lat' dir='ltr'>quia</span> 
     </span>
    </p>
   </div>
   <div class='ocr_carea' id='block_1_77' title="bbox 195 4476 1809 4553">
    <p class='ocr_par' dir='ltr' id='par_1_77' title="bbox 195 4476 1809 4553">
     <span class='ocr_line' id='line_1_77' title="bbox 195 4476 1809 4553; baseline 0.003 -19"><span class='ocrx_word' id='word_1_592' title='bbox 195 4476 495 4553; x_wconf 88' lang='lat' dir='ltr'>imperitia</span> <span class='ocrx_word' id='word_1_593' title='bbox 549 4493 740 4533; x_wconf 90' lang='lat' dir='ltr'>eorum</span> <span class='ocrx_word' id='word_1_594' title='bbox 801 4478 979 4550; x_wconf 89' lang='lat' dir='ltr'>palam</span> <span class='ocrx_word' id='word_1_595' title='bbox 1033 4477 1129 4533; x_wconf 88' lang='lat' dir='ltr'>ﬁet</span> <span class='ocrx_word' id='word_1_596' title='bbox 1158 4485 1213 4532; x_wconf 94' lang='lat' dir='ltr'>et</span> <span class='ocrx_word' id='word_1_597' title='bbox 1263 4478 1546 4544; x_wconf 86' lang='lat' dir='ltr'>seductio;</span> <span class='ocrx_word' id='word_1_598' title='bbox 1601 4489 1653 4536; x_wconf 91' lang='lat' dir='ltr'>et</span> <span class='ocrx_word' id='word_1_599' title='bbox 1683 4483 1809 4539; x_wconf 90' lang='lat' dir='ltr'>licet</span> 
     </span>
    </p>
   </div>
   <div class='ocr_carea' id='block_1_78' title="bbox 196 4566 1808 4640">
    <p class='ocr_par' dir='ltr' id='par_1_78' title="bbox 196 4566 1808 4640">
     <span class='ocr_line' id='line_1_78' title="bbox 196 4566 1808 4640; baseline 0.001 -16"><span class='ocrx_word' id='word_1_600' title='bbox 196 4567 400 4636; x_wconf 86' lang='lat' dir='ltr'>inviti,</span> <span class='ocrx_word' id='word_1_601' title='bbox 457 4566 870 4623; x_wconf 90' lang='lat' dir='ltr'>conﬁtebuntur</span> <span class='ocrx_word' id='word_1_602' title='bbox 924 4574 1108 4623; x_wconf 90' lang='lat' dir='ltr'>tamen</span> <span class='ocrx_word' id='word_1_603' title='bbox 1168 4583 1324 4623; x_wconf 90' lang='lat' dir='ltr'>suam</span> <span class='ocrx_word' id='word_1_604' title='bbox 1380 4567 1713 4640; x_wconf 87' lang='lat' dir='ltr'>imperitiam</span> <span class='ocrx_word' id='word_1_605' title='bbox 1751 4571 1808 4625; x_wconf 91' lang='lat' dir='ltr'>in</span> 
     </span>
    </p>
   </div>
   <div class='ocr_carea' id='block_1_79' title="bbox 197 4659 434 4716">
    <p class='ocr_par' dir='ltr' id='par_1_79' title="bbox 197 4659 434 4716">
     <span class='ocr_line' id='line_1_79' title="bbox 197 4659 434 4716; baseline -0.004 -2"><span class='ocrx_word' id='word_1_606' title='bbox 197 4659 434 4716; x_wconf 91' lang='lat' dir='ltr'>ultimo.</span> 
     </span>
    </p>
   </div>
   <div class='ocr_carea' id='block_1_80' title="bbox 272 4745 1810 4822">
    <p class='ocr_par' dir='ltr' id='par_1_80' title="bbox 272 4745 1810 4822">
     <span class='ocr_line' id='line_1_80' title="bbox 272 4745 1810 4822; baseline -0.001 -16"><span class='ocrx_word' id='word_1_607' title='bbox 272 4749 470 4822; x_wconf 82' lang='lat' dir='ltr'>(Vers.</span> <span class='ocrx_word' id='word_1_608' title='bbox 495 4747 578 4815; x_wconf 89' lang='grc'><strong>10,</strong></span> <span class='ocrx_word' id='word_1_609' title='bbox 613 4747 725 4819; x_wconf 91' lang='grc'><strong>11).</strong></span> <span class='ocrx_word' id='word_1_610' title='bbox 773 4771 791 4795; x_wconf 79' lang='grc' dir='ltr'>ι</span> <span class='ocrx_word' id='word_1_611' title='bbox 819 4747 901 4803; x_wconf 84' lang='grc' dir='ltr'>Τιι</span> <span class='ocrx_word' id='word_1_612' title='bbox 928 4765 1059 4804; x_wconf 91' lang='lat' dir='ltr'>vero</span> <span class='ocrx_word' id='word_1_613' title='bbox 1087 4756 1368 4805; x_wconf 86' lang='lat' dir='ltr'>assecutus</span> <span class='ocrx_word' id='word_1_614' title='bbox 1396 4763 1455 4804; x_wconf 93' lang='lat' dir='ltr'>es</span> <span class='ocrx_word' id='word_1_615' title='bbox 1500 4745 1810 4804; x_wconf 89' lang='lat' dir='ltr'>doctrinam</span> 
     </span>
    </p>
   </div>
   <div class='ocr_carea' id='block_1_81' title="bbox 199 4837 1808 4910">
    <p class='ocr_par' dir='ltr' id='par_1_81' title="bbox 199 4837 1808 4910">
     <span class='ocr_line' id='line_1_81' title="bbox 199 4837 1808 4910; baseline -0.001 -15"><span class='ocrx_word' id='word_1_616' title='bbox 199 4855 409 4904; x_wconf 86' lang='lat' dir='ltr'>meam,</span> <span class='ocrx_word' id='word_1_617' title='bbox 435 4837 862 4905; x_wconf 89' lang='lat' dir='ltr'>institutionem,</span> <span class='ocrx_word' id='word_1_618' title='bbox 891 4839 1254 4910; x_wconf 88' lang='lat' dir='ltr'>propositum,</span> <span class='ocrx_word' id='word_1_619' title='bbox 1273 4838 1462 4905; x_wconf 89' lang='lat' dir='ltr'>ﬁdem,</span> <span class='ocrx_word' id='word_1_620' title='bbox 1482 4838 1808 4910; x_wconf 88' lang='lat' dir='ltr'>longanimi-</span> 
     </span>
    </p>
   </div>
   <div class='ocr_carea' id='block_1_82' title="bbox 196 4925 1808 4998">
    <p class='ocr_par' dir='ltr' id='par_1_82' title="bbox 196 4925 1808 4998">
     <span class='ocr_line' id='line_1_82' title="bbox 196 4925 1808 4998; baseline 0.001 -16"><span class='ocrx_word' id='word_1_621' title='bbox 196 4935 398 4994; x_wconf 85' lang='lat' dir='ltr'>tatem,</span> <span class='ocrx_word' id='word_1_622' title='bbox 438 4925 814 4992; x_wconf 87' lang='lat' dir='ltr'>dilectionem,</span> <span class='ocrx_word' id='word_1_623' title='bbox 848 4926 1189 4996; x_wconf 88' lang='lat' dir='ltr'>patientiam,</span> <span class='ocrx_word' id='word_1_624' title='bbox 1221 4927 1650 4998; x_wconf 85' lang='lat' dir='ltr'>persecutiones,</span> <span class='ocrx_word' id='word_1_625' title='bbox 1673 4943 1808 4998; x_wconf 90' lang='lat' dir='ltr'>pas-</span> 
     </span>
    </p>
   </div>
   <div class='ocr_carea' id='block_1_83' title="bbox 196 5014 1804 5088">
    <p class='ocr_par' dir='ltr' id='par_1_83' title="bbox 196 5014 1804 5088">
     <span class='ocr_line' id='line_1_83' title="bbox 196 5014 1804 5088; baseline -0.001 -14"><span class='ocrx_word' id='word_1_626' title='bbox 196 5019 410 5074; x_wconf 55' lang='lat' dir='ltr'>siones.</span> <span class='ocrx_word' id='word_1_627' title='bbox 441 5040 460 5062; x_wconf 72' lang='grc' dir='ltr'><strong>ι</strong></span> <span class='ocrx_word' id='word_1_628' title='bbox 502 5015 710 5072; x_wconf 87' lang='lat' dir='ltr'>Eorum</span> <span class='ocrx_word' id='word_1_629' title='bbox 745 5014 865 5070; x_wconf 92' lang='lat' dir='ltr'>vult</span> <span class='ocrx_word' id='word_1_630' title='bbox 893 5030 1006 5071; x_wconf 85' lang='lat' dir='ltr'>esse</span> <span class='ocrx_word' id='word_1_631' title='bbox 1021 5016 1306 5083; x_wconf 70' lang='lat' dir='ltr'>aemulum,</span> <span class='ocrx_word' id='word_1_632' title='bbox 1333 5032 1454 5088; x_wconf 61' lang='lat' dir='ltr'>quae</span> <span class='ocrx_word' id='word_1_633' title='bbox 1482 5025 1765 5073; x_wconf 90' lang='lat' dir='ltr'>enumerat</span> <span class='ocrx_word' id='word_1_634' title='bbox 1789 5035 1804 5086; x_wconf 91' lang='lat'>;</span> 
     </span>
    </p>
   </div>
   <div class='ocr_carea' id='block_1_84' title="bbox 197 5102 1808 5177">
    <p class='ocr_par' dir='ltr' id='par_1_84' title="bbox 197 5102 1808 5177">
     <span class='ocr_line' id='line_1_84' title="bbox 197 5102 1808 5177; baseline 0 -15"><span class='ocrx_word' id='word_1_635' title='bbox 197 5105 316 5162; x_wconf 62' lang='lat' dir='ltr'>hac</span> <span class='ocrx_word' id='word_1_636' title='bbox 347 5103 506 5162; x_wconf 91' lang='lat' dir='ltr'>enim</span> <span class='ocrx_word' id='word_1_637' title='bbox 552 5105 610 5160; x_wconf 92' lang='lat' dir='ltr'>in</span> <span class='ocrx_word' id='word_1_638' title='bbox 649 5102 848 5160; x_wconf 90' lang='lat' dir='ltr'>ultimo</span> <span class='ocrx_word' id='word_1_639' title='bbox 891 5119 1001 5159; x_wconf 91' lang='lat' dir='ltr'>non</span> <span class='ocrx_word' id='word_1_640' title='bbox 1053 5103 1120 5159; x_wconf 87' lang='lat' dir='ltr'>ad</span> <span class='ocrx_word' id='word_1_641' title='bbox 1151 5103 1555 5177; x_wconf 80' lang='lat' dir='ltr'>paenitentiam,</span> <span class='ocrx_word' id='word_1_642' title='bbox 1601 5105 1694 5161; x_wconf 92' lang='lat' dir='ltr'>sed</span> <span class='ocrx_word' id='word_1_643' title='bbox 1739 5105 1808 5162; x_wconf 88' lang='lat' dir='ltr'>ad</span> 
     </span>
    </p>
   </div>
   <div class='ocr_carea' id='block_1_85' title="bbox 200 5193 808 5266">
    <p class='ocr_par' dir='ltr' id='par_1_85' title="bbox 200 5193 808 5266">
     <span class='ocr_line' id='line_1_85' title="bbox 200 5193 808 5266; baseline -0.005 -14"><span class='ocrx_word' id='word_1_644' title='bbox 200 5195 464 5252; x_wconf 73' lang='lat' dir='ltr'>laetitiam</span> <span class='ocrx_word' id='word_1_645' title='bbox 497 5193 808 5266; x_wconf 87' lang='lat' dir='ltr'>proﬁcient.</span> 
     </span>
    </p>
   </div>
   <div class='ocr_carea' id='block_1_86' title="bbox 271 5283 1808 5358">
    <p class='ocr_par' dir='ltr' id='par_1_86' title="bbox 271 5283 1808 5358">
     <span class='ocr_line' id='line_1_86' title="bbox 271 5283 1808 5358; baseline -0.001 -15"><span class='ocrx_word' id='word_1_646' title='bbox 271 5287 470 5358; x_wconf 73' lang='lat' dir='ltr'>(Vera.</span> <span class='ocrx_word' id='word_1_647' title='bbox 504 5283 592 5350; x_wconf 75' lang='lat'>12,</span> <span class='ocrx_word' id='word_1_648' title='bbox 625 5284 736 5354; x_wconf 87' lang='grc'><strong>13.)</strong></span> <span class='ocrx_word' id='word_1_649' title='bbox 780 5305 798 5329; x_wconf 75' lang='grc' dir='ltr'><strong>ε</strong></span> <span class='ocrx_word' id='word_1_650' title='bbox 832 5283 1027 5350; x_wconf 84' lang='lat' dir='ltr'>Qualia</span> <span class='ocrx_word' id='word_1_651' title='bbox 1074 5283 1213 5339; x_wconf 91' lang='lat' dir='ltr'>mihi</span> <span class='ocrx_word' id='word_1_652' title='bbox 1251 5285 1392 5342; x_wconf 90' lang='lat' dir='ltr'>facta</span> <span class='ocrx_word' id='word_1_653' title='bbox 1431 5294 1561 5342; x_wconf 90' lang='lat' dir='ltr'>sunt</span> <span class='ocrx_word' id='word_1_654' title='bbox 1598 5286 1808 5344; x_wconf 85' lang='lat' dir='ltr'>Antio-</span> 
     </span>
    </p>
   </div>
   <div class='ocr_carea' id='block_1_87' title="bbox 198 5373 1804 5447">
    <p class='ocr_par' dir='ltr' id='par_1_87' title="bbox 198 5373 1804 5447">
     <span class='ocr_line' id='line_1_87' title="bbox 198 5373 1804 5447; baseline 0.001 -16"><span class='ocrx_word' id='word_1_655' title='bbox 198 5374 366 5444; x_wconf 78' lang='lat' dir='ltr'>chiae,</span> <span class='ocrx_word' id='word_1_656' title='bbox 402 5373 601 5440; x_wconf 87' lang='lat' dir='ltr'>Iconii,</span> <span class='ocrx_word' id='word_1_657' title='bbox 632 5381 687 5428; x_wconf 92' lang='lat' dir='ltr'>et</span> <span class='ocrx_word' id='word_1_658' title='bbox 723 5373 958 5445; x_wconf 84' lang='lat' dir='ltr'>Lystris,</span> <span class='ocrx_word' id='word_1_659' title='bbox 994 5373 1183 5447; x_wconf 91' lang='lat' dir='ltr'>quales</span> <span class='ocrx_word' id='word_1_660' title='bbox 1211 5376 1616 5446; x_wconf 90' lang='lat' dir='ltr'>persecutiones</span> <span class='ocrx_word' id='word_1_661' title='bbox 1642 5377 1804 5434; x_wconf 87' lang='lat' dir='ltr'>susti-</span> 
     </span>
    </p>
   </div>
   <div class='ocr_carea' id='block_1_88' title="bbox 273 5565 1727 5638">
    <p class='ocr_par' dir='ltr' id='par_1_88' title="bbox 273 5565 1727 5638">
     <span class='ocr_line' id='line_1_88' title="bbox 273 5565 1727 5638; baseline 0.004 -16"><span class='ocrx_word' id='word_1_662' title='bbox 273 5565 403 5638; x_wconf 89' lang='grc'>(81)</span> <span class='ocrx_word' id='word_1_663' title='bbox 437 5565 564 5624; x_wconf 80' lang='lat' dir='ltr'>Mss.</span> <span class='ocrx_word' id='word_1_664' title='bbox 596 5566 876 5633; x_wconf 85' lang='lat' dir='ltr'>nonnulli,</span> <span class='ocrx_word' id='word_1_665' title='bbox 903 5567 975 5623; x_wconf 82' lang='lat' dir='ltr'>ad</span> <span class='ocrx_word' id='word_1_666' title='bbox 999 5584 1150 5626; x_wconf 82' lang='lat' dir='ltr'>omne</span> <span class='ocrx_word' id='word_1_667' title='bbox 1193 5566 1384 5625; x_wconf 83' lang='lat' dir='ltr'>bonum</span> <span class='ocrx_word' id='word_1_668' title='bbox 1424 5568 1727 5628; x_wconf 76' lang='lat' dir='ltr'>instructus.</span> 
     </span>
    </p>
   </div>
   <div class='ocr_carea' id='block_1_89' title="bbox 532 5665 989 5724">
    <p class='ocr_par' dir='ltr' id='par_1_89' title="bbox 532 5665 989 5724">
     <span class='ocr_line' id='line_1_89' title="bbox 532 5665 989 5724; baseline 0.002 -1"><span class='ocrx_word' id='word_1_669' title='bbox 532 5665 771 5724; x_wconf 60' lang='lat' dir='ltr'>Parnm.</span> <span class='ocrx_word' id='word_1_670' title='bbox 811 5665 989 5724; x_wconf 82' lang='lat' dir='ltr'><strong>XVII.</strong></span> 
     </span>
    </p>
   </div>
   <div class='ocr_carea' id='block_1_90' title="bbox 1995 3135 3518 3212">
    <p class='ocr_par' dir='ltr' id='par_1_90' title="bbox 1995 3135 3518 3212">
     <span class='ocr_line' id='line_1_90' title="bbox 1995 3135 3518 3212; baseline -0.003 -15"><span class='ocrx_word' id='word_1_671' title='bbox 1995 3141 2158 3212; x_wconf 82' lang='lat' dir='ltr'>(Vers</span> <span class='ocrx_word' id='word_1_672' title='bbox 2201 3139 2286 3205; x_wconf 86' lang='grc'><strong>16,</strong></span> <span class='ocrx_word' id='word_1_673' title='bbox 2321 3138 2435 3210; x_wconf 92' lang='grc'><strong>17.)</strong></span> <span class='ocrx_word' id='word_1_674' title='bbox 2482 3162 2499 3184; x_wconf 79' lang='grc' dir='ltr'>ι</span> <span class='ocrx_word' id='word_1_675' title='bbox 2521 3137 2714 3193; x_wconf 90' lang='lat' dir='ltr'>Omnis</span> <span class='ocrx_word' id='word_1_676' title='bbox 2743 3135 3026 3210; x_wconf 90' lang='lat' dir='ltr'>Scriptura</span> <span class='ocrx_word' id='word_1_677' title='bbox 3056 3136 3327 3193; x_wconf 89' lang='lat' dir='ltr'>divinitus</span> <span class='ocrx_word' id='word_1_678' title='bbox 3351 3137 3518 3210; x_wconf 89' lang='lat' dir='ltr'>inspi-</span> 
     </span>
    </p>
   </div>
   <div class='ocr_carea' id='block_1_91' title="bbox 1921 3225 3519 3297">
    <p class='ocr_par' dir='ltr' id='par_1_91' title="bbox 1921 3225 3519 3297">
     <span class='ocr_line' id='line_1_91' title="bbox 1921 3225 3519 3297; baseline -0.001 -13"><span class='ocrx_word' id='word_1_679' title='bbox 1921 3235 2038 3284; x_wconf 88' lang='lat' dir='ltr'>rata</span> <span class='ocrx_word' id='word_1_680' title='bbox 2067 3227 2223 3284; x_wconf 89' lang='lat' dir='ltr'>utilis</span> <span class='ocrx_word' id='word_1_681' title='bbox 2253 3235 2336 3284; x_wconf 91' lang='lat' dir='ltr'>est</span> <span class='ocrx_word' id='word_1_682' title='bbox 2362 3225 2431 3283; x_wconf 91' lang='lat' dir='ltr'>ad</span> <span class='ocrx_word' id='word_1_683' title='bbox 2478 3225 2809 3293; x_wconf 91' lang='lat' dir='ltr'>doctrinam,</span> <span class='ocrx_word' id='word_1_684' title='bbox 2869 3225 2938 3281; x_wconf 88' lang='lat' dir='ltr'>ad</span> <span class='ocrx_word' id='word_1_685' title='bbox 2973 3226 3395 3297; x_wconf 90' lang='lat' dir='ltr'>correptionem,</span> <span class='ocrx_word' id='word_1_686' title='bbox 3451 3225 3519 3282; x_wconf 92' lang='lat' dir='ltr'>ad</span> 
     </span>
    </p>
   </div>
   <div class='ocr_carea' id='block_1_92' title="bbox 1921 3313 3521 3389">
    <p class='ocr_par' dir='ltr' id='par_1_92' title="bbox 1921 3313 3521 3389">
     <span class='ocr_line' id='line_1_92' title="bbox 1921 3313 3521 3389; baseline -0.004 -15"><span class='ocrx_word' id='word_1_687' title='bbox 1921 3316 2460 3389; x_wconf 86' lang='lat' dir='ltr'>redintegrationem,</span> <span class='ocrx_word' id='word_1_688' title='bbox 2520 3315 2589 3370; x_wconf 89' lang='lat' dir='ltr'>ad</span> <span class='ocrx_word' id='word_1_689' title='bbox 2619 3313 3086 3386; x_wconf 89' lang='lat' dir='ltr'>redargutionem,</span> <span class='ocrx_word' id='word_1_690' title='bbox 3116 3313 3185 3368; x_wconf 91' lang='lat' dir='ltr'>ad</span> <span class='ocrx_word' id='word_1_691' title='bbox 3243 3313 3521 3370; x_wconf 90' lang='lat' dir='ltr'>eruditio-</span> 
     </span>
    </p>
   </div>
   <div class='ocr_carea' id='block_1_93' title="bbox 1920 3407 3517 3485">
    <p class='ocr_par' dir='ltr' id='par_1_93' title="bbox 1920 3407 3517 3485">
     <span class='ocr_line' id='line_1_93' title="bbox 1920 3407 3517 3485; baseline -0.005 -16"><span class='ocrx_word' id='word_1_692' title='bbox 1920 3430 2069 3481; x_wconf 90' lang='lat' dir='ltr'>nem,</span> <span class='ocrx_word' id='word_1_693' title='bbox 2126 3425 2246 3485; x_wconf 72' lang='lat' dir='ltr'>quze</span> <span class='ocrx_word' id='word_1_694' title='bbox 2273 3419 2356 3468; x_wconf 91' lang='lat' dir='ltr'>est</span> <span class='ocrx_word' id='word_1_695' title='bbox 2387 3411 2444 3466; x_wconf 91' lang='lat' dir='ltr'>in</span> <span class='ocrx_word' id='word_1_696' title='bbox 2475 3410 2592 3482; x_wconf 76' lang='lat' dir='ltr'>ipsa</span> <span class='ocrx_word' id='word_1_697' title='bbox 2615 3407 2856 3480; x_wconf 88' lang='lat' dir='ltr'>justitia,</span> <span class='ocrx_word' id='word_1_698' title='bbox 2890 3416 2950 3463; x_wconf 91' lang='lat' dir='ltr'>ut</span> <span class='ocrx_word' id='word_1_699' title='bbox 2978 3415 3198 3481; x_wconf 88' lang='lat' dir='ltr'>paratus</span> <span class='ocrx_word' id='word_1_700' title='bbox 3245 3407 3320 3462; x_wconf 90' lang='lat' dir='ltr'>sit</span> <span class='ocrx_word' id='word_1_701' title='bbox 3351 3407 3517 3462; x_wconf 90' lang='lat' dir='ltr'>homo</span> 
     </span>
    </p>
   </div>
   <div class='ocr_carea' id='block_1_94' title="bbox 1919 3497 3399 3572">
    <p class='ocr_par' dir='ltr' id='par_1_94' title="bbox 1919 3497 3399 3572">
     <span class='ocr_line' id='line_1_94' title="bbox 1919 3497 3399 3572; baseline -0.005 -14"><span class='ocrx_word' id='word_1_702' title='bbox 1919 3502 2040 3570; x_wconf 92' lang='lat' dir='ltr'>Dei,</span> <span class='ocrx_word' id='word_1_703' title='bbox 2071 3501 2139 3557; x_wconf 90' lang='lat' dir='ltr'>ad</span> <span class='ocrx_word' id='word_1_704' title='bbox 2167 3517 2330 3558; x_wconf 91' lang='lat' dir='ltr'>omne</span> <span class='ocrx_word' id='word_1_705' title='bbox 2361 3517 2497 3572; x_wconf 90' lang='lat' dir='ltr'>opus</span> <span class='ocrx_word' id='word_1_706' title='bbox 2525 3499 2736 3555; x_wconf 90' lang='lat' dir='ltr'>bonum</span> <span class='ocrx_word' id='word_1_707' title='bbox 2767 3505 3182 3555; x_wconf 89' lang='lat' dir='ltr'>consummatus</span> <span class='ocrx_word' id='word_1_708' title='bbox 3213 3497 3355 3568; x_wconf 85' lang='grc'><strong>(81).</strong></span> <span class='ocrx_word' id='word_1_709' title='bbox 3381 3522 3399 3544; x_wconf 78' lang='grc' dir='ltr'><strong>ι</strong></span> 
     </span>
    </p>
   </div>
   <div class='ocr_carea' id='block_1_95' title="bbox 1919 3571 3520 3662">
    <p class='ocr_par' dir='ltr' id='par_1_95' title="bbox 1919 3571 3520 3662">
     <span class='ocr_line' id='line_1_95' title="bbox 1919 3571 3520 3662; baseline -0.005 -14"><span class='ocrx_word' id='word_1_710' title='bbox 1919 3592 2269 3649; x_wconf 84' lang='lat' dir='ltr'>Manifestum</span> <span class='ocrx_word' id='word_1_711' title='bbox 2310 3571 2414 3646; x_wconf 17' lang='lat' dir='ltr'>est,</span> <span class='ocrx_word' id='word_1_712' title='bbox 2438 3571 2568 3662; x_wconf 68' lang='lat' dir='ltr'>quia</span> <span class='ocrx_word' id='word_1_713' title='bbox 2601 3587 2782 3643; x_wconf 89' lang='lat' dir='ltr'>omnis</span> <span class='ocrx_word' id='word_1_714' title='bbox 2829 3588 3126 3659; x_wconf 84' lang='lat' dir='ltr'>scriptura,</span> <span class='ocrx_word' id='word_1_715' title='bbox 3178 3586 3336 3658; x_wconf 89' lang='lat' dir='ltr'>cujus</span> <span class='ocrx_word' id='word_1_716' title='bbox 3374 3587 3520 3642; x_wconf 89' lang='lat' dir='ltr'>Deus</span> 
     </span>
    </p>
   </div>
   <div class='ocr_carea' id='block_1_96' title="bbox 1919 3675 3518 3746">
    <p class='ocr_par' dir='ltr' id='par_1_96' title="bbox 1919 3675 3518 3746">
     <span class='ocr_line' id='line_1_96' title="bbox 1919 3675 3518 3746; baseline -0.005 -8"><span class='ocrx_word' id='word_1_717' title='bbox 1919 3691 2109 3739; x_wconf 91' lang='lat' dir='ltr'>auctor</span> <span class='ocrx_word' id='word_1_718' title='bbox 2137 3680 2468 3746; x_wconf 89' lang='lat' dir='ltr'>ostenditur,</span> <span class='ocrx_word' id='word_1_719' title='bbox 2501 3678 2656 3735; x_wconf 89' lang='lat' dir='ltr'>utilis</span> <span class='ocrx_word' id='word_1_720' title='bbox 2687 3685 2768 3733; x_wconf 89' lang='lat' dir='ltr'>est</span> <span class='ocrx_word' id='word_1_721' title='bbox 2798 3695 2810 3743; x_wconf 94' lang='lat'>;</span> <span class='ocrx_word' id='word_1_722' title='bbox 2846 3677 2916 3733; x_wconf 91' lang='lat' dir='ltr'>ad</span> <span class='ocrx_word' id='word_1_723' title='bbox 2944 3677 3048 3733; x_wconf 92' lang='lat' dir='ltr'>hoc</span> <span class='ocrx_word' id='word_1_724' title='bbox 3079 3677 3227 3732; x_wconf 91' lang='lat' dir='ltr'>enim</span> <span class='ocrx_word' id='word_1_725' title='bbox 3258 3675 3384 3731; x_wconf 88' lang='lat' dir='ltr'>data</span> <span class='ocrx_word' id='word_1_726' title='bbox 3415 3683 3518 3741; x_wconf 89' lang='lat' dir='ltr'>est,</span> 
     </span>
    </p>
   </div>
   <div class='ocr_carea' id='block_1_97' title="bbox 1919 3765 3521 3844">
    <p class='ocr_par' dir='ltr' id='par_1_97' title="bbox 1919 3765 3521 3844">
     <span class='ocr_line' id='line_1_97' title="bbox 1919 3765 3521 3844; baseline -0.004 -17"><span class='ocrx_word' id='word_1_727' title='bbox 1919 3780 1980 3826; x_wconf 92' lang='lat' dir='ltr'>ut</span> <span class='ocrx_word' id='word_1_728' title='bbox 2009 3769 2260 3844; x_wconf 91' lang='lat' dir='ltr'>proﬁciat</span> <span class='ocrx_word' id='word_1_729' title='bbox 2286 3766 2580 3840; x_wconf 89' lang='lat' dir='ltr'>imperitis,</span> <span class='ocrx_word' id='word_1_730' title='bbox 2612 3777 2664 3823; x_wconf 91' lang='lat' dir='ltr'>et</span> <span class='ocrx_word' id='word_1_731' title='bbox 2713 3767 2982 3822; x_wconf 89' lang='lat' dir='ltr'>instauret</span> <span class='ocrx_word' id='word_1_732' title='bbox 3011 3765 3307 3832; x_wconf 89' lang='lat' dir='ltr'>deformes,</span> <span class='ocrx_word' id='word_1_733' title='bbox 3339 3773 3521 3821; x_wconf 90' lang='lat' dir='ltr'>attra-</span> 
     </span>
    </p>
   </div>
   <div class='ocr_carea' id='block_1_98' title="bbox 1919 3864 3519 3938">
    <p class='ocr_par' dir='ltr' id='par_1_98' title="bbox 1919 3864 3519 3938">
     <span class='ocr_line' id='line_1_98' title="bbox 1919 3864 3519 3938; baseline -0.005 -13"><span class='ocrx_word' id='word_1_734' title='bbox 1919 3869 2057 3924; x_wconf 90' lang='lat' dir='ltr'>hens</span> <span class='ocrx_word' id='word_1_735' title='bbox 2112 3867 2333 3938; x_wconf 88' lang='lat' dir='ltr'>iniquos</span> <span class='ocrx_word' id='word_1_736' title='bbox 2380 3865 2448 3921; x_wconf 88' lang='lat' dir='ltr'>ad</span> <span class='ocrx_word' id='word_1_737' title='bbox 2477 3864 2777 3936; x_wconf 88' lang='lat' dir='ltr'>justitiam,</span> <span class='ocrx_word' id='word_1_738' title='bbox 2838 3872 2901 3920; x_wconf 92' lang='lat' dir='ltr'>ut</span> <span class='ocrx_word' id='word_1_739' title='bbox 2931 3865 3099 3920; x_wconf 93' lang='lat' dir='ltr'>homo</span> <span class='ocrx_word' id='word_1_740' title='bbox 3128 3865 3227 3920; x_wconf 91' lang='lat' dir='ltr'>Dei</span> <span class='ocrx_word' id='word_1_741' title='bbox 3281 3865 3337 3920; x_wconf 91' lang='lat' dir='ltr'>in</span> <span class='ocrx_word' id='word_1_742' title='bbox 3368 3865 3519 3918; x_wconf 89' lang='lat' dir='ltr'>omni</span> 
     </span>
    </p>
   </div>
   <div class='ocr_carea' id='block_1_99' title="bbox 1919 3951 3518 4027">
    <p class='ocr_par' dir='ltr' id='par_1_99' title="bbox 1919 3951 3518 4027">
     <span class='ocr_line' id='line_1_99' title="bbox 1919 3951 3518 4027; baseline -0.004 -16"><span class='ocrx_word' id='word_1_743' title='bbox 1919 3973 2080 4027; x_wconf 90' lang='lat' dir='ltr'>opere</span> <span class='ocrx_word' id='word_1_744' title='bbox 2129 3956 2271 4011; x_wconf 90' lang='lat' dir='ltr'>bono</span> <span class='ocrx_word' id='word_1_745' title='bbox 2330 3955 2604 4027; x_wconf 85' lang='lat' dir='ltr'>perfectus</span> <span class='ocrx_word' id='word_1_746' title='bbox 2649 3953 2758 4020; x_wconf 89' lang='lat' dir='ltr'>sit;</span> <span class='ocrx_word' id='word_1_747' title='bbox 2820 3952 2879 4008; x_wconf 90' lang='lat' dir='ltr'>in</span> <span class='ocrx_word' id='word_1_748' title='bbox 2911 3969 3056 4007; x_wconf 88' lang='lat' dir='ltr'>novo</span> <span class='ocrx_word' id='word_1_749' title='bbox 3109 3952 3263 4008; x_wconf 90' lang='lat' dir='ltr'>enim</span> <span class='ocrx_word' id='word_1_750' title='bbox 3294 3951 3518 4007; x_wconf 90' lang='lat' dir='ltr'>homine</span> 
     </span>
    </p>
   </div>
   <div class='ocr_carea' id='block_1_100' title="bbox 1920 4040 3505 4118">
    <p class='ocr_par' dir='ltr' id='par_1_100' title="bbox 1920 4040 3505 4118">
     <span class='ocr_line' id='line_1_100' title="bbox 1920 4040 3505 4118; baseline -0.004 -18"><span class='ocrx_word' id='word_1_751' title='bbox 1920 4045 2186 4118; x_wconf 88' lang='lat' dir='ltr'>gradatim</span> <span class='ocrx_word' id='word_1_752' title='bbox 2219 4044 2533 4118; x_wconf 90' lang='lat' dir='ltr'>proﬁciens,</span> <span class='ocrx_word' id='word_1_753' title='bbox 2566 4043 2859 4100; x_wconf 85' lang='lat' dir='ltr'>constituit</span> <span class='ocrx_word' id='word_1_754' title='bbox 2892 4043 3050 4098; x_wconf 90' lang='lat' dir='ltr'>illum</span> <span class='ocrx_word' id='word_1_755' title='bbox 3071 4041 3350 4098; x_wconf 91' lang='lat' dir='ltr'>hominem</span> <span class='ocrx_word' id='word_1_756' title='bbox 3385 4040 3505 4095; x_wconf 93' lang='lat' dir='ltr'>Dei.</span> 
     </span>
    </p>
   </div>
   <div class='ocr_carea' id='block_1_101' title="bbox 2542 4177 2895 4234">
    <p class='ocr_par' dir='ltr' id='par_1_101' title="bbox 2542 4177 2895 4234">
     <span class='ocr_line' id='line_1_101' title="bbox 2542 4177 2895 4234; baseline -0.006 0"><span class='ocrx_word' id='word_1_757' title='bbox 2542 4177 2769 4234; x_wconf 87' lang='lat' dir='ltr'>CAPUT</span> <span class='ocrx_word' id='word_1_758' title='bbox 2800 4177 2895 4232; x_wconf 82' lang='lat' dir='ltr'>IV.</span> 
     </span>
    </p>
   </div>
   <div class='ocr_carea' id='block_1_102' title="bbox 1993 4283 3514 4361">
    <p class='ocr_par' dir='ltr' id='par_1_102' title="bbox 1993 4283 3514 4361">
     <span class='ocr_line' id='line_1_102' title="bbox 1993 4283 3514 4361; baseline -0.005 -14"><span class='ocrx_word' id='word_1_759' title='bbox 1993 4291 2174 4361; x_wconf 83' lang='lat' dir='ltr'>(Vers.</span> <span class='ocrx_word' id='word_1_760' title='bbox 2211 4291 2260 4358; x_wconf 92' lang='grc'>1,</span> <span class='ocrx_word' id='word_1_761' title='bbox 2304 4289 2384 4359; x_wconf 82' lang='lat'>2.)</span> <span class='ocrx_word' id='word_1_762' title='bbox 2426 4313 2444 4334; x_wconf 75' lang='grc' dir='ltr'>ι</span> <span class='ocrx_word' id='word_1_763' title='bbox 2475 4289 2664 4343; x_wconf 89' lang='lat' dir='ltr'>Testor</span> <span class='ocrx_word' id='word_1_764' title='bbox 2678 4303 2857 4343; x_wconf 90' lang='lat' dir='ltr'>coram</span> <span class='ocrx_word' id='word_1_765' title='bbox 2887 4288 3001 4341; x_wconf 93' lang='lat' dir='ltr'>Deo</span> <span class='ocrx_word' id='word_1_766' title='bbox 3030 4291 3084 4340; x_wconf 91' lang='lat' dir='ltr'>et</span> <span class='ocrx_word' id='word_1_767' title='bbox 3113 4283 3336 4342; x_wconf 88' lang='lat' dir='ltr'>Christo</span> <span class='ocrx_word' id='word_1_768' title='bbox 3365 4284 3514 4348; x_wconf 73' lang='lat' dir='ltr'>Iesu,</span> 
     </span>
    </p>
   </div>
   <div class='ocr_carea' id='block_1_103' title="bbox 1918 4373 3514 4454">
    <p class='ocr_par' dir='ltr' id='par_1_103' title="bbox 1918 4373 3514 4454">
     <span class='ocr_line' id='line_1_103' title="bbox 1918 4373 3514 4454; baseline -0.004 -19"><span class='ocrx_word' id='word_1_769' title='bbox 1918 4379 2011 4454; x_wconf 90' lang='lat' dir='ltr'>qui</span> <span class='ocrx_word' id='word_1_770' title='bbox 2033 4379 2390 4450; x_wconf 89' lang='lat' dir='ltr'>judicaturus</span> <span class='ocrx_word' id='word_1_771' title='bbox 2418 4385 2498 4433; x_wconf 91' lang='lat' dir='ltr'>est</span> <span class='ocrx_word' id='word_1_772' title='bbox 2524 4377 2682 4431; x_wconf 91' lang='lat' dir='ltr'>vivos</span> <span class='ocrx_word' id='word_1_773' title='bbox 2707 4384 2760 4431; x_wconf 92' lang='lat' dir='ltr'>et</span> <span class='ocrx_word' id='word_1_774' title='bbox 2792 4383 3058 4443; x_wconf 88' lang='lat' dir='ltr'>mortuos,</span> <span class='ocrx_word' id='word_1_775' title='bbox 3090 4391 3186 4446; x_wconf 91' lang='lat' dir='ltr'>per</span> <span class='ocrx_word' id='word_1_776' title='bbox 3215 4373 3514 4429; x_wconf 90' lang='lat' dir='ltr'>adventum</span> 
     </span>
    </p>
   </div>
   <div class='ocr_carea' id='block_1_104' title="bbox 1837 4439 3514 4540">
    <p class='ocr_par' dir='ltr' id='par_1_104' title="bbox 1837 4439 3514 4540">
     <span class='ocr_line' id='line_1_104' title="bbox 1837 4439 3514 4540; baseline -0.004 -15"><span class='ocrx_word' id='word_1_777' title='bbox 1837 4439 1886 4497; x_wconf 83' lang='lat' dir='ltr'><strong>D</strong></span> <span class='ocrx_word' id='word_1_778' title='bbox 1920 4439 2112 4540; x_wconf 68' lang='lat' dir='ltr'>ipsius,</span> <span class='ocrx_word' id='word_1_779' title='bbox 2145 4476 2198 4523; x_wconf 90' lang='lat' dir='ltr'>et</span> <span class='ocrx_word' id='word_1_780' title='bbox 2233 4483 2460 4539; x_wconf 86' lang='lat' dir='ltr'>regnum</span> <span class='ocrx_word' id='word_1_781' title='bbox 2489 4464 2609 4537; x_wconf 90' lang='lat' dir='ltr'>ejus</span> <span class='ocrx_word' id='word_1_782' title='bbox 2641 4483 2653 4531; x_wconf 94' lang='lat'>;</span> <span class='ocrx_word' id='word_1_783' title='bbox 2684 4464 2923 4537; x_wconf 74' lang='lat' dir='ltr'>praedica</span> <span class='ocrx_word' id='word_1_784' title='bbox 2952 4463 3206 4528; x_wconf 91' lang='lat' dir='ltr'>verbum,</span> <span class='ocrx_word' id='word_1_785' title='bbox 3243 4463 3387 4518; x_wconf 89' lang='lat' dir='ltr'>insta</span> <span class='ocrx_word' id='word_1_786' title='bbox 3416 4479 3514 4534; x_wconf 85' lang='lat' dir='ltr'>0p-</span> 
     </span>
    </p>
   </div>
   <div class='ocr_carea' id='block_1_105' title="bbox 1919 4550 3516 4630">
    <p class='ocr_par' dir='ltr' id='par_1_105' title="bbox 1919 4550 3516 4630">
     <span class='ocr_line' id='line_1_105' title="bbox 1919 4550 3516 4630; baseline -0.006 -17"><span class='ocrx_word' id='word_1_787' title='bbox 1919 4565 2176 4630; x_wconf 90' lang='lat' dir='ltr'>portune,</span> <span class='ocrx_word' id='word_1_788' title='bbox 2239 4557 2592 4627; x_wconf 87' lang='lat' dir='ltr'>importune:</span> <span class='ocrx_word' id='word_1_789' title='bbox 2657 4570 2842 4625; x_wconf 89' lang='lat' dir='ltr'>argue,</span> <span class='ocrx_word' id='word_1_790' title='bbox 2903 4553 3145 4619; x_wconf 90' lang='lat' dir='ltr'>hortare,</span> <span class='ocrx_word' id='word_1_791' title='bbox 3181 4550 3405 4622; x_wconf 90' lang='lat' dir='ltr'>increpa</span> <span class='ocrx_word' id='word_1_792' title='bbox 3459 4551 3516 4606; x_wconf 91' lang='lat' dir='ltr'>in</span> 
     </span>
    </p>
   </div>
   <div class='ocr_carea' id='block_1_106' title="bbox 1917 4639 3517 4716">
    <p class='ocr_par' dir='ltr' id='par_1_106' title="bbox 1917 4639 3517 4716">
     <span class='ocr_line' id='line_1_106' title="bbox 1917 4639 3517 4716; baseline -0.004 -15"><span class='ocrx_word' id='word_1_793' title='bbox 1917 4646 2070 4702; x_wconf 91' lang='lat' dir='ltr'>omni</span> <span class='ocrx_word' id='word_1_794' title='bbox 2131 4644 2580 4716; x_wconf 88' lang='lat' dir='ltr'>magnanimitate</span> <span class='ocrx_word' id='word_1_795' title='bbox 2613 4652 2667 4698; x_wconf 90' lang='lat' dir='ltr'>et</span> <span class='ocrx_word' id='word_1_796' title='bbox 2720 4641 2992 4697; x_wconf 89' lang='lat' dir='ltr'>doctrina.</span> <span class='ocrx_word' id='word_1_797' title='bbox 3029 4665 3048 4688; x_wconf 75' lang='grc' dir='ltr'>ι</span> <span class='ocrx_word' id='word_1_798' title='bbox 3115 4641 3246 4695; x_wconf 92' lang='lat' dir='ltr'>Tam</span> <span class='ocrx_word' id='word_1_799' title='bbox 3278 4639 3517 4695; x_wconf 89' lang='lat' dir='ltr'>sollicite</span> 
     </span>
    </p>
   </div>
   <div class='ocr_carea' id='block_1_107' title="bbox 1919 4728 3516 4804">
    <p class='ocr_par' dir='ltr' id='par_1_107' title="bbox 1919 4728 3516 4804">
     <span class='ocr_line' id='line_1_107' title="bbox 1919 4728 3516 4804; baseline -0.004 -14"><span class='ocrx_word' id='word_1_800' title='bbox 1919 4734 2141 4790; x_wconf 89' lang='lat' dir='ltr'>mandat</span> <span class='ocrx_word' id='word_1_801' title='bbox 2181 4733 2446 4788; x_wconf 90' lang='lat' dir='ltr'>inviolate</span> <span class='ocrx_word' id='word_1_802' title='bbox 2478 4730 2885 4804; x_wconf 72' lang='lat' dir='ltr'>praedicandum</span> <span class='ocrx_word' id='word_1_803' title='bbox 2910 4729 3008 4784; x_wconf 89' lang='lat' dir='ltr'>Dei</span> <span class='ocrx_word' id='word_1_804' title='bbox 3038 4728 3269 4797; x_wconf 91' lang='lat' dir='ltr'>donum,</span> <span class='ocrx_word' id='word_1_805' title='bbox 3301 4736 3362 4784; x_wconf 92' lang='lat' dir='ltr'>ut</span> <span class='ocrx_word' id='word_1_806' title='bbox 3389 4746 3516 4786; x_wconf 88' lang='lat' dir='ltr'>cum</span> 
     </span>
    </p>
   </div>
   <div class='ocr_carea' id='block_1_108' title="bbox 1917 4817 3518 4890">
    <p class='ocr_par' dir='ltr' id='par_1_108' title="bbox 1917 4817 3518 4890">
     <span class='ocr_line' id='line_1_108' title="bbox 1917 4817 3518 4890; baseline -0.004 -10"><span class='ocrx_word' id='word_1_807' title='bbox 1917 4824 2206 4881; x_wconf 90' lang='lat' dir='ltr'>testatione</span> <span class='ocrx_word' id='word_1_808' title='bbox 2254 4821 2354 4878; x_wconf 91' lang='lat' dir='ltr'>Dei</span> <span class='ocrx_word' id='word_1_809' title='bbox 2404 4821 2579 4876; x_wconf 90' lang='lat' dir='ltr'>Patris</span> <span class='ocrx_word' id='word_1_810' title='bbox 2607 4828 2661 4874; x_wconf 89' lang='lat' dir='ltr'>et</span> <span class='ocrx_word' id='word_1_811' title='bbox 2692 4819 2898 4876; x_wconf 86' lang='lat' dir='ltr'>Christi</span> <span class='ocrx_word' id='word_1_812' title='bbox 2942 4818 3071 4873; x_wconf 88' lang='lat' dir='ltr'>Filii</span> <span class='ocrx_word' id='word_1_813' title='bbox 3103 4817 3219 4890; x_wconf 91' lang='lat' dir='ltr'>ejus</span> <span class='ocrx_word' id='word_1_814' title='bbox 3248 4817 3353 4874; x_wconf 90' lang='lat' dir='ltr'>hoc</span> <span class='ocrx_word' id='word_1_815' title='bbox 3387 4835 3518 4874; x_wconf 93' lang='lat' dir='ltr'>mo-</span> 
     </span>
    </p>
   </div>
   <div class='ocr_carea' id='block_1_109' title="bbox 1917 4907 3516 4980">
    <p class='ocr_par' dir='ltr' id='par_1_109' title="bbox 1917 4907 3516 4980">
     <span class='ocr_line' id='line_1_109' title="bbox 1917 4907 3516 4980; baseline -0.004 -11"><span class='ocrx_word' id='word_1_816' title='bbox 1917 4921 2045 4969; x_wconf 91' lang='lat' dir='ltr'>neat</span> <span class='ocrx_word' id='word_1_817' title='bbox 2099 4910 2427 4976; x_wconf 88' lang='lat' dir='ltr'>curandum,</span> <span class='ocrx_word' id='word_1_818' title='bbox 2475 4909 2903 4980; x_wconf 86' lang='lat' dir='ltr'>instandumque</span> <span class='ocrx_word' id='word_1_819' title='bbox 2953 4909 3012 4963; x_wconf 92' lang='lat' dir='ltr'>in</span> <span class='ocrx_word' id='word_1_820' title='bbox 3057 4925 3121 4964; x_wconf 93' lang='lat' dir='ltr'>eo</span> <span class='ocrx_word' id='word_1_821' title='bbox 3180 4915 3242 4963; x_wconf 91' lang='lat' dir='ltr'>ut</span> <span class='ocrx_word' id='word_1_822' title='bbox 3297 4907 3516 4963; x_wconf 90' lang='lat' dir='ltr'>assidua</span> 
     </span>
    </p>
   </div>
   <div class='ocr_carea' id='block_1_110' title="bbox 1917 4996 3515 5074">
    <p class='ocr_par' dir='ltr' id='par_1_110' title="bbox 1917 4996 3515 5074">
     <span class='ocr_line' id='line_1_110' title="bbox 1917 4996 3515 5074; baseline -0.004 -18"><span class='ocrx_word' id='word_1_823' title='bbox 1917 5001 2303 5074; x_wconf 73' lang='lat' dir='ltr'>praedicatione</span> <span class='ocrx_word' id='word_1_824' title='bbox 2334 5007 2388 5055; x_wconf 89' lang='lat' dir='ltr'>et</span> <span class='ocrx_word' id='word_1_825' title='bbox 2442 4997 2634 5056; x_wconf 89' lang='lat' dir='ltr'>crebra</span> <span class='ocrx_word' id='word_1_826' title='bbox 2675 4996 3060 5070; x_wconf 85' lang='lat' dir='ltr'>objurgatione</span> <span class='ocrx_word' id='word_1_827' title='bbox 3081 5014 3207 5053; x_wconf 89' lang='lat' dir='ltr'>cum</span> <span class='ocrx_word' id='word_1_828' title='bbox 3255 5003 3515 5069; x_wconf 83' lang='lat' dir='ltr'>opportu-</span> 
     </span>
    </p>
   </div>
   <div class='ocr_carea' id='block_1_111' title="bbox 1917 5087 3512 5162">
    <p class='ocr_par' dir='ltr' id='par_1_111' title="bbox 1917 5087 3512 5162">
     <span class='ocr_line' id='line_1_111' title="bbox 1917 5087 3512 5162; baseline -0.005 -17"><span class='ocrx_word' id='word_1_829' title='bbox 1917 5090 2090 5146; x_wconf 86' lang='lat' dir='ltr'>nitate</span> <span class='ocrx_word' id='word_1_830' title='bbox 2148 5095 2408 5162; x_wconf 90' lang='lat' dir='ltr'>provocet</span> <span class='ocrx_word' id='word_1_831' title='bbox 2473 5087 2542 5144; x_wconf 88' lang='lat' dir='ltr'>ad</span> <span class='ocrx_word' id='word_1_832' title='bbox 2594 5087 2879 5143; x_wconf 89' lang='lat' dir='ltr'>meliorem</span> <span class='ocrx_word' id='word_1_833' title='bbox 2939 5087 3276 5160; x_wconf 90' lang='lat' dir='ltr'>prefectum:</span> <span class='ocrx_word' id='word_1_834' title='bbox 3343 5094 3397 5141; x_wconf 92' lang='lat' dir='ltr'>et</span> <span class='ocrx_word' id='word_1_835' title='bbox 3452 5090 3512 5139; x_wconf 91' lang='lat' dir='ltr'>ut</span> 
     </span>
    </p>
   </div>
   <div class='ocr_carea' id='block_1_112' title="bbox 1916 5173 3507 5252">
    <p class='ocr_par' dir='ltr' id='par_1_112' title="bbox 1916 5173 3507 5252">
     <span class='ocr_line' id='line_1_112' title="bbox 1916 5173 3507 5252; baseline -0.006 -18"><span class='ocrx_word' id='word_1_836' title='bbox 1916 5179 2135 5236; x_wconf 90' lang='lat' dir='ltr'>facilius</span> <span class='ocrx_word' id='word_1_837' title='bbox 2163 5178 2415 5252; x_wconf 88' lang='lat' dir='ltr'>arguenti</span> <span class='ocrx_word' id='word_1_838' title='bbox 2470 5177 2792 5247; x_wconf 86' lang='lat' dir='ltr'>assentiant,</span> <span class='ocrx_word' id='word_1_839' title='bbox 2825 5177 2946 5235; x_wconf 88' lang='lat' dir='ltr'>sine</span> <span class='ocrx_word' id='word_1_840' title='bbox 2977 5176 3348 5235; x_wconf 88' lang='lat' dir='ltr'>amaritudine</span> <span class='ocrx_word' id='word_1_841' title='bbox 3405 5173 3507 5226; x_wconf 91' lang='lat' dir='ltr'>hoc</span> 
     </span>
    </p>
   </div>
   <div class='ocr_carea' id='block_1_113' title="bbox 1915 5272 2492 5344">
    <p class='ocr_par' dir='ltr' id='par_1_113' title="bbox 1915 5272 2492 5344">
     <span class='ocr_line' id='line_1_113' title="bbox 1915 5272 2492 5344; baseline 0 -16"><span class='ocrx_word' id='word_1_842' title='bbox 1915 5272 2184 5344; x_wconf 85' lang='lat' dir='ltr'>agendum</span> <span class='ocrx_word' id='word_1_843' title='bbox 2218 5272 2492 5328; x_wconf 89' lang='lat' dir='ltr'>hortatur.</span> 
     </span>
    </p>
   </div>
   <div class='ocr_carea' id='block_1_114' title="bbox 1991 5360 3501 5434">
    <p class='ocr_par' dir='ltr' id='par_1_114' title="bbox 1991 5360 3501 5434">
     <span class='ocr_line' id='line_1_114' title="bbox 1991 5360 3501 5434; baseline -0.011 -14"><span class='ocrx_word' id='word_1_844' title='bbox 1991 5361 2172 5433; x_wconf 87' lang='lat' dir='ltr'>(Vers.</span> <span class='ocrx_word' id='word_1_845' title='bbox 2211 5361 2264 5430; x_wconf 89' lang='lat'>3,</span> <span class='ocrx_word' id='word_1_846' title='bbox 2297 5360 2378 5434; x_wconf 77' lang='grc'>4.)</span> <span class='ocrx_word' id='word_1_847' title='bbox 2450 5362 2613 5419; x_wconf 72' lang='lat' dir='ltr'>«Erit</span> <span class='ocrx_word' id='word_1_848' title='bbox 2659 5362 2809 5418; x_wconf 90' lang='lat' dir='ltr'>enim</span> <span class='ocrx_word' id='word_1_849' title='bbox 2867 5368 3104 5431; x_wconf 90' lang='lat' dir='ltr'>tempus,</span> <span class='ocrx_word' id='word_1_850' title='bbox 3154 5371 3279 5412; x_wconf 90' lang='lat' dir='ltr'>cum</span> <span class='ocrx_word' id='word_1_851' title='bbox 3318 5364 3501 5407; x_wconf 82' lang='lat' dir='ltr'>sanam</span> 
     </span>
    </p>
   </div>
   <div class='ocr_carea' id='block_1_115' title="bbox 3216 5655 3286 5717">
    <p class='ocr_par' dir='ltr' id='par_1_115' title="bbox 3216 5655 3286 5717">
     <span class='ocr_line' id='line_1_115' title="bbox 3216 5655 3286 5717; baseline 0.043 -3"><span class='ocrx_word' id='word_1_852' title='bbox 3216 5655 3286 5717; x_wconf 83' lang='grc'><strong>17</strong></span> 
     </span>
    </p>
   </div>
  </div>
