4070 6186
548 206 654 271 523

1588 199 1684 260 AD
1725 197 1959 261 ΟΡΕΡιΑ
2000 199 2056 260 S.
2097 193 2430 260 AMBROSII
2461 189 2840 258 APPENDIX.

3734 184 3839 257 32$

544 335 851 394 doctrinam
902 347 1012 388 non
1060 326 1451 396 sustinebunt;
1490 327 1584 384 sed
1619 326 1686 384 ad
1721 346 1816 384 sua
1865 326 2137 385 desideria
2169 329 2220 390 Α
2253 325 2404 384 utilis
2431 326 2486 383 in
2540 325 2880 383 ministerio:
2934 321 3240 398 Tychieum
3289 337 3420 379 vero
3469 325 3594 379 misi
3649 325 3838 397 Ephe-

545 423 833 495 magistros
861 421 967 478 sibi
989 425 1246 492 aggerent
1269 417 1409 490 (82),
1435 416 1745 490 prurientes
1767 417 2009 474 auribus:
2035 426 2087 473 et
2107 435 2133 472 a

545 511 776 570 veritate
817 509 1040 582 quidem
1085 507 1338 565 auditum
1368 513 1639 574 avertent,
1663 505 1732 561 ad
1762 505 1976 563 fabulas
2005 525 2136 564 vero

543 609 1008 660 convertentur.»
1073 599 1146 654 Et
1205 599 1323 655 hac
1378 596 1550 654 simili
1611 596 1778 652 modo
1851 597 2139 670 prophetia

541 702 623 752 est
675 691 851 749 sancti
904 689 1176 763 Apostoli,
1209 689 1303 762 qui
1351 688 1610 760 praescius
1655 687 1992 755 futurorum,
2039 689 2137 742 in-

539 788 797 846 standum
845 785 904 842 in
943 785 1196 843 doctrina
1224 782 1458 838 sollicite
1501 779 1787 854 praecipit;
1820 789 1882 836 ut
1912 779 2135 835 formati

539 879 595 936 in
631 878 739 934 ﬁde
769 884 822 933 et
849 875 1011 932 bonis
1041 873 1317 946 operibus,
1354 869 1555 927 eruditi
1587 870 1644 926 in
1668 869 1962 942 disciplina
1981 887 2132 937 sana,

539 966 753 1023 robusti
800 971 1078 1032 maneant,
1127 970 1188 1019 ut
1235 971 1512 1034 postremo
1560 969 1803 1032 tempore
1844 978 1967 1017 cum
2000 961 2136 1033 qui-

537 1056 662 1112 dam
693 1072 726 1111 a
771 1053 1000 1110 veritate
1029 1051 1097 1108 ad
1134 1067 1373 1108 errorem
1421 1051 1671 1108 converti
1701 1050 1986 1120 creperint,
2019 1049 2134 1104 im-

537 1146 768 1202 mobiles
833 1149 1197 1215 perseverent.
1257 1141 1413 1195 Tales
1485 1139 1632 1196 enim
1711 1139 1927 1194 futuros
1973 1138 2129 1207 dicit,

539 1235 634 1304 qui
664 1250 763 1306 pro
792 1231 1082 1288 desideriis
1132 1227 1248 1284 suis
1273 1227 1459 1283 doceri
1505 1243 1562 1282 se
1589 1225 1765 1282 velint
1791 1245 1804 1294 ;
1843 1233 1906 1281 ut
1938 1242 1969 1280 a
2006 1242 2132 1280 ma—

538 1323 722 1397 gistris
769 1319 1150 1376 constantibus
1199 1325 1361 1389 atque
1408 1314 1696 1370 veracibus
1743 1313 1812 1370 ad
1863 1314 1962 1372 hos
1988 1331 2132 1372 con-

537 1419 845 1478 vertantur,
912 1409 1008 1482 qui
1052 1407 1168 1463 hzec
1233 1405 1360 1462 illos
1421 1403 1676 1472 doceant,
1728 1419 1848 1475 qum
1898 1404 2132 1461 libenter

537 1502 803 1566 audiant;
840 1499 970 1571 quia
1015 1497 1220 1552 veritas
1250 1495 1364 1552 illis
1392 1509 1582 1566 aspera
1610 1493 1910 1561 videbitur,
1943 1501 2006 1549 ut
2036 1512 2131 1551 re-

537 1592 668 1648 licta
694 1605 794 1646 sua
820 1586 1093 1655 doctrina,
1123 1585 1327 1642 fabulis
1365 1591 1580 1642 vacent.
1616 1584 1824 1640 Nolunt
1854 1583 2003 1640 enim
2033 1601 2132 1640 ar-

2247 435 2387 472 sum.
2418 441 2440 469 υ
2492 417 2626 472 Cum
2677 422 2889 472 constet
2935 419 3078 477 312
3126 430 3344 470 omnem
3407 414 3837 474 instructionem

2246 513 2352 568 viri
2383 513 2735 571 ecclesiastici
2770 512 2885 585 (84)
2933 512 2991 567 in
3022 511 3256 584 epistola
3278 512 3581 582 contineri,
3611 523 3840 586 propter

2248 605 2476 658 multam
2521 613 2703 658 tamen
2733 603 3056 659 charitatem
3089 602 3435 674 praesentiam
3470 602 3589 674 ejus
3622 603 3839 662 deside-

2248 702 2363 749 rat:
2399 695 2580 749 Marco
2627 700 2810 748 autem
2866 693 3073 750 idcirco
3119 692 3497 750 testimonium
3557 695 3836 766 perhibet,

2246 782 2375 854 quia
2405 799 2613 838 memor
2641 790 2722 838 est
2747 782 3147 854 praeteritorum
3176 783 3294 854 ejus
3325 783 3597 840 laborum.

2319 871 2501 942 (Vers.
2539 871 2650 940 13.)
2695 895 2713 918 ε
2743 872 3004 928 Penulam
3040 889 3200 945 quam
3225 871 3426 944 reliqui
3461 873 3672 930 Troade
3690 877 3836 948 apud

2245 960 2501 1032 Carpum,
2564 960 2790 1017 veniens
2827 962 2958 1017 affer
3006 970 3207 1034 tecum,
3252 970 3306 1018 et
3352 963 3542 1031 libros,
3595 965 3837 1022 maxime

2243 1058 2423 1106 autem
2456 1050 2798 1106 menbranas.
2827 1076 2846 1100 ι
2901 1052 3196 1123 Apostolus
3225 1059 3418 1108 natura
3457 1053 3682 1111 Iudaeus
3709 1055 3834 1124 fuit,

2243 1156 2345 1195 nec
2377 1138 2676 1212 quidquam
2699 1139 2894 1195 habuit
2923 1139 3184 1196 alienum.
3212 1141 3362 1197 Unde
3391 1159 3519 1214 ergo
3552 1143 3636 1199 illi
3668 1161 3836 1216 penu-
3861 1159 3865 1161 λ

2244 1230 2293 1284 la
2315 1229 2342 1284 'f
2385 1228 2490 1284 Sed
2535 1228 2664 1300 quia
2693 1238 2866 1285 erata
2902 1230 3092 1300 Tarso,
3125 1247 3261 1302 quos
3302 1241 3518 1289 constat
3547 1232 3607 1288 in
3666 1234 3834 1291 socie-

2239 1326 2406 1373 tatem
2437 1321 2807 1376 Romanorum
2837 1329 3102 1392 receptos,
3150 1329 3211 1376 ut
3253 1320 3320 1378 de
3367 1331 3564 1379 caetero
3597 1325 3836 1396 appella~

2241 1415 2432 1464 rentur
2481 1408 2630 1464 cives
2676 1410 2944 1475 Romani;
3000 1409 3206 1466 idcirco
3259 1428 3476 1468 necesse
3518 1423 3600 1470 est
3641 1431 3736 1470 eos
3785 1425 3836 1472 et

2239 1498 2446 1554 curiam
2479 1497 2697 1566 habere,
2729 1498 2787 1554 in
2817 1515 2979 1570 quam
3029 1516 3177 1556 more
3207 1501 3578 1556 Romanorum
3611 1505 3834 1574 penula-

2240 1587 2282 1642 ti
2314 1587 2667 1644 conveniant.
2725 1588 3049 1661 Quicunque
3093 1590 3241 1646 enim
3289 1590 3387 1646 illo
3414 1598 3659 1663 tempore
3706 1611 3832 1651 cum

537 1681 628 1754 gui
681 1678 921 1751 maligna
958 1692 1125 1749 opera
1181 1691 1314 1732 sua:
1350 1689 1517 1745 quare
1567 1673 1701 1728 tales
1727 1673 1921 1728 volunt
1955 1675 2122 1746 magi-
2159 1692 2204 1751 Β
2240 1676 2560 1732 muneribus
2603 1677 2824 1733 obviam
2869 1679 3109 1734 exissent
3156 1679 3436 1747 Romanis,
3486 1679 3835 1738 immunitate

535 1777 698 1836 atros,
743 1767 839 1840 qui
889 1765 1133 1822 serviant
1160 1763 1407 1819 moribus
1430 1777 1620 1817 eorum
1646 1779 1658 1828 ;
1690 1761 1948 1832 pruriunt
1979 1764 2127 1821 enim

534 1874 691 1914 aures
719 1873 930 1923 eorum,
963 1861 1025 1910 ut
1056 1852 1284 1909 audiant
1313 1850 1527 1907 fabulas
1551 1851 1858 1907 vanitatum
1888 1869 2125 1924 compo-

533 1948 665 2003 sitas
677 1947 778 2002 sub
804 1945 1030 2001 nomine
1043 1942 1332 2010 doctrinae,
1355 1940 1555 2014 quibus
1575 1941 1935 1997 delectentur.
1967 1942 2127 2008 Quod

532 2037 704 2093 nullis
733 2044 844 2092 tam
875 2035 1158 2107 proprium
1190 2040 1291 2100 est,
1334 2047 1496 2102 quam
1529 2029 1864 2099 Manichzeis,
1900 2031 1994 2102 qui
2020 2049 2127 2087 ne-

531 2126 646 2183 scio
670 2143 789 2199 quae
819 2124 1024 2181 habent
1051 2123 1269 2179 diversa
1300 2129 1610 2178 commenta
1639 2119 1844 2175 inﬂatis
1873 2121 2130 2176 nomini—

530 2213 634 2270 bus
663 2222 996 2286 nuncupata;
1029 2229 1154 2270 cum
1177 2211 1288 2268 sint
1316 2227 1402 2266 res
1433 2208 1647 2265 frivolae
1675 2217 1729 2265 et
1759 2209 2007 2282 quaedam
2038 2209 2126 2266 de-

531 2305 839 2361 liramenta.

601 2397 783 2467 (Vers.
816 2395 873 2463 ὅ,
901 2394 982 2466 6.)
1031 2416 1050 2442 ι
1071 2394 1154 2449 Tu
1181 2409 1312 2448 vero
1338 2389 1554 2447 sobrius
1582 2397 1698 2446 esto
1731 2389 1872 2460 (83),
1903 2388 1960 2445 in
1999 2407 2153 2444 om-.

527 2485 692 2542 nibus
738 2483 974 2556 patiens,
1022 2499 1162 2554 opus
1207 2482 1293 2539 fac
1350 2479 1719 2552 evangelistae,
1755 2478 2125 2535 ministerium

526 2582 685 2630 tuum
714 2573 911 2643 exple;
945 2587 1044 2642 ego
1072 2569 1219 2626 enim
1244 2569 1360 2640 jam
1391 2569 1626 2636 delibor,
1660 2575 1712 2624 et
1735 2576 1948 2640 tempus
1968 2568 2128 2624 solu-

528 2661 701 2718 tionis
746 2677 880 2716 meae
927 2660 1116 2715 instat.
1141 2684 1159 2707 »
1194 2659 1471 2715 Admonet
1495 2667 1548 2714 et
1586 2657 1836 2712 hortatur
1883 2665 1945 2713 ut
1973 2656 2127 2729 vigi-

528 2751 605 2808 let
650 2749 708 2804 in
755 2748 1052 2820 disciplina
1081 2746 1470 2811 ecclesiastica,
1515 2745 1754 2801 viriliter
1798 2754 1938 2818 agat,
1987 2747 2128 2802 Scri-

527 2847 714 2912 pturas
761 2838 1039 2909 explanet,
1087 2845 1148 2893 ut
1177 2835 1475 2908 prudentes
1512 2843 1565 2892 et
1594 2835 1798 2892 eruditi
1829 2835 2021 2892 inanes
2051 2836 2125 2894 fa-

527 2930 684 2985 bulas
748 2929 944 2985 vitent.
1019 2929 1318 2999 Apostolus
1384 2926 1532 2984 enim
1591 2925 1769 2982 sciens
1819 2925 2126 2998 passionem

527 3035 679 3074 suam
727 3017 1041 3085 imminere,
1085 3015 1400 3087 exemplum
1449 3014 1551 3087 pias
1580 3015 2022 3071 conversationis
2069 3023 2123 3071 et

526 3125 670 3166 sanae
700 3106 965 3164 doctrinae
987 3105 1045 3161 in
1068 3112 1259 3161 sancto
1311 3102 1602 3160 Timotheo
1631 3103 2080 3177 vultrelinquere
2107 3123 2119 3171 ;

525 3205 590 3253 ut
619 3214 715 3270 per
730 3195 1011 3252 traducem
1030 3210 1316 3266 nunquam
1342 3193 1593 3250 deessent
1622 3193 1875 3250 doctores
1900 3193 2083 3249 idonei
2110 3211 2124 3261 ;

528 3289 835 3362 passionem
865 3294 1048 3342 tamen
1079 3303 1233 3344 suam
1265 3285 1658 3342 delibationem
1708 3285 1982 3356 appellat;
2015 3285 2128 3339 Deo

527 3379 675 3436 enim
701 3378 1040 3446 immolatur,
1071 3376 1166 3450 qui
1191 3393 1292 3448 pro
1317 3375 1437 3447 ejus
1469 3374 1689 3448 justitia
1719 3376 1947 3447 patitur.

601 3469 783 3538 (Vers.
806 3468 862 3534 6,
894 3468 972 3537 7.)
1011 3467 1318 3524 «Certamen
1353 3466 1559 3522 bonum
1586 3465 1885 3532 decertavi,
1908 3479 2128 3519 cursum

530 3555 932 3622 consummavi,
953 3555 1117 3610 ﬁdem
1135 3555 1372 3611 servavi.
1392 3554 1550 3621 Quod
1569 3552 1843 3626 reliquum
1862 3561 2124 3625 est,repo-

531 3646 635 3701 sita
647 3652 729 3699 est
755 3643 893 3698 mihi
912 3660 1115 3700 corona
1135 3643 1388 3714 justitiae,
1402 3659 1563 3715 quam
1581 3642 1770 3698 reddet
1790 3642 1928 3698 mihi
1945 3642 2128 3697 Domi~

530 3751 634 3790 nus
655 3735 711 3790 in
726 3733 821 3788 illa
835 3733 924 3790 die
935 3731 1121 3804 justus
1129 3731 1321 3804 judex:
1339 3748 1449 3788 non
1471 3733 1650 3789 solum
1667 3740 1847 3788 autem
1870 3731 2130 3800 mihi,sed

531 3831 584 3880 et
605 3823 673 3879 iis
702 3821 796 3896 qui
825 3820 1066 3893 diligunt
1085 3822 1388 3879 adventum
1419 3820 1557 3893 ejus.
1583 3821 1784 3878 Omnia
1807 3838 1928 3894 quae
1950 3821 2054 3877 sibi
2077 3829 2130 3878 et

531 3914 744 3973 caeteris
761 3911 921 3968 utilia
935 3920 1118 3969 essent
1133 3920 1186 3967 et
1199 3927 1478 3984 prospera,
1492 3927 1737 3968 servasse
1759 3928 1814 3968 se
1832 3918 2095 3967 memorat
2113 3929 2126 3978 ;

532 4021 645 4063 non
673 4005 853 4061 solum
900 4001 1048 4058 enim
1084 4001 1141 4057 in
1190 4000 1394 4070 verbis,
1425 4001 1518 4059 sed
1548 4009 1602 4057 et
1633 4002 1688 4057 in
1735 4001 1991 4073 operibus
2023 4001 2130 4056 for-

535 4111 679 4150 mam
693 4110 748 4150 se
761 4089 995 4166 prazbuit
1017 4089 1462 4157 audientibus;ut
1480 4098 1534 4145 et
1555 4091 1766 4145 auctori
1782 4107 1880 4144 suo
1900 4090 2130 4145 veritate

537 4181 942 4256 praedicationis
986 4181 1166 4238 ﬁdelis
1202 4179 1549 4253 dispensator
1575 4179 1886 4247 exsisteret,
1919 4187 1972 4234 et
2000 4196 2127 4234 con-

537 4281 622 4329 tra
648 4271 844 4328 mundi
874 4270 1153 4343 principes
1181 4277 1235 4326 et
1257 4277 1547 4342 potestates
1575 4266 1726 4324 omni
1753 4267 2129 4324 sollicitudine

539 4367 592 4415 et
619 4360 817 4431 peritia
841 4359 1190 4427 colluctatus,
1214 4359 1531 4430 exemplum
1548 4355 1824 4432 quomodo
1849 4355 2132 4414 vinceren-

541 4456 649 4514 tur,
695 4448 1060 4518 relinqueret;
1111 4455 1173 4502 ut
1205 4448 1474 4504 inviolata
1523 4448 1794 4517 doctrina,

541 4533 849 4607 legitimum
883 4542 1156 4590 certamen
1201 4533 1395 4605 dignos
1439 4535 1564 4590 illos
1592 4535 1795 4591 faceret
1842 4535 2130 4603 coronari;

543 4624 673 4698 quia
701 4623 844 4679 Deus
886 4622 1070 4695 justus
1109 4622 1284 4694 judex
1331 4624 1486 4680 dabit
1526 4625 1866 4696 amplissima
1911 4625 2136 4698 praemia

544 4713 900 4786 diligentibus
949 4730 1024 4782 se,
1074 4721 1128 4769 et
1167 4713 1613 4785 exspectantibus
1668 4715 1870 4771 Filium
1907 4715 2024 4787 ejus
2068 4714 2137 4771 de

545 4803 719 4859 caelis.

619 4902 802 4974 (Vers.
829 4902 1006 4973 9-12).
1045 4925 1063 4948 ι
1092 4902 1377 4959 Sollicitus
1403 4912 1518 4959 esto
1541 4904 1728 4959 venire
1757 4903 1824 4960 ad
1847 4920 1933 4960 me
1949 4919 2136 4976 quam-

546 4992 787 5066 primum
821 5009 834 5057 ;
867 4993 1062 5047 Demas
1105 4990 1253 5047 enim
1295 5008 1383 5047 me
1419 4992 1733 5065 dereliquit,
1767 4992 2003 5063 diligens
2031 4991 2136 5047 hoc

547 5083 832 5150 saeculum,
891 5087 944 5137 et
973 5081 1110 5138 abiit
1161 5082 1630 5150 Thessalonicam,
1661 5081 1922 5138 Crescens
1951 5081 2008 5137 in
2035 5083 2136 5138 Ga-

551 5174 758 5239 latiam,
788 5169 1014 5227 Titusin
1047 5170 1399 5238 Dalmatiam,
1421 5170 1594 5226 Lucas
1620 5177 1700 5225 est
1723 5185 1936 5226 mecum
1964 5170 2133 5227 solus.

549 5267 794 5322 Marcum
832 5276 1074 5327 assume,
1125 5268 1179 5314 et
1233 5259 1413 5316 adhuc
1452 5268 1633 5315 tecum
1663 5276 1676 5325 ;
1711 5268 1792 5314 est
1821 5259 1967 5314 enim
1998 5259 2137 5316 mihi

647 5485 740 5558 83)
771 5489 977 5546 Eadem
1010 5489 1168 5546 Rom.
1207 5485 1370 5554 edit.,
1408 5487 1486 5546 Tu
1516 5501 1639 5541 vero
1668 5485 1852 5558 vigila,
1885 5485 1941 5541 in
1959 5486 2139 5542 omni-

648 5419 716 5476 82
770 5419 928 5475 Rom.
953 5415 1108 5484 edit.,
1139 5419 1420 5487 magtstros
1459 5413 1561 5468 sibi
1588 5412 1958 5484 aggregabunt.

621 5418 740 5571 ἕως
767 5489 977 5571 "Eadem
1010 5489 1168 5546 Rom.
1207 5486 1370 5554 edit.,
1408 5487 1486 5546 Tu
1516 5501 1639 5541 vero
1668 5485 1852 5558 vigila,
1885 5485 1941 5541 in

548 5559 641 5615 bus
669 5559 900 5618 viriliter
933 5577 1044 5635 age.

837 5786 866 5797 κ

2240 1776 2501 1840 perpetua
2550 1769 2760 1838 donati,
2819 1770 2968 1826 cives
3016 1771 3246 1827 Romani
3294 1779 3348 1828 et
3394 1771 3580 1828 fratres
3632 1789 3828 1829 eorum

2241 1860 2720 1932 nuncupabantnr,
2770 1868 2909 1917 teste
2933 1861 3124 1917 eodem
3155 1863 3438 1934 Apostolo.
3488 1863 3667 1918 Potest
3695 1880 3828 1935 ergo

2239 1950 2380 2019 ﬁeri,
2413 1961 2474 2008 ut
2501 1953 2547 2007 si
2580 1969 2689 2007 non
2739 1969 2914 2019 suam;
2947 1953 3078 2025 quia
3135 1961 3317 2011 totum
3347 1971 3402 2010 se
3449 1953 3552 2024 legi
3583 1953 3829 2022 dederat,

2240 2042 2410 2113 patris
2440 2044 2525 2100 sui
2554 2043 2780 2100 haberet
2810 2044 3090 2116 penulam.

2311 2133 2493 2203 (Vers.
2543 2132 2628 2200 14,
2663 2135 2778 2202 15.)
2834 2157 2852 2180 ι
2883 2133 3198 2189 Alexander
3228 2132 3454 2190 aerarius
3483 2134 3658 2190 multa
3688 2134 3830 2192 mala

2239 2220 2378 2277 mihi
2403 2221 2678 2278 ostendit:
2707 2222 2898 2279 reddet
2928 2222 3012 2278 illi
3042 2223 3311 2279 Dominus
3335 2223 3637 2279 secundum
3667 2240 3831 2296 opera

2237 2327 2354 2366 sua.
2389 2311 2560 2378 Quem
2608 2321 2661 2370 et
2714 2321 2775 2369 tu
2803 2313 3030 2380 devita;
3066 2312 3226 2368 valde
3273 2312 3420 2367 enim
3461 2314 3666 2371 restitit
3713 2330 3829 2369 ver-

2237 2399 2323 2456 bis
2353 2401 2575 2456 nostris.
2603 2424 2621 2449 ι
2676 2401 2991 2457 Alexander
3025 2401 3128 2458 iste
3157 2411 3212 2458 et
3238 2403 3434 2458 Demas
3481 2403 3830 2475 supradictus

2237 2490 2458 2562 collegae
2496 2491 2741 2547 fuerunt.
2793 2492 2860 2546 Hi
2892 2491 3045 2563 prius
3094 2509 3220 2549 cum
3257 2492 3522 2563 Apostolo
3549 2502 3727 2562 erant,
3759 2493 3827 2548 si~

2236 2581 2511 2636 mulantes
2553 2581 2636 2636 illi
2667 2581 3010 2638 amicitiam:
3063 2589 3116 2637 et
3163 2583 3290 2654 quia
3319 2583 3537 2640 fallaces
3586 2592 3830 2656 tempore

2238 2671 2562 2742 probantur,
2594 2673 2756 2728 ambo
2789 2672 2857 2728 ab
2887 2689 2951 2729 eo
2973 2680 3337 2730 recesserunt.
3365 2673 3468 2730 Hic
3493 2681 3675 2730 autem
3697 2690 3830 2730 aera-

2238 2759 2373 2828 rius,
2410 2760 2503 2832 qui
2534 2761 2795 2817 audacior
2822 2769 2938 2817 erat
2967 2761 3026 2818 in
3071 2762 3249 2830 malis,
3281 2761 3362 2819 sic
3390 2762 3459 2818 ab
3487 2779 3550 2818 eo
3582 2763 3830 2828 recessit,

2240 2857 2300 2904 ut
2320 2857 2375 2904 et
2402 2850 2775 2906 contradictor
2801 2850 3096 2907 verborum
3121 2851 3240 2923 ejus
3259 2852 3539 2908 existeret.
3574 2851 3679 2918 Qui
3701 2867 3832 2923 ergo

2238 2939 2501 3010 Apostolo
2539 2956 2706 2996 ausus
2766 2948 2882 2996 erat
2930 2940 3325 3009 contradicere,
3395 2958 3507 2996 non
3549 2941 3831 2998 immerito

2237 3028 2558 3085 evitandum
2593 3030 2743 3086 hunc
2769 3031 3050 3100 admonet,
3081 3032 3179 3088 Dei
3205 3031 3417 3103 judicio
3445 3031 3610 3089 istum
3645 3032 3835 3089 dimit-

2237 3125 2376 3174 tens.

2311 3209 2493 3278 (Vers.
2538 3209 2649 3280 16.)
2696 3233 2714 3257 ι
2736 3211 2798 3266 In
2825 3211 3001 3282 prima
3022 3229 3141 3268 mea
3174 3211 3492 3268 defensione
3513 3227 3675 3268 nemo
3691 3211 3832 3268 mihi

2238 3297 2438 3366 adfuit,
2471 3299 2566 3355 sed
2595 3316 2785 3355 omnes
2817 3316 2904 3355 me
2933 3300 3386 3372 dereliquerunt:
3421 3317 3530 3356 non
3562 3299 3676 3356 illis
3734 3301 3832 3356 im-

2239 3395 2481 3458 putetur.
2503 3413 2521 3436 ι
2550 3389 2836 3445 Pressuras
2855 3399 2906 3446 et
2924 3389 3310 3446 tribulationes
3329 3389 3433 3446 sibi
3451 3390 3631 3447 illatas
3647 3389 3834 3446 defen-

2239 3474 2452 3530 sionem
2481 3492 2634 3532 suam
2658 3485 2938 3550 nuncupat
2962 3497 2975 3546 ;
3008 3479 3185 3550 passio
3203 3478 3350 3535 enim
3374 3477 3702 3535 Christianis
3718 3478 3836 3533 vita

2239 3572 2339 3633 est,
2391 3573 2445 3620 et
2486 3567 3127 3638 persecutiodefensio:
3181 3585 3433 3641 pressura
3479 3568 3626 3625 enim
3679 3568 3835 3624 illata

2240 3673 2338 3728 pro
2353 3655 2577 3728 justitia
2624 3658 2871 3715 defendit
2903 3660 3064 3717 illum
3097 3661 3154 3716 in
3179 3660 3270 3716 die
3295 3659 3519 3732 judicii,
3553 3676 3673 3715 reos
3703 3676 3838 3716 con—

2241 3747 2488 3804 stituens
2518 3749 2932 3820 perﬁdos.lnter
2961 3751 3078 3822 ipsa
3099 3767 3225 3822 ergo
3243 3749 3405 3806 initia
3427 3751 3590 3806 illatae
3621 3765 3837 3821 pressu-

2243 3851 2316 3891 ra:
2364 3835 2691 3893 derelictum
2745 3855 2801 3894 se
2853 3839 3249 3910 conqueritur:
3300 3847 3354 3894 et
3399 3839 3526 3912 quia
3552 3836 3654 3892 scit
3683 3836 3840 3893 hanc

2239 3941 2354 3981 esse
2383 3927 2862 3996 consuetudinem,
2916 3945 3026 3984 non
3057 3928 3171 3985 illis
3205 3930 3322 3985 vult
3364 3926 3615 4000 imputari
3647 3945 3661 3994 ;
3696 3927 3841 3999 quia

2241 4022 2295 4070 et
2321 4015 2621 4072 Dominum
2653 4033 2685 4074 a
2733 4017 2940 4075 Iudaeis
2985 4019 3388 4090 apprehensum
3420 4017 3677 4090 discipuli
3702 4018 3837 4073 reli-

2240 4113 2516 4177 querunt;
2574 4109 2775 4179 quippe
2810 4124 2936 4164 cum
2994 4109 3259 4180 scriptum
3315 4108 3387 4166 sit
3417 4110 3475 4164 in
3527 4107 3833 4180 propheta:

2254 4222 2272 4244 ι
2293 4197 2602 4253 Percutiam
2655 4208 2948 4271 pastorem,
2981 4208 3035 4257 et
3063 4200 3446 4274 dispergentur
3476 4217 3608 4258 oves
3656 4199 3837 4272 gregis

2246 4287 2437 4356 (Zach.
2471 4303 2600 4355 xm,
2633 4289 2711 4359 7).
2735 4311 2753 4337 ι

2317 4385 2499 4457 (Vers.
2536 4387 2650 4459 17.)
2693 4412 2710 4435 ε
2741 4389 3011 4446 Dominus
3041 4397 3223 4446 autem
3251 4387 3390 4444 mihi
3420 4388 3622 4455 astitit,
3644 4396 3839 4444 etcon-

2085 4447 2096 4457 ,
2319 4435 2333 4457 κ
2366 4435 2499 4442 .---.
2536 4435 2587 4442 -.
2611 4435 2647 4459 .,
2741 4435 3011 4446 -ν......-υ
3041 4435 3223 4446 κων...
3420 4435 3622 4455 ..--...-,
3647 4435 3813 4444 πη--

1856 4456 1908 4504 et
1939 4464 2131 4544 330".”
2163 4435 2212 4494 Β
2242 4474 2470 4531 fortavit
2524 4493 2647 4544 me;
2706 4486 2768 4534 ut
2819 4496 2916 4552 per
2980 4496 3067 4535 me
3122 4478 3438 4552 praedicatio
3487 4478 3838 4549 impleretur,

2245 4573 2298 4620 et
2327 4566 2582 4622 audirent
2617 4584 2807 4624 omnes
2856 4579 3061 4641 gentes.
3086 4593 3102 4617 ι
3166 4571 3393 4641 Propter
3423 4567 3570 4641 quod
3613 4566 3843 4622 Domini

2246 4656 2418 4710 nostri
2448 4656 2674 4711 auxiliis
2696 4658 2970 4714 munitum
3001 4673 3057 4713 se
3086 4657 3243 4726 dicit,
3261 4666 3316 4712 et
3351 4665 3572 4714 auctum
3608 4657 3844 4725 virtute,

2245 4753 2307 4800 ut
2353 4745 2800 4816 praedicationem
2857 4747 3110 4820 impleret
3155 4747 3212 4802 in
3243 4746 3501 4802 omnibus
3542 4745 3841 4818 gentibus:

2245 4832 2454 4888 idcirco
2490 4834 2696 4906 ignosci
2730 4836 2868 4908 petit
2916 4835 3013 4905 eis,
3046 4854 3078 4892 a
3116 4836 3316 4910 quibus
3344 4835 3641 4892 derelictus
3669 4843 3754 4890 est
3783 4835 3848 4889 in

2246 4924 2568 4982 necessitate
2599 4945 2612 4994 ;
2645 4934 2708 4982 ut
2737 4927 2872 4983 bene
2897 4935 3152 5000 acceptus
3185 4947 3215 4985 a
3243 4929 3376 4995 Deo,
3407 4925 3716 4982 vindictam
3730 4942 3848 4980 non

2247 5021 2470 5086 quaerat.
2527 5016 2642 5072 Hac
2695 5017 2843 5072 enim
2908 5033 3069 5074 causa
3099 5017 3336 5090 amplius
3363 5015 3614 5087 adjutum
3644 5031 3703 5071 se
3729 5031 3850 5070 cre-

2246 5104 2329 5160 dit
2357 5121 2387 5160 a
2418 5107 2550 5172 Deo,
2581 5105 2711 5178 quia
2739 5104 3033 5163 derelictus
3057 5116 3138 5163 est
3164 5106 3233 5162 ab
3264 5104 3607 5160 hominibus.

2320 5195 2502 5264 (Vers.
2539 5195 2651 5265 18.)
2697 5218 2715 5241 ι
2747 5197 2817 5251 Et
2848 5197 3109 5253 liberatus
3140 5213 3260 5252 sum
3291 5195 3359 5251 de
3394 5210 3488 5250 ore
3518 5194 3722 5250 leonis.
3753 5193 3854 5248 Li-

2247 5284 2460 5340 berabit
2490 5300 2574 5339 me
2605 5284 2872 5342 Dominus
2892 5285 2958 5340 ab
2986 5285 3138 5340 omni
3155 5301 3316 5357 opere
3347 5284 3511 5350 malo,
3542 5291 3598 5338 et
3623 5283 3852 5338 salvum

2323 5423 2451 5500 (84)Δ
2468 5425 2595 5481 Mss.
2629 5426 2858 5500 aliquot,
2880 5443 3081 5481 onmem
3112 5425 3506 5481 instructionem
3517 5421 3668 5492 juris
3695 5425 3860 5479 eccle-

2248 5496 2472 5552 siastici.
