4108 6184
293 217 393 286 823

1359 217 1723 284 COMMENT.
1765 220 1836 282 IN
1872 218 2090 282 EPIST.
2133 221 2228 282 AD
2267 220 2506 283 TlTUM.

3480 227 3585 292 826

296 354 450 410 faciet
482 353 538 408 in
571 367 796 425 regnum
829 368 988 408 suum
1021 347 1269 409 cmleste:
1320 351 1409 408 cui
1437 350 1605 425 gloria
1639 350 1696 410 in
1724 359 1875 408 aeter-
1914 354 1959 412 Δ
1992 350 2238 407 Priscilla
2293 351 2347 407 hi
2390 361 2538 421 sunt,
2571 349 2713 426 apud
2743 372 2880 427 quos
2919 348 3228 428 lioqiitatus
3259 357 3588 429 operabatur

295 461 446 509 num,
477 459 656 498 amen.
689 467 705 489 ι
751 441 1024 497 Similiter
1053 441 1188 498 dicit
1222 450 1273 496 et
1305 443 1494 498 Petrus
1539 446 1884 515 coapostolus

295 534 438 609 ejus:
477 535 652 602 «Quia
681 533 1029 590 adversarius
1059 541 1241 590 noster
1263 533 1517 590 diabolus
1533 535 1752 603 circuit,
1779 535 1882 592 fre-

292 641 438 681 mens
463 624 611 680 sicut
645 623 749 691 leo,
771 640 1019 695 quaerens
1041 639 1200 696 quem
1220 623 1445 680 devoret
1464 627 1672 695 (IPetr.
1689 643 1744 693 v,
1763 625 1868 693 8).»

289 714 388 771 Sed
433 713 564 787 quia
611 714 669 769 in
717 713 980 785 Apostolo
1011 713 1355 770 occasionem
1387 729 1497 768 non
1545 712 1883 781 inveniebat,

286 821 392 877 qua
430 804 591 859 illum
634 802 930 875 deciperet,
967 819 1063 874 per
1098 803 1245 858 ﬁlios
1286 819 1413 858 suos
1448 818 1761 874 pressuram
1802 801 1887 856 illi

285 892 567 950 excitabat
619 899 672 947 et
705 909 890 964 poenas
919 910 931 958 ;
976 901 1038 948 ut
1075 893 1121 947 si
1155 909 1268 947 non
1299 891 1450 964 quasi
1486 900 1754 963 peccator,
1801 892 1886 947 vel

285 983 445 1056 quasi
462 981 666 1054 justus,
693 979 760 1038 de
783 983 884 1038 hac
915 989 1096 1038 tamen
1128 983 1415 1037 tolleretur
1442 981 1574 1049 vita,
1594 997 1661 1037 ne
1685 983 1886 1037 multos

285 1071 604 1129 hortaretur
632 1071 699 1127 ad
734 1071 921 1127 ﬁdem.
955 1070 1115 1138 Quod
1140 1089 1267 1127 cum
1299 1088 1465 1143 prope
1494 1071 1766 1142 impleret,
1786 1069 1886 1126 Dei

285 1162 641 1235 providentia
654 1162 916 1218 liberatus
929 1161 1886 1234 Apostolus,insultatilli,inﬁrmum

286 1252 448 1308 illum
469 1251 920 1322 testiﬁcans,quia
935 1252 1002 1306 de
1019 1268 1110 1306 ore
1126 1250 1242 1321 ejus
1258 1259 1475 1321 ereptus
1487 1251 1724 1323 est,quia
1740 1249 1886 1322 quod

287 1345 525 1417 cupivit,
583 1344 812 1415 implere
868 1360 979 1399 non
1019 1343 1216 1415 potuit.
1277 1342 1452 1413 Igitur
1504 1342 1604 1398 Dei
1659 1341 1888 1396 auxiliis

287 1437 456 1492 morti
487 1452 543 1491 se
575 1443 824 1506 ereptum
854 1434 1180 1507 gratulatur,
1213 1443 1264 1490 et
1307 1433 1374 1488 de
1405 1435 1756 1506 providentia
1787 1437 1885 1492 Dei

286 1533 397 1580 tam
430 1541 656 1581 securus
684 1533 787 1592 est,
821 1531 880 1578 ut
910 1523 976 1578 de
1002 1522 1206 1578 futuris
1235 1522 1636 1578 tentationibus
1665 1523 1886 1579 liberari

283 1632 340 1672 se
363 1616 575 1674 credat:
609 1623 663 1671 et
693 1633 804 1671 non
840 1617 1019 1672 solum
1051 1614 1272 1670 liberari
1305 1614 1372 1670 ad
1403 1631 1673 1693 praesens,
1694 1631 1885 1669 verum

285 1704 451 1761 etiam
484 1705 700 1761 salvum
732 1721 789 1760 se
819 1705 1069 1760 futurum
1120 1704 1179 1759 in
1211 1703 1301 1759 die
1334 1703 1557 1775 judicii,
1587 1712 1641 1760 et
1689 1721 1890 1775 regna-

285 1802 475 1850 turum
507 1811 636 1851 cum
667 1793 908 1849 Domino
941 1792 1163 1849 Christo
1190 1793 1248 1848 in
1278 1802 1483 1848 aeterna
1511 1794 1728 1848 saecula.

363 1883 547 1953 (Vers.
584 1882 674 1949 19,
710 1881 798 1949 20,
832 1881 948 1950 21.)
994 1904 1011 1926 ι
1043 1880 1228 1937 Saluta
1273 1880 1604 1943 Priscillam,
1640 1888 1694 1936 et
1725 1880 1892 1952 Aqui-

287 1976 424 2043 lam,
467 1983 521 2031 et
568 1973 902 2046 Onesiphori
952 1973 1200 2030 domum.
1234 1974 1458 2030 Erastus
1488 1977 1748 2031 remansit
1779 1976 1892 2033 Co-

288 2062 468 2120 rinthi
495 2081 507 2119 :
542 2063 904 2135 Trophimum
935 2072 1114 2120 autem
1145 2063 1343 2136 reliqui
1384 2063 1665 2120 inﬁrmum
1696 2065 1888 2122 Mileti.

285 2151 576 2209 Sollicitus
637 2161 754 2208 esto
800 2162 926 2210 ante
976 2152 1214 2208 hiemem
1271 2153 1481 2210 venire.
1512 2178 1530 2201 ι
1575 2155 1779 2226 Aquila
1840 2163 1894 2211 et

1993 442 2248 496 inanibus
2289 443 2429 512 (Act.
2457 461 2616 511 xviii,
2652 447 2728 514 3).
2767 445 3140 515 One-siphorus
3167 455 3346 502 autem
3373 448 3463 505 hic
3482 457 3584 517 est,

1993 532 2081 588 cui
2106 531 2258 587 testis
2286 539 2367 586 est
2394 530 2451 584 in
2473 532 2709 587 secunda
2730 534 2959 605 epistola
2991 536 3077 604 (ΙΙ
3105 537 3234 592 Tim.
3259 555 3296 604 ι,
3321 537 3586 608 16).Οιιὶ(1

1993 630 2075 677 est
2120 629 2323 688 tamen,
2375 630 2435 675 ut
2465 631 2730 692 praesente
2759 626 3040 696 Apostolo,
3072 625 3168 698 qui
3205 636 3447 684 mortuos
3478 645 3588 685 ex-

1995 709 2218 777 citabat,
2253 709 2586 781 Trophilnus
2615 711 2984 770 inﬁrmaretur
3005 715 3032 771 ?
3053 715 3158 772 Sed
3186 715 3340 788 signa
3369 725 3588 788 propter

1997 799 2310 856 incredulos
2361 800 2503 856 facta
2556 809 2688 856 sunt
2719 820 2730 857 :
2767 811 2819 858 et
2861 805 2988 876 quia
3029 822 3097 861 ex
3147 805 3382 863 diversis
3411 809 3588 864 causis

1998 889 2257 944 meritum
2288 890 2590 946 collocatur
2619 891 2761 962 apud
2792 894 3002 959 Deum;
3040 902 3100 949 ut
3129 895 3242 951 sive
3273 896 3330 951 in
3363 896 3586 953 tribula-

1997 979 2167 1048 tione,
2201 980 2318 1037 sive
2350 981 2407 1036 in
2438 981 2786 1053 egritudine,
2821 981 2916 1055 qui
2954 985 3068 1040 Deo
3097 985 3292 1054 gratias
3327 987 3458 1057 agit,
3492 1004 3590 1044 nec

1995 1071 2063 1127 ad
2109 1071 2336 1127 adversa
2387 1081 2538 1142 parte
2592 1073 2912 1143 suffragium
2973 1075 3189 1146 quaerit,
3243 1084 3305 1132 ut
3344 1077 3592 1146 proﬁciat

1997 1159 2208 1214 meritis
2234 1158 2380 1230 apud
2410 1161 2606 1215 Deum.
2633 1161 2862 1231 Propter
2885 1161 3086 1218 imbres
3105 1171 3285 1218 autem
3309 1171 3362 1220 et
3392 1166 3595 1238 frigora

1996 1247 2362 1315 commonuit,
2394 1255 2455 1302 ut
2483 1255 2750 1304 autumno
2777 1249 2844 1304 ad
2867 1265 2923 1305 se
2953 1251 3187 1312 veniret.
3236 1276 3253 1297 ι
3283 1252 3495 1309 Salutat
3542 1261 3593 1309 te

1996 1337 2244 1392 Eubolus
2267 1346 2320 1393 et
2352 1339 2586 1407 Pudens,
2621 1338 2791 1395 Linus
2819 1347 2872 1395 et
2901 1339 3150 1408 Claudia,
3181 1349 3233 1397 et
3267 1357 3458 1398 omnes
3490 1342 3593 1398 fra-

1997 1435 2125 1484 tres.
2151 1453 2168 1474 -
2212 1429 2360 1484 More
2405 1437 2664 1485 consueto
2694 1431 2964 1502 completa
3013 1439 3094 1489 est
3123 1432 3351 1504 epistola
3380 1432 3595 1490 saluta-

2001 1516 2147 1571 tione
2179 1517 2430 1573 fratrum.

2071 1624 2098 1657 «
2128 1606 2401 1661 Dominus
2427 1607 2582 1662 Jesus
2610 1607 2862 1665 Christus
2892 1627 3016 1667 cum
3049 1611 3248 1683 spiritu
3276 1619 3372 1668 tuo
3404 1611 3578 1683 (85).»

1931 1705 2127 1777 BHasc
2174 1705 2509 1778 subscriptio
2556 1709 2807 1779 Apostoli
2865 1720 2968 1776 est,
3015 1711 3162 1783 quod
3215 1711 3432 1784 signum
3483 1729 3595 1770 esse

1999 1792 2134 1848 dicit
2155 1793 2211 1848 in
2243 1795 2394 1849 omni
2421 1795 2670 1867 epistola.
2693 1798 2761 1852 Et
2791 1799 2919 1870 quia
2948 1800 3123 1856 Filius
3149 1802 3249 1856 Dei
3274 1801 3418 1857 idem
3449 1801 3597 1858 ﬁlius

2000 1887 2243 1944 hominis
2273 1898 2372 1957 est,
2406 1897 2460 1945 et
2479 1890 2633 1945 Jesus
2654 1891 2861 1948 dicitur
2889 1903 2942 1949 et
2963 1893 3247 1951 Christus:
3278 1903 3339 1950 ut
3360 1903 3413 1951 et
3431 1895 3596 1952 homo

2003 1977 2346 2048 signiﬁcetur
2375 1985 2429 2033 et
2457 1981 2622 2047 Deus,
2644 1980 2860 2037 duobus
2891 1983 3208 2040 nominibus
3225 1993 3593 2056 nuncupatur.

2003 2067 2243 2140 Utroque
2269 2075 2452 2125 tamen
2482 2071 2706 2126 nomine
2738 2073 2978 2144 dignitas
3014 2074 3352 2148 designatur,
3379 2093 3487 2149 qua
3517 2093 3596 2134 ra-

2001 2155 2152 2212 tione
2183 2166 2312 2214 sunt
2339 2157 2516 2230 posita
2536 2159 2779 2218 nomina.

361 2286 482 2360 (85)
536 2287 696 2343 Rom.
746 2285 903 2358 edit.,
936 2305 1051 2343 cum
1081 2287 1276 2359 spiritu
1304 2295 1411 2344 tuo.
1461 2289 1652 2344 Gratia
1698 2289 1978 2358 vobiscum,
2009 2307 2181 2346 amen.

293 2456 3595 2482 _____________—_____.__._________________________

677 2606 813 2691 IN
904 2603 1676 2692 EPISTOLAM
1773 2610 1891 2696 D.

815 2919 962 2978 313
988 2912 1373 2972 PROLOGUS.

1998 2611 2403 2696 PAULI
2490 2613 2657 2695 AD
2747 2615 3212 2701 TlTUM.

2002 2917 2160 2982 cepto
2207 2910 2352 2968 dono
2395 2912 2609 2984 paciﬁci
2634 2912 2770 2970 ﬁant
2819 2931 2944 2978 cum
3002 2917 3115 2973 Deo
3143 2925 3197 2974 et
3224 2918 3418 2987 Patre;
3468 2920 3596 2994 quia

362 3012 552 3069 Titum
583 3015 882 3086 Apostolus
912 3015 1120 3070 creavit
1147 3013 1464 3084 episcopum
1499 3010 1615 3082 (86)
1642 3026 1656 3076 ;
1690 3016 1743 3064 et
1775 3007 1896 3064 ideo
1929 3035 1972 3096 α
2003 3002 2188 3058 omnia
2239 3019 2307 3096 ex
2351 3004 2468 3076 ipso
2501 3012 2649 3074 sunt,
2679 3014 2733 3061 et
2770 3005 2991 3064 Christo
3018 3007 3144 3064 Jesu
3173 3008 3454 3066 Salvatore
3483 3027 3595 3066 no-

293 3112 610 3160 commonet
657 3119 807 3170 eum,
870 3111 933 3156 ut
977 3103 1047 3157 sit
1103 3101 1376 3156 sollicitus
1428 3099 1485 3154 in
1525 3099 1898 3155 ecclesiastica
1939 3092 1970 3096 w
2003 3100 2137 3160 strO,
2172 3092 2300 3165 Quia
2329 3102 2382 3150 et
2416 3093 2529 3166 ipse
2560 3095 2817 3152 liberavit
2847 3113 2947 3152 nos
2976 3113 3008 3152 a
3040 3106 3235 3154 morte.

296 3190 648 3246 ordinatione
682 3207 694 3244 :
747 3188 804 3244 id
843 3198 943 3256 est,
990 3188 1057 3244 ad
1093 3187 1356 3261 quosdam
1397 3188 1491 3260 qui
1544 3187 1894 3244 simulatione

296 3281 536 3354 quadam
589 3277 786 3347 dignos
815 3292 871 3332 se
897 3284 1190 3344 ostentant,
1223 3283 1284 3332 ut
1313 3277 1603 3334 sublimem
1643 3275 1892 3332 ordinem

300 3374 574 3432 teneant;
623 3365 898 3439 simulque
933 3373 986 3422 et
1032 3365 1316 3423 haereticos
1361 3382 1429 3422 ex
1476 3366 1894 3423 circumcisione

302 3453 698 3528 corripiendos.

818 3597 1046 3656 CAPUT
1083 3597 1374 3655 PRIMUM.

368 3727 550 3800 (Vers.
587 3726 723 3800 1-4.)
769 3751 787 3774 ι
818 3727 1018 3783 Paulus
1043 3743 1235 3784 servus
1262 3727 1382 3795 Dei,
1405 3726 1684 3797 apostolus
1708 3732 1890 3780 autem

285 3820 420 3875 Jesu
479 3818 685 3875 Christi
742 3816 1042 3874 secundum
1100 3817 1265 3872 ﬁdem
1318 3817 1618 3872 electorum
1661 3815 1782 3883 Dei,
1839 3823 1892 3871 et

286 3908 633 3982 agnitionem
665 3907 914 3964 veritatis
961 3905 1099 3978 ejus,
1135 3924 1254 3979 quae
1293 3905 1593 3962 secundum
1635 3905 1890 3976 pietatem

284 4007 372 4056 est
401 3998 459 4054 in
489 4013 638 4069 spem
669 3997 798 4052 vitae
827 4004 1043 4052 aeternae
1074 4012 1236 4069 quam
1269 3995 1523 4067 promisit
1549 3997 1694 4050 Deus
1723 4010 1892 4050 verax

284 4097 418 4146 ante
464 4097 712 4160 tempora
759 4087 1044 4144 smcularia
1073 4104 1084 4141 :
1117 4085 1493 4142 manifestavit
1523 4093 1702 4140 autem
1744 4093 1892 4140 tem-

284 4177 518 4252 poribus
563 4177 679 4234 suis
719 4177 777 4232 in
812 4175 1202 4248 praedicatione
1252 4174 1481 4230 verbum
1521 4191 1704 4240 suum,
1745 4173 1891 4246 quod

283 4267 564 4324 creditum
612 4273 695 4322 est
749 4266 910 4332 mihi,
939 4264 1246 4321 secundum
1278 4270 1608 4334 praeceptum
1635 4263 1893 4318 Salvato-

283 4355 369 4411 ris
415 4355 590 4411 nostri
617 4353 717 4410 Dei
747 4371 759 4408 :
795 4353 919 4408 Tito
951 4369 1208 4424 germano
1253 4351 1371 4408 ﬁlio
1400 4351 1700 4406 secundum
1733 4368 1893 4407 com-

284 4461 518 4502 munem
548 4443 736 4500 ﬁdem.
769 4442 958 4499 Gratia
984 4447 1038 4497 et
1066 4456 1174 4512 pax
1202 4456 1234 4497 a
1262 4442 1376 4496 Deo
1415 4441 1592 4508 Patre,
1623 4449 1677 4496 et
1705 4441 1890 4498 Domi-

286 4552 366 4592 no
396 4536 523 4591 Iesu
543 4533 763 4590 Christo
793 4531 1075 4588 Salvatore
1091 4537 1301 4586 nostro.
1324 4555 1342 4578 ι
1372 4530 1661 4586 Decretum
1682 4530 1888 4586 donum

285 4642 320 4681 a
366 4626 499 4692 Deo,
531 4622 679 4696 quod
726 4629 852 4678 ante
880 4622 1079 4678 saecula
1125 4619 1472 4691 promiserat,
1505 4626 1748 4690 tempore
1779 4620 1890 4676 Sal-

289 4713 500 4770 vatoris
550 4712 607 4767 in
637 4711 1024 4784 praedicatione
1054 4709 1426 4782 apostolorum
1477 4707 1889 4764 manifestatum

287 4803 575 4868 declarat;
623 4800 704 4858 sic
748 4801 898 4858 enim
947 4800 1292 4874 promiserat.
1352 4797 1512 4866 Quod
1567 4797 1730 4854 etiam
1784 4798 1890 4854 sibi

288 4893 564 4951 creditum
586 4891 744 4957 dicit,
775 4900 839 4949 ut
877 4891 1131 4962 gentibus
1168 4891 1472 4947 insinuaret
1525 4889 1891 4962 praedestina-

291 4993 406 5040 tam
437 4981 873 5041 misericordiam
903 4982 1035 5048 Dei;
1059 4989 1120 5037 ut
1143 4988 1197 5037 et
1224 4981 1379 5036 Titus
1400 4997 1564 5037 verus
1580 4981 1698 5053 ejus
1720 4980 1887 5049 ﬁlius,

293 5075 353 5132 id
381 5082 482 5143 est,
514 5073 818 5132 secundum
848 5071 1209 5143 Evangelium
1237 5071 1368 5144 (hoc
1397 5079 1480 5128 est
1507 5073 1652 5128 enim
1675 5089 1888 5140 verum,

291 5165 440 5239 quod
469 5174 735 5222 aeternum
767 5164 871 5234 est)
897 5161 1039 5218 hanc
1064 5161 1163 5218 Dei
1204 5162 1544 5218 voluntatem
1573 5169 1628 5217 et
1658 5162 1890 5218 sollicite

292 5255 599 5328 suspiciens
626 5253 945 5327 praedicaret
975 5251 1206 5324 gratiam
1234 5251 1331 5308 Dei
1361 5259 1414 5308 et
1443 5268 1650 5324 pacem,
1701 5259 1762 5308 ut
1791 5269 1892 5308 ac-

367 5383 489 5454 (86)
521 5381 659 5438 Cum
682 5379 798 5454 haec
827 5377 885 5433 in
916 5375 1203 5454 epistolam
1235 5374 1302 5429 ad
1333 5376 1892 5454 Titumcommenta-

295 5448 386 5509 ria'
426 5448 482 5509 in
532 5469 662 5508 mss.
714 5451 898 5523 priora
928 5451 1038 5523 sint
1066 5448 1475 5523 commentariis
1517 5449 1582 5523 i_n_
1605 5457 1892 5523 utramque

296 5525 363 5580 ad
405 5517 782 5598 Timotheum,
831 5521 997 5580 semel
1048 5517 1712 5598 admonendum-videtur
1758 5517 1894 5598 alias

297 5612 514 5670 quoque
542 5611 656 5652 non
684 5589 899 5662 eodem,
917 5609 1026 5666 quo
1049 5591 1109 5648 in
1137 5589 1356 5658 Bibliis,
1381 5589 1575 5647 ordine
1604 5592 1888 5650 collocari.

1921 4404 1970 4462 D

2077 3184 2260 3254 (Vers.
2289 3185 2477 3256 5-11.)
2523 3212 2539 3234 ι
2571 3185 2747 3258 Hujus
2777 3187 2853 3244 rei
2884 3189 3057 3260 gratia
3086 3189 3285 3262 reliqui
3315 3197 3368 3245 te
3404 3191 3602 3260 Cretae,

2001 3281 2066 3329 ut
2095 3290 2158 3330 ea
2185 3290 2305 3345 quae
2333 3274 2554 3344 desunt,
2578 3277 2836 3348 corrigas,
2857 3285 2911 3332 et
2939 3279 3241 3336 constituas
3271 3296 3366 3352 per
3393 3281 3602 3337 civita—

2004 3370 2084 3418 tes
2130 3363 2499 3435 presbyteros,
2544 3365 2688 3421 sicut
2717 3373 2771 3422 et
2817 3383 2915 3439 ego
2965 3368 3067 3423 tibi
3095 3367 3362 3439 disposui.
3392 3369 3448 3424 Si
3478 3371 3603 3442 quis

2003 3459 2084 3508 est
2126 3453 2245 3508 sine
2282 3453 2535 3520 crimine,
2573 3453 2740 3509 unius
2789 3455 3039 3512 mulieris
3070 3457 3176 3522 vir,
3213 3455 3359 3512 ﬁlios
3396 3457 3602 3514 habens

2001 3539 2210 3611 ﬁdeles,
2253 3559 2366 3598 non
2414 3543 2472 3597 in
2521 3543 2869 3600 accusatione
2912 3544 3170 3612 luxuriae,
3219 3553 3316 3600 aut
3371 3545 3601 3603 inobse-
3689 3547 3693 3550 ’

2001 3638 2248 3702 quentes.
2305 3631 2532 3703 Oportet
2587 3633 2736 3688 enim
2802 3633 3120 3706 episcopum
3187 3635 3307 3690 sine
3368 3636 3600 3693 crimine

2001 3735 2136 3788 esse,
2167 3721 2310 3776 sicut
2340 3721 2438 3778 Dei
2467 3723 2932 3794 dispensatorem:
2965 3743 3077 3782 non
3111 3734 3452 3798 protervum,
3488 3745 3598 3784 non

2001 3809 2349 3879 iracundum,
2384 3828 2495 3868 non
2551 3814 2684 3870 vino
2741 3814 3016 3882 deditum,
3059 3832 3170 3872 non
3201 3834 3598 3888 percussorem,

2001 3915 2112 3979 non
2169 3902 2351 3972 turpia
2423 3903 2575 3959 lucra
2638 3913 3027 3976 appetentem:
3098 3907 3191 3962 sed
3249 3907 3596 3980 hospitalem,

1999 3987 2321 4061 benignum,
2354 3991 2698 4062 prudentem,
2723 3993 2959 4066 justum,
2984 4003 3259 4060 sanctum,
3300 3995 3602 4050 continen-

2000 4087 2135 4144 tem,
2176 4089 2419 4138 tenacem
2447 4082 2563 4155 ejus
2602 4086 2890 4152 sermonis,
2919 4085 3013 4156 qui
3045 4083 3347 4139 secundum
3381 4079 3602 4136 doctri-

2001 4185 2129 4224 nam
2158 4168 2338 4227 ﬁdelis
2369 4180 2478 4237 est;
2513 4183 2575 4231 ut
2603 4184 2794 4244 potens
2845 4173 2918 4229 sit
2947 4171 3229 4227 exhortari
3261 4171 3319 4224 in
3350 4168 3602 4224 doctrina

2001 4274 2154 4327 sana,
2221 4268 2276 4316 et
2354 4261 2794 4317 contradicentes
2871 4259 3173 4314 revincere.
3251 4258 3392 4314 Sunt
3451 4259 3599 4314 enim

2001 4349 2163 4404 mulli
2222 4366 2335 4406 non
2398 4349 2736 4414 obedientes,
2802 4347 3087 4419 vaniloqui
3151 4357 3204 4404 et
3265 4347 3598 4418 seductores,

2000 4439 2242 4496 maxime
2273 4440 2313 4494 ii
2339 4439 2432 4510 qui
2465 4445 2597 4494 sunt
2626 4454 2694 4493 cx
2725 4437 3170 4504 circumcisione,
3217 4453 3355 4510 quos
3386 4445 3599 4510 oportet

2000 4528 2254 4600 redargui
2281 4547 2292 4584 :
2319 4529 2411 4600 qui
2430 4528 2718 4584 universas
2748 4527 2941 4585 domos
2971 4527 3322 4596 subvertunt,
3344 4527 3600 4585 docentes

1999 4633 2120 4688 quae
2169 4635 2280 4676 non
2333 4625 2552 4691 oportet
2604 4617 2782 4691 turpis
2834 4617 2974 4674 lucri
3031 4618 3220 4690 gratia.
3253 4643 3272 4667 ι
3311 4619 3602 4675 Manifesta

1999 4713 2150 4773 sunt,
2179 4723 2300 4778 quae
2351 4708 2493 4764 lecta
2535 4717 2700 4774 sunt;
2735 4707 3049 4779 episcopum
3093 4705 3238 4761 enim
3270 4713 3323 4761 et
3349 4715 3599 4762 sanctum

2000 4796 2059 4854 in
2115 4799 2393 4870 operibus,
2445 4806 2498 4854 et
2546 4797 2732 4856 verbis
2776 4797 3100 4870 prudentem
3141 4796 3387 4853 ordinari
3433 4799 3596 4864 vult;

1999 4901 2063 4948 ut
2116 4899 2169 4948 et
2210 4893 2408 4949 fratres
2456 4891 2741 4948 exhortari
2797 4892 2990 4964 possit,
3051 4899 3105 4948 et
3162 4891 3602 4948 contradicentes

1999 4983 2348 5052 convincere,
2403 4982 2645 5040 maxime
2681 5000 2773 5039 eos
2795 4983 2890 5056 qui
2929 4990 3082 5039 erant
3116 5000 3186 5041 ex
3229 4981 3451 5049 Iudaeis,
3505 4978 3600 5050 qui

1999 5074 2103 5130 sub
2149 5074 2376 5130 nomine
2423 5072 2631 5132 Christi
2669 5072 2949 5145 judaizare
2997 5071 3267 5129 docebant
3293 5071 3501 5141 (Galat.
3534 5083 3598 5133 ﬂ,

1999 5162 2083 5235 4),
2112 5180 2249 5236 quos
2299 5163 2431 5220 alibi
2488 5163 2656 5219 falsos
2689 5162 2884 5219 fratres
2910 5163 3164 5235 appellat.
3208 5159 3402 5218 Renati
3451 5156 3597 5212 enim

2001 5250 2059 5307 in
2115 5252 2358 5322 Christo,
2418 5269 2531 5308 non
2591 5252 2715 5324 puri
2774 5260 2931 5308 erant
2985 5248 3328 5315 Christiani;
3399 5242 3595 5318 partim

1999 5377 2144 5457 Nam
2153 5388 2286 5457 post
2316 5378 2603 5457 epistolam
2636 5378 2700 5457 ad
2734 5377 3116 5457 Philippenses
3144 5363 3596 5457 seq‘uu'nturdufe

2001 5449 2073 5504 ad
2105 5440 2640 5518 Thessalonicenses,
2671 5449 2872 5504 deinde
2887 5440 2963 5503 ea
2992 5464 3113 5518 quae
3135 5443 3201 5498 ad
3220 5440 3596 5520 :Colossenses,

2001 5537 2064 5579 ac
2118 5522 2355 5599 demum
2389 5539 2510 5595 quae
2536 5511 2638 5599 _ad
2665 5511 3092 5599 Tit_urp._.Quém
3139 5511 3392 5570 ordinem
3429 5511 3595 5566 etiam

2001 5602 2291 5652 servarunt
2320 5589 2620 5652 Pri—masius
2649 5601 2705 5650 et
2733 5589 3010 5650 Sedulius.
