  <div class='ocr_page' id='page_1' title='image "/cluster/home/n/w/nwhite01/storage/ocr_20150623/17/hvd.32044096580436/269.png"; bbox 0 0 4070 6186; ppageno 0'>
   <div class='ocr_carea' id='block_1_1' title="bbox 456 213 560 270">
    <p class='ocr_par' dir='ltr' id='par_1_1' title="bbox 456 213 560 270">
     <span class='ocr_line' id='line_1_1' title="bbox 456 213 560 270; baseline 0.019 -2"><span class='ocrx_word' id='word_1_1' title='bbox 456 213 560 270; x_wconf 80' lang='grc'>527</span> 
     </span>
    </p>
   </div>
   <div class='ocr_carea' id='block_1_2' title="bbox 1453 168 2758 264">
    <p class='ocr_par' dir='ltr' id='par_1_2' title="bbox 1453 168 2758 264">
     <span class='ocr_line' id='line_1_2' title="bbox 1453 168 2758 264; baseline -0.002 -2"><span class='ocrx_word' id='word_1_2' title='bbox 1453 209 1548 264; x_wconf 83' lang='lat' dir='ltr'>AD</span> <span class='ocrx_word' id='word_1_3' title='bbox 1581 207 1814 264; x_wconf 83' lang='lat' dir='ltr'>OPERA</span> <span class='ocrx_word' id='word_1_4' title='bbox 1852 206 1906 262; x_wconf 93' lang='lat' dir='ltr'>s.</span> <span class='ocrx_word' id='word_1_5' title='bbox 1952 168 2284 262; x_wconf 76' lang='lat' dir='ltr'>AMBROSII</span> <span class='ocrx_word' id='word_1_6' title='bbox 2321 201 2704 259; x_wconf 76' lang='lat' dir='ltr'>APPENDIX.</span> <span class='ocrx_word' id='word_1_7' title='bbox 2756 201 2758 204; x_wconf 71' lang='lat'><strong><em>&#39;</em></strong></span> 
     </span>
    </p>
   </div>
   <div class='ocr_carea' id='block_1_3' title="bbox 3647 204 3753 262">
    <p class='ocr_par' dir='ltr' id='par_1_3' title="bbox 3647 204 3753 262">
     <span class='ocr_line' id='line_1_3' title="bbox 3647 204 3753 262; baseline 0.019 -2"><span class='ocrx_word' id='word_1_8' title='bbox 3647 204 3753 262; x_wconf 76' lang='lat'>5‘28</span> 
     </span>
    </p>
   </div>
   <div class='ocr_carea' id='block_1_4' title="bbox 457 326 3760 405">
    <p class='ocr_par' dir='ltr' id='par_1_4' title="bbox 457 326 3760 405">
     <span class='ocr_line' id='line_1_4' title="bbox 457 326 3760 405; baseline -0.001 -14"><span class='ocrx_word' id='word_1_9' title='bbox 457 350 604 392; x_wconf 82' lang='lat' dir='ltr'>enim</span> <span class='ocrx_word' id='word_1_10' title='bbox 658 335 849 405; x_wconf 80' lang='lat' dir='ltr'>legem,</span> <span class='ocrx_word' id='word_1_11' title='bbox 904 331 1102 404; x_wconf 82' lang='lat' dir='ltr'>partim</span> <span class='ocrx_word' id='word_1_12' title='bbox 1157 331 1436 388; x_wconf 72' lang='lat' dir='ltr'>Christum</span> <span class='ocrx_word' id='word_1_13' title='bbox 1468 331 1716 387; x_wconf 88' lang='lat' dir='ltr'>venerari</span> <span class='ocrx_word' id='word_1_14' title='bbox 1761 331 2046 388; x_wconf 90' lang='lat' dir='ltr'>volebant.</span> <span class='ocrx_word' id='word_1_15' title='bbox 2079 335 2128 393; x_wconf 86' lang='grc' dir='ltr'><strong>Α</strong></span> <span class='ocrx_word' id='word_1_16' title='bbox 2164 338 2275 385; x_wconf 90' lang='lat' dir='ltr'>tam</span> <span class='ocrx_word' id='word_1_17' title='bbox 2307 329 2685 394; x_wconf 77' lang='lat' dir='ltr'>irreverentes,</span> <span class='ocrx_word' id='word_1_18' title='bbox 2718 335 2772 384; x_wconf 92' lang='lat' dir='ltr'>et</span> <span class='ocrx_word' id='word_1_19' title='bbox 2799 326 3126 396; x_wconf 74' lang='lat' dir='ltr'>difﬁdentes,</span> <span class='ocrx_word' id='word_1_20' title='bbox 3158 337 3211 384; x_wconf 91' lang='lat' dir='ltr'>et</span> <span class='ocrx_word' id='word_1_21' title='bbox 3238 328 3505 384; x_wconf 89' lang='lat' dir='ltr'>cervicosi</span> <span class='ocrx_word' id='word_1_22' title='bbox 3540 328 3760 388; x_wconf 76' lang='lat' dir='ltr'>inventi</span> 
     </span>
    </p>
   </div>
   <div class='ocr_carea' id='block_1_5' title="bbox 457 421 2054 496">
    <p class='ocr_par' dir='ltr' id='par_1_5' title="bbox 457 421 2054 496">
     <span class='ocr_line' id='line_1_5' title="bbox 457 421 2054 496; baseline -0.003 -14"><span class='ocrx_word' id='word_1_23' title='bbox 457 428 570 482; x_wconf 89' lang='lat' dir='ltr'>Hos</span> <span class='ocrx_word' id='word_1_24' title='bbox 610 424 765 491; x_wconf 81' lang='lat' dir='ltr'>dicit,</span> <span class='ocrx_word' id='word_1_25' title='bbox 823 423 918 496; x_wconf 90' lang='lat' dir='ltr'>qui</span> <span class='ocrx_word' id='word_1_26' title='bbox 970 424 1162 478; x_wconf 92' lang='lat' dir='ltr'>domos</span> <span class='ocrx_word' id='word_1_27' title='bbox 1191 421 1584 479; x_wconf 78' lang='lat' dir='ltr'>subvertebant</span> <span class='ocrx_word' id='word_1_28' title='bbox 1613 439 1781 494; x_wconf 88' lang='lat' dir='ltr'>prava</span> <span class='ocrx_word' id='word_1_29' title='bbox 1809 422 1913 477; x_wconf 88' lang='lat' dir='ltr'>ista</span> <span class='ocrx_word' id='word_1_30' title='bbox 1941 422 2054 478; x_wconf 89' lang='lat' dir='ltr'>do-</span> 
     </span>
    </p>
   </div>
   <div class='ocr_carea' id='block_1_6' title="bbox 457 513 2053 586">
    <p class='ocr_par' dir='ltr' id='par_1_6' title="bbox 457 513 2053 586">
     <span class='ocr_line' id='line_1_6' title="bbox 457 513 2053 586; baseline -0.004 -12"><span class='ocrx_word' id='word_1_31' title='bbox 457 516 653 574; x_wconf 81' lang='lat' dir='ltr'>ctrina.</span> <span class='ocrx_word' id='word_1_32' title='bbox 697 515 917 586; x_wconf 89' lang='lat' dir='ltr'>Duplici</span> <span class='ocrx_word' id='word_1_33' title='bbox 971 515 1117 569; x_wconf 91' lang='lat' dir='ltr'>enim</span> <span class='ocrx_word' id='word_1_34' title='bbox 1162 530 1355 586; x_wconf 84' lang='lat' dir='ltr'>genere</span> <span class='ocrx_word' id='word_1_35' title='bbox 1393 513 1645 584; x_wconf 85' lang='lat' dir='ltr'>turpibus</span> <span class='ocrx_word' id='word_1_36' title='bbox 1680 513 1847 568; x_wconf 90' lang='lat' dir='ltr'>lucris</span> <span class='ocrx_word' id='word_1_37' title='bbox 1873 514 2053 569; x_wconf 87' lang='lat' dir='ltr'>stude-</span> 
     </span>
    </p>
   </div>
   <div class='ocr_carea' id='block_1_7' title="bbox 458 603 2055 678">
    <p class='ocr_par' dir='ltr' id='par_1_7' title="bbox 458 603 2055 678">
     <span class='ocr_line' id='line_1_7' title="bbox 458 603 2055 678; baseline -0.002 -16"><span class='ocrx_word' id='word_1_38' title='bbox 458 607 625 664; x_wconf 84' lang='lat' dir='ltr'>bant:</span> <span class='ocrx_word' id='word_1_39' title='bbox 683 607 810 678; x_wconf 83' lang='lat' dir='ltr'>quia</span> <span class='ocrx_word' id='word_1_40' title='bbox 859 605 982 660; x_wconf 92' lang='lat' dir='ltr'>ideo</span> <span class='ocrx_word' id='word_1_41' title='bbox 1031 606 1147 661; x_wconf 81' lang='lat' dir='ltr'>haec</span> <span class='ocrx_word' id='word_1_42' title='bbox 1186 605 1357 677; x_wconf 89' lang='lat' dir='ltr'>magis</span> <span class='ocrx_word' id='word_1_43' title='bbox 1390 603 1640 675; x_wconf 78' lang='lat' dir='ltr'>agebant,</span> <span class='ocrx_word' id='word_1_44' title='bbox 1691 612 1751 658; x_wconf 92' lang='lat' dir='ltr'>ut</span> <span class='ocrx_word' id='word_1_45' title='bbox 1778 605 2055 675; x_wconf 84' lang='lat' dir='ltr'>placerent</span> 
     </span>
    </p>
   </div>
   <div class='ocr_carea' id='block_1_8' title="bbox 459 694 2055 767">
    <p class='ocr_par' dir='ltr' id='par_1_8' title="bbox 459 694 2055 767">
     <span class='ocr_line' id='line_1_8' title="bbox 459 694 2055 767; baseline -0.003 -17"><span class='ocrx_word' id='word_1_46' title='bbox 459 696 680 762; x_wconf 66' lang='lat' dir='ltr'>Judaeis,</span> <span class='ocrx_word' id='word_1_47' title='bbox 731 711 762 750; x_wconf 88' lang='lat' dir='ltr'>a</span> <span class='ocrx_word' id='word_1_48' title='bbox 805 695 1005 767; x_wconf 87' lang='lat' dir='ltr'>quibus</span> <span class='ocrx_word' id='word_1_49' title='bbox 1034 704 1284 766; x_wconf 89' lang='lat' dir='ltr'>sumptus</span> <span class='ocrx_word' id='word_1_50' title='bbox 1311 694 1618 765; x_wconf 83' lang='lat' dir='ltr'>sperabant,</span> <span class='ocrx_word' id='word_1_51' title='bbox 1675 700 1736 748; x_wconf 91' lang='lat' dir='ltr'>ut</span> <span class='ocrx_word' id='word_1_52' title='bbox 1767 695 2055 764; x_wconf 86' lang='lat' dir='ltr'>pecuniam</span> 
     </span>
    </p>
   </div>
   <div class='ocr_carea' id='block_1_9' title="bbox 461 783 2053 857">
    <p class='ocr_par' dir='ltr' id='par_1_9' title="bbox 461 783 2053 857">
     <span class='ocr_line' id='line_1_9' title="bbox 461 783 2053 857; baseline 0 -19"><span class='ocrx_word' id='word_1_53' title='bbox 461 785 849 840; x_wconf 84' lang='lat' dir='ltr'>lucrifacerent</span> <span class='ocrx_word' id='word_1_54' title='bbox 870 794 924 840; x_wconf 93' lang='lat' dir='ltr'>et</span> <span class='ocrx_word' id='word_1_55' title='bbox 955 784 1304 857; x_wconf 72' lang='lat' dir='ltr'>praeputium.</span> <span class='ocrx_word' id='word_1_56' title='bbox 1328 783 1394 838; x_wconf 87' lang='lat' dir='ltr'>Hi</span> <span class='ocrx_word' id='word_1_57' title='bbox 1415 790 1570 838; x_wconf 90' lang='lat' dir='ltr'>erant</span> <span class='ocrx_word' id='word_1_58' title='bbox 1589 790 1828 854; x_wconf 60' lang='lat' dir='ltr'>quaestus</span> <span class='ocrx_word' id='word_1_59' title='bbox 1843 799 2053 852; x_wconf 92' lang='lat' dir='ltr'>eorum,</span> 
     </span>
    </p>
   </div>
   <div class='ocr_carea' id='block_1_10' title="bbox 461 873 2057 932">
    <p class='ocr_par' dir='ltr' id='par_1_10' title="bbox 461 873 2057 932">
     <span class='ocr_line' id='line_1_10' title="bbox 461 873 2057 932; baseline -0.001 -2"><span class='ocrx_word' id='word_1_60' title='bbox 461 875 604 932; x_wconf 85' lang='lat' dir='ltr'>sicut</span> <span class='ocrx_word' id='word_1_61' title='bbox 634 875 906 932; x_wconf 88' lang='lat' dir='ltr'>Dominus</span> <span class='ocrx_word' id='word_1_62' title='bbox 957 875 1093 930; x_wconf 80' lang='lat' dir='ltr'>dicit</span> <span class='ocrx_word' id='word_1_63' title='bbox 1129 873 1364 929; x_wconf 76' lang='lat' dir='ltr'>Judzeis:</span> <span class='ocrx_word' id='word_1_64' title='bbox 1413 896 1431 920; x_wconf 74' lang='grc' dir='ltr'>ι</span> <span class='ocrx_word' id='word_1_65' title='bbox 1461 873 1774 930; x_wconf 84' lang='lat' dir='ltr'>Ambulatis</span> <span class='ocrx_word' id='word_1_66' title='bbox 1814 889 1961 928; x_wconf 89' lang='lat' dir='ltr'>mare</span> <span class='ocrx_word' id='word_1_67' title='bbox 2004 882 2057 929; x_wconf 90' lang='lat' dir='ltr'>et</span> 
     </span>
    </p>
   </div>
   <div class='ocr_carea' id='block_1_11' title="bbox 461 966 2054 1036">
    <p class='ocr_par' dir='ltr' id='par_1_11' title="bbox 461 966 2054 1036">
     <span class='ocr_line' id='line_1_11' title="bbox 461 966 2054 1036; baseline -0.001 -14"><span class='ocrx_word' id='word_1_68' title='bbox 461 967 692 1034; x_wconf 89' lang='lat' dir='ltr'>aridam,</span> <span class='ocrx_word' id='word_1_69' title='bbox 712 975 772 1020; x_wconf 91' lang='lat' dir='ltr'>ut</span> <span class='ocrx_word' id='word_1_70' title='bbox 794 966 1003 1021; x_wconf 87' lang='lat' dir='ltr'>faciatis</span> <span class='ocrx_word' id='word_1_71' title='bbox 1036 981 1204 1022; x_wconf 90' lang='lat' dir='ltr'>unum</span> <span class='ocrx_word' id='word_1_72' title='bbox 1230 966 1565 1036; x_wconf 91' lang='lat' dir='ltr'>proselytum</span> <span class='ocrx_word' id='word_1_73' title='bbox 1595 966 1782 1036; x_wconf 81' lang='lat' dir='ltr'>(Matth</span> <span class='ocrx_word' id='word_1_74' title='bbox 1828 983 1865 1033; x_wconf 89' lang='grc' dir='ltr'>ι,</span> <span class='ocrx_word' id='word_1_75' title='bbox 1893 982 2054 1033; x_wconf 75' lang='grc' dir='ltr'>χχιιι,</span> 
     </span>
    </p>
   </div>
   <div class='ocr_carea' id='block_1_12' title="bbox 465 1053 2058 1128">
    <p class='ocr_par' dir='ltr' id='par_1_12' title="bbox 465 1053 2058 1128">
     <span class='ocr_line' id='line_1_12' title="bbox 465 1053 2058 1128; baseline -0.001 -16"><span class='ocrx_word' id='word_1_76' title='bbox 465 1057 577 1125; x_wconf 82' lang='grc'>15).</span> <span class='ocrx_word' id='word_1_77' title='bbox 611 1080 628 1102; x_wconf 75' lang='grc' dir='ltr'>ι</span> <span class='ocrx_word' id='word_1_78' title='bbox 674 1056 800 1111; x_wconf 82' lang='lat' dir='ltr'>Haec</span> <span class='ocrx_word' id='word_1_79' title='bbox 828 1053 937 1110; x_wconf 90' lang='lat' dir='ltr'>duo</span> <span class='ocrx_word' id='word_1_80' title='bbox 969 1056 1148 1128; x_wconf 90' lang='lat' dir='ltr'>turpia</span> <span class='ocrx_word' id='word_1_81' title='bbox 1176 1057 1328 1111; x_wconf 90' lang='lat' dir='ltr'>lucra</span> <span class='ocrx_word' id='word_1_82' title='bbox 1363 1055 1601 1126; x_wconf 88' lang='lat' dir='ltr'>appellat</span> <span class='ocrx_word' id='word_1_83' title='bbox 1629 1073 1641 1120; x_wconf 88' lang='lat'>;</span> <span class='ocrx_word' id='word_1_84' title='bbox 1677 1055 1805 1126; x_wconf 86' lang='lat' dir='ltr'>quia</span> <span class='ocrx_word' id='word_1_85' title='bbox 1833 1056 1927 1125; x_wconf 93' lang='lat' dir='ltr'>qui</span> <span class='ocrx_word' id='word_1_86' title='bbox 1957 1054 2058 1111; x_wconf 91' lang='lat' dir='ltr'>sub</span> 
     </span>
    </p>
   </div>
   <div class='ocr_carea' id='block_1_13' title="bbox 463 1143 2059 1212">
    <p class='ocr_par' dir='ltr' id='par_1_13' title="bbox 463 1143 2059 1212">
     <span class='ocr_line' id='line_1_13' title="bbox 463 1143 2059 1212; baseline -0.003 -10"><span class='ocrx_word' id='word_1_87' title='bbox 463 1148 686 1202; x_wconf 89' lang='lat' dir='ltr'>nomine</span> <span class='ocrx_word' id='word_1_88' title='bbox 741 1145 838 1202; x_wconf 93' lang='lat' dir='ltr'>Dei</span> <span class='ocrx_word' id='word_1_89' title='bbox 877 1145 1054 1212; x_wconf 89' lang='lat' dir='ltr'>docet,</span> <span class='ocrx_word' id='word_1_90' title='bbox 1102 1153 1154 1200; x_wconf 94' lang='lat' dir='ltr'>et</span> <span class='ocrx_word' id='word_1_91' title='bbox 1202 1161 1312 1200; x_wconf 91' lang='lat' dir='ltr'>non</span> <span class='ocrx_word' id='word_1_92' title='bbox 1369 1143 1683 1198; x_wconf 80' lang='lat' dir='ltr'>devotionis</span> <span class='ocrx_word' id='word_1_93' title='bbox 1734 1160 1916 1212; x_wconf 87' lang='lat' dir='ltr'>causa,</span> <span class='ocrx_word' id='word_1_94' title='bbox 1966 1143 2059 1199; x_wconf 92' lang='lat' dir='ltr'>sed</span> 
     </span>
    </p>
   </div>
   <div class='ocr_carea' id='block_1_14' title="bbox 463 1232 2058 1307">
    <p class='ocr_par' dir='ltr' id='par_1_14' title="bbox 463 1232 2058 1307">
     <span class='ocr_line' id='line_1_14' title="bbox 463 1232 2058 1307; baseline -0.002 -17"><span class='ocrx_word' id='word_1_95' title='bbox 463 1243 722 1307; x_wconf 65' lang='lat' dir='ltr'>quaestus,</span> <span class='ocrx_word' id='word_1_96' title='bbox 755 1235 934 1306; x_wconf 91' lang='lat' dir='ltr'>turpis</span> <span class='ocrx_word' id='word_1_97' title='bbox 974 1234 1111 1289; x_wconf 89' lang='lat' dir='ltr'>lucri</span> <span class='ocrx_word' id='word_1_98' title='bbox 1144 1241 1390 1305; x_wconf 90' lang='lat' dir='ltr'>captator</span> <span class='ocrx_word' id='word_1_99' title='bbox 1428 1241 1546 1288; x_wconf 91' lang='lat' dir='ltr'>est:</span> <span class='ocrx_word' id='word_1_100' title='bbox 1597 1232 1855 1288; x_wconf 88' lang='lat' dir='ltr'>similiter</span> <span class='ocrx_word' id='word_1_101' title='bbox 1883 1240 1936 1289; x_wconf 91' lang='lat' dir='ltr'>et</span> <span class='ocrx_word' id='word_1_102' title='bbox 1965 1232 2058 1304; x_wconf 90' lang='lat' dir='ltr'>qui</span> 
     </span>
    </p>
   </div>
   <div class='ocr_carea' id='block_1_15' title="bbox 465 1323 2062 1396">
    <p class='ocr_par' dir='ltr' id='par_1_15' title="bbox 465 1323 2062 1396">
     <span class='ocr_line' id='line_1_15' title="bbox 465 1323 2062 1396; baseline -0.001 -17"><span class='ocrx_word' id='word_1_103' title='bbox 465 1341 559 1396; x_wconf 91' lang='lat' dir='ltr'>per</span> <span class='ocrx_word' id='word_1_104' title='bbox 603 1323 1080 1379; x_wconf 90' lang='lat' dir='ltr'>circumcisionem</span> <span class='ocrx_word' id='word_1_105' title='bbox 1112 1323 1351 1395; x_wconf 91' lang='lat' dir='ltr'>aliquem</span> <span class='ocrx_word' id='word_1_106' title='bbox 1390 1323 1512 1378; x_wconf 87' lang='lat' dir='ltr'>vult</span> <span class='ocrx_word' id='word_1_107' title='bbox 1547 1324 1848 1395; x_wconf 90' lang='lat' dir='ltr'>acquirere.</span> <span class='ocrx_word' id='word_1_108' title='bbox 1909 1323 2062 1378; x_wconf 89' lang='lat' dir='ltr'>Unde</span> 
     </span>
    </p>
   </div>
   <div class='ocr_carea' id='block_1_16' title="bbox 464 1411 2058 1484">
    <p class='ocr_par' dir='ltr' id='par_1_16' title="bbox 464 1411 2058 1484">
     <span class='ocr_line' id='line_1_16' title="bbox 464 1411 2058 1484; baseline -0.001 -14"><span class='ocrx_word' id='word_1_109' title='bbox 464 1414 596 1470; x_wconf 88' lang='lat' dir='ltr'>alibi</span> <span class='ocrx_word' id='word_1_110' title='bbox 626 1413 702 1468; x_wconf 90' lang='lat' dir='ltr'>ait</span> <span class='ocrx_word' id='word_1_111' title='bbox 730 1430 741 1468; x_wconf 90' lang='lat'>:</span> <span class='ocrx_word' id='word_1_112' title='bbox 798 1437 815 1459; x_wconf 75' lang='grc' dir='ltr'><strong>ε</strong></span> <span class='ocrx_word' id='word_1_113' title='bbox 861 1414 934 1469; x_wconf 89' lang='lat' dir='ltr'>Et</span> <span class='ocrx_word' id='word_1_114' title='bbox 964 1413 1135 1484; x_wconf 81' lang='lat' dir='ltr'>gloria</span> <span class='ocrx_word' id='word_1_115' title='bbox 1185 1413 1241 1467; x_wconf 91' lang='lat' dir='ltr'>in</span> <span class='ocrx_word' id='word_1_116' title='bbox 1270 1411 1542 1483; x_wconf 87' lang='lat' dir='ltr'>pudendis</span> <span class='ocrx_word' id='word_1_117' title='bbox 1572 1429 1762 1468; x_wconf 91' lang='lat' dir='ltr'>eorum</span> <span class='ocrx_word' id='word_1_118' title='bbox 1798 1413 2058 1484; x_wconf 78' lang='lat' dir='ltr'>(Philipp.</span> 
     </span>
    </p>
   </div>
   <div class='ocr_carea' id='block_1_17' title="bbox 465 1503 745 1573">
    <p class='ocr_par' dir='ltr' id='par_1_17' title="bbox 465 1503 745 1573">
     <span class='ocr_line' id='line_1_17' title="bbox 465 1503 745 1573; baseline -0.004 -14"><span class='ocrx_word' id='word_1_119' title='bbox 465 1521 548 1571; x_wconf 90' lang='grc' dir='ltr'>ιιι,</span> <span class='ocrx_word' id='word_1_120' title='bbox 583 1503 694 1573; x_wconf 84' lang='grc'>19).</span> <span class='ocrx_word' id='word_1_121' title='bbox 727 1528 745 1549; x_wconf 75' lang='grc' dir='ltr'>ι</span> 
     </span>
    </p>
   </div>
   <div class='ocr_carea' id='block_1_18' title="bbox 539 1608 2066 1683">
    <p class='ocr_par' dir='ltr' id='par_1_18' title="bbox 539 1608 2066 1683">
     <span class='ocr_line' id='line_1_18' title="bbox 539 1608 2066 1683; baseline -0.003 -15"><span class='ocrx_word' id='word_1_122' title='bbox 539 1612 720 1683; x_wconf 81' lang='lat' dir='ltr'>(Vers.</span> <span class='ocrx_word' id='word_1_123' title='bbox 757 1611 983 1682; x_wconf 71' lang='lat'>12,13.)</span> <span class='ocrx_word' id='word_1_124' title='bbox 1027 1634 1044 1658; x_wconf 76' lang='grc' dir='ltr'>ι</span> <span class='ocrx_word' id='word_1_125' title='bbox 1073 1609 1231 1666; x_wconf 82' lang='lat' dir='ltr'>Dixit</span> <span class='ocrx_word' id='word_1_126' title='bbox 1276 1610 1498 1682; x_wconf 85' lang='lat' dir='ltr'>quidam</span> <span class='ocrx_word' id='word_1_127' title='bbox 1548 1627 1616 1666; x_wconf 86' lang='lat' dir='ltr'>ex</span> <span class='ocrx_word' id='word_1_128' title='bbox 1647 1610 1781 1682; x_wconf 87' lang='lat' dir='ltr'>ipsis</span> <span class='ocrx_word' id='word_1_129' title='bbox 1811 1608 2066 1683; x_wconf 89' lang='lat' dir='ltr'>proprius</span> 
     </span>
    </p>
   </div>
   <div class='ocr_carea' id='block_1_19' title="bbox 466 1700 1043 1774">
    <p class='ocr_par' dir='ltr' id='par_1_19' title="bbox 466 1700 1043 1774">
     <span class='ocr_line' id='line_1_19' title="bbox 466 1700 1043 1774; baseline -0.007 -16"><span class='ocrx_word' id='word_1_130' title='bbox 466 1718 654 1758; x_wconf 88' lang='lat' dir='ltr'>eorum</span> <span class='ocrx_word' id='word_1_131' title='bbox 739 1700 1005 1774; x_wconf 85' lang='lat' dir='ltr'>prOpheta</span> <span class='ocrx_word' id='word_1_132' title='bbox 1033 1718 1043 1754; x_wconf 94' lang='lat'>:</span> 
     </span>
    </p>
   </div>
   <div class='ocr_carea' id='block_1_20' title="bbox 467 1788 2070 1861">
    <p class='ocr_par' dir='ltr' id='par_1_20' title="bbox 467 1788 2070 1861">
     <span class='ocr_line' id='line_1_20' title="bbox 467 1788 2070 1861; baseline -0.002 -14"><span class='ocrx_word' id='word_1_133' title='bbox 467 1793 623 1847; x_wconf 72' lang='lat' dir='ltr'>malae</span> <span class='ocrx_word' id='word_1_134' title='bbox 669 1790 876 1857; x_wconf 77' lang='lat' dir='ltr'>bestiae,</span> <span class='ocrx_word' id='word_1_135' title='bbox 927 1797 1150 1844; x_wconf 76' lang='lat' dir='ltr'>ventres</span> <span class='ocrx_word' id='word_1_136' title='bbox 1198 1789 1359 1861; x_wconf 81' lang='lat' dir='ltr'>pigri.</span> <span class='ocrx_word' id='word_1_137' title='bbox 1395 1790 1794 1845; x_wconf 88' lang='lat' dir='ltr'>Testimonium</span> <span class='ocrx_word' id='word_1_138' title='bbox 1845 1788 1951 1844; x_wconf 92' lang='lat' dir='ltr'>hoc</span> <span class='ocrx_word' id='word_1_139' title='bbox 1982 1805 2070 1843; x_wconf 90' lang='lat' dir='ltr'>ve-</span> 
     </span>
    </p>
   </div>
   <div class='ocr_carea' id='block_1_21' title="bbox 467 1878 2072 1950">
    <p class='ocr_par' dir='ltr' id='par_1_21' title="bbox 467 1878 2072 1950">
     <span class='ocr_line' id='line_1_21' title="bbox 467 1878 2072 1950; baseline -0.002 -14"><span class='ocrx_word' id='word_1_140' title='bbox 467 1899 589 1936; x_wconf 90' lang='lat' dir='ltr'>rum</span> <span class='ocrx_word' id='word_1_141' title='bbox 637 1889 736 1936; x_wconf 91' lang='lat' dir='ltr'>est.</span> <span class='ocrx_word' id='word_1_142' title='bbox 771 1906 789 1929; x_wconf 77' lang='grc' dir='ltr'>ι</span> <span class='ocrx_word' id='word_1_143' title='bbox 833 1880 1065 1947; x_wconf 87' lang='lat' dir='ltr'>Quidam</span> <span class='ocrx_word' id='word_1_144' title='bbox 1120 1895 1189 1934; x_wconf 83' lang='lat' dir='ltr'>ex</span> <span class='ocrx_word' id='word_1_145' title='bbox 1242 1878 1590 1935; x_wconf 89' lang='lat' dir='ltr'>Cretensibus</span> <span class='ocrx_word' id='word_1_146' title='bbox 1620 1878 1938 1934; x_wconf 89' lang='lat' dir='ltr'>meloriatus</span> <span class='ocrx_word' id='word_1_147' title='bbox 1975 1894 2072 1950; x_wconf 91' lang='lat' dir='ltr'>per</span> 
     </span>
    </p>
   </div>
   <div class='ocr_carea' id='block_1_22' title="bbox 467 1968 2070 2040">
    <p class='ocr_par' dir='ltr' id='par_1_22' title="bbox 467 1968 2070 2040">
     <span class='ocr_line' id='line_1_22' title="bbox 467 1968 2070 2040; baseline -0.001 -15"><span class='ocrx_word' id='word_1_148' title='bbox 467 1970 817 2040; x_wconf 88' lang='lat' dir='ltr'>disciplinam</span> <span class='ocrx_word' id='word_1_149' title='bbox 861 1969 1231 2034; x_wconf 88' lang='lat' dir='ltr'>Dominicam,</span> <span class='ocrx_word' id='word_1_150' title='bbox 1269 1968 1403 2040; x_wconf 88' lang='lat' dir='ltr'>quid</span> <span class='ocrx_word' id='word_1_151' title='bbox 1433 1969 1782 2024; x_wconf 89' lang='lat' dir='ltr'>sentiendum</span> <span class='ocrx_word' id='word_1_152' title='bbox 1813 1975 1952 2024; x_wconf 83' lang='lat' dir='ltr'>esset</span> <span class='ocrx_word' id='word_1_153' title='bbox 2002 1968 2070 2023; x_wconf 93' lang='lat' dir='ltr'>de</span> 
     </span>
    </p>
   </div>
   <div class='ocr_carea' id='block_1_23' title="bbox 470 2057 2067 2128">
    <p class='ocr_par' dir='ltr' id='par_1_23' title="bbox 470 2057 2067 2128">
     <span class='ocr_line' id='line_1_23' title="bbox 470 2057 2067 2128; baseline -0.001 -15"><span class='ocrx_word' id='word_1_154' title='bbox 470 2057 821 2114; x_wconf 86' lang='lat' dir='ltr'>Cretensibus</span> <span class='ocrx_word' id='word_1_155' title='bbox 852 2057 1089 2112; x_wconf 86' lang='lat' dir='ltr'>indoctis</span> <span class='ocrx_word' id='word_1_156' title='bbox 1119 2058 1409 2128; x_wconf 81' lang='lat' dir='ltr'>expressit,</span> <span class='ocrx_word' id='word_1_157' title='bbox 1443 2057 1590 2128; x_wconf 93' lang='lat' dir='ltr'>quod</span> <span class='ocrx_word' id='word_1_158' title='bbox 1629 2067 1682 2112; x_wconf 91' lang='lat' dir='ltr'>et</span> <span class='ocrx_word' id='word_1_159' title='bbox 1722 2057 1852 2112; x_wconf 89' lang='lat' dir='ltr'>mali</span> <span class='ocrx_word' id='word_1_160' title='bbox 1883 2066 2067 2112; x_wconf 90' lang='lat' dir='ltr'>essent</span> 
     </span>
    </p>
   </div>
   <div class='ocr_carea' id='block_1_24' title="bbox 469 2145 2071 2218">
    <p class='ocr_par' dir='ltr' id='par_1_24' title="bbox 469 2145 2071 2218">
     <span class='ocr_line' id='line_1_24' title="bbox 469 2145 2071 2218; baseline -0.002 -15"><span class='ocrx_word' id='word_1_161' title='bbox 469 2155 523 2203; x_wconf 89' lang='lat' dir='ltr'>et</span> <span class='ocrx_word' id='word_1_162' title='bbox 549 2147 710 2202; x_wconf 89' lang='lat' dir='ltr'>otiosi</span> <span class='ocrx_word' id='word_1_163' title='bbox 743 2147 946 2202; x_wconf 86' lang='lat' dir='ltr'>vellent</span> <span class='ocrx_word' id='word_1_164' title='bbox 972 2146 1292 2203; x_wconf 86' lang='lat' dir='ltr'>comedere:</span> <span class='ocrx_word' id='word_1_165' title='bbox 1327 2146 1540 2201; x_wconf 88' lang='lat' dir='ltr'>malitia</span> <span class='ocrx_word' id='word_1_166' title='bbox 1568 2145 1713 2200; x_wconf 91' lang='lat' dir='ltr'>enim</span> <span class='ocrx_word' id='word_1_167' title='bbox 1742 2146 1890 2218; x_wconf 89' lang='lat' dir='ltr'>pasci</span> <span class='ocrx_word' id='word_1_168' title='bbox 1921 2146 2071 2201; x_wconf 81' lang='lat' dir='ltr'>vole-</span> 
     </span>
    </p>
   </div>
   <div class='ocr_carea' id='block_1_25' title="bbox 469 2235 2066 2308">
    <p class='ocr_par' dir='ltr' id='par_1_25' title="bbox 469 2235 2066 2308">
     <span class='ocr_line' id='line_1_25' title="bbox 469 2235 2066 2308; baseline 0 -16"><span class='ocrx_word' id='word_1_169' title='bbox 469 2237 622 2304; x_wconf 84' lang='lat' dir='ltr'>bant,</span> <span class='ocrx_word' id='word_1_170' title='bbox 667 2237 762 2308; x_wconf 92' lang='lat' dir='ltr'>qui</span> <span class='ocrx_word' id='word_1_171' title='bbox 811 2253 936 2292; x_wconf 91' lang='lat' dir='ltr'>cum</span> <span class='ocrx_word' id='word_1_172' title='bbox 993 2237 1135 2291; x_wconf 85' lang='lat' dir='ltr'>nihil</span> <span class='ocrx_word' id='word_1_173' title='bbox 1177 2235 1408 2308; x_wconf 90' lang='lat' dir='ltr'>prosint,</span> <span class='ocrx_word' id='word_1_174' title='bbox 1462 2237 1702 2308; x_wconf 89' lang='lat' dir='ltr'>gestiunt</span> <span class='ocrx_word' id='word_1_175' title='bbox 1745 2245 1799 2292; x_wconf 91' lang='lat' dir='ltr'>et</span> <span class='ocrx_word' id='word_1_176' title='bbox 1852 2253 2066 2293; x_wconf 87' lang='lat' dir='ltr'>nocere.</span> 
     </span>
    </p>
   </div>
   <div class='ocr_carea' id='block_1_26' title="bbox 469 2326 2066 2397">
    <p class='ocr_par' dir='ltr' id='par_1_26' title="bbox 469 2326 2066 2397">
     <span class='ocr_line' id='line_1_26' title="bbox 469 2326 2066 2397; baseline -0.001 -15"><span class='ocrx_word' id='word_1_177' title='bbox 469 2327 685 2397; x_wconf 87' lang='lat' dir='ltr'>Duplex</span> <span class='ocrx_word' id='word_1_178' title='bbox 741 2341 870 2396; x_wconf 85' lang='lat' dir='ltr'>ergo</span> <span class='ocrx_word' id='word_1_179' title='bbox 923 2327 1128 2382; x_wconf 92' lang='lat' dir='ltr'>malum</span> <span class='ocrx_word' id='word_1_180' title='bbox 1177 2335 1277 2382; x_wconf 90' lang='lat' dir='ltr'>est.</span> <span class='ocrx_word' id='word_1_181' title='bbox 1328 2326 1484 2381; x_wconf 90' lang='lat' dir='ltr'>Tales</span> <span class='ocrx_word' id='word_1_182' title='bbox 1541 2334 1698 2380; x_wconf 89' lang='lat' dir='ltr'>erant</span> <span class='ocrx_word' id='word_1_183' title='bbox 1745 2326 2066 2392; x_wconf 87' lang='lat' dir='ltr'>Cretenses;</span> 
     </span>
    </p>
   </div>
   <div class='ocr_carea' id='block_1_27' title="bbox 470 2413 2073 2487">
    <p class='ocr_par' dir='ltr' id='par_1_27' title="bbox 470 2413 2073 2487">
     <span class='ocr_line' id='line_1_27' title="bbox 470 2413 2073 2487; baseline 0.006 -19"><span class='ocrx_word' id='word_1_184' title='bbox 470 2413 616 2468; x_wconf 90' lang='lat' dir='ltr'>unde</span> <span class='ocrx_word' id='word_1_185' title='bbox 661 2414 828 2468; x_wconf 89' lang='lat' dir='ltr'>istum</span> <span class='ocrx_word' id='word_1_186' title='bbox 861 2414 1180 2485; x_wconf 86' lang='lat' dir='ltr'>prophetam</span> <span class='ocrx_word' id='word_1_187' title='bbox 1221 2415 1480 2487; x_wconf 90' lang='lat' dir='ltr'>appellat,</span> <span class='ocrx_word' id='word_1_188' title='bbox 1525 2414 1619 2469; x_wconf 89' lang='lat' dir='ltr'>sed</span> <span class='ocrx_word' id='word_1_189' title='bbox 1648 2415 1706 2469; x_wconf 93' lang='lat' dir='ltr'>in</span> <span class='ocrx_word' id='word_1_190' title='bbox 1735 2431 1900 2471; x_wconf 90' lang='lat' dir='ltr'>causa</span> <span class='ocrx_word' id='word_1_191' title='bbox 1926 2420 2073 2476; x_wconf 86' lang='lat'>314</span> 
     </span>
    </p>
   </div>
   <div class='ocr_carea' id='block_1_28' title="bbox 471 2509 2071 2566">
    <p class='ocr_par' dir='ltr' id='par_1_28' title="bbox 471 2509 2071 2566">
     <span class='ocr_line' id='line_1_28' title="bbox 471 2509 2071 2566; baseline 0.001 -2"><span class='ocrx_word' id='word_1_192' title='bbox 471 2509 835 2565; x_wconf 89' lang='lat' dir='ltr'>Cretensium.</span> <span class='ocrx_word' id='word_1_193' title='bbox 888 2509 1020 2563; x_wconf 90' lang='lat' dir='ltr'>Tam</span> <span class='ocrx_word' id='word_1_194' title='bbox 1069 2525 1198 2564; x_wconf 90' lang='lat' dir='ltr'>vera</span> <span class='ocrx_word' id='word_1_195' title='bbox 1245 2510 1392 2564; x_wconf 91' lang='lat' dir='ltr'>enim</span> <span class='ocrx_word' id='word_1_196' title='bbox 1434 2509 1583 2565; x_wconf 92' lang='lat' dir='ltr'>hunc</span> <span class='ocrx_word' id='word_1_197' title='bbox 1632 2510 1744 2566; x_wconf 91' lang='lat' dir='ltr'>illis</span> <span class='ocrx_word' id='word_1_198' title='bbox 1772 2511 1965 2566; x_wconf 88' lang='lat' dir='ltr'>asserit</span> <span class='ocrx_word' id='word_1_199' title='bbox 1995 2512 2071 2566; x_wconf 88' lang='lat' dir='ltr'>lo-</span> 
     </span>
    </p>
   </div>
   <div class='ocr_carea' id='block_1_29' title="bbox 471 2599 2072 2674">
    <p class='ocr_par' dir='ltr' id='par_1_29' title="bbox 471 2599 2072 2674">
     <span class='ocr_line' id='line_1_29' title="bbox 471 2599 2072 2674; baseline 0.002 -20"><span class='ocrx_word' id='word_1_200' title='bbox 471 2606 686 2666; x_wconf 92' lang='lat' dir='ltr'>cutum,</span> <span class='ocrx_word' id='word_1_201' title='bbox 719 2606 779 2653; x_wconf 91' lang='lat' dir='ltr'>ut</span> <span class='ocrx_word' id='word_1_202' title='bbox 809 2599 1133 2670; x_wconf 87' lang='lat' dir='ltr'>prophetam</span> <span class='ocrx_word' id='word_1_203' title='bbox 1157 2617 1171 2666; x_wconf 88' lang='lat'>;</span> <span class='ocrx_word' id='word_1_204' title='bbox 1202 2600 1320 2655; x_wconf 87' lang='lat' dir='ltr'>falli</span> <span class='ocrx_word' id='word_1_205' title='bbox 1340 2600 1489 2655; x_wconf 92' lang='lat' dir='ltr'>enim</span> <span class='ocrx_word' id='word_1_206' title='bbox 1517 2601 1840 2672; x_wconf 88' lang='lat' dir='ltr'>prophetam</span> <span class='ocrx_word' id='word_1_207' title='bbox 1870 2602 2072 2674; x_wconf 91' lang='lat' dir='ltr'>impos-</span> 
     </span>
    </p>
   </div>
   <div class='ocr_carea' id='block_1_30' title="bbox 473 2692 762 2748">
    <p class='ocr_par' dir='ltr' id='par_1_30' title="bbox 473 2692 762 2748">
     <span class='ocr_line' id='line_1_30' title="bbox 473 2692 762 2748; baseline -0.01 -1"><span class='ocrx_word' id='word_1_208' title='bbox 473 2692 633 2748; x_wconf 92' lang='lat' dir='ltr'>sibile</span> <span class='ocrx_word' id='word_1_209' title='bbox 662 2697 762 2746; x_wconf 90' lang='lat' dir='ltr'>est.</span> 
     </span>
    </p>
   </div>
   <div class='ocr_carea' id='block_1_31' title="bbox 545 2796 2070 2870">
    <p class='ocr_par' dir='ltr' id='par_1_31' title="bbox 545 2796 2070 2870">
     <span class='ocr_line' id='line_1_31' title="bbox 545 2796 2070 2870; baseline -0.001 -15"><span class='ocrx_word' id='word_1_210' title='bbox 545 2797 728 2870; x_wconf 85' lang='lat' dir='ltr'>(Vers.</span> <span class='ocrx_word' id='word_1_211' title='bbox 775 2796 888 2868; x_wconf 77' lang='grc'>14.)</span> <span class='ocrx_word' id='word_1_212' title='bbox 937 2821 954 2846; x_wconf 83' lang='grc'>‹</span> <span class='ocrx_word' id='word_1_213' title='bbox 984 2796 1157 2863; x_wconf 88' lang='lat' dir='ltr'>Quam</span> <span class='ocrx_word' id='word_1_214' title='bbox 1189 2796 1258 2853; x_wconf 90' lang='lat' dir='ltr'>ob</span> <span class='ocrx_word' id='word_1_215' title='bbox 1302 2812 1520 2852; x_wconf 89' lang='lat' dir='ltr'>causam</span> <span class='ocrx_word' id='word_1_216' title='bbox 1551 2813 1714 2868; x_wconf 80' lang='lat' dir='ltr'>argue</span> <span class='ocrx_word' id='word_1_217' title='bbox 1765 2798 1890 2852; x_wconf 92' lang='lat' dir='ltr'>illos</span> <span class='ocrx_word' id='word_1_218' title='bbox 1914 2797 2070 2866; x_wconf 91' lang='lat' dir='ltr'>dure,</span> 
     </span>
    </p>
   </div>
   <div class='ocr_carea' id='block_1_32' title="bbox 476 2885 2072 2956">
    <p class='ocr_par' dir='ltr' id='par_1_32' title="bbox 476 2885 2072 2956">
     <span class='ocr_line' id='line_1_32' title="bbox 476 2885 2072 2956; baseline -0.002 -11"><span class='ocrx_word' id='word_1_219' title='bbox 476 2897 537 2945; x_wconf 89' lang='lat' dir='ltr'>ut</span> <span class='ocrx_word' id='word_1_220' title='bbox 576 2887 694 2943; x_wconf 93' lang='lat' dir='ltr'>sani</span> <span class='ocrx_word' id='word_1_221' title='bbox 723 2888 836 2944; x_wconf 90' lang='lat' dir='ltr'>sint</span> <span class='ocrx_word' id='word_1_222' title='bbox 873 2887 931 2940; x_wconf 91' lang='lat' dir='ltr'>in</span> <span class='ocrx_word' id='word_1_223' title='bbox 962 2886 1089 2953; x_wconf 92' lang='lat' dir='ltr'>ﬁde,</span> <span class='ocrx_word' id='word_1_224' title='bbox 1124 2903 1236 2942; x_wconf 90' lang='lat' dir='ltr'>non</span> <span class='ocrx_word' id='word_1_225' title='bbox 1284 2885 1631 2942; x_wconf 91' lang='lat' dir='ltr'>intendentes</span> <span class='ocrx_word' id='word_1_226' title='bbox 1654 2885 1892 2956; x_wconf 90' lang='lat' dir='ltr'>judaicis</span> <span class='ocrx_word' id='word_1_227' title='bbox 1922 2887 2072 2942; x_wconf 84' lang='lat' dir='ltr'>fabu-</span> 
     </span>
    </p>
   </div>
   <div class='ocr_carea' id='block_1_33' title="bbox 474 2974 2072 3046">
    <p class='ocr_par' dir='ltr' id='par_1_33' title="bbox 474 2974 2072 3046">
     <span class='ocr_line' id='line_1_33' title="bbox 474 2974 2072 3046; baseline 0 -14"><span class='ocrx_word' id='word_1_228' title='bbox 474 2976 545 3031; x_wconf 91' lang='lat' dir='ltr'>lis</span> <span class='ocrx_word' id='word_1_229' title='bbox 573 2986 626 3032; x_wconf 89' lang='lat' dir='ltr'>et</span> <span class='ocrx_word' id='word_1_230' title='bbox 657 2975 930 3030; x_wconf 88' lang='lat' dir='ltr'>mandatis</span> <span class='ocrx_word' id='word_1_231' title='bbox 961 2974 1250 3030; x_wconf 90' lang='lat' dir='ltr'>hominum</span> <span class='ocrx_word' id='word_1_232' title='bbox 1281 2975 1655 3030; x_wconf 88' lang='lat' dir='ltr'>aversantium</span> <span class='ocrx_word' id='word_1_233' title='bbox 1691 2975 1807 3046; x_wconf 91' lang='lat'>(87)</span> <span class='ocrx_word' id='word_1_234' title='bbox 1842 2992 1898 3031; x_wconf 92' lang='lat' dir='ltr'>se</span> <span class='ocrx_word' id='word_1_235' title='bbox 1925 2992 1955 3030; x_wconf 85' lang='lat' dir='ltr'>a</span> <span class='ocrx_word' id='word_1_236' title='bbox 1982 2993 2072 3032; x_wconf 91' lang='lat' dir='ltr'>ve-</span> 
     </span>
    </p>
   </div>
   <div class='ocr_carea' id='block_1_34' title="bbox 475 3063 2145 3135">
    <p class='ocr_par' dir='ltr' id='par_1_34' title="bbox 475 3063 2145 3135">
     <span class='ocr_line' id='line_1_34' title="bbox 475 3063 2145 3135; baseline 0.002 -15"><span class='ocrx_word' id='word_1_237' title='bbox 475 3065 654 3120; x_wconf 88' lang='lat' dir='ltr'>ritate.</span> <span class='ocrx_word' id='word_1_238' title='bbox 689 3090 707 3114; x_wconf 68' lang='grc' dir='ltr'><strong><em>ν</em></strong></span> <span class='ocrx_word' id='word_1_239' title='bbox 751 3063 1123 3118; x_wconf 90' lang='lat' dir='ltr'>Insistendum</span> <span class='ocrx_word' id='word_1_240' title='bbox 1168 3063 1418 3135; x_wconf 71' lang='lat' dir='ltr'>praecipit</span> <span class='ocrx_word' id='word_1_241' title='bbox 1466 3064 1525 3118; x_wconf 88' lang='lat' dir='ltr'>in</span> <span class='ocrx_word' id='word_1_242' title='bbox 1554 3065 1901 3135; x_wconf 88' lang='lat' dir='ltr'>correptione</span> <span class='ocrx_word' id='word_1_243' title='bbox 1950 3065 2068 3120; x_wconf 89' lang='lat' dir='ltr'>illo-</span> <span class='ocrx_word' id='word_1_244' title='bbox 2103 3064 2145 3124; x_wconf 87' lang='lat' dir='ltr'>C</span> 
     </span>
    </p>
   </div>
   <div class='ocr_carea' id='block_1_35' title="bbox 475 3151 2076 3225">
    <p class='ocr_par' dir='ltr' id='par_1_35' title="bbox 475 3151 2076 3225">
     <span class='ocr_line' id='line_1_35' title="bbox 475 3151 2076 3225; baseline 0 -16"><span class='ocrx_word' id='word_1_245' title='bbox 475 3171 620 3223; x_wconf 87' lang='lat' dir='ltr'>rum,</span> <span class='ocrx_word' id='word_1_246' title='bbox 653 3160 714 3208; x_wconf 91' lang='lat' dir='ltr'>ut</span> <span class='ocrx_word' id='word_1_247' title='bbox 745 3152 994 3209; x_wconf 89' lang='lat' dir='ltr'>converti</span> <span class='ocrx_word' id='word_1_248' title='bbox 1025 3152 1258 3224; x_wconf 85' lang='lat' dir='ltr'>possint,</span> <span class='ocrx_word' id='word_1_249' title='bbox 1289 3160 1343 3208; x_wconf 91' lang='lat' dir='ltr'>et</span> <span class='ocrx_word' id='word_1_250' title='bbox 1387 3153 1484 3208; x_wconf 90' lang='lat' dir='ltr'>illa</span> <span class='ocrx_word' id='word_1_251' title='bbox 1523 3153 1720 3208; x_wconf 91' lang='lat' dir='ltr'>sectari</span> <span class='ocrx_word' id='word_1_252' title='bbox 1763 3169 1883 3225; x_wconf 85' lang='lat' dir='ltr'>quae</span> <span class='ocrx_word' id='word_1_253' title='bbox 1924 3151 2076 3224; x_wconf 87' lang='lat' dir='ltr'>justa</span> 
     </span>
    </p>
   </div>
   <div class='ocr_carea' id='block_1_36' title="bbox 476 3240 2074 3314">
    <p class='ocr_par' dir='ltr' id='par_1_36' title="bbox 476 3240 2074 3314">
     <span class='ocr_line' id='line_1_36' title="bbox 476 3240 2074 3314; baseline -0.001 -17"><span class='ocrx_word' id='word_1_254' title='bbox 476 3250 625 3311; x_wconf 92' lang='lat' dir='ltr'>sunt,</span> <span class='ocrx_word' id='word_1_255' title='bbox 657 3249 712 3297; x_wconf 91' lang='lat' dir='ltr'>et</span> <span class='ocrx_word' id='word_1_256' title='bbox 758 3242 873 3314; x_wconf 82' lang='lat' dir='ltr'>lege</span> <span class='ocrx_word' id='word_1_257' title='bbox 904 3241 1004 3296; x_wconf 91' lang='lat' dir='ltr'>Dei</span> <span class='ocrx_word' id='word_1_258' title='bbox 1039 3242 1332 3312; x_wconf 85' lang='lat' dir='ltr'>condigna,</span> <span class='ocrx_word' id='word_1_259' title='bbox 1364 3250 1672 3298; x_wconf 83' lang='lat' dir='ltr'>avertentes</span> <span class='ocrx_word' id='word_1_260' title='bbox 1711 3258 1766 3297; x_wconf 90' lang='lat' dir='ltr'>se</span> <span class='ocrx_word' id='word_1_261' title='bbox 1789 3259 1819 3296; x_wconf 92' lang='lat' dir='ltr'>a</span> <span class='ocrx_word' id='word_1_262' title='bbox 1838 3240 2074 3313; x_wconf 90' lang='lat' dir='ltr'>judaicis</span> 
     </span>
    </p>
   </div>
   <div class='ocr_carea' id='block_1_37' title="bbox 475 3331 2074 3404">
    <p class='ocr_par' dir='ltr' id='par_1_37' title="bbox 475 3331 2074 3404">
     <span class='ocr_line' id='line_1_37' title="bbox 475 3331 2074 3404; baseline 0 -18"><span class='ocrx_word' id='word_1_263' title='bbox 475 3332 716 3399; x_wconf 81' lang='lat' dir='ltr'>fabulis;</span> <span class='ocrx_word' id='word_1_264' title='bbox 741 3331 869 3404; x_wconf 90' lang='lat' dir='ltr'>quia</span> <span class='ocrx_word' id='word_1_265' title='bbox 903 3332 961 3387; x_wconf 91' lang='lat' dir='ltr'>in</span> <span class='ocrx_word' id='word_1_266' title='bbox 990 3332 1105 3404; x_wconf 91' lang='lat' dir='ltr'>lege</span> <span class='ocrx_word' id='word_1_267' title='bbox 1135 3349 1296 3388; x_wconf 91' lang='lat' dir='ltr'>nemo</span> <span class='ocrx_word' id='word_1_268' title='bbox 1321 3331 1658 3404; x_wconf 85' lang='lat' dir='ltr'>justiﬁcatur</span> <span class='ocrx_word' id='word_1_269' title='bbox 1702 3333 1847 3404; x_wconf 92' lang='lat' dir='ltr'>apud</span> <span class='ocrx_word' id='word_1_270' title='bbox 1877 3333 2074 3400; x_wconf 89' lang='lat' dir='ltr'>Deum,</span> 
     </span>
    </p>
   </div>
   <div class='ocr_carea' id='block_1_38' title="bbox 477 3421 2076 3494">
    <p class='ocr_par' dir='ltr' id='par_1_38' title="bbox 477 3421 2076 3494">
     <span class='ocr_line' id='line_1_38' title="bbox 477 3421 2076 3494; baseline 0.001 -19"><span class='ocrx_word' id='word_1_271' title='bbox 477 3428 683 3492; x_wconf 90' lang='lat' dir='ltr'>quanto</span> <span class='ocrx_word' id='word_1_272' title='bbox 734 3421 906 3492; x_wconf 89' lang='lat' dir='ltr'>magis</span> <span class='ocrx_word' id='word_1_273' title='bbox 961 3421 1021 3476; x_wconf 92' lang='lat' dir='ltr'>in</span> <span class='ocrx_word' id='word_1_274' title='bbox 1077 3421 1352 3476; x_wconf 89' lang='lat' dir='ltr'>mandatis</span> <span class='ocrx_word' id='word_1_275' title='bbox 1400 3422 1739 3478; x_wconf 82' lang='lat' dir='ltr'>hominum!</span> <span class='ocrx_word' id='word_1_276' title='bbox 1795 3421 2076 3494; x_wconf 85' lang='lat' dir='ltr'>Quidquid</span> 
     </span>
    </p>
   </div>
   <div class='ocr_carea' id='block_1_39' title="bbox 477 3509 2076 3582">
    <p class='ocr_par' dir='ltr' id='par_1_39' title="bbox 477 3509 2076 3582">
     <span class='ocr_line' id='line_1_39' title="bbox 477 3509 2076 3582; baseline 0 -18"><span class='ocrx_word' id='word_1_277' title='bbox 477 3510 623 3564; x_wconf 88' lang='lat' dir='ltr'>enim</span> <span class='ocrx_word' id='word_1_278' title='bbox 651 3509 939 3565; x_wconf 88' lang='lat' dir='ltr'>adversum</span> <span class='ocrx_word' id='word_1_279' title='bbox 973 3512 1261 3568; x_wconf 87' lang='lat' dir='ltr'>veritatem</span> <span class='ocrx_word' id='word_1_280' title='bbox 1291 3511 1610 3582; x_wconf 89' lang='lat' dir='ltr'>opponitur,</span> <span class='ocrx_word' id='word_1_281' title='bbox 1629 3511 2076 3565; x_wconf 87' lang='lat' dir='ltr'>bumanainven-</span> 
     </span>
    </p>
   </div>
   <div class='ocr_carea' id='block_1_40' title="bbox 479 3605 2079 3675">
    <p class='ocr_par' dir='ltr' id='par_1_40' title="bbox 479 3605 2079 3675">
     <span class='ocr_line' id='line_1_40' title="bbox 479 3605 2079 3675; baseline 0.002 -17"><span class='ocrx_word' id='word_1_282' title='bbox 479 3605 556 3659; x_wconf 91' lang='lat' dir='ltr'>tio</span> <span class='ocrx_word' id='word_1_283' title='bbox 612 3613 731 3672; x_wconf 90' lang='lat' dir='ltr'>est;</span> <span class='ocrx_word' id='word_1_284' title='bbox 795 3605 1099 3661; x_wconf 89' lang='lat' dir='ltr'>nescientes</span> <span class='ocrx_word' id='word_1_285' title='bbox 1158 3607 1306 3660; x_wconf 90' lang='lat' dir='ltr'>enim</span> <span class='ocrx_word' id='word_1_286' title='bbox 1361 3605 1475 3659; x_wconf 87' lang='lat' dir='ltr'>vim</span> <span class='ocrx_word' id='word_1_287' title='bbox 1538 3606 1969 3675; x_wconf 89' lang='lat' dir='ltr'>Scripturarum,</span> <span class='ocrx_word' id='word_1_288' title='bbox 2024 3614 2079 3663; x_wconf 89' lang='lat' dir='ltr'>et</span> 
     </span>
    </p>
   </div>
   <div class='ocr_carea' id='block_1_41' title="bbox 479 3693 2078 3766">
    <p class='ocr_par' dir='ltr' id='par_1_41' title="bbox 479 3693 2078 3766">
     <span class='ocr_line' id='line_1_41' title="bbox 479 3693 2078 3766; baseline 0.001 -17"><span class='ocrx_word' id='word_1_289' title='bbox 479 3693 742 3750; x_wconf 89' lang='lat' dir='ltr'>interiora</span> <span class='ocrx_word' id='word_1_290' title='bbox 791 3693 1087 3748; x_wconf 90' lang='lat' dir='ltr'>verborum</span> <span class='ocrx_word' id='word_1_291' title='bbox 1130 3694 1281 3766; x_wconf 87' lang='lat' dir='ltr'>legis,</span> <span class='ocrx_word' id='word_1_292' title='bbox 1327 3694 1566 3748; x_wconf 90' lang='lat' dir='ltr'>colorem</span> <span class='ocrx_word' id='word_1_293' title='bbox 1597 3703 1923 3766; x_wconf 91' lang='lat' dir='ltr'>sequuntur,</span> <span class='ocrx_word' id='word_1_294' title='bbox 1966 3713 2078 3751; x_wconf 87' lang='lat' dir='ltr'>non</span> 
     </span>
    </p>
   </div>
   <div class='ocr_carea' id='block_1_42' title="bbox 479 3783 2079 3856">
    <p class='ocr_par' dir='ltr' id='par_1_42' title="bbox 479 3783 2079 3856">
     <span class='ocr_line' id='line_1_42' title="bbox 479 3783 2079 3856; baseline 0.001 -16"><span class='ocrx_word' id='word_1_295' title='bbox 479 3801 746 3856; x_wconf 90' lang='lat' dir='ltr'>saporem.</span> <span class='ocrx_word' id='word_1_296' title='bbox 778 3783 904 3839; x_wconf 91' lang='lat' dir='ltr'>Ideo</span> <span class='ocrx_word' id='word_1_297' title='bbox 953 3783 1168 3840; x_wconf 88' lang='lat' dir='ltr'>fabulas</span> <span class='ocrx_word' id='word_1_298' title='bbox 1193 3783 1457 3840; x_wconf 91' lang='lat' dir='ltr'>dicuntur</span> <span class='ocrx_word' id='word_1_299' title='bbox 1488 3801 1731 3854; x_wconf 89' lang='lat' dir='ltr'>narrare,</span> <span class='ocrx_word' id='word_1_300' title='bbox 1777 3803 1888 3842; x_wconf 91' lang='lat' dir='ltr'>non</span> <span class='ocrx_word' id='word_1_301' title='bbox 1922 3787 2079 3842; x_wconf 90' lang='lat' dir='ltr'>veri-</span> 
     </span>
    </p>
   </div>
   <div class='ocr_carea' id='block_1_43' title="bbox 480 3874 2075 3948">
    <p class='ocr_par' dir='ltr' id='par_1_43' title="bbox 480 3874 2075 3948">
     <span class='ocr_line' id='line_1_43' title="bbox 480 3874 2075 3948; baseline 0.001 -15"><span class='ocrx_word' id='word_1_302' title='bbox 480 3884 684 3942; x_wconf 84' lang='lat' dir='ltr'>tatem;</span> <span class='ocrx_word' id='word_1_303' title='bbox 731 3881 927 3946; x_wconf 90' lang='lat' dir='ltr'>putant</span> <span class='ocrx_word' id='word_1_304' title='bbox 969 3874 1116 3930; x_wconf 90' lang='lat' dir='ltr'>enim</span> <span class='ocrx_word' id='word_1_305' title='bbox 1149 3891 1430 3947; x_wconf 87' lang='lat' dir='ltr'>nunquam</span> <span class='ocrx_word' id='word_1_306' title='bbox 1463 3877 1828 3934; x_wconf 89' lang='lat' dir='ltr'>recedendum</span> <span class='ocrx_word' id='word_1_307' title='bbox 1870 3878 1938 3934; x_wconf 92' lang='lat' dir='ltr'>ab</span> <span class='ocrx_word' id='word_1_308' title='bbox 1986 3878 2075 3948; x_wconf 91' lang='lat' dir='ltr'>iis,</span> 
     </span>
    </p>
   </div>
   <div class='ocr_carea' id='block_1_44' title="bbox 481 3964 2080 4042">
    <p class='ocr_par' dir='ltr' id='par_1_44' title="bbox 481 3964 2080 4042">
     <span class='ocr_line' id='line_1_44' title="bbox 481 3964 2080 4042; baseline 0.003 -20"><span class='ocrx_word' id='word_1_309' title='bbox 481 3983 601 4041; x_wconf 77' lang='lat' dir='ltr'>quae</span> <span class='ocrx_word' id='word_1_310' title='bbox 630 3966 848 4038; x_wconf 87' lang='lat' dir='ltr'>Moyses</span> <span class='ocrx_word' id='word_1_311' title='bbox 886 3964 1140 4033; x_wconf 84' lang='lat' dir='ltr'>tradidit,</span> <span class='ocrx_word' id='word_1_312' title='bbox 1169 3974 1232 4021; x_wconf 89' lang='lat' dir='ltr'>ut</span> <span class='ocrx_word' id='word_1_313' title='bbox 1283 3973 1417 4037; x_wconf 87' lang='lat' dir='ltr'>puta</span> <span class='ocrx_word' id='word_1_314' title='bbox 1464 3968 1532 4024; x_wconf 90' lang='lat' dir='ltr'>de</span> <span class='ocrx_word' id='word_1_315' title='bbox 1562 3969 1719 4037; x_wconf 88' lang='lat' dir='ltr'>escis,</span> <span class='ocrx_word' id='word_1_316' title='bbox 1752 3978 1848 4026; x_wconf 91' lang='lat' dir='ltr'>aut</span> <span class='ocrx_word' id='word_1_317' title='bbox 1890 3970 2080 4042; x_wconf 83' lang='lat' dir='ltr'>conju-</span> 
     </span>
    </p>
   </div>
   <div class='ocr_carea' id='block_1_45' title="bbox 481 4053 2079 4128">
    <p class='ocr_par' dir='ltr' id='par_1_45' title="bbox 481 4053 2079 4128">
     <span class='ocr_line' id='line_1_45' title="bbox 481 4053 2079 4128; baseline 0.003 -18"><span class='ocrx_word' id='word_1_318' title='bbox 481 4054 606 4128; x_wconf 93' lang='lat' dir='ltr'>giis,</span> <span class='ocrx_word' id='word_1_319' title='bbox 634 4063 729 4110; x_wconf 89' lang='lat' dir='ltr'>aut</span> <span class='ocrx_word' id='word_1_320' title='bbox 759 4053 1082 4122; x_wconf 88' lang='lat' dir='ltr'>neomeniis,</span> <span class='ocrx_word' id='word_1_321' title='bbox 1116 4061 1210 4109; x_wconf 90' lang='lat' dir='ltr'>aut</span> <span class='ocrx_word' id='word_1_322' title='bbox 1253 4056 1516 4127; x_wconf 89' lang='lat' dir='ltr'>sanguine</span> <span class='ocrx_word' id='word_1_323' title='bbox 1566 4059 1835 4124; x_wconf 83' lang='lat' dir='ltr'>mustelae,</span> <span class='ocrx_word' id='word_1_324' title='bbox 1868 4061 1954 4114; x_wconf 87' lang='lat' dir='ltr'>vel</span> <span class='ocrx_word' id='word_1_325' title='bbox 1986 4059 2079 4116; x_wconf 89' lang='lat' dir='ltr'>do-</span> 
     </span>
    </p>
   </div>
   <div class='ocr_carea' id='block_1_46' title="bbox 481 4143 2082 4218">
    <p class='ocr_par' dir='ltr' id='par_1_46' title="bbox 481 4143 2082 4218">
     <span class='ocr_line' id='line_1_46' title="bbox 481 4143 2082 4218; baseline 0.002 -18"><span class='ocrx_word' id='word_1_326' title='bbox 481 4161 571 4200; x_wconf 88' lang='lat' dir='ltr'>mo</span> <span class='ocrx_word' id='word_1_327' title='bbox 602 4144 889 4201; x_wconf 89' lang='lat' dir='ltr'>immunda</span> <span class='ocrx_word' id='word_1_328' title='bbox 933 4143 1128 4200; x_wconf 89' lang='lat' dir='ltr'>diebus</span> <span class='ocrx_word' id='word_1_329' title='bbox 1176 4153 1381 4216; x_wconf 91' lang='lat' dir='ltr'>septem</span> <span class='ocrx_word' id='word_1_330' title='bbox 1411 4163 1425 4213; x_wconf 88' lang='lat'>;</span> <span class='ocrx_word' id='word_1_331' title='bbox 1461 4163 1583 4201; x_wconf 92' lang='lat' dir='ltr'>cum</span> <span class='ocrx_word' id='word_1_332' title='bbox 1614 4147 1793 4203; x_wconf 89' lang='lat' dir='ltr'>sciant</span> <span class='ocrx_word' id='word_1_333' title='bbox 1816 4148 2082 4218; x_wconf 86' lang='lat' dir='ltr'>primores</span> 
     </span>
    </p>
   </div>
   <div class='ocr_carea' id='block_1_47' title="bbox 481 4233 2078 4308">
    <p class='ocr_par' dir='ltr' id='par_1_47' title="bbox 481 4233 2078 4308">
     <span class='ocr_line' id='line_1_47' title="bbox 481 4233 2078 4308; baseline 0.003 -19"><span class='ocrx_word' id='word_1_334' title='bbox 481 4250 609 4289; x_wconf 90' lang='lat' dir='ltr'>suos</span> <span class='ocrx_word' id='word_1_335' title='bbox 637 4233 938 4300; x_wconf 84' lang='lat' dir='ltr'>Abraham,</span> <span class='ocrx_word' id='word_1_336' title='bbox 969 4235 1118 4291; x_wconf 88' lang='lat' dir='ltr'>Isaac</span> <span class='ocrx_word' id='word_1_337' title='bbox 1147 4242 1200 4290; x_wconf 90' lang='lat' dir='ltr'>et</span> <span class='ocrx_word' id='word_1_338' title='bbox 1243 4234 1410 4292; x_wconf 88' lang='lat' dir='ltr'>Jacob</span> <span class='ocrx_word' id='word_1_339' title='bbox 1439 4235 1557 4293; x_wconf 91' lang='lat' dir='ltr'>sine</span> <span class='ocrx_word' id='word_1_340' title='bbox 1605 4235 1693 4292; x_wconf 89' lang='lat' dir='ltr'>his</span> <span class='ocrx_word' id='word_1_341' title='bbox 1729 4235 2078 4308; x_wconf 73' lang='lat' dir='ltr'>justiﬁcatos;</span> 
     </span>
    </p>
   </div>
   <div class='ocr_carea' id='block_1_48' title="bbox 482 4323 2082 4397">
    <p class='ocr_par' dir='ltr' id='par_1_48' title="bbox 482 4323 2082 4397">
     <span class='ocr_line' id='line_1_48' title="bbox 482 4323 2082 4397; baseline 0.003 -19"><span class='ocrx_word' id='word_1_342' title='bbox 482 4331 535 4378; x_wconf 89' lang='lat' dir='ltr'>et</span> <span class='ocrx_word' id='word_1_343' title='bbox 589 4324 687 4376; x_wconf 91' lang='lat' dir='ltr'>Dei</span> <span class='ocrx_word' id='word_1_344' title='bbox 734 4323 939 4380; x_wconf 91' lang='lat' dir='ltr'>amicos</span> <span class='ocrx_word' id='word_1_345' title='bbox 985 4325 1325 4396; x_wconf 89' lang='lat' dir='ltr'>appellatos;</span> <span class='ocrx_word' id='word_1_346' title='bbox 1383 4333 1437 4380; x_wconf 91' lang='lat' dir='ltr'>et</span> <span class='ocrx_word' id='word_1_347' title='bbox 1491 4325 1777 4382; x_wconf 88' lang='lat' dir='ltr'>Ezechiele</span> <span class='ocrx_word' id='word_1_348' title='bbox 1815 4325 2082 4397; x_wconf 84' lang='lat' dir='ltr'>propheta</span> 
     </span>
    </p>
   </div>
   <div class='ocr_carea' id='block_1_49' title="bbox 2162 418 3764 492">
    <p class='ocr_par' dir='ltr' id='par_1_49' title="bbox 2162 418 3764 492">
     <span class='ocr_line' id='line_1_49' title="bbox 2162 418 3764 492; baseline 0.001 -16"><span class='ocrx_word' id='word_1_349' title='bbox 2162 429 2311 488; x_wconf 88' lang='lat' dir='ltr'>sunt,</span> <span class='ocrx_word' id='word_1_350' title='bbox 2343 420 2474 474; x_wconf 89' lang='lat' dir='ltr'>talia</span> <span class='ocrx_word' id='word_1_351' title='bbox 2503 437 2565 476; x_wconf 90' lang='lat' dir='ltr'>ac</span> <span class='ocrx_word' id='word_1_352' title='bbox 2617 426 2769 474; x_wconf 90' lang='lat' dir='ltr'>tanta</span> <span class='ocrx_word' id='word_1_353' title='bbox 2799 426 3124 490; x_wconf 89' lang='lat' dir='ltr'>acceperunt</span> <span class='ocrx_word' id='word_1_354' title='bbox 3163 418 3436 487; x_wconf 87' lang='lat' dir='ltr'>mandata,</span> <span class='ocrx_word' id='word_1_355' title='bbox 3470 419 3526 474; x_wconf 92' lang='lat' dir='ltr'>in</span> <span class='ocrx_word' id='word_1_356' title='bbox 3560 419 3764 492; x_wconf 89' lang='lat' dir='ltr'>quibus</span> 
     </span>
    </p>
   </div>
   <div class='ocr_carea' id='block_1_50' title="bbox 2163 511 3764 584">
    <p class='ocr_par' dir='ltr' id='par_1_50' title="bbox 2163 511 3764 584">
     <span class='ocr_line' id='line_1_50' title="bbox 2163 511 3764 584; baseline -0.001 -16"><span class='ocrx_word' id='word_1_357' title='bbox 2163 513 2430 583; x_wconf 87' lang='lat' dir='ltr'>respirare</span> <span class='ocrx_word' id='word_1_358' title='bbox 2477 528 2588 567; x_wconf 91' lang='lat' dir='ltr'>non</span> <span class='ocrx_word' id='word_1_359' title='bbox 2632 520 2870 584; x_wconf 90' lang='lat' dir='ltr'>possent.</span> <span class='ocrx_word' id='word_1_360' title='bbox 2901 511 3043 568; x_wconf 84' lang='lat' dir='ltr'>Hinc</span> <span class='ocrx_word' id='word_1_361' title='bbox 3071 511 3275 568; x_wconf 84' lang='lat' dir='ltr'>factum</span> <span class='ocrx_word' id='word_1_362' title='bbox 3306 519 3406 578; x_wconf 89' lang='lat' dir='ltr'>est,</span> <span class='ocrx_word' id='word_1_363' title='bbox 3451 519 3512 566; x_wconf 90' lang='lat' dir='ltr'>ut</span> <span class='ocrx_word' id='word_1_364' title='bbox 3545 520 3599 568; x_wconf 89' lang='lat' dir='ltr'>et</span> <span class='ocrx_word' id='word_1_365' title='bbox 3627 512 3764 568; x_wconf 92' lang='lat' dir='ltr'>boni</span> 
     </span>
    </p>
   </div>
   <div class='ocr_carea' id='block_1_51' title="bbox 2166 601 3767 673">
    <p class='ocr_par' dir='ltr' id='par_1_51' title="bbox 2166 601 3767 673">
     <span class='ocr_line' id='line_1_51' title="bbox 2166 601 3767 673; baseline 0.002 -17"><span class='ocrx_word' id='word_1_366' title='bbox 2166 602 2475 656; x_wconf 88' lang='lat' dir='ltr'>laborarent</span> <span class='ocrx_word' id='word_1_367' title='bbox 2519 618 2645 657; x_wconf 91' lang='lat' dir='ltr'>cum</span> <span class='ocrx_word' id='word_1_368' title='bbox 2685 602 2864 670; x_wconf 89' lang='lat' dir='ltr'>malis,</span> <span class='ocrx_word' id='word_1_369' title='bbox 2923 602 3200 673; x_wconf 87' lang='lat' dir='ltr'>accepturi</span> <span class='ocrx_word' id='word_1_370' title='bbox 3259 601 3586 658; x_wconf 90' lang='lat' dir='ltr'>mercedem.</span> <span class='ocrx_word' id='word_1_371' title='bbox 3638 603 3767 660; x_wconf 82' lang='lat' dir='ltr'>Haec</span> 
     </span>
    </p>
   </div>
   <div class='ocr_carea' id='block_1_52' title="bbox 2165 691 3765 765">
    <p class='ocr_par' dir='ltr' id='par_1_52' title="bbox 2165 691 3765 765">
     <span class='ocr_line' id='line_1_52' title="bbox 2165 691 3765 765; baseline 0.003 -19"><span class='ocrx_word' id='word_1_372' title='bbox 2165 707 2292 762; x_wconf 91' lang='lat' dir='ltr'>ergo</span> <span class='ocrx_word' id='word_1_373' title='bbox 2344 708 2442 762; x_wconf 94' lang='lat' dir='ltr'>pro</span> <span class='ocrx_word' id='word_1_374' title='bbox 2489 691 2738 748; x_wconf 86' lang='lat' dir='ltr'>vindicta</span> <span class='ocrx_word' id='word_1_375' title='bbox 2789 693 2915 748; x_wconf 89' lang='lat' dir='ltr'>data</span> <span class='ocrx_word' id='word_1_376' title='bbox 2957 700 3106 759; x_wconf 91' lang='lat' dir='ltr'>sunt,</span> <span class='ocrx_word' id='word_1_377' title='bbox 3141 693 3218 747; x_wconf 90' lang='lat' dir='ltr'>ita</span> <span class='ocrx_word' id='word_1_378' title='bbox 3263 699 3325 746; x_wconf 92' lang='lat' dir='ltr'>ut</span> <span class='ocrx_word' id='word_1_379' title='bbox 3366 699 3613 763; x_wconf 91' lang='lat' dir='ltr'>tempore</span> <span class='ocrx_word' id='word_1_380' title='bbox 3656 711 3765 765; x_wconf 87' lang='lat' dir='ltr'>quo</span> 
     </span>
    </p>
   </div>
   <div class='ocr_carea' id='block_1_53' title="bbox 2166 779 3765 851">
    <p class='ocr_par' dir='ltr' id='par_1_53' title="bbox 2166 779 3765 851">
     <span class='ocr_line' id='line_1_53' title="bbox 2166 779 3765 851; baseline 0.004 -18"><span class='ocrx_word' id='word_1_381' title='bbox 2166 779 2496 851; x_wconf 88' lang='lat' dir='ltr'>promissum</span> <span class='ocrx_word' id='word_1_382' title='bbox 2553 781 2779 837; x_wconf 83' lang='lat' dir='ltr'>advenit</span> <span class='ocrx_word' id='word_1_383' title='bbox 2825 780 3033 836; x_wconf 90' lang='lat' dir='ltr'>donum</span> <span class='ocrx_word' id='word_1_384' title='bbox 3076 779 3196 848; x_wconf 90' lang='lat' dir='ltr'>Dei,</span> <span class='ocrx_word' id='word_1_385' title='bbox 3251 779 3629 837; x_wconf 87' lang='lat' dir='ltr'>misericordia</span> <span class='ocrx_word' id='word_1_386' title='bbox 3667 785 3765 840; x_wconf 92' lang='lat' dir='ltr'>Dei</span> 
     </span>
    </p>
   </div>
   <div class='ocr_carea' id='block_1_54' title="bbox 2168 869 3764 942">
    <p class='ocr_par' dir='ltr' id='par_1_54' title="bbox 2168 869 3764 942">
     <span class='ocr_line' id='line_1_54' title="bbox 2168 869 3764 942; baseline 0.004 -19"><span class='ocrx_word' id='word_1_387' title='bbox 2168 870 2437 925; x_wconf 85' lang='lat' dir='ltr'>relaxaret</span> <span class='ocrx_word' id='word_1_388' title='bbox 2475 871 2681 938; x_wconf 90' lang='lat' dir='ltr'>omnia,</span> <span class='ocrx_word' id='word_1_389' title='bbox 2711 887 2828 942; x_wconf 65' lang='lat' dir='ltr'>quae</span> <span class='ocrx_word' id='word_1_390' title='bbox 2859 869 3015 942; x_wconf 91' lang='lat' dir='ltr'>prius</span> <span class='ocrx_word' id='word_1_391' title='bbox 3042 869 3427 926; x_wconf 88' lang='lat' dir='ltr'>interdixerat.</span> <span class='ocrx_word' id='word_1_392' title='bbox 3459 870 3617 937; x_wconf 90' lang='lat' dir='ltr'>Quod</span> <span class='ocrx_word' id='word_1_393' title='bbox 3657 889 3764 928; x_wconf 90' lang='lat' dir='ltr'>non</span> 
     </span>
    </p>
   </div>
   <div class='ocr_carea' id='block_1_55' title="bbox 2167 958 3763 1034">
    <p class='ocr_par' dir='ltr' id='par_1_55' title="bbox 2167 958 3763 1034">
     <span class='ocr_line' id='line_1_55' title="bbox 2167 958 3763 1034; baseline 0.003 -20"><span class='ocrx_word' id='word_1_394' title='bbox 2167 958 2538 1031; x_wconf 88' lang='lat' dir='ltr'>intelligentes</span> <span class='ocrx_word' id='word_1_395' title='bbox 2579 959 2778 1027; x_wconf 54' lang='lat' dir='ltr'>Judaei,</span> <span class='ocrx_word' id='word_1_396' title='bbox 2819 959 2919 1014; x_wconf 91' lang='lat' dir='ltr'>sub</span> <span class='ocrx_word' id='word_1_397' title='bbox 2956 958 3090 1030; x_wconf 88' lang='lat' dir='ltr'>jugo</span> <span class='ocrx_word' id='word_1_398' title='bbox 3133 966 3474 1030; x_wconf 89' lang='lat' dir='ltr'>permanent,</span> <span class='ocrx_word' id='word_1_399' title='bbox 3512 968 3566 1014; x_wconf 91' lang='lat' dir='ltr'>et</span> <span class='ocrx_word' id='word_1_400' title='bbox 3617 978 3763 1034; x_wconf 88' lang='lat' dir='ltr'>quo-</span> 
     </span>
    </p>
   </div>
   <div class='ocr_carea' id='block_1_56' title="bbox 2169 1047 3762 1124">
    <p class='ocr_par' dir='ltr' id='par_1_56' title="bbox 2169 1047 3762 1124">
     <span class='ocr_line' id='line_1_56' title="bbox 2169 1047 3762 1124; baseline 0.007 -22"><span class='ocrx_word' id='word_1_401' title='bbox 2169 1047 2420 1102; x_wconf 90' lang='lat' dir='ltr'>rumdam</span> <span class='ocrx_word' id='word_1_402' title='bbox 2475 1048 2784 1104; x_wconf 86' lang='lat' dir='ltr'>libertatem</span> <span class='ocrx_word' id='word_1_403' title='bbox 2833 1047 2920 1103; x_wconf 88' lang='lat' dir='ltr'>his</span> <span class='ocrx_word' id='word_1_404' title='bbox 2961 1049 3156 1103; x_wconf 91' lang='lat' dir='ltr'>volunt</span> <span class='ocrx_word' id='word_1_405' title='bbox 3209 1048 3452 1104; x_wconf 89' lang='lat' dir='ltr'>vinculis</span> <span class='ocrx_word' id='word_1_406' title='bbox 3482 1051 3762 1124; x_wconf 75' lang='lat' dir='ltr'>obligare;</span> 
     </span>
    </p>
   </div>
   <div class='ocr_carea' id='block_1_57' title="bbox 2170 1129 3769 1204">
    <p class='ocr_par' dir='ltr' id='par_1_57' title="bbox 2170 1129 3769 1204">
     <span class='ocr_line' id='line_1_57' title="bbox 2170 1129 3769 1204; baseline 0.006 -20"><span class='ocrx_word' id='word_1_407' title='bbox 2170 1129 2401 1202; x_wconf 91' lang='lat' dir='ltr'>ideoque</span> <span class='ocrx_word' id='word_1_408' title='bbox 2431 1131 2531 1188; x_wconf 91' lang='lat' dir='ltr'>hos</span> <span class='ocrx_word' id='word_1_409' title='bbox 2571 1131 2940 1204; x_wconf 89' lang='lat' dir='ltr'>objurgandos</span> <span class='ocrx_word' id='word_1_410' title='bbox 2982 1132 3262 1198; x_wconf 85' lang='lat' dir='ltr'>admonet,</span> <span class='ocrx_word' id='word_1_411' title='bbox 3294 1142 3354 1188; x_wconf 93' lang='lat' dir='ltr'>ut</span> <span class='ocrx_word' id='word_1_412' title='bbox 3399 1133 3466 1189; x_wconf 90' lang='lat' dir='ltr'>ab</span> <span class='ocrx_word' id='word_1_413' title='bbox 3501 1134 3590 1191; x_wconf 90' lang='lat' dir='ltr'>his</span> <span class='ocrx_word' id='word_1_414' title='bbox 3619 1153 3769 1194; x_wconf 86' lang='lat' dir='ltr'>aver-</span> 
     </span>
    </p>
   </div>
   <div class='ocr_carea' id='block_1_58' title="bbox 2170 1227 2384 1277">
    <p class='ocr_par' dir='ltr' id='par_1_58' title="bbox 2170 1227 2384 1277">
     <span class='ocr_line' id='line_1_58' title="bbox 2170 1227 2384 1277; baseline 0.009 -3"><span class='ocrx_word' id='word_1_415' title='bbox 2170 1227 2384 1277; x_wconf 89' lang='lat' dir='ltr'>tantur.</span> 
     </span>
    </p>
   </div>
   <div class='ocr_carea' id='block_1_59' title="bbox 2245 1310 3773 1383">
    <p class='ocr_par' dir='ltr' id='par_1_59' title="bbox 2245 1310 3773 1383">
     <span class='ocr_line' id='line_1_59' title="bbox 2245 1310 3773 1383; baseline 0.006 -19"><span class='ocrx_word' id='word_1_416' title='bbox 2245 1310 2427 1381; x_wconf 90' lang='lat' dir='ltr'>(Vers.</span> <span class='ocrx_word' id='word_1_417' title='bbox 2464 1310 2576 1380; x_wconf 82' lang='grc'>15.)</span> <span class='ocrx_word' id='word_1_418' title='bbox 2622 1334 2640 1357; x_wconf 84' lang='grc'><strong><em>‹</em></strong></span> <span class='ocrx_word' id='word_1_419' title='bbox 2663 1311 2861 1367; x_wconf 91' lang='lat' dir='ltr'>Omnia</span> <span class='ocrx_word' id='word_1_420' title='bbox 2899 1311 3123 1383; x_wconf 89' lang='lat' dir='ltr'>quidem</span> <span class='ocrx_word' id='word_1_421' title='bbox 3155 1311 3361 1370; x_wconf 88' lang='lat' dir='ltr'>munda</span> <span class='ocrx_word' id='word_1_422' title='bbox 3390 1314 3644 1372; x_wconf 90' lang='lat' dir='ltr'>mundis:</span> <span class='ocrx_word' id='word_1_423' title='bbox 3687 1316 3773 1373; x_wconf 88' lang='lat' dir='ltr'>his</span> 
     </span>
    </p>
   </div>
   <div class='ocr_carea' id='block_1_60' title="bbox 2173 1401 3769 1471">
    <p class='ocr_par' dir='ltr' id='par_1_60' title="bbox 2173 1401 3769 1471">
     <span class='ocr_line' id='line_1_60' title="bbox 2173 1401 3769 1471; baseline 0.006 -18"><span class='ocrx_word' id='word_1_424' title='bbox 2173 1414 2303 1454; x_wconf 90' lang='lat' dir='ltr'>vero</span> <span class='ocrx_word' id='word_1_425' title='bbox 2331 1401 2425 1471; x_wconf 90' lang='lat' dir='ltr'>qui</span> <span class='ocrx_word' id='word_1_426' title='bbox 2473 1401 2832 1456; x_wconf 88' lang='lat' dir='ltr'>contaminati</span> <span class='ocrx_word' id='word_1_427' title='bbox 2866 1409 2995 1457; x_wconf 92' lang='lat' dir='ltr'>sunt</span> <span class='ocrx_word' id='word_1_428' title='bbox 3023 1410 3077 1457; x_wconf 93' lang='lat' dir='ltr'>et</span> <span class='ocrx_word' id='word_1_429' title='bbox 3105 1401 3222 1458; x_wconf 91' lang='lat' dir='ltr'>sine</span> <span class='ocrx_word' id='word_1_430' title='bbox 3251 1402 3380 1471; x_wconf 87' lang='lat' dir='ltr'>ﬁde,</span> <span class='ocrx_word' id='word_1_431' title='bbox 3431 1405 3575 1460; x_wconf 90' lang='lat' dir='ltr'>nihil</span> <span class='ocrx_word' id='word_1_432' title='bbox 3618 1423 3769 1462; x_wconf 85' lang='lat' dir='ltr'>mun-</span> 
     </span>
    </p>
   </div>
   <div class='ocr_carea' id='block_1_61' title="bbox 2175 1487 3770 1561">
    <p class='ocr_par' dir='ltr' id='par_1_61' title="bbox 2175 1487 3770 1561">
     <span class='ocr_line' id='line_1_61' title="bbox 2175 1487 3770 1561; baseline 0.005 -18"><span class='ocrx_word' id='word_1_433' title='bbox 2175 1487 2328 1556; x_wconf 90' lang='lat' dir='ltr'>dum,</span> <span class='ocrx_word' id='word_1_434' title='bbox 2361 1489 2454 1544; x_wconf 89' lang='lat' dir='ltr'>sed</span> <span class='ocrx_word' id='word_1_435' title='bbox 2485 1488 2771 1561; x_wconf 87' lang='lat' dir='ltr'>inquinata</span> <span class='ocrx_word' id='word_1_436' title='bbox 2807 1499 2889 1547; x_wconf 90' lang='lat' dir='ltr'>est</span> <span class='ocrx_word' id='word_1_437' title='bbox 2916 1507 3104 1547; x_wconf 91' lang='lat' dir='ltr'>eorum</span> <span class='ocrx_word' id='word_1_438' title='bbox 3135 1501 3190 1548; x_wconf 88' lang='lat' dir='ltr'>et</span> <span class='ocrx_word' id='word_1_439' title='bbox 3223 1509 3376 1549; x_wconf 89' lang='lat' dir='ltr'>mens</span> <span class='ocrx_word' id='word_1_440' title='bbox 3405 1501 3459 1549; x_wconf 92' lang='lat' dir='ltr'>et</span> <span class='ocrx_word' id='word_1_441' title='bbox 3491 1495 3770 1552; x_wconf 84' lang='lat' dir='ltr'>conscien-</span> 
     </span>
    </p>
   </div>
   <div class='ocr_carea' id='block_1_62' title="bbox 2173 1577 3774 1656">
    <p class='ocr_par' dir='ltr' id='par_1_62' title="bbox 2173 1577 3774 1656">
     <span class='ocr_line' id='line_1_62' title="bbox 2173 1577 3774 1656; baseline 0.006 -26"><span class='ocrx_word' id='word_1_442' title='bbox 2173 1577 2269 1631; x_wconf 91' lang='lat' dir='ltr'>tia.</span> <span class='ocrx_word' id='word_1_443' title='bbox 2325 1601 2343 1623; x_wconf 77' lang='grc' dir='ltr'>ι</span> <span class='ocrx_word' id='word_1_444' title='bbox 2412 1579 2550 1633; x_wconf 88' lang='lat' dir='ltr'>Istos</span> <span class='ocrx_word' id='word_1_445' title='bbox 2615 1578 2850 1634; x_wconf 90' lang='lat' dir='ltr'>mundos</span> <span class='ocrx_word' id='word_1_446' title='bbox 2907 1595 3024 1635; x_wconf 91' lang='lat' dir='ltr'>esse</span> <span class='ocrx_word' id='word_1_447' title='bbox 3071 1580 3343 1652; x_wconf 84' lang='lat' dir='ltr'>signiﬁcat</span> <span class='ocrx_word' id='word_1_448' title='bbox 3413 1583 3506 1654; x_wconf 90' lang='lat' dir='ltr'>qui</span> <span class='ocrx_word' id='word_1_449' title='bbox 3559 1591 3614 1638; x_wconf 90' lang='lat' dir='ltr'>et</span> <span class='ocrx_word' id='word_1_450' title='bbox 3670 1601 3774 1656; x_wconf 89' lang='lat' dir='ltr'>qua</span> 
     </span>
    </p>
   </div>
   <div class='ocr_carea' id='block_1_63' title="bbox 1112 1666 3771 1770">
    <p class='ocr_par' dir='ltr' id='par_1_63' title="bbox 1112 1666 3771 1770">
     <span class='ocr_line' id='line_1_63' title="bbox 1112 1666 3771 1770; baseline 0.004 -51"><span class='ocrx_word' id='word_1_451' title='bbox 1112 1666 1396 1755; x_wconf 51' lang='lat' dir='ltr'>Creterises</span> <span class='ocrx_word' id='word_1_452' title='bbox 1467 1666 1688 1770; x_wconf 59' lang='lat' dir='ltr'>semper‘</span> <span class='ocrx_word' id='word_1_453' title='bbox 1753 1666 2063 1768; x_wconf 42' lang='lat' dir='ltr'>mand‘aces’</span> <span class='ocrx_word' id='word_1_454' title='bbox 2095 1702 2141 1761; x_wconf 77' lang='grc' dir='ltr'>Β</span> <span class='ocrx_word' id='word_1_455' title='bbox 2177 1683 2338 1722; x_wconf 89' lang='lat' dir='ltr'>causa</span> <span class='ocrx_word' id='word_1_456' title='bbox 2385 1666 2680 1723; x_wconf 91' lang='lat' dir='ltr'>interdicta</span> <span class='ocrx_word' id='word_1_457' title='bbox 2724 1677 2852 1724; x_wconf 91' lang='lat' dir='ltr'>sunt</span> <span class='ocrx_word' id='word_1_458' title='bbox 2896 1678 3122 1738; x_wconf 87' lang='lat' dir='ltr'>norunt,</span> <span class='ocrx_word' id='word_1_459' title='bbox 3172 1679 3225 1726; x_wconf 91' lang='lat' dir='ltr'>et</span> <span class='ocrx_word' id='word_1_460' title='bbox 3275 1688 3383 1744; x_wconf 87' lang='lat' dir='ltr'>qua</span> <span class='ocrx_word' id='word_1_461' title='bbox 3435 1689 3591 1728; x_wconf 89' lang='lat' dir='ltr'>causa</span> <span class='ocrx_word' id='word_1_462' title='bbox 3627 1690 3771 1729; x_wconf 88' lang='lat' dir='ltr'>con-</span> 
     </span>
    </p>
   </div>
   <div class='ocr_carea' id='block_1_64' title="bbox 2179 1758 3771 1834">
    <p class='ocr_par' dir='ltr' id='par_1_64' title="bbox 2179 1758 3771 1834">
     <span class='ocr_line' id='line_1_64' title="bbox 2179 1758 3771 1834; baseline 0.003 -23"><span class='ocrx_word' id='word_1_463' title='bbox 2179 1772 2326 1812; x_wconf 88' lang='lat' dir='ltr'>cessa</span> <span class='ocrx_word' id='word_1_464' title='bbox 2373 1765 2501 1813; x_wconf 90' lang='lat' dir='ltr'>sunt</span> <span class='ocrx_word' id='word_1_465' title='bbox 2543 1764 2746 1828; x_wconf 89' lang='lat' dir='ltr'>postea.</span> <span class='ocrx_word' id='word_1_466' title='bbox 2790 1759 2925 1814; x_wconf 88' lang='lat' dir='ltr'>Nam</span> <span class='ocrx_word' id='word_1_467' title='bbox 2975 1758 3022 1814; x_wconf 90' lang='lat' dir='ltr'>si</span> <span class='ocrx_word' id='word_1_468' title='bbox 3071 1759 3129 1814; x_wconf 91' lang='lat' dir='ltr'>in</span> <span class='ocrx_word' id='word_1_469' title='bbox 3173 1760 3371 1816; x_wconf 91' lang='lat' dir='ltr'>Genesi</span> <span class='ocrx_word' id='word_1_470' title='bbox 3402 1761 3596 1832; x_wconf 86' lang='lat' dir='ltr'>legitur</span> <span class='ocrx_word' id='word_1_471' title='bbox 3639 1761 3771 1834; x_wconf 88' lang='lat' dir='ltr'>quia</span> 
     </span>
    </p>
   </div>
   <div class='ocr_carea' id='block_1_65' title="bbox 2180 1846 3771 1923">
    <p class='ocr_par' dir='ltr' id='par_1_65' title="bbox 2180 1846 3771 1923">
     <span class='ocr_line' id='line_1_65' title="bbox 2180 1846 3771 1923; baseline 0.003 -20"><span class='ocrx_word' id='word_1_472' title='bbox 2180 1846 2366 1903; x_wconf 90' lang='lat' dir='ltr'>omnia</span> <span class='ocrx_word' id='word_1_473' title='bbox 2421 1864 2540 1920; x_wconf 68' lang='lat' dir='ltr'>qua:</span> <span class='ocrx_word' id='word_1_474' title='bbox 2595 1847 2725 1904; x_wconf 86' lang='lat' dir='ltr'>fecit</span> <span class='ocrx_word' id='word_1_475' title='bbox 2780 1849 2946 1916; x_wconf 91' lang='lat' dir='ltr'>Deus,</span> <span class='ocrx_word' id='word_1_476' title='bbox 2994 1848 3138 1905; x_wconf 89' lang='lat' dir='ltr'>bona</span> <span class='ocrx_word' id='word_1_477' title='bbox 3187 1860 3317 1906; x_wconf 90' lang='lat' dir='ltr'>sunt</span> <span class='ocrx_word' id='word_1_478' title='bbox 3374 1847 3526 1923; x_wconf 69' lang='lat' dir='ltr'>(Gen.</span> <span class='ocrx_word' id='word_1_479' title='bbox 3560 1870 3598 1920; x_wconf 89' lang='grc' dir='ltr'>ι,</span> <span class='ocrx_word' id='word_1_480' title='bbox 3651 1852 3771 1923; x_wconf 87' lang='grc'>31),</span> 
     </span>
    </p>
   </div>
   <div class='ocr_carea' id='block_1_66' title="bbox 2179 1937 3778 2015">
    <p class='ocr_par' dir='ltr' id='par_1_66' title="bbox 2179 1937 3778 2015">
     <span class='ocr_line' id='line_1_66' title="bbox 2179 1937 3778 2015; baseline 0.004 -24"><span class='ocrx_word' id='word_1_481' title='bbox 2179 1937 2411 1993; x_wconf 90' lang='lat' dir='ltr'>dubium</span> <span class='ocrx_word' id='word_1_482' title='bbox 2439 1954 2549 1993; x_wconf 91' lang='lat' dir='ltr'>non</span> <span class='ocrx_word' id='word_1_483' title='bbox 2573 1945 2654 1993; x_wconf 86' lang='lat' dir='ltr'>est</span> <span class='ocrx_word' id='word_1_484' title='bbox 2683 1938 2812 2010; x_wconf 87' lang='lat' dir='ltr'>quia</span> <span class='ocrx_word' id='word_1_485' title='bbox 2837 1948 2890 1994; x_wconf 91' lang='lat' dir='ltr'>et</span> <span class='ocrx_word' id='word_1_486' title='bbox 2922 1941 3128 1996; x_wconf 91' lang='lat' dir='ltr'>munda</span> <span class='ocrx_word' id='word_1_487' title='bbox 3155 1949 3285 1997; x_wconf 90' lang='lat' dir='ltr'>sunt</span> <span class='ocrx_word' id='word_1_488' title='bbox 3310 1960 3322 1998; x_wconf 90' lang='lat'>:</span> <span class='ocrx_word' id='word_1_489' title='bbox 3372 1942 3468 2015; x_wconf 93' lang='lat' dir='ltr'>qui</span> <span class='ocrx_word' id='word_1_490' title='bbox 3506 1958 3638 1998; x_wconf 86' lang='lat' dir='ltr'>vero</span> <span class='ocrx_word' id='word_1_491' title='bbox 3667 1959 3778 1997; x_wconf 90' lang='lat' dir='ltr'>non</span> 
     </span>
    </p>
   </div>
   <div class='ocr_carea' id='block_1_67' title="bbox 2180 2027 3777 2100">
    <p class='ocr_par' dir='ltr' id='par_1_67' title="bbox 2180 2027 3777 2100">
     <span class='ocr_line' id='line_1_67' title="bbox 2180 2027 3777 2100; baseline 0.003 -18"><span class='ocrx_word' id='word_1_492' title='bbox 2180 2027 2520 2100; x_wconf 87' lang='lat' dir='ltr'>intelligunt,</span> <span class='ocrx_word' id='word_1_493' title='bbox 2550 2030 2825 2085; x_wconf 90' lang='lat' dir='ltr'>immundi</span> <span class='ocrx_word' id='word_1_494' title='bbox 2873 2041 3030 2099; x_wconf 87' lang='lat' dir='ltr'>sunt;</span> <span class='ocrx_word' id='word_1_495' title='bbox 3064 2041 3426 2089; x_wconf 84' lang='lat' dir='ltr'>accusatores</span> <span class='ocrx_word' id='word_1_496' title='bbox 3449 2033 3598 2088; x_wconf 90' lang='lat' dir='ltr'>enim</span> <span class='ocrx_word' id='word_1_497' title='bbox 3631 2033 3777 2088; x_wconf 88' lang='lat' dir='ltr'>Scri-</span> 
     </span>
    </p>
   </div>
   <div class='ocr_carea' id='block_1_68' title="bbox 2180 2121 3774 2195">
    <p class='ocr_par' dir='ltr' id='par_1_68' title="bbox 2180 2121 3774 2195">
     <span class='ocr_line' id='line_1_68' title="bbox 2180 2121 3774 2195; baseline 0.003 -22"><span class='ocrx_word' id='word_1_498' title='bbox 2180 2128 2353 2191; x_wconf 76' lang='lat' dir='ltr'>pturae</span> <span class='ocrx_word' id='word_1_499' title='bbox 2384 2128 2531 2175; x_wconf 90' lang='lat' dir='ltr'>sunt.</span> <span class='ocrx_word' id='word_1_500' title='bbox 2564 2121 2619 2175; x_wconf 90' lang='lat' dir='ltr'>Si</span> <span class='ocrx_word' id='word_1_501' title='bbox 2649 2121 2797 2176; x_wconf 91' lang='lat' dir='ltr'>enim</span> <span class='ocrx_word' id='word_1_502' title='bbox 2827 2121 2971 2177; x_wconf 91' lang='lat' dir='ltr'>bona</span> <span class='ocrx_word' id='word_1_503' title='bbox 2999 2122 3144 2178; x_wconf 84' lang='lat' dir='ltr'>facta</span> <span class='ocrx_word' id='word_1_504' title='bbox 3173 2124 3450 2195; x_wconf 90' lang='lat' dir='ltr'>leguntur,</span> <span class='ocrx_word' id='word_1_505' title='bbox 3485 2140 3586 2180; x_wconf 93' lang='lat' dir='ltr'>cur</span> <span class='ocrx_word' id='word_1_506' title='bbox 3615 2122 3774 2178; x_wconf 86' lang='lat' dir='ltr'>inter-</span> 
     </span>
    </p>
   </div>
   <div class='ocr_carea' id='block_1_69' title="bbox 2180 2208 3813 2282">
    <p class='ocr_par' dir='ltr' id='par_1_69' title="bbox 2180 2208 3813 2282">
     <span class='ocr_line' id='line_1_69' title="bbox 2180 2208 3813 2282; baseline 0.003 -18"><span class='ocrx_word' id='word_1_507' title='bbox 2180 2208 2443 2264; x_wconf 90' lang='lat' dir='ltr'>dicuntur</span> <span class='ocrx_word' id='word_1_508' title='bbox 2497 2211 2651 2282; x_wconf 85' lang='lat' dir='ltr'>quasi</span> <span class='ocrx_word' id='word_1_509' title='bbox 2707 2211 3067 2267; x_wconf 88' lang='lat' dir='ltr'>exsecrabilia</span> <span class='ocrx_word' id='word_1_510' title='bbox 3097 2215 3124 2268; x_wconf 69' lang='lat' dir='ltr'>‘I</span> <span class='ocrx_word' id='word_1_511' title='bbox 3163 2213 3219 2269; x_wconf 93' lang='lat' dir='ltr'>Si</span> <span class='ocrx_word' id='word_1_512' title='bbox 3262 2213 3628 2269; x_wconf 81' lang='lat' dir='ltr'>exsecrabilia</span> <span class='ocrx_word' id='word_1_513' title='bbox 3669 2230 3813 2270; x_wconf 91' lang='lat' dir='ltr'>non.</span> 
     </span>
    </p>
   </div>
   <div class='ocr_carea' id='block_1_70' title="bbox 2180 2299 3777 2374">
    <p class='ocr_par' dir='ltr' id='par_1_70' title="bbox 2180 2299 3777 2374">
     <span class='ocr_line' id='line_1_70' title="bbox 2180 2299 3777 2374; baseline 0.003 -21"><span class='ocrx_word' id='word_1_514' title='bbox 2180 2307 2327 2365; x_wconf 91' lang='lat' dir='ltr'>sunt,</span> <span class='ocrx_word' id='word_1_515' title='bbox 2353 2299 2481 2370; x_wconf 91' lang='lat' dir='ltr'>quia</span> <span class='ocrx_word' id='word_1_516' title='bbox 2511 2299 2654 2354; x_wconf 91' lang='lat' dir='ltr'>bona</span> <span class='ocrx_word' id='word_1_517' title='bbox 2680 2309 2848 2369; x_wconf 88' lang='lat' dir='ltr'>sunt;</span> <span class='ocrx_word' id='word_1_518' title='bbox 2903 2311 3124 2374; x_wconf 88' lang='lat' dir='ltr'>propter</span> <span class='ocrx_word' id='word_1_519' title='bbox 3166 2301 3428 2360; x_wconf 89' lang='lat' dir='ltr'>duritiam</span> <span class='ocrx_word' id='word_1_520' title='bbox 3477 2302 3661 2358; x_wconf 91' lang='lat' dir='ltr'>cordis</span> <span class='ocrx_word' id='word_1_521' title='bbox 3697 2303 3777 2357; x_wconf 81' lang='lat' dir='ltr'>in-</span> 
     </span>
    </p>
   </div>
   <div class='ocr_carea' id='block_1_71' title="bbox 2180 2387 3775 2463">
    <p class='ocr_par' dir='ltr' id='par_1_71' title="bbox 2180 2387 3775 2463">
     <span class='ocr_line' id='line_1_71' title="bbox 2180 2387 3775 2463; baseline 0.003 -21"><span class='ocrx_word' id='word_1_522' title='bbox 2180 2387 2413 2443; x_wconf 88' lang='lat' dir='ltr'>terdicta</span> <span class='ocrx_word' id='word_1_523' title='bbox 2446 2396 2769 2457; x_wconf 89' lang='lat' dir='ltr'>noscuntur,</span> <span class='ocrx_word' id='word_1_524' title='bbox 2803 2390 2930 2462; x_wconf 91' lang='lat' dir='ltr'>quia</span> <span class='ocrx_word' id='word_1_525' title='bbox 2951 2391 3166 2463; x_wconf 90' lang='lat' dir='ltr'>indigni</span> <span class='ocrx_word' id='word_1_526' title='bbox 3195 2392 3364 2448; x_wconf 87' lang='lat' dir='ltr'>habiti</span> <span class='ocrx_word' id='word_1_527' title='bbox 3397 2399 3527 2448; x_wconf 90' lang='lat' dir='ltr'>sunt</span> <span class='ocrx_word' id='word_1_528' title='bbox 3559 2400 3674 2448; x_wconf 88' lang='lat' dir='ltr'>tota</span> <span class='ocrx_word' id='word_1_529' title='bbox 3698 2393 3775 2447; x_wconf 87' lang='lat' dir='ltr'>uti</span> 
     </span>
    </p>
   </div>
   <div class='ocr_carea' id='block_1_72' title="bbox 2182 2479 3777 2555">
    <p class='ocr_par' dir='ltr' id='par_1_72' title="bbox 2182 2479 3777 2555">
     <span class='ocr_line' id='line_1_72' title="bbox 2182 2479 3777 2555; baseline 0.003 -21"><span class='ocrx_word' id='word_1_530' title='bbox 2182 2479 2280 2534; x_wconf 92' lang='lat' dir='ltr'>Dei</span> <span class='ocrx_word' id='word_1_531' title='bbox 2311 2486 2578 2534; x_wconf 88' lang='lat' dir='ltr'>creatura.</span> <span class='ocrx_word' id='word_1_532' title='bbox 2611 2481 2747 2536; x_wconf 87' lang='lat' dir='ltr'>Nam</span> <span class='ocrx_word' id='word_1_533' title='bbox 2780 2481 2926 2552; x_wconf 90' lang='lat' dir='ltr'>quia</span> <span class='ocrx_word' id='word_1_534' title='bbox 2949 2482 3272 2538; x_wconf 89' lang='lat' dir='ltr'>melioribus</span> <span class='ocrx_word' id='word_1_535' title='bbox 3306 2482 3569 2555; x_wconf 88' lang='lat' dir='ltr'>prohibiti</span> <span class='ocrx_word' id='word_1_536' title='bbox 3592 2482 3777 2538; x_wconf 81' lang='lat' dir='ltr'>viden-</span> 
     </span>
    </p>
   </div>
   <div class='ocr_carea' id='block_1_73' title="bbox 2182 2566 3773 2645">
    <p class='ocr_par' dir='ltr' id='par_1_73' title="bbox 2182 2566 3773 2645">
     <span class='ocr_line' id='line_1_73' title="bbox 2182 2566 3773 2645; baseline 0.005 -26"><span class='ocrx_word' id='word_1_537' title='bbox 2182 2573 2292 2632; x_wconf 90' lang='lat' dir='ltr'>tur,</span> <span class='ocrx_word' id='word_1_538' title='bbox 2356 2566 2553 2622; x_wconf 87' lang='lat' dir='ltr'>horum</span> <span class='ocrx_word' id='word_1_539' title='bbox 2611 2585 2766 2625; x_wconf 92' lang='lat' dir='ltr'>mens</span> <span class='ocrx_word' id='word_1_540' title='bbox 2822 2577 2876 2624; x_wconf 93' lang='lat' dir='ltr'>et</span> <span class='ocrx_word' id='word_1_541' title='bbox 2931 2572 3265 2628; x_wconf 91' lang='lat' dir='ltr'>conscientia</span> <span class='ocrx_word' id='word_1_542' title='bbox 3316 2571 3602 2645; x_wconf 90' lang='lat' dir='ltr'>inquinata</span> <span class='ocrx_word' id='word_1_543' title='bbox 3649 2581 3773 2640; x_wconf 87' lang='lat' dir='ltr'>est;</span> 
     </span>
    </p>
   </div>
   <div class='ocr_carea' id='block_1_74' title="bbox 2183 2655 3774 2734">
    <p class='ocr_par' dir='ltr' id='par_1_74' title="bbox 2183 2655 3774 2734">
     <span class='ocr_line' id='line_1_74' title="bbox 2183 2655 3774 2734; baseline 0.006 -25"><span class='ocrx_word' id='word_1_544' title='bbox 2183 2655 2311 2726; x_wconf 90' lang='lat' dir='ltr'>quia</span> <span class='ocrx_word' id='word_1_545' title='bbox 2336 2666 2644 2712; x_wconf 89' lang='lat' dir='ltr'>creaturam</span> <span class='ocrx_word' id='word_1_546' title='bbox 2662 2659 2762 2714; x_wconf 91' lang='lat' dir='ltr'>Dei</span> <span class='ocrx_word' id='word_1_547' title='bbox 2789 2669 3071 2730; x_wconf 89' lang='lat' dir='ltr'>accusant,</span> <span class='ocrx_word' id='word_1_548' title='bbox 3086 2669 3146 2717; x_wconf 89' lang='lat' dir='ltr'>ut</span> <span class='ocrx_word' id='word_1_549' title='bbox 3162 2670 3424 2718; x_wconf 80' lang='lat' dir='ltr'>excusent</span> <span class='ocrx_word' id='word_1_550' title='bbox 3439 2663 3774 2734; x_wconf 88' lang='lat' dir='ltr'>semetipsos.</span> 
     </span>
    </p>
   </div>
   <div class='ocr_carea' id='block_1_75' title="bbox 2257 2746 3778 2823">
    <p class='ocr_par' dir='ltr' id='par_1_75' title="bbox 2257 2746 3778 2823">
     <span class='ocr_line' id='line_1_75' title="bbox 2257 2746 3778 2823; baseline 0.003 -20"><span class='ocrx_word' id='word_1_551' title='bbox 2257 2746 2438 2816; x_wconf 85' lang='lat' dir='ltr'>(Vers.</span> <span class='ocrx_word' id='word_1_552' title='bbox 2493 2748 2608 2819; x_wconf 90' lang='grc'>16.)</span> <span class='ocrx_word' id='word_1_553' title='bbox 2651 2773 2670 2795; x_wconf 74' lang='grc' dir='ltr'>ε</span> <span class='ocrx_word' id='word_1_554' title='bbox 2699 2751 2872 2806; x_wconf 91' lang='lat' dir='ltr'>Deum</span> <span class='ocrx_word' id='word_1_555' title='bbox 2922 2752 3250 2823; x_wconf 90' lang='lat' dir='ltr'>proﬁtentur</span> <span class='ocrx_word' id='word_1_556' title='bbox 3301 2769 3357 2808; x_wconf 90' lang='lat' dir='ltr'>se</span> <span class='ocrx_word' id='word_1_557' title='bbox 3402 2769 3579 2821; x_wconf 89' lang='lat' dir='ltr'>nosse,</span> <span class='ocrx_word' id='word_1_558' title='bbox 3622 2753 3778 2808; x_wconf 84' lang='lat' dir='ltr'>factis</span> 
     </span>
    </p>
   </div>
   <div class='ocr_carea' id='block_1_76' title="bbox 2182 2843 3780 2913">
    <p class='ocr_par' dir='ltr' id='par_1_76' title="bbox 2182 2843 3780 2913">
     <span class='ocr_line' id='line_1_76' title="bbox 2182 2843 3780 2913; baseline 0.005 -23"><span class='ocrx_word' id='word_1_559' title='bbox 2182 2844 2364 2892; x_wconf 91' lang='lat' dir='ltr'>autem</span> <span class='ocrx_word' id='word_1_560' title='bbox 2415 2847 2653 2912; x_wconf 83' lang='lat' dir='ltr'>negant;</span> <span class='ocrx_word' id='word_1_561' title='bbox 2707 2843 2966 2913; x_wconf 91' lang='lat' dir='ltr'>quoniam</span> <span class='ocrx_word' id='word_1_562' title='bbox 3007 2852 3138 2899; x_wconf 90' lang='lat' dir='ltr'>sunt</span> <span class='ocrx_word' id='word_1_563' title='bbox 3185 2843 3566 2911; x_wconf 86' lang='lat' dir='ltr'>exsecrabiles,</span> <span class='ocrx_word' id='word_1_564' title='bbox 3596 2843 3780 2898; x_wconf 89' lang='lat' dir='ltr'>inobe-</span> 
     </span>
    </p>
   </div>
   <div class='ocr_carea' id='block_1_77' title="bbox 2183 2925 3777 3004">
    <p class='ocr_par' dir='ltr' id='par_1_77' title="bbox 2183 2925 3777 3004">
     <span class='ocr_line' id='line_1_77' title="bbox 2183 2925 3777 3004; baseline 0.005 -23"><span class='ocrx_word' id='word_1_565' title='bbox 2183 2925 2414 2996; x_wconf 88' lang='lat' dir='ltr'>dientes,</span> <span class='ocrx_word' id='word_1_566' title='bbox 2447 2937 2500 2984; x_wconf 92' lang='lat' dir='ltr'>et</span> <span class='ocrx_word' id='word_1_567' title='bbox 2531 2929 2600 2984; x_wconf 89' lang='lat' dir='ltr'>ad</span> <span class='ocrx_word' id='word_1_568' title='bbox 2629 2946 2792 2986; x_wconf 88' lang='lat' dir='ltr'>omne</span> <span class='ocrx_word' id='word_1_569' title='bbox 2829 2948 2966 3003; x_wconf 91' lang='lat' dir='ltr'>opus</span> <span class='ocrx_word' id='word_1_570' title='bbox 2993 2931 3198 2988; x_wconf 92' lang='lat' dir='ltr'>bonum</span> <span class='ocrx_word' id='word_1_571' title='bbox 3247 2933 3488 3004; x_wconf 88' lang='lat' dir='ltr'>reprobi.</span> <span class='ocrx_word' id='word_1_572' title='bbox 3521 2959 3538 2980; x_wconf 80' lang='grc' dir='ltr'>ι</span> <span class='ocrx_word' id='word_1_573' title='bbox 3583 2933 3777 3000; x_wconf 89' lang='lat' dir='ltr'>Quam-</span> 
     </span>
    </p>
   </div>
   <div class='ocr_carea' id='block_1_78' title="bbox 2185 3015 3780 3092">
    <p class='ocr_par' dir='ltr' id='par_1_78' title="bbox 2185 3015 3780 3092">
     <span class='ocr_line' id='line_1_78' title="bbox 2185 3015 3780 3092; baseline 0.006 -23"><span class='ocrx_word' id='word_1_574' title='bbox 2185 3015 2271 3070; x_wconf 90' lang='lat' dir='ltr'>vis</span> <span class='ocrx_word' id='word_1_575' title='bbox 2299 3015 2367 3070; x_wconf 88' lang='lat' dir='ltr'>ad</span> <span class='ocrx_word' id='word_1_576' title='bbox 2397 3032 2588 3072; x_wconf 91' lang='lat' dir='ltr'>omnes</span> <span class='ocrx_word' id='word_1_577' title='bbox 2617 3016 2901 3075; x_wconf 72' lang='lat' dir='ltr'>haereticos</span> <span class='ocrx_word' id='word_1_578' title='bbox 2918 3022 3187 3092; x_wconf 87' lang='lat' dir='ltr'>pertineat</span> <span class='ocrx_word' id='word_1_579' title='bbox 3215 3021 3449 3090; x_wconf 89' lang='lat' dir='ltr'>dictum,</span> <span class='ocrx_word' id='word_1_580' title='bbox 3473 3022 3578 3079; x_wconf 89' lang='lat' dir='ltr'>hoc</span> <span class='ocrx_word' id='word_1_581' title='bbox 3600 3031 3780 3078; x_wconf 89' lang='lat' dir='ltr'>tamen</span> 
     </span>
    </p>
   </div>
   <div class='ocr_carea' id='block_1_79' title="bbox 2185 3105 3781 3185">
    <p class='ocr_par' dir='ltr' id='par_1_79' title="bbox 2185 3105 3781 3185">
     <span class='ocr_line' id='line_1_79' title="bbox 2185 3105 3781 3185; baseline 0.005 -25"><span class='ocrx_word' id='word_1_582' title='bbox 2185 3105 2251 3161; x_wconf 92' lang='lat' dir='ltr'>de</span> <span class='ocrx_word' id='word_1_583' title='bbox 2282 3106 2484 3162; x_wconf 76' lang='lat' dir='ltr'>Iudaeis</span> <span class='ocrx_word' id='word_1_584' title='bbox 2512 3108 2844 3181; x_wconf 89' lang='lat' dir='ltr'>intelligitur</span> <span class='ocrx_word' id='word_1_585' title='bbox 2876 3111 3112 3180; x_wconf 89' lang='lat' dir='ltr'>locutus,</span> <span class='ocrx_word' id='word_1_586' title='bbox 3144 3113 3237 3185; x_wconf 92' lang='lat' dir='ltr'>qui</span> <span class='ocrx_word' id='word_1_587' title='bbox 3270 3130 3325 3168; x_wconf 92' lang='lat' dir='ltr'>se</span> <span class='ocrx_word' id='word_1_588' title='bbox 3353 3113 3587 3168; x_wconf 64' lang='lat' dir='ltr'>Abrahae</span> <span class='ocrx_word' id='word_1_589' title='bbox 3608 3116 3781 3170; x_wconf 89' lang='lat' dir='ltr'>Deum</span> 
     </span>
    </p>
   </div>
   <div class='ocr_carea' id='block_1_80' title="bbox 2185 3196 3785 3277">
    <p class='ocr_par' dir='ltr' id='par_1_80' title="bbox 2185 3196 3785 3277">
     <span class='ocr_line' id='line_1_80' title="bbox 2185 3196 3785 3277; baseline 0.006 -27"><span class='ocrx_word' id='word_1_590' title='bbox 2185 3197 2330 3251; x_wconf 91' lang='lat' dir='ltr'>solos</span> <span class='ocrx_word' id='word_1_591' title='bbox 2352 3196 2547 3253; x_wconf 90' lang='lat' dir='ltr'>dicunt</span> <span class='ocrx_word' id='word_1_592' title='bbox 2568 3198 2730 3266; x_wconf 90' lang='lat' dir='ltr'>scire,</span> <span class='ocrx_word' id='word_1_593' title='bbox 2756 3201 3014 3272; x_wconf 88' lang='lat' dir='ltr'>operibus</span> <span class='ocrx_word' id='word_1_594' title='bbox 3030 3218 3161 3258; x_wconf 91' lang='lat' dir='ltr'>vero</span> <span class='ocrx_word' id='word_1_595' title='bbox 3179 3202 3470 3277; x_wconf 89' lang='lat' dir='ltr'>abnegant,</span> <span class='ocrx_word' id='word_1_596' title='bbox 3485 3204 3629 3260; x_wconf 89' lang='lat' dir='ltr'>sicut</span> <span class='ocrx_word' id='word_1_597' title='bbox 3649 3204 3785 3260; x_wconf 91' lang='lat' dir='ltr'>dicit</span> 
     </span>
    </p>
   </div>
   <div class='ocr_carea' id='block_1_81' title="bbox 2187 3285 3784 3365">
    <p class='ocr_par' dir='ltr' id='par_1_81' title="bbox 2187 3285 3784 3365">
     <span class='ocr_line' id='line_1_81' title="bbox 2187 3285 3784 3365; baseline 0.005 -25"><span class='ocrx_word' id='word_1_598' title='bbox 2187 3285 2490 3342; x_wconf 86' lang='lat' dir='ltr'>Dominus:</span> <span class='ocrx_word' id='word_1_599' title='bbox 2541 3313 2557 3333; x_wconf 76' lang='grc' dir='ltr'><strong>ε</strong></span> <span class='ocrx_word' id='word_1_600' title='bbox 2585 3287 2640 3343; x_wconf 90' lang='lat' dir='ltr'>Si</span> <span class='ocrx_word' id='word_1_601' title='bbox 2671 3288 2773 3343; x_wconf 90' lang='lat' dir='ltr'>ﬁlii</span> <span class='ocrx_word' id='word_1_602' title='bbox 2826 3290 3060 3346; x_wconf 63' lang='lat' dir='ltr'>Abrahae</span> <span class='ocrx_word' id='word_1_603' title='bbox 3098 3293 3308 3360; x_wconf 91' lang='lat' dir='ltr'>essetis,</span> <span class='ocrx_word' id='word_1_604' title='bbox 3349 3310 3513 3365; x_wconf 89' lang='lat' dir='ltr'>opera</span> <span class='ocrx_word' id='word_1_605' title='bbox 3550 3292 3784 3348; x_wconf 71' lang='lat' dir='ltr'>Abrahae</span> 
     </span>
    </p>
   </div>
   <div class='ocr_carea' id='block_1_82' title="bbox 2187 3372 3786 3455">
    <p class='ocr_par' dir='ltr' id='par_1_82' title="bbox 2187 3372 3786 3455">
     <span class='ocr_line' id='line_1_82' title="bbox 2187 3372 3786 3455; baseline 0.006 -28"><span class='ocrx_word' id='word_1_606' title='bbox 2187 3372 2439 3430; x_wconf 87' lang='lat' dir='ltr'>faceretis</span> <span class='ocrx_word' id='word_1_607' title='bbox 2488 3377 2668 3446; x_wconf 84' lang='lat' dir='ltr'>(Joan.</span> <span class='ocrx_word' id='word_1_608' title='bbox 2711 3395 2834 3447; x_wconf 87' lang='lat' dir='ltr'>vm,</span> <span class='ocrx_word' id='word_1_609' title='bbox 2867 3381 2978 3452; x_wconf 90' lang='lat'>39).</span> <span class='ocrx_word' id='word_1_610' title='bbox 3010 3405 3028 3429; x_wconf 78' lang='grc' dir='ltr'>ι</span> <span class='ocrx_word' id='word_1_611' title='bbox 3068 3381 3358 3448; x_wconf 90' lang='lat' dir='ltr'>Quomodo</span> <span class='ocrx_word' id='word_1_612' title='bbox 3387 3399 3513 3455; x_wconf 88' lang='lat' dir='ltr'>ergo</span> <span class='ocrx_word' id='word_1_613' title='bbox 3559 3391 3786 3454; x_wconf 88' lang='lat' dir='ltr'>possunt</span> 
     </span>
    </p>
   </div>
   <div class='ocr_carea' id='block_1_83' title="bbox 2185 3463 3784 3543">
    <p class='ocr_par' dir='ltr' id='par_1_83' title="bbox 2185 3463 3784 3543">
     <span class='ocr_line' id='line_1_83' title="bbox 2185 3463 3784 3543; baseline 0.006 -26"><span class='ocrx_word' id='word_1_614' title='bbox 2185 3463 2359 3518; x_wconf 91' lang='lat' dir='ltr'>Deum</span> <span class='ocrx_word' id='word_1_615' title='bbox 2398 3464 2634 3520; x_wconf 85' lang='lat' dir='ltr'>Abrahae</span> <span class='ocrx_word' id='word_1_616' title='bbox 2673 3467 2834 3536; x_wconf 90' lang='lat' dir='ltr'>scire,</span> <span class='ocrx_word' id='word_1_617' title='bbox 2884 3471 2979 3542; x_wconf 91' lang='lat' dir='ltr'>qui</span> <span class='ocrx_word' id='word_1_618' title='bbox 3021 3473 3349 3543; x_wconf 88' lang='lat' dir='ltr'>mysterium</span> <span class='ocrx_word' id='word_1_619' title='bbox 3380 3482 3432 3529; x_wconf 89' lang='lat' dir='ltr'>et</span> <span class='ocrx_word' id='word_1_620' title='bbox 3475 3473 3638 3529; x_wconf 89' lang='lat' dir='ltr'>ﬁdem</span> <span class='ocrx_word' id='word_1_621' title='bbox 3670 3472 3784 3543; x_wconf 86' lang='lat' dir='ltr'>ejus</span> 
     </span>
    </p>
   </div>
   <div class='ocr_carea' id='block_1_84' title="bbox 2188 3551 3782 3634">
    <p class='ocr_par' dir='ltr' id='par_1_84' title="bbox 2188 3551 3782 3634">
     <span class='ocr_line' id='line_1_84' title="bbox 2188 3551 3782 3634; baseline 0.007 -28"><span class='ocrx_word' id='word_1_622' title='bbox 2188 3551 2463 3623; x_wconf 87' lang='lat' dir='ltr'>ignorant,</span> <span class='ocrx_word' id='word_1_623' title='bbox 2497 3572 2607 3611; x_wconf 92' lang='lat' dir='ltr'>non</span> <span class='ocrx_word' id='word_1_624' title='bbox 2653 3558 2941 3630; x_wconf 89' lang='lat' dir='ltr'>Evangelii</span> <span class='ocrx_word' id='word_1_625' title='bbox 2979 3577 3142 3632; x_wconf 89' lang='lat' dir='ltr'>opera</span> <span class='ocrx_word' id='word_1_626' title='bbox 3193 3571 3479 3631; x_wconf 90' lang='lat' dir='ltr'>sectantes,</span> <span class='ocrx_word' id='word_1_627' title='bbox 3529 3563 3624 3619; x_wconf 92' lang='lat' dir='ltr'>sed</span> <span class='ocrx_word' id='word_1_628' title='bbox 3654 3562 3782 3634; x_wconf 89' lang='lat' dir='ltr'>legis</span> 
     </span>
    </p>
   </div>
   <div class='ocr_carea' id='block_1_85' title="bbox 2189 3639 3780 3720">
    <p class='ocr_par' dir='ltr' id='par_1_85' title="bbox 2189 3639 3780 3720">
     <span class='ocr_line' id='line_1_85' title="bbox 2189 3639 3780 3720; baseline 0.008 -26"><span class='ocrx_word' id='word_1_629' title='bbox 2189 3639 2460 3697; x_wconf 87' lang='lat' dir='ltr'>factorum</span> <span class='ocrx_word' id='word_1_630' title='bbox 2490 3643 2548 3699; x_wconf 90' lang='lat' dir='ltr'>in</span> <span class='ocrx_word' id='word_1_631' title='bbox 2584 3647 2910 3715; x_wconf 91' lang='lat' dir='ltr'>neomeniis,</span> <span class='ocrx_word' id='word_1_632' title='bbox 2939 3657 2993 3704; x_wconf 90' lang='lat' dir='ltr'>et</span> <span class='ocrx_word' id='word_1_633' title='bbox 3021 3650 3460 3719; x_wconf 85' lang='lat' dir='ltr'>circumcisione,</span> <span class='ocrx_word' id='word_1_634' title='bbox 3483 3661 3536 3708; x_wconf 91' lang='lat' dir='ltr'>et</span> <span class='ocrx_word' id='word_1_635' title='bbox 3553 3651 3780 3720; x_wconf 55' lang='lat' dir='ltr'>certetis,</span> 
     </span>
    </p>
   </div>
   <div class='ocr_carea' id='block_1_86' title="bbox 2188 3731 3787 3806">
    <p class='ocr_par' dir='ltr' id='par_1_86' title="bbox 2188 3731 3787 3806">
     <span class='ocr_line' id='line_1_86' title="bbox 2188 3731 3787 3806; baseline 0.008 -23"><span class='ocrx_word' id='word_1_636' title='bbox 2188 3731 2618 3800; x_wconf 89' lang='lat' dir='ltr'>perturbatores,</span> <span class='ocrx_word' id='word_1_637' title='bbox 2683 3734 2839 3806; x_wconf 91' lang='lat' dir='ltr'>impii</span> <span class='ocrx_word' id='word_1_638' title='bbox 2899 3745 2954 3792; x_wconf 87' lang='lat' dir='ltr'>et</span> <span class='ocrx_word' id='word_1_639' title='bbox 3005 3739 3416 3796; x_wconf 78' lang='lat' dir='ltr'>irreverentes?</span> <span class='ocrx_word' id='word_1_640' title='bbox 3468 3741 3593 3797; x_wconf 67' lang='lat' dir='ltr'>Haec</span> <span class='ocrx_word' id='word_1_641' title='bbox 3657 3749 3787 3796; x_wconf 89' lang='lat' dir='ltr'>sunt</span> 
     </span>
    </p>
   </div>
   <div class='ocr_carea' id='block_1_87' title="bbox 2190 3824 3032 3894">
    <p class='ocr_par' dir='ltr' id='par_1_87' title="bbox 2190 3824 3032 3894">
     <span class='ocr_line' id='line_1_87' title="bbox 2190 3824 3032 3894; baseline 0.012 -21"><span class='ocrx_word' id='word_1_642' title='bbox 2190 3835 2372 3891; x_wconf 87' lang='lat' dir='ltr'>Opera,</span> <span class='ocrx_word' id='word_1_643' title='bbox 2405 3837 2523 3894; x_wconf 86' lang='lat' dir='ltr'>quae</span> <span class='ocrx_word' id='word_1_644' title='bbox 2552 3824 2724 3880; x_wconf 89' lang='lat' dir='ltr'>Deum</span> <span class='ocrx_word' id='word_1_645' title='bbox 2761 3825 3032 3883; x_wconf 89' lang='lat' dir='ltr'>nesciunt.</span> 
     </span>
    </p>
   </div>
   <div class='ocr_carea' id='block_1_88' title="bbox 2817 3943 3153 4002">
    <p class='ocr_par' dir='ltr' id='par_1_88' title="bbox 2817 3943 3153 4002">
     <span class='ocr_line' id='line_1_88' title="bbox 2817 3943 3153 4002; baseline 0.006 -2"><span class='ocrx_word' id='word_1_646' title='bbox 2817 3943 3046 4001; x_wconf 83' lang='lat' dir='ltr'>CAPUT</span> <span class='ocrx_word' id='word_1_647' title='bbox 3083 3947 3153 4002; x_wconf 91' lang='grc' dir='ltr'>ΙΙ.</span> 
     </span>
    </p>
   </div>
   <div class='ocr_carea' id='block_1_89' title="bbox 2263 4047 3785 4129">
    <p class='ocr_par' dir='ltr' id='par_1_89' title="bbox 2263 4047 3785 4129">
     <span class='ocr_line' id='line_1_89' title="bbox 2263 4047 3785 4129; baseline 0.004 -25"><span class='ocrx_word' id='word_1_648' title='bbox 2263 4047 2445 4120; x_wconf 82' lang='lat' dir='ltr'>(Vers.</span> <span class='ocrx_word' id='word_1_649' title='bbox 2481 4050 2559 4120; x_wconf 86' lang='grc'>1.)</span> <span class='ocrx_word' id='word_1_650' title='bbox 2605 4073 2623 4096; x_wconf 78' lang='grc' dir='ltr'>ι</span> <span class='ocrx_word' id='word_1_651' title='bbox 2653 4051 2734 4106; x_wconf 87' lang='lat' dir='ltr'>Tu</span> <span class='ocrx_word' id='word_1_652' title='bbox 2762 4059 2945 4108; x_wconf 91' lang='lat' dir='ltr'>autem</span> <span class='ocrx_word' id='word_1_653' title='bbox 2977 4055 3199 4127; x_wconf 91' lang='lat' dir='ltr'>loquere</span> <span class='ocrx_word' id='word_1_654' title='bbox 3229 4071 3349 4129; x_wconf 64' lang='lat' dir='ltr'>quae</span> <span class='ocrx_word' id='word_1_655' title='bbox 3378 4055 3570 4112; x_wconf 89' lang='lat' dir='ltr'>decent</span> <span class='ocrx_word' id='word_1_656' title='bbox 3598 4071 3785 4112; x_wconf 89' lang='lat' dir='ltr'>sanam</span> 
     </span>
    </p>
   </div>
   <div class='ocr_carea' id='block_1_90' title="bbox 2190 4134 3789 4217">
    <p class='ocr_par' dir='ltr' id='par_1_90' title="bbox 2190 4134 3789 4217">
     <span class='ocr_line' id='line_1_90' title="bbox 2190 4134 3789 4217; baseline 0.005 -27"><span class='ocrx_word' id='word_1_657' title='bbox 2190 4134 2518 4194; x_wconf 89' lang='lat' dir='ltr'>doctrinam.</span> <span class='ocrx_word' id='word_1_658' title='bbox 2557 4163 2575 4187; x_wconf 76' lang='grc' dir='ltr'>ι</span> <span class='ocrx_word' id='word_1_659' title='bbox 2621 4140 2750 4197; x_wconf 66' lang='lat' dir='ltr'>Haec</span> <span class='ocrx_word' id='word_1_660' title='bbox 2777 4140 2881 4199; x_wconf 91' lang='lat' dir='ltr'>scit</span> <span class='ocrx_word' id='word_1_661' title='bbox 2910 4143 3109 4212; x_wconf 92' lang='lat' dir='ltr'>Deum,</span> <span class='ocrx_word' id='word_1_662' title='bbox 3160 4161 3279 4217; x_wconf 62' lang='lat' dir='ltr'>qua</span> <span class='ocrx_word' id='word_1_663' title='bbox 3309 4146 3616 4216; x_wconf 90' lang='lat' dir='ltr'>appellatur</span> <span class='ocrx_word' id='word_1_664' title='bbox 3661 4159 3789 4201; x_wconf 89' lang='lat' dir='ltr'>sana</span> 
     </span>
    </p>
   </div>
   <div class='ocr_carea' id='block_1_91' title="bbox 2191 4221 3476 4293">
    <p class='ocr_par' dir='ltr' id='par_1_91' title="bbox 2191 4221 3476 4293">
     <span class='ocr_line' id='line_1_91' title="bbox 2191 4221 3476 4293; baseline 0.008 -15"><span class='ocrx_word' id='word_1_665' title='bbox 2191 4221 2472 4293; x_wconf 89' lang='lat' dir='ltr'>doctrina;</span> <span class='ocrx_word' id='word_1_666' title='bbox 2503 4227 2602 4282; x_wconf 94' lang='lat' dir='ltr'>Dei</span> <span class='ocrx_word' id='word_1_667' title='bbox 2630 4229 2779 4284; x_wconf 91' lang='lat' dir='ltr'>enim</span> <span class='ocrx_word' id='word_1_668' title='bbox 2811 4230 3064 4288; x_wconf 90' lang='lat' dir='ltr'>doctrina</span> <span class='ocrx_word' id='word_1_669' title='bbox 3093 4234 3347 4289; x_wconf 89' lang='lat' dir='ltr'>salutaris</span> <span class='ocrx_word' id='word_1_670' title='bbox 3376 4243 3476 4290; x_wconf 89' lang='lat' dir='ltr'>est.</span> 
     </span>
    </p>
   </div>
   <div class='ocr_carea' id='block_1_92' title="bbox 2272 4315 3786 4395">
    <p class='ocr_par' dir='ltr' id='par_1_92' title="bbox 2272 4315 3786 4395">
     <span class='ocr_line' id='line_1_92' title="bbox 2272 4315 3786 4395; baseline 0.001 -19"><span class='ocrx_word' id='word_1_671' title='bbox 2272 4321 2418 4376; x_wconf 86' lang='lat'>315</span> <span class='ocrx_word' id='word_1_672' title='bbox 2451 4315 2631 4387; x_wconf 88' lang='lat' dir='ltr'>(Vers.</span> <span class='ocrx_word' id='word_1_673' title='bbox 2678 4318 2758 4391; x_wconf 81' lang='grc'>2.)</span> <span class='ocrx_word' id='word_1_674' title='bbox 2801 4342 2819 4364; x_wconf 75' lang='grc' dir='ltr'>ι</span> <span class='ocrx_word' id='word_1_675' title='bbox 2855 4319 3107 4378; x_wconf 91' lang='lat' dir='ltr'>Seniores</span> <span class='ocrx_word' id='word_1_676' title='bbox 3136 4323 3348 4378; x_wconf 90' lang='lat' dir='ltr'>sobrios</span> <span class='ocrx_word' id='word_1_677' title='bbox 3395 4339 3532 4390; x_wconf 89' lang='lat' dir='ltr'>esse,</span> <span class='ocrx_word' id='word_1_678' title='bbox 3578 4339 3786 4395; x_wconf 89' lang='lat' dir='ltr'>graves,</span> 
     </span>
    </p>
   </div>
   <div class='ocr_carea' id='block_1_93' title="bbox 483 4410 3790 4488">
    <p class='ocr_par' dir='ltr' id='par_1_93' title="bbox 483 4410 3790 4488">
     <span class='ocr_line' id='line_1_93' title="bbox 483 4410 3790 4488; baseline 0 -22"><span class='ocrx_word' id='word_1_679' title='bbox 483 4417 844 4479; x_wconf 89' lang='lat' dir='ltr'>contestante,</span> <span class='ocrx_word' id='word_1_680' title='bbox 875 4413 1004 4484; x_wconf 90' lang='lat' dir='ltr'>quia</span> <span class='ocrx_word' id='word_1_681' title='bbox 1045 4423 1268 4485; x_wconf 87' lang='lat' dir='ltr'>propter</span> <span class='ocrx_word' id='word_1_682' title='bbox 1315 4415 1462 4487; x_wconf 89' lang='lat' dir='ltr'>quod</span> <span class='ocrx_word' id='word_1_683' title='bbox 1511 4417 1683 4488; x_wconf 91' lang='lat' dir='ltr'>legem</span> <span class='ocrx_word' id='word_1_684' title='bbox 1714 4415 1812 4472; x_wconf 94' lang='lat' dir='ltr'>Dei</span> <span class='ocrx_word' id='word_1_685' title='bbox 1845 4423 1899 4471; x_wconf 90' lang='lat' dir='ltr'>et</span> <span class='ocrx_word' id='word_1_686' title='bbox 1922 4414 2083 4486; x_wconf 89' lang='lat' dir='ltr'>justi-</span> <span class='ocrx_word' id='word_1_687' title='bbox 2113 4427 2162 4486; x_wconf 81' lang='grc' dir='ltr'>ι)</span> <span class='ocrx_word' id='word_1_688' title='bbox 2192 4411 2508 4483; x_wconf 91' lang='lat' dir='ltr'>prudentes,</span> <span class='ocrx_word' id='word_1_689' title='bbox 2540 4427 2700 4468; x_wconf 90' lang='lat' dir='ltr'>sanos</span> <span class='ocrx_word' id='word_1_690' title='bbox 2757 4410 2884 4479; x_wconf 88' lang='lat' dir='ltr'>ﬁde,</span> <span class='ocrx_word' id='word_1_691' title='bbox 2935 4411 3249 4482; x_wconf 91' lang='lat' dir='ltr'>dilectione,</span> <span class='ocrx_word' id='word_1_692' title='bbox 3301 4413 3588 4485; x_wconf 82' lang='lat' dir='ltr'>patientia.</span> <span class='ocrx_word' id='word_1_693' title='bbox 3622 4437 3641 4460; x_wconf 75' lang='grc' dir='ltr'>ι</span> <span class='ocrx_word' id='word_1_694' title='bbox 3686 4411 3790 4478; x_wconf 89' lang='lat' dir='ltr'>Qui</span> 
     </span>
    </p>
   </div>
   <div class='ocr_carea' id='block_1_94' title="bbox 483 4499 2086 4578">
    <p class='ocr_par' dir='ltr' id='par_1_94' title="bbox 483 4499 2086 4578">
     <span class='ocr_line' id='line_1_94' title="bbox 483 4499 2086 4578; baseline 0.004 -24"><span class='ocrx_word' id='word_1_695' title='bbox 483 4499 770 4554; x_wconf 88' lang='lat' dir='ltr'>ﬁcationes</span> <span class='ocrx_word' id='word_1_696' title='bbox 802 4500 920 4570; x_wconf 87' lang='lat' dir='ltr'>ejus</span> <span class='ocrx_word' id='word_1_697' title='bbox 967 4502 1404 4572; x_wconf 88' lang='lat' dir='ltr'>profanaverint,</span> <span class='ocrx_word' id='word_1_698' title='bbox 1453 4514 1721 4578; x_wconf 57' lang='lat' dir='ltr'>praecepta</span> <span class='ocrx_word' id='word_1_699' title='bbox 1761 4513 2086 4576; x_wconf 89' lang='lat' dir='ltr'>acceperunt</span> 
     </span>
    </p>
   </div>
   <div class='ocr_carea' id='block_1_95' title="bbox 484 4584 2086 4664">
    <p class='ocr_par' dir='ltr' id='par_1_95' title="bbox 484 4584 2086 4664">
     <span class='ocr_line' id='line_1_95' title="bbox 484 4584 2086 4664; baseline 0.006 -24"><span class='ocrx_word' id='word_1_700' title='bbox 484 4593 537 4640; x_wconf 91' lang='lat' dir='ltr'>et</span> <span class='ocrx_word' id='word_1_701' title='bbox 590 4584 848 4640; x_wconf 90' lang='lat' dir='ltr'>mandata</span> <span class='ocrx_word' id='word_1_702' title='bbox 892 4603 1003 4642; x_wconf 90' lang='lat' dir='ltr'>non</span> <span class='ocrx_word' id='word_1_703' title='bbox 1061 4587 1226 4657; x_wconf 91' lang='lat' dir='ltr'>bona,</span> <span class='ocrx_word' id='word_1_704' title='bbox 1276 4591 1335 4645; x_wconf 91' lang='lat' dir='ltr'>in</span> <span class='ocrx_word' id='word_1_705' title='bbox 1382 4591 1583 4662; x_wconf 86' lang='lat' dir='ltr'>quibus</span> <span class='ocrx_word' id='word_1_706' title='bbox 1629 4593 1923 4664; x_wconf 90' lang='lat' dir='ltr'>justiﬁcari</span> <span class='ocrx_word' id='word_1_707' title='bbox 1975 4611 2086 4650; x_wconf 91' lang='lat' dir='ltr'>non</span> 
     </span>
    </p>
   </div>
   <div class='ocr_carea' id='block_1_96' title="bbox 487 4675 2087 4750">
    <p class='ocr_par' dir='ltr' id='par_1_96' title="bbox 487 4675 2087 4750">
     <span class='ocr_line' id='line_1_96' title="bbox 487 4675 2087 4750; baseline 0.008 -22"><span class='ocrx_word' id='word_1_708' title='bbox 487 4682 724 4747; x_wconf 91' lang='lat' dir='ltr'>possent.</span> <span class='ocrx_word' id='word_1_709' title='bbox 760 4675 914 4732; x_wconf 91' lang='lat' dir='ltr'>Unde</span> <span class='ocrx_word' id='word_1_710' title='bbox 943 4685 997 4732; x_wconf 92' lang='lat' dir='ltr'>et</span> <span class='ocrx_word' id='word_1_711' title='bbox 1029 4679 1300 4734; x_wconf 87' lang='lat' dir='ltr'>Dominus</span> <span class='ocrx_word' id='word_1_712' title='bbox 1337 4679 1416 4734; x_wconf 88' lang='lat' dir='ltr'>ait</span> <span class='ocrx_word' id='word_1_713' title='bbox 1449 4681 1683 4738; x_wconf 67' lang='lat' dir='ltr'>Iudaeis:</span> <span class='ocrx_word' id='word_1_714' title='bbox 1741 4707 1758 4730; x_wconf 73' lang='grc' dir='ltr'>ι</span> <span class='ocrx_word' id='word_1_715' title='bbox 1789 4683 1933 4750; x_wconf 88' lang='lat' dir='ltr'>Quia</span> <span class='ocrx_word' id='word_1_716' title='bbox 1968 4683 2087 4741; x_wconf 81' lang='lat' dir='ltr'>haec</span> 
     </span>
    </p>
   </div>
   <div class='ocr_carea' id='block_1_97' title="bbox 485 4763 2082 4844">
    <p class='ocr_par' dir='ltr' id='par_1_97' title="bbox 485 4763 2082 4844">
     <span class='ocr_line' id='line_1_97' title="bbox 485 4763 2082 4844; baseline 0.005 -24"><span class='ocrx_word' id='word_1_717' title='bbox 485 4765 553 4821; x_wconf 89' lang='lat' dir='ltr'>ad</span> <span class='ocrx_word' id='word_1_718' title='bbox 583 4763 847 4820; x_wconf 88' lang='lat' dir='ltr'>duritiam</span> <span class='ocrx_word' id='word_1_719' title='bbox 877 4767 1060 4822; x_wconf 89' lang='lat' dir='ltr'>cordis</span> <span class='ocrx_word' id='word_1_720' title='bbox 1098 4768 1264 4824; x_wconf 88' lang='lat' dir='ltr'>vestri</span> <span class='ocrx_word' id='word_1_721' title='bbox 1293 4767 1511 4840; x_wconf 89' lang='lat' dir='ltr'>scripsit</span> <span class='ocrx_word' id='word_1_722' title='bbox 1550 4770 1765 4843; x_wconf 87' lang='lat' dir='ltr'>Moyses</span> <span class='ocrx_word' id='word_1_723' title='bbox 1797 4773 1992 4844; x_wconf 81' lang='lat' dir='ltr'>(Marc.</span> <span class='ocrx_word' id='word_1_724' title='bbox 2026 4790 2082 4840; x_wconf 83' lang='lat' dir='ltr'>x,</span> 
     </span>
    </p>
   </div>
   <div class='ocr_carea' id='block_1_98' title="bbox 486 4853 2086 4931">
    <p class='ocr_par' dir='ltr' id='par_1_98' title="bbox 486 4853 2086 4931">
     <span class='ocr_line' id='line_1_98' title="bbox 486 4853 2086 4931; baseline 0.004 -21"><span class='ocrx_word' id='word_1_725' title='bbox 486 4853 567 4924; x_wconf 83' lang='grc'>5).</span> <span class='ocrx_word' id='word_1_726' title='bbox 595 4877 614 4901; x_wconf 76' lang='grc' dir='ltr'>ι</span> <span class='ocrx_word' id='word_1_727' title='bbox 653 4853 796 4910; x_wconf 89' lang='lat' dir='ltr'>Hinc</span> <span class='ocrx_word' id='word_1_728' title='bbox 821 4862 900 4910; x_wconf 92' lang='lat' dir='ltr'>est</span> <span class='ocrx_word' id='word_1_729' title='bbox 930 4855 1075 4912; x_wconf 91' lang='lat' dir='ltr'>unde</span> <span class='ocrx_word' id='word_1_730' title='bbox 1099 4865 1152 4912; x_wconf 91' lang='lat' dir='ltr'>et</span> <span class='ocrx_word' id='word_1_731' title='bbox 1179 4858 1374 4915; x_wconf 89' lang='lat' dir='ltr'>Petrus</span> <span class='ocrx_word' id='word_1_732' title='bbox 1402 4862 1714 4931; x_wconf 91' lang='lat' dir='ltr'>apostolus:</span> <span class='ocrx_word' id='word_1_733' title='bbox 1761 4885 1779 4909; x_wconf 84' lang='grc'><strong>‹</strong></span> <span class='ocrx_word' id='word_1_734' title='bbox 1812 4862 1956 4928; x_wconf 93' lang='lat' dir='ltr'>Quid</span> <span class='ocrx_word' id='word_1_735' title='bbox 1985 4862 2086 4917; x_wconf 86' lang='lat' dir='ltr'>im-</span> 
     </span>
    </p>
   </div>
   <div class='ocr_carea' id='block_1_99' title="bbox 487 4941 2087 5022">
    <p class='ocr_par' dir='ltr' id='par_1_99' title="bbox 487 4941 2087 5022">
     <span class='ocr_line' id='line_1_99' title="bbox 487 4941 2087 5022; baseline 0.005 -24"><span class='ocrx_word' id='word_1_736' title='bbox 487 4941 712 5016; x_wconf 90' lang='lat' dir='ltr'>ponitis,</span> <span class='ocrx_word' id='word_1_737' title='bbox 750 4942 952 5014; x_wconf 91' lang='lat' dir='ltr'>inquit,</span> <span class='ocrx_word' id='word_1_738' title='bbox 969 4943 1163 5016; x_wconf 90' lang='lat' dir='ltr'>jugum</span> <span class='ocrx_word' id='word_1_739' title='bbox 1198 4963 1361 5018; x_wconf 90' lang='lat' dir='ltr'>supra</span> <span class='ocrx_word' id='word_1_740' title='bbox 1392 4950 1635 5005; x_wconf 87' lang='lat' dir='ltr'>cervices</span> <span class='ocrx_word' id='word_1_741' title='bbox 1663 4950 2087 5022; x_wconf 73' lang='lat' dir='ltr'>fratrum,quod</span> 
     </span>
    </p>
   </div>
   <div class='ocr_carea' id='block_1_100' title="bbox 487 5034 2087 5109">
    <p class='ocr_par' dir='ltr' id='par_1_100' title="bbox 487 5034 2087 5109">
     <span class='ocr_line' id='line_1_100' title="bbox 487 5034 2087 5109; baseline 0.004 -21"><span class='ocrx_word' id='word_1_742' title='bbox 487 5046 664 5103; x_wconf 90' lang='lat' dir='ltr'>neque</span> <span class='ocrx_word' id='word_1_743' title='bbox 713 5037 891 5102; x_wconf 87' lang='lat' dir='ltr'>patres</span> <span class='ocrx_word' id='word_1_744' title='bbox 938 5034 1134 5100; x_wconf 89' lang='lat' dir='ltr'>nostri,</span> <span class='ocrx_word' id='word_1_745' title='bbox 1181 5051 1357 5107; x_wconf 87' lang='lat' dir='ltr'>neque</span> <span class='ocrx_word' id='word_1_746' title='bbox 1405 5053 1504 5091; x_wconf 91' lang='lat' dir='ltr'>nos</span> <span class='ocrx_word' id='word_1_747' title='bbox 1547 5039 1829 5109; x_wconf 89' lang='lat' dir='ltr'>potuimus</span> <span class='ocrx_word' id='word_1_748' title='bbox 1870 5047 2087 5108; x_wconf 89' lang='lat' dir='ltr'>portare</span> 
     </span>
    </p>
   </div>
   <div class='ocr_carea' id='block_1_101' title="bbox 491 5120 2088 5195">
    <p class='ocr_par' dir='ltr' id='par_1_101' title="bbox 491 5120 2088 5195">
     <span class='ocr_line' id='line_1_101' title="bbox 491 5120 2088 5195; baseline 0.004 -20"><span class='ocrx_word' id='word_1_749' title='bbox 491 5120 636 5192; x_wconf 80' lang='lat' dir='ltr'>(Act.</span> <span class='ocrx_word' id='word_1_750' title='bbox 682 5135 779 5188; x_wconf 86' lang='lat' dir='ltr'>xv,</span> <span class='ocrx_word' id='word_1_751' title='bbox 821 5121 908 5190; x_wconf 91' lang='grc'>10)</span> <span class='ocrx_word' id='word_1_752' title='bbox 939 5120 966 5175; x_wconf 70' lang='grc' dir='ltr'>Ῡ</span> <span class='ocrx_word' id='word_1_753' title='bbox 1006 5147 1024 5169; x_wconf 72' lang='grc' dir='ltr'>ι</span> <span class='ocrx_word' id='word_1_754' title='bbox 1064 5121 1199 5176; x_wconf 89' lang='lat' dir='ltr'>Nam</span> <span class='ocrx_word' id='word_1_755' title='bbox 1244 5122 1290 5178; x_wconf 90' lang='lat' dir='ltr'>si</span> <span class='ocrx_word' id='word_1_756' title='bbox 1326 5123 1486 5180; x_wconf 88' lang='lat' dir='ltr'>utilia</span> <span class='ocrx_word' id='word_1_757' title='bbox 1511 5125 1761 5195; x_wconf 81' lang='lat' dir='ltr'>fuissent,</span> <span class='ocrx_word' id='word_1_758' title='bbox 1797 5132 1933 5183; x_wconf 67' lang='grc' dir='ltr'>ιιηο</span> <span class='ocrx_word' id='word_1_759' title='bbox 1962 5125 2088 5181; x_wconf 88' lang='lat' dir='ltr'>data</span> 
     </span>
    </p>
   </div>
   <div class='ocr_carea' id='block_1_102' title="bbox 491 5208 2087 5286">
    <p class='ocr_par' dir='ltr' id='par_1_102' title="bbox 491 5208 2087 5286">
     <span class='ocr_line' id='line_1_102' title="bbox 491 5208 2087 5286; baseline 0.003 -21"><span class='ocrx_word' id='word_1_760' title='bbox 491 5216 690 5278; x_wconf 89' lang='lat' dir='ltr'>essent,</span> <span class='ocrx_word' id='word_1_761' title='bbox 731 5208 951 5280; x_wconf 90' lang='lat' dir='ltr'>quando</span> <span class='ocrx_word' id='word_1_762' title='bbox 981 5218 1036 5265; x_wconf 91' lang='lat' dir='ltr'>et</span> <span class='ocrx_word' id='word_1_763' title='bbox 1065 5211 1152 5266; x_wconf 81' lang='lat' dir='ltr'>lex</span> <span class='ocrx_word' id='word_1_764' title='bbox 1207 5211 1265 5265; x_wconf 91' lang='lat' dir='ltr'>in</span> <span class='ocrx_word' id='word_1_765' title='bbox 1303 5213 1506 5268; x_wconf 90' lang='lat' dir='ltr'>tabulis</span> <span class='ocrx_word' id='word_1_766' title='bbox 1535 5216 1661 5270; x_wconf 89' lang='lat' dir='ltr'>data</span> <span class='ocrx_word' id='word_1_767' title='bbox 1687 5225 1803 5271; x_wconf 91' lang='lat' dir='ltr'>est:</span> <span class='ocrx_word' id='word_1_768' title='bbox 1836 5215 1930 5270; x_wconf 92' lang='lat' dir='ltr'>sed</span> <span class='ocrx_word' id='word_1_769' title='bbox 1957 5215 2087 5286; x_wconf 90' lang='lat' dir='ltr'>quia</span> 
     </span>
    </p>
   </div>
   <div class='ocr_carea' id='block_1_103' title="bbox 490 5298 2086 5376">
    <p class='ocr_par' dir='ltr' id='par_1_103' title="bbox 490 5298 2086 5376">
     <span class='ocr_line' id='line_1_103' title="bbox 490 5298 2086 5376; baseline 0.004 -22"><span class='ocrx_word' id='word_1_770' title='bbox 490 5306 616 5369; x_wconf 90' lang='lat' dir='ltr'>post</span> <span class='ocrx_word' id='word_1_771' title='bbox 682 5307 835 5355; x_wconf 88' lang='lat' dir='ltr'>tanta</span> <span class='ocrx_word' id='word_1_772' title='bbox 905 5298 1058 5372; x_wconf 89' lang='lat' dir='ltr'>signa</span> <span class='ocrx_word' id='word_1_773' title='bbox 1115 5299 1513 5372; x_wconf 88' lang='lat' dir='ltr'>prodigiorum,</span> <span class='ocrx_word' id='word_1_774' title='bbox 1587 5311 1641 5358; x_wconf 91' lang='lat' dir='ltr'>et</span> <span class='ocrx_word' id='word_1_775' title='bbox 1723 5305 1894 5376; x_wconf 89' lang='lat' dir='ltr'>legem</span> <span class='ocrx_word' id='word_1_776' title='bbox 1959 5304 2086 5360; x_wconf 87' lang='lat' dir='ltr'>edi-</span> 
     </span>
    </p>
   </div>
   <div class='ocr_carea' id='block_1_104' title="bbox 565 5482 1758 5556">
    <p class='ocr_par' dir='ltr' id='par_1_104' title="bbox 565 5482 1758 5556">
     <span class='ocr_line' id='line_1_104' title="bbox 565 5482 1758 5556; baseline 0.006 -18"><span class='ocrx_word' id='word_1_777' title='bbox 565 5482 683 5555; x_wconf 91' lang='lat'>(87)</span> <span class='ocrx_word' id='word_1_778' title='bbox 745 5484 905 5544; x_wconf 80' lang='lat' dir='ltr'>Rom.</span> <span class='ocrx_word' id='word_1_779' title='bbox 970 5485 1140 5556; x_wconf 79' lang='lat' dir='ltr'>edit.,.</span> <span class='ocrx_word' id='word_1_780' title='bbox 1184 5501 1291 5542; x_wconf 80' lang='lat' dir='ltr'>non</span> <span class='ocrx_word' id='word_1_781' title='bbox 1352 5486 1758 5545; x_wconf 78' lang='lat' dir='ltr'>attendentes....</span> 
     </span>
    </p>
   </div>
   <div class='ocr_carea' id='block_1_105' title="bbox 495 5557 997 5626">
    <p class='ocr_par' dir='ltr' id='par_1_105' title="bbox 495 5557 997 5626">
     <span class='ocr_line' id='line_1_105' title="bbox 495 5557 997 5626; baseline 0.024 -21"><span class='ocrx_word' id='word_1_782' title='bbox 495 5557 863 5626; x_wconf 73' lang='lat' dir='ltr'>avortmtium,</span> <span class='ocrx_word' id='word_1_783' title='bbox 892 5566 997 5617; x_wconf 89' lang='lat' dir='ltr'>etc.</span> 
     </span>
    </p>
   </div>
   <div class='ocr_carea' id='block_1_106' title="bbox 1817 5488 2087 5545">
    <p class='ocr_par' dir='ltr' id='par_1_106' title="bbox 1817 5488 2087 5545">
     <span class='ocr_line' id='line_1_106' title="bbox 1817 5488 2087 5545; baseline 0.007 -2"><span class='ocrx_word' id='word_1_784' title='bbox 1817 5488 2087 5545; x_wconf 74' lang='lat' dir='ltr'>hominum</span> 
     </span>
    </p>
   </div>
   <div class='ocr_carea' id='block_1_107' title="bbox 2193 4501 3786 4570">
    <p class='ocr_par' dir='ltr' id='par_1_107' title="bbox 2193 4501 3786 4570">
     <span class='ocr_line' id='line_1_107' title="bbox 2193 4501 3786 4570; baseline -0.001 -13"><span class='ocrx_word' id='word_1_785' title='bbox 2193 4501 2306 4558; x_wconf 89' lang='lat' dir='ltr'>sint</span> <span class='ocrx_word' id='word_1_786' title='bbox 2355 4518 2498 4558; x_wconf 66' lang='lat' dir='ltr'>sanae</span> <span class='ocrx_word' id='word_1_787' title='bbox 2552 4501 2837 4569; x_wconf 66' lang='lat' dir='ltr'>doctrina,</span> <span class='ocrx_word' id='word_1_788' title='bbox 2879 4502 3157 4570; x_wconf 90' lang='lat' dir='ltr'>ostendit;</span> <span class='ocrx_word' id='word_1_789' title='bbox 3209 4511 3272 4558; x_wconf 92' lang='lat' dir='ltr'>ut</span> <span class='ocrx_word' id='word_1_790' title='bbox 3327 4501 3513 4558; x_wconf 92' lang='lat' dir='ltr'>minus</span> <span class='ocrx_word' id='word_1_791' title='bbox 3555 4501 3786 4566; x_wconf 89' lang='lat' dir='ltr'>sobrios,</span> 
     </span>
    </p>
   </div>
   <div class='ocr_carea' id='block_1_108' title="bbox 2195 4591 3788 4663">
    <p class='ocr_par' dir='ltr' id='par_1_108' title="bbox 2195 4591 3788 4663">
     <span class='ocr_line' id='line_1_108' title="bbox 2195 4591 3788 4663; baseline -0.002 -16"><span class='ocrx_word' id='word_1_792' title='bbox 2195 4591 2380 4648; x_wconf 91' lang='lat' dir='ltr'>minus</span> <span class='ocrx_word' id='word_1_793' title='bbox 2409 4607 2619 4663; x_wconf 87' lang='lat' dir='ltr'>graves,</span> <span class='ocrx_word' id='word_1_794' title='bbox 2653 4591 2925 4658; x_wconf 75' lang='lat' dir='ltr'>inﬁdeles,</span> <span class='ocrx_word' id='word_1_795' title='bbox 2955 4592 3073 4648; x_wconf 88' lang='lat' dir='ltr'>sine</span> <span class='ocrx_word' id='word_1_796' title='bbox 3101 4591 3389 4660; x_wconf 89' lang='lat' dir='ltr'>charitate,</span> <span class='ocrx_word' id='word_1_797' title='bbox 3420 4591 3788 4662; x_wconf 85' lang='lat' dir='ltr'>impatientes,</span> 
     </span>
    </p>
   </div>
   <div class='ocr_carea' id='block_1_109' title="bbox 2195 4679 3789 4753">
    <p class='ocr_par' dir='ltr' id='par_1_109' title="bbox 2195 4679 3789 4753">
     <span class='ocr_line' id='line_1_109' title="bbox 2195 4679 3789 4753; baseline -0.003 -17"><span class='ocrx_word' id='word_1_798' title='bbox 2195 4680 2400 4737; x_wconf 64' lang='lat' dir='ltr'>insanae</span> <span class='ocrx_word' id='word_1_799' title='bbox 2439 4679 2707 4736; x_wconf 74' lang='lat' dir='ltr'>doctrina:</span> <span class='ocrx_word' id='word_1_800' title='bbox 2745 4681 3048 4753; x_wconf 91' lang='lat' dir='ltr'>discipulos</span> <span class='ocrx_word' id='word_1_801' title='bbox 3095 4680 3446 4753; x_wconf 87' lang='lat' dir='ltr'>signiﬁcaret.</span> <span class='ocrx_word' id='word_1_802' title='bbox 3497 4679 3596 4735; x_wconf 77' lang='lat' dir='ltr'>llis</span> <span class='ocrx_word' id='word_1_803' title='bbox 3642 4679 3789 4734; x_wconf 91' lang='lat' dir='ltr'>enim</span> 
     </span>
    </p>
   </div>
   <div class='ocr_carea' id='block_1_110' title="bbox 2196 4768 3534 4843">
    <p class='ocr_par' dir='ltr' id='par_1_110' title="bbox 2196 4768 3534 4843">
     <span class='ocr_line' id='line_1_110' title="bbox 2196 4768 3534 4843; baseline -0.001 -16"><span class='ocrx_word' id='word_1_804' title='bbox 2196 4771 2453 4842; x_wconf 89' lang='lat' dir='ltr'>operibus</span> <span class='ocrx_word' id='word_1_805' title='bbox 2488 4769 2731 4825; x_wconf 91' lang='lat' dir='ltr'>nescitur</span> <span class='ocrx_word' id='word_1_806' title='bbox 2760 4771 2925 4839; x_wconf 92' lang='lat' dir='ltr'>Deus,</span> <span class='ocrx_word' id='word_1_807' title='bbox 2948 4787 3124 4842; x_wconf 91' lang='lat' dir='ltr'>neque</span> <span class='ocrx_word' id='word_1_808' title='bbox 3147 4770 3366 4843; x_wconf 85' lang='lat' dir='ltr'>justitia</span> <span class='ocrx_word' id='word_1_809' title='bbox 3393 4768 3534 4840; x_wconf 90' lang='lat' dir='ltr'>ejus.</span> 
     </span>
    </p>
   </div>
   <div class='ocr_carea' id='block_1_111' title="bbox 2269 4858 3796 4934">
    <p class='ocr_par' dir='ltr' id='par_1_111' title="bbox 2269 4858 3796 4934">
     <span class='ocr_line' id='line_1_111' title="bbox 2269 4858 3796 4934; baseline -0.003 -16"><span class='ocrx_word' id='word_1_810' title='bbox 2269 4863 2452 4934; x_wconf 82' lang='lat' dir='ltr'>(Vers.</span> <span class='ocrx_word' id='word_1_811' title='bbox 2502 4861 2552 4928; x_wconf 90' lang='lat'>3,</span> <span class='ocrx_word' id='word_1_812' title='bbox 2586 4861 2641 4930; x_wconf 76' lang='grc'>4,</span> <span class='ocrx_word' id='word_1_813' title='bbox 2672 4863 2754 4934; x_wconf 82' lang='grc'>5.)</span> <span class='ocrx_word' id='word_1_814' title='bbox 2803 4885 2822 4910; x_wconf 73' lang='grc' dir='ltr'><strong>ε</strong></span> <span class='ocrx_word' id='word_1_815' title='bbox 2861 4863 3016 4918; x_wconf 89' lang='lat' dir='ltr'>Anus</span> <span class='ocrx_word' id='word_1_816' title='bbox 3045 4861 3161 4934; x_wconf 91' lang='lat' dir='ltr'>pari</span> <span class='ocrx_word' id='word_1_817' title='bbox 3195 4861 3359 4918; x_wconf 91' lang='lat' dir='ltr'>modo</span> <span class='ocrx_word' id='word_1_818' title='bbox 3398 4861 3456 4916; x_wconf 91' lang='lat' dir='ltr'>in</span> <span class='ocrx_word' id='word_1_819' title='bbox 3486 4867 3635 4916; x_wconf 85' lang='lat' dir='ltr'>statu</span> <span class='ocrx_word' id='word_1_820' title='bbox 3667 4858 3796 4914; x_wconf 89' lang='lat' dir='ltr'>reli-</span> 
     </span>
    </p>
   </div>
   <div class='ocr_carea' id='block_1_112' title="bbox 2196 4950 3795 5025">
    <p class='ocr_par' dir='ltr' id='par_1_112' title="bbox 2196 4950 3795 5025">
     <span class='ocr_line' id='line_1_112' title="bbox 2196 4950 3795 5025; baseline -0.001 -19"><span class='ocrx_word' id='word_1_821' title='bbox 2196 4952 2355 5024; x_wconf 91' lang='lat' dir='ltr'>gione</span> <span class='ocrx_word' id='word_1_822' title='bbox 2395 4950 2563 5025; x_wconf 90' lang='lat' dir='ltr'>digno</span> <span class='ocrx_word' id='word_1_823' title='bbox 2590 4951 2731 5023; x_wconf 91' lang='lat'>(88),</span> <span class='ocrx_word' id='word_1_824' title='bbox 2763 4968 2874 5007; x_wconf 90' lang='lat' dir='ltr'>non</span> <span class='ocrx_word' id='word_1_825' title='bbox 2909 4951 3461 5018; x_wconf 90' lang='lat' dir='ltr'>criminatrices,non</span> <span class='ocrx_word' id='word_1_826' title='bbox 3492 4950 3629 5004; x_wconf 91' lang='lat' dir='ltr'>vino</span> <span class='ocrx_word' id='word_1_827' title='bbox 3656 4950 3795 5004; x_wconf 84' lang='lat' dir='ltr'>mul-</span> 
     </span>
    </p>
   </div>
   <div class='ocr_carea' id='block_1_113' title="bbox 2195 5037 3796 5108">
    <p class='ocr_par' dir='ltr' id='par_1_113' title="bbox 2195 5037 3796 5108">
     <span class='ocr_line' id='line_1_113' title="bbox 2195 5037 3796 5108; baseline -0.002 -12"><span class='ocrx_word' id='word_1_828' title='bbox 2195 5049 2252 5097; x_wconf 88' lang='lat' dir='ltr'>to</span> <span class='ocrx_word' id='word_1_829' title='bbox 2293 5040 2612 5108; x_wconf 86' lang='lat' dir='ltr'>servientes,</span> <span class='ocrx_word' id='word_1_830' title='bbox 2646 5041 2791 5096; x_wconf 91' lang='lat' dir='ltr'>bona</span> <span class='ocrx_word' id='word_1_831' title='bbox 2822 5040 3127 5108; x_wconf 81' lang='lat' dir='ltr'>docentes;</span> <span class='ocrx_word' id='word_1_832' title='bbox 3179 5047 3240 5096; x_wconf 90' lang='lat' dir='ltr'>ut</span> <span class='ocrx_word' id='word_1_833' title='bbox 3290 5039 3586 5096; x_wconf 90' lang='lat' dir='ltr'>instituant</span> <span class='ocrx_word' id='word_1_834' title='bbox 3614 5037 3796 5093; x_wconf 85' lang='lat' dir='ltr'>adole-</span> 
     </span>
    </p>
   </div>
   <div class='ocr_carea' id='block_1_114' title="bbox 2195 5126 3796 5203">
    <p class='ocr_par' dir='ltr' id='par_1_114' title="bbox 2195 5126 3796 5203">
     <span class='ocr_line' id='line_1_114' title="bbox 2195 5126 3796 5203; baseline -0.002 -18"><span class='ocrx_word' id='word_1_835' title='bbox 2195 5131 2468 5187; x_wconf 89' lang='lat' dir='ltr'>scentulas</span> <span class='ocrx_word' id='word_1_836' title='bbox 2496 5131 2644 5185; x_wconf 90' lang='lat' dir='ltr'>viros</span> <span class='ocrx_word' id='word_1_837' title='bbox 2687 5147 2814 5186; x_wconf 92' lang='lat' dir='ltr'>suos</span> <span class='ocrx_word' id='word_1_838' title='bbox 2843 5130 3093 5203; x_wconf 92' lang='lat' dir='ltr'>diligere,</span> <span class='ocrx_word' id='word_1_839' title='bbox 3131 5145 3315 5188; x_wconf 82' lang='lat' dir='ltr'>amare</span> <span class='ocrx_word' id='word_1_840' title='bbox 3360 5129 3527 5197; x_wconf 87' lang='lat' dir='ltr'>ﬁlios,</span> <span class='ocrx_word' id='word_1_841' title='bbox 3561 5126 3796 5200; x_wconf 87' lang='lat' dir='ltr'>pruden-</span> 
     </span>
    </p>
   </div>
   <div class='ocr_carea' id='block_1_115' title="bbox 2195 5217 3796 5291">
    <p class='ocr_par' dir='ltr' id='par_1_115' title="bbox 2195 5217 3796 5291">
     <span class='ocr_line' id='line_1_115' title="bbox 2195 5217 3796 5291; baseline -0.002 -17"><span class='ocrx_word' id='word_1_842' title='bbox 2195 5226 2296 5288; x_wconf 88' lang='lat' dir='ltr'>tes,</span> <span class='ocrx_word' id='word_1_843' title='bbox 2348 5219 2574 5291; x_wconf 90' lang='lat' dir='ltr'>pudicas</span> <span class='ocrx_word' id='word_1_844' title='bbox 2603 5235 2736 5287; x_wconf 91' lang='lat' dir='ltr'>esse,</span> <span class='ocrx_word' id='word_1_845' title='bbox 2786 5228 2978 5289; x_wconf 85' lang='lat' dir='ltr'>castas,</span> <span class='ocrx_word' id='word_1_846' title='bbox 3029 5221 3224 5276; x_wconf 93' lang='lat' dir='ltr'>domus</span> <span class='ocrx_word' id='word_1_847' title='bbox 3267 5217 3796 5286; x_wconf 80' lang='lat' dir='ltr'>curambabentes,</span> 
     </span>
    </p>
   </div>
   <div class='ocr_carea' id='block_1_116' title="bbox 2197 5305 3799 5381">
    <p class='ocr_par' dir='ltr' id='par_1_116' title="bbox 2197 5305 3799 5381">
     <span class='ocr_line' id='line_1_116' title="bbox 2197 5305 3799 5381; baseline -0.004 -17"><span class='ocrx_word' id='word_1_848' title='bbox 2197 5308 2446 5365; x_wconf 87' lang='lat' dir='ltr'>subditas</span> <span class='ocrx_word' id='word_1_849' title='bbox 2475 5307 2713 5381; x_wconf 92' lang='lat' dir='ltr'>propriis</span> <span class='ocrx_word' id='word_1_850' title='bbox 2742 5309 2878 5366; x_wconf 90' lang='lat' dir='ltr'>viris</span> <span class='ocrx_word' id='word_1_851' title='bbox 2905 5329 2916 5366; x_wconf 88' lang='lat'>:</span> <span class='ocrx_word' id='word_1_852' title='bbox 2951 5326 3020 5365; x_wconf 90' lang='lat' dir='ltr'>ne</span> <span class='ocrx_word' id='word_1_853' title='bbox 3067 5309 3303 5366; x_wconf 89' lang='lat' dir='ltr'>verbum</span> <span class='ocrx_word' id='word_1_854' title='bbox 3344 5308 3444 5364; x_wconf 91' lang='lat' dir='ltr'>Dei</span> <span class='ocrx_word' id='word_1_855' title='bbox 3474 5305 3799 5378; x_wconf 79' lang='lat' dir='ltr'>blaspheme</span> 
     </span>
    </p>
   </div>
   <div class='ocr_carea' id='block_1_117' title="bbox 2263 5488 3554 5565">
    <p class='ocr_par' dir='ltr' id='par_1_117' title="bbox 2263 5488 3554 5565">
     <span class='ocr_line' id='line_1_117' title="bbox 2263 5488 3554 5565; baseline 0 -19"><span class='ocrx_word' id='word_1_856' title='bbox 2263 5488 2388 5562; x_wconf 93' lang='lat'>(88)</span> <span class='ocrx_word' id='word_1_857' title='bbox 2421 5489 2578 5547; x_wconf 86' lang='lat' dir='ltr'>Rom.</span> <span class='ocrx_word' id='word_1_858' title='bbox 2613 5490 2771 5561; x_wconf 89' lang='lat' dir='ltr'>edit.,</span> <span class='ocrx_word' id='word_1_859' title='bbox 2799 5491 2857 5548; x_wconf 79' lang='lat' dir='ltr'>in</span> <span class='ocrx_word' id='word_1_860' title='bbox 2885 5491 3070 5549; x_wconf 80' lang='lat' dir='ltr'>habitu</span> <span class='ocrx_word' id='word_1_861' title='bbox 3094 5491 3347 5565; x_wconf 75' lang='lat' dir='ltr'>religione</span> <span class='ocrx_word' id='word_1_862' title='bbox 3375 5490 3554 5563; x_wconf 75' lang='lat' dir='ltr'>digno.</span> 
     </span>
    </p>
   </div>
  </div>
