4108 6184
282 373 435 433 .529

328 595 484 651 bona:
529 595 970 653 conversationis
1013 596 1329 669 junioribus
1354 617 1367 667 ;
1396 606 1458 655 ut
1477 598 1524 654 si
1552 598 1802 655 inﬁdeles
1831 599 1926 654 vi-

326 701 415 740 ros
453 684 715 753 habeant,
750 686 1127 757 congaudeant
1156 689 1235 743 eis
1262 689 1452 760 magis,
1478 704 1642 760 quam
1674 688 1927 759 blasphe-

329 781 483 829 ment
531 788 735 829 nomen
770 774 891 841 Dei,
924 774 1056 829 dum
1086 776 1283 831 vident
1311 776 1441 849 quia
1471 784 1692 847 propter
1719 775 1819 831 Dei
1848 775 1929 830 ti-

260 866 263 869 ’
326 878 540 918 morem
582 863 907 935 propensius
939 864 1321 937 obsequuntur
1346 865 1461 920 suis
1487 864 1643 920 \iris.

402 970 584 1043 (Vers.
615 973 671 1040 6,
706 972 759 1037 7,
788 972 872 1043 8.)
915 996 934 1019 ι
963 971 1222 1028 Juniores
1250 971 1508 1028 similiter
1535 971 1752 1028 hortare
1784 988 1929 1028 con-

328 1060 570 1116 tinentes
643 1076 758 1118 esse
789 1103 805 1129 ,
872 1077 968 1133 per
1025 1061 1211 1118 omnia
1267 1061 1619 1132 temetipsum
1679 1060 1926 1133 praebens

331 1150 650 1222 exemplum
695 1150 967 1207 bonorum
1014 1167 1262 1223 operum,
1294 1151 1352 1206 in
1382 1149 1655 1217 doctrina,
1685 1149 1745 1205 in
1775 1150 1929 1206 inte-

335 1238 556 1309 gritate,
596 1238 656 1294 in
685 1240 971 1311 gravitate,
1012 1240 1242 1296 verbum
1272 1255 1489 1307 sanum,
1520 1239 1928 1311 irreprehensi-

329 1326 481 1395 bile;
533 1337 595 1384 ut
623 1329 672 1385 is
708 1330 803 1401 qui
831 1346 861 1385 e
899 1330 1119 1387 diverso
1145 1339 1247 1398 est,
1277 1336 1617 1396 revereatur,
1649 1327 1793 1384 nihil
1834 1327 1926 1383 ha-

335 1417 472 1472 bens
500 1418 681 1474 dicere
711 1419 778 1475 de
808 1419 969 1475 nobis
994 1418 1223 1490 dignum
1254 1417 1703 1491 reprehensione.
1721 1442 1738 1465 ι
1784 1417 1927 1484 Quo-

327 1510 478 1566 niam
504 1511 774 1583 juventus
805 1514 947 1569 solet
987 1511 1215 1569 modum
1246 1512 1452 1585 egredi,
1486 1513 1600 1568 imo
1619 1512 1930 1585 promptior

324 1616 439 1657 esse
472 1601 541 1656 ad
573 1603 808 1674 lapsum,
848 1602 1058 1659 idcirco
1088 1601 1403 1659 salubribus
1432 1601 1757 1659 retinaculis
1785 1617 1908 1658 con-

324 1689 495 1746 tineri
511 1689 762 1762 jubetur,
790 1698 853 1746 ut
872 1691 1149 1748 infrenata
1177 1691 1389 1748 divinis
1419 1690 1631 1763 legibus
1651 1690 1931 1762 guberne—

324 1786 437 1835 tur.
502 1778 662 1846 Quod
718 1787 783 1835 ut
828 1778 972 1835 efﬁci
1018 1796 1131 1835 non
1179 1781 1252 1836 sit
1295 1779 1529 1836 arduum
1555 1786 1651 1834 aut
1680 1778 1927 1848 difﬁcile,

326 1867 658 1939 magistrum
688 1867 924 1923 formam
950 1884 1064 1924 esse
1103 1868 1353 1940 praecipit
1376 1886 1390 1935 ;
1413 1875 1476 1923 ut
1505 1883 1568 1923 ea
1596 1883 1714 1939 quae
1743 1867 1923 1936 docet,
1955 1869 2000 1928 B

327 1955 611 2028 quomodo
639 1955 797 2023 ﬁant,
827 1955 1078 2013 ostendat
1104 1973 1116 2012 :
1150 1964 1212 2011 ut
1245 1956 1285 2011 ii
1315 1955 1411 2028 qui
1441 1954 1658 2027 profani
1695 1963 1846 2022 sunt,
1877 1964 1931 2012 et

327 2054 551 2112 inimici
590 2054 741 2123 ﬁdei,
773 2053 1118 2122 erubescant,
1155 2053 1408 2111 videntes
1439 2053 1570 2127 quia
1597 2070 1717 2126 quae
1747 2053 1930 2110 verbis

324 2142 511 2211 docet,
537 2159 669 2198 vera
698 2159 813 2199 esse
846 2143 1043 2215 probat
1069 2143 1254 2199 factis.

401 2249 590 2321 (Vers.
623 2248 677 2315 9,
714 2248 830 2318 10.)
863 2272 880 2295 ‹
902 2248 1101 2305 Servos
1129 2247 1374 2304 dominis
1403 2248 1518 2304 suis
1543 2248 1795 2304 subditos
1814 2265 1928 2305 esse

324 2337 383 2393 in
420 2336 686 2394 omnibus
738 2337 882 2411 (89),
925 2338 1184 2410 optimos,
1216 2354 1329 2394 non
1358 2345 1781 2410 responsatores,
1815 2354 1927 2394 non

323 2426 674 2494 fraudantes,
703 2425 799 2482 sed
842 2442 1065 2481 omnem
1111 2425 1277 2481 ﬁdem
1308 2425 1508 2481 bonam
1539 2425 1922 2494 ostendentes;

323 2524 388 2572 ut
440 2515 755 2572 doctrinam
804 2514 1107 2572 Salvatoris
1150 2513 1325 2570 nostri
1356 2513 1454 2569 Dei
1484 2521 1681 2570 ornent
1709 2516 1766 2569 in
1799 2531 1928 2571 om—

322 2605 518 2661 nibus.
546 2628 564 2652 ι
608 2604 779 2660 Bonis
808 2604 1066 2676 operibus
1095 2611 1148 2659 et
1177 2602 1286 2658 ﬁde
1316 2600 1622 2659 doctrinam
1655 2603 1791 2659 dicit
1827 2621 1928 2659 or-

323 2695 453 2750 nari
502 2693 889 2761 Dominicam;
943 2702 1074 2750 tunc
1127 2693 1277 2748 enim
1331 2692 1532 2765 placita
1558 2702 1640 2749 est
1676 2693 1931 2750 doctrina

329 2784 481 2856 (90),
529 2784 576 2840 si
612 2782 706 2839 hic
751 2782 847 2855 qui
898 2798 1013 2839 eam
1046 2781 1355 2854 proﬁtetur,
1382 2798 1495 2837 non
1523 2781 1677 2836 illam
1706 2796 1929 2836 exosam

326 2871 519 2939 faciat,
577 2871 852 2943 abnegans
899 2871 1083 2937 factis,
1131 2869 1227 2926 sed
1275 2868 1567 2924 amabilem
1599 2876 1652 2923 et
1705 2883 1927 2934 veram;

329 2979 447 3019 non
496 2970 674 3034 potest
726 2962 875 3017 enim
908 2960 1232 3017 indecorum
1264 2974 1401 3020 esse,
1429 2956 1577 3029 quod
1602 2973 1796 3011 verum
1826 2965 1927 3013 est.

329 3050 472 3108 Cum
496 3067 627 3122 ergo
655 3050 804 3105 dicta
831 3047 1191 3120 sequentibus
1215 3045 1376 3102 factis
1404 3044 1727 3116 implentur,
1752 3054 1926 3101 osten-

327 3138 547 3196 duntur
573 3153 724 3203 vera,
753 3152 814 3190 ac
842 3151 942 3206 per
971 3134 1077 3190 hoc
1104 3133 1321 3189 decora.
1366 3133 1519 3189 Tunc
1563 3141 1791 3205 possunt
1817 3134 1928 3191 do-

330 3228 479 3282 mini
508 3241 697 3282 servos
727 3241 857 3280 suos
881 3239 995 3279 non
1035 3230 1248 3279 tantum
1278 3239 1310 3278 a
1336 3222 1445 3279 ﬁde
1475 3239 1585 3278 non
1616 3224 1926 3296 prohibere,
1959 3220 2002 3279 C

320 3334 525 3374 verum
548 3317 712 3373 etiam
746 3316 1009 3389 gaudere;
1059 3315 1188 3389 quia
1214 3315 1376 3371 ﬁdem
1403 3331 1591 3375 eorum
1624 3316 1789 3372 etiam
1820 3317 1926 3373 sibi

324 3407 528 3464 vident
566 3408 849 3479 proﬁcere.
886 3408 1057 3463 Nemo
1084 3406 1230 3462 enim
1262 3405 1425 3462 ﬁdem
1463 3406 1797 3476 custodiens,
1829 3406 1928 3461 in-

321 3495 507 3553 ﬁdelis
537 3505 716 3570 potest
745 3513 863 3553 esse
891 3496 1229 3553 hominibus.

398 3604 584 3676 (Vers.
614 3605 827 3676 11,12.)
873 3628 890 3650 ι
914 3602 1110 3659 Illuxit
1128 3601 1272 3658 enim
1298 3601 1472 3675 gratia
1498 3600 1598 3657 Dei
1628 3600 1927 3657 Salvatoris

319 3694 512 3751 nostri
544 3693 804 3750 omnibus
832 3692 1176 3761 hominibus,
1223 3690 1480 3748 erudiens
1508 3706 1627 3759 nos,
1659 3698 1721 3745 ut
1750 3689 1928 3745 abne-

318 3793 446 3858 gata
474 3785 758 3857 impietate
788 3793 842 3840 et
872 3782 1231 3840 saecularibus
1264 3781 1575 3849 desideriis,
1604 3787 1926 3850 temperan—

318 3882 424 3945 ter,
461 3883 515 3931 et
536 3873 704 3946 juste,
726 3882 780 3930 et
795 3874 883 3947 pie
912 3873 1168 3929 vivamus
1194 3873 1252 3928 in
1281 3872 1387 3928 hoc
1415 3870 1662 3927 saeculo.»
1706 3870 1924 3925 Donum

318 3965 423 4021 Dei
462 3963 714 4020 illuxisse
746 3962 1070 4019 hominibus
1097 3962 1234 4018 dicit
1263 3977 1359 4033 per
1398 3959 1705 4023 Christum,
1735 3956 1793 4011 id
1821 3963 1923 4024 est,

317 4057 617 4110 veritatem
668 4051 841 4108 unius
886 4050 987 4107 Dei
1025 4050 1431 4106 manifestatam
1483 4048 1542 4103 in
1571 4045 1792 4103 Christo
1821 4062 1832 4099 :
1861 4051 1924 4099 ut

320 4141 415 4215 pia
436 4141 785 4214 professione
812 4139 1126 4198 Creatorem
1158 4137 1522 4210 praedicemus
1553 4136 1610 4191 in
1638 4133 1925 4190 Trinitatis

315 4232 575 4287 unitate:
641 4229 789 4303 quod
833 4230 989 4302 prius
1021 4228 1184 4284 latuit
1213 4226 1516 4283 humanum
1548 4241 1739 4298 genus,
1778 4239 1927 4280 nunc

317 4328 513 4377 autem
554 4317 934 4376 misericordia
964 4317 1064 4373 Dei
1100 4316 1279 4372 eluxit
1308 4333 1322 4382 ;
1355 4323 1420 4372 ιιι
1445 4314 1647 4370 erroris
1674 4312 1925 4370 tenebras

318 4410 623 4477 evitantes,
671 4408 729 4465 id
775 4415 878 4473 est,
912 4404 1280 4479 ignorantiam
1311 4412 1364 4461 et
1391 4402 1726 4475 impietatem
1752 4417 1927 4457 mun-

318 4499 601 4556 danorum
660 4498 950 4570 fugientes,
1010 4496 1090 4569 pii
1145 4494 1498 4551 inveniamur
1542 4493 1601 4548 in
1644 4500 1925 4564 parentem

1407 374 1769 435 COMMENT.
1812 377 1887 435 IN
1921 377 2140 480 EI’IST.
2182 381 2279 437 AD
2308 380 2546 440 TITUM.

332 516 436 564 tur.
468 530 488 555 ι
522 505 679 563 Tales
706 505 960 579 praecipit
986 522 1102 565 esse
1129 510 1389 579 seniores,
1437 516 1501 565 ιιι
1529 511 1787 581 exemplo
1806 510 1918 567 sint
1952 512 2003 571 A

3520 391 3627 448 530

2112 511 2294 584 (Vers.
2330 512 2415 581 13,
2451 511 2538 579 14,
2575 513 2688 585 15.)
2732 537 2752 562 ι
2780 514 3174 587 Exspectantes
3205 515 3421 575 beatam
3453 536 3629 592 spem,

2034 612 2091 660 et
2145 604 2446 661 adventum
2504 605 2695 676 gloriae
2736 605 2881 663 beati
2929 608 3030 664 Dei
3078 609 3215 680 (91),
3250 619 3303 666 et
3331 611 3633 668 Salvatoris

2038 694 2212 749 nostri
2247 694 2375 748 Jesu
2408 693 2637 759 Christi,
2660 693 2754 765 qui
2783 694 2933 752 dedit
2955 700 3308 771 semetipsum
3332 717 3430 772 pro
3452 703 3631 771 nobis,

2038 793 2099 841 ut
2148 784 2447 841 redimeret
2477 801 2578 841 nos
2605 785 2674 840 ab
2703 786 2857 841 omni
2888 786 3197 860 iniquitate,
3229 799 3283 847 et
3312 793 3635 849 emundaret

2038 874 2142 931 sibi
2176 874 2465 946 {populum
2516 873 2911 944 abundantem,
2961 880 3331 936 :emulatorem
3360 883 3632 940 bonorum

2037 984 2313 1039 operum»
2357 968 2509 1024 Hanc
2538 986 2655 1025 esse
2677 969 2815 1027 dicit
2842 970 3055 1026 beatam
3088 987 3238 1043 spem
3270 973 3630 1032 credentium:

2035 1057 2132 1130 qui
2180 1066 2499 1129 exspectant
2547 1058 2844 1115 adventum
2890 1061 3078 1132 gloriae
3124 1062 3307 1134 magni
3337 1063 3457 1131 Dei,
3489 1066 3635 1137 quod

2035 1151 2269 1205 revelari
2317 1149 2501 1217 habet,
2544 1149 2734 1223 judice
2785 1150 3028 1220 Christo,
3083 1153 3142 1207 in
3192 1168 3302 1225 quo
3330 1154 3431 1209 Dei
3450 1154 3636 1210 ‘Patris

2036 1239 2321 1297 videbitur
2345 1249 2582 1313 potestas
2609 1251 2663 1299 et
2692 1242 2900 1314 gloria;
2936 1251 2998 1299 ut
3035 1243 3165 1300 ﬁdei
3205 1262 3316 1301 suae
3346 1246 3635 1317 praemium

2037 1339 2467 1405 consequantur.
2522 1332 2609 1389 Ad
2642 1332 2750 1390 hoc
2794 1335 2941 1390 enim
2973 1335 3207 1393 redemit
3235 1353 3335 1393 nos
3361 1337 3635 1406 Christus,

2037 1430 2119 1490 ut,
2177 1438 2371 1494 puram
2421 1421 2594 1479 vitam
2623 1432 2910 1492 sectantes,
2943 1425 3137 1497 repleti
3167 1426 3423 1498 operibus
3452 1427 3634 1497 bonis,

2038 1510 2193 1582 regni
2225 1512 2325 1566 Dei
2358 1509 2602 1567 haeredes
2632 1528 2748 1568 esse
2788 1513 3081 1585 possimus.
3132 1537 3150 1560 ι
3182 1515 3310 1572 Haec
3342 1518 3564 1589 loquere
3584 1527 3639 1574 et

2038 1599 2351 1669 exhortare,
2413 1608 2469 1657 et
2510 1617 2675 1674 argue
2723 1620 2850 1661 cum
2899 1605 3054 1661 omni
3092 1607 3350 1680 imperio.
3389 1608 3560 1666 Nemo
3584 1618 3637 1666 te

2038 1700 2375 1749 contemnat.
2407 1718 2426 1740 ι

2660 1792 2896 1850 CAPUT
2925 1795 3018 1851 III.

2107 1880 2289 1947 (Vers.
2366 1881 2444 1953 1.)
2537 1906 2555 1928 ι
2627 1882 2878 1942 Admone
2937 1885 3065 1941 illos
3126 1886 3530 1959 principatibus
3584 1898 3639 1946 et

2041 1969 2407 2041 potestatibus
2454 1971 2705 2028 subditos
2752 1989 2885 2042 esse,
2920 1973 3069 2031 dicto
3099 1974 3345 2045 obedire,
3377 1976 3445 2033 ad
3475 1994 3639 2035 omne

2041 2074 2179 2130 epus
2208 2060 2419 2116 bonum
2451 2068 2665 2133 paratos
2694 2078 2829 2118 esse.
2862 2086 2880 2108 ι
2946 2063 3076 2130 Quae
3110 2063 3256 2118 salus
3293 2064 3635 2122 credentium

2039 2150 2133 2220 sit,
2181 2151 2440 2207 admonet
2485 2152 2625 2223 (92);
2678 2162 2740 2209 ut
2770 2154 3107 2223 manifestet,
3138 2172 3263 2212 cum
3304 2167 3635 2230 arguuntur,

2038 2249 2101 2297 ut
2155 2241 2333 2297 sciant
2376 2241 2467 2299 cui
2500 2243 2648 2299 bono
2698 2251 2986 2316 aptentur:
3039 2252 3102 2300 ut
3130 2262 3240 2302 non
3270 2263 3457 2320 aspere
3482 2250 3638 2307 acci-

2037 2330 2212 2403 piant,
2243 2331 2380 2387 certi
2411 2332 2541 2405 quia
2569 2349 2668 2406 pro
2698 2335 2873 2392 salute
2902 2352 2999 2391 sua
3027 2336 3405 2409 corripiuntur
3429 2357 3442 2395 :
3496 2348 3549 2395 et
3577 2348 3638 2395 ut

2039 2418 2106 2474 ad
2154 2421 2363 2476 malum
2416 2420 2559 2477 tardi
2601 2423 2735 2492 sint,
2781 2423 2850 2480 ad
2896 2424 3101 2481 bonum
3140 2441 3271 2481 vero
3302 2428 3496 2500 parati,
3524 2444 3636 2485 non

2037 2508 2212 2563 nescii
2259 2509 2395 2581 quid
2432 2510 2666 2582 singulis
2696 2513 2935 2581 persolvi
2973 2522 3242 2584 oporteat.

2113 2604 2296 2675 (Vers.
2329 2604 2410 2673 2.)
2477 2628 2496 2651 ι
2525 2604 2814 2659 Neminem
2844 2605 3245 2678 blasphemare,
3276 2624 3387 2664 non
3417 2609 3636 2682 litigio—

2038 2709 2128 2748 sos
2183 2708 2333 2759 esse;
2390 2692 2487 2748 sed
2532 2692 2833 2767 modestos,
2862 2699 3006 2756 316
3038 2697 3389 2751 ostendentes
3416 2714 3633 2754 omnem

2039 2789 2522 2847 mansuetudinem
2566 2792 2638 2847 ad
2678 2807 2868 2848 omnes
2919 2790 3193 2850 homines.
3225 2817 3245 2841 ›
3297 2792 3638 2851 Christianos

2039 2880 2301 2938 omnibus
2356 2881 2679 2940 hominibus
2709 2882 2949 2939 humiles
2977 2883 3099 2939 vult
3124 2882 3302 2940 videri
3332 2902 3347 2952 ;
3378 2886 3460 2943 sic
3486 2887 3633 2943 enim

2038 2980 2267 3044 possunt
2294 2973 2488 3046 perﬁdi
2517 2974 2587 3031 ad
2616 2974 2858 3032 futuram
2884 2992 3036 3048 spem
3068 2977 3275 3034 vocari.

2110 3062 2286 3133 (Vers.
2313 3064 2393 3135 3.)
2445 3089 2462 3113 ι
2490 3065 2626 3120 Nam
2657 3082 2874 3122 eramus
2911 3067 3187 3140 quondam
3220 3076 3273 3125 et
3301 3085 3402 3125 nos
3430 3070 3634 3128 incon-

2037 3151 2194 3220 sulti,
2234 3151 2681 3226 inobsequentes,
2719 3164 2983 3223 errantes,
3016 3157 3317 3214 servientes
3345 3159 3633 3216 desideriis

2037 3252 2092 3300 et
2123 3244 2505 3316 voluptatibus
2536 3247 2725 3315 variis,
2758 3247 2816 3302 in
2847 3248 3060 3305 malitia
3073 3257 3127 3305 et
3154 3249 3369 3306 invidia
3387 3261 3626 3323 agentes,

2037 3332 2298 3404 odibiles,
2357 3334 2487 3391 odio
2532 3351 2635 3391 nos
2672 3336 2914 3395 invicem
2960 3341 3224 3397 habentes
3263 3341 3403 3413 (93).
3445 3366 3463 3389 ι
3504 3344 3631 3400 Haec

2036 3421 2182 3478 bona
2212 3439 2332 3496 quae
2370 3424 2731 3482 incredulitas
2776 3444 2889 3483 non
2920 3427 3107 3497 habet,
3147 3428 3479 3487 Christianis
3507 3430 3629 3487 data
3682 3422 3685 3425 ’

2036 3520 2342 3581 memorat;
2401 3521 2464 3569 ut
2505 3514 2564 3569 in
2606 3516 2759 3571 omni
2797 3515 3018 3587 justitia
3056 3519 3321 3586 lucentes,
3353 3520 3628 3578 manifesti

2036 3601 2172 3657 ﬁant
2212 3602 2362 3674 quod
2405 3603 2506 3659 Dei
2549 3605 2790 3661 cultores
2827 3604 2961 3662 sint.
3005 3605 3142 3663 Cum
3175 3607 3322 3663 enim
3353 3608 3625 3680 quondam

2037 3690 2359 3759 inconsulti,
2402 3708 2551 3748 nunc
2576 3691 2840 3749 videntur
2874 3711 2972 3767 per
2994 3695 3182 3752 omnia
3214 3696 3334 3752 sani
3362 3713 3479 3753 esse
3503 3714 3629 3754 con-

2034 3778 2167 3845 silii,
2199 3778 2454 3834 laudatur
2483 3780 2541 3835 in
2561 3780 2649 3836 his
2675 3784 2840 3839 Deus.

2108 3872 2290 3942 (Vers.
2350 3871 2492 3943 4-7.)
2562 3897 2581 3920 ι
2640 3873 2779 3931 Cum
2824 3891 2956 3930 vero
2986 3874 3205 3932 bonitas
3231 3884 3285 3932 et
3313 3875 3629 3930 humanitas

2036 3960 2227 4015 illuxit
2274 3961 2532 4016 salutaris
2577 3961 2675 4017 Dei
2718 3962 2914 4031 nostri,
2945 3979 3057 4019 non
3089 3980 3158 4019 ex
3188 3963 3447 4033 operibus
3470 3960 3629 4030 justi-

2034 4049 2149 4118 tiae,
2185 4066 2306 4123 quas
2336 4067 2437 4106 nos
2464 4050 2715 4108 fecimus:
2747 4052 2840 4108 sed
2861 4052 3161 4107 secundum
3196 4048 3628 4109 misericordiam

2034 4156 2188 4196 suam
2243 4142 2424 4196 salvos
2482 4157 2581 4197 nos
2609 4140 2744 4196 fecit
2771 4157 2866 4211 per
2893 4141 3171 4194 lavacrum
3207 4136 3632 4206 regenerationis

2034 4235 2088 4285 et
2121 4229 2498 4286 renovationis
2532 4227 2773 4300 Spiritus
2804 4226 2999 4293 sancti,
3032 4240 3192 4297 quem
3222 4222 3418 4279 effudit
3444 4223 3503 4278 in
3532 4240 3632 4278 nos

2042 4317 2257 4375 abunde
2288 4335 2386 4389 per
2412 4318 2595 4372 Iesum
2631 4314 2937 4381 Christum,
2967 4313 3305 4368 Salvatorem
3335 4319 3587 4367 nostrum
3614 4332 3626 4381 ;

2034 4416 2095 4463 ut
2118 4406 2408 4478 justiﬁcati
2439 4403 2610 4476 gratia
2632 4402 2806 4471 illius,
2837 4401 3079 4458 haaredes
3107 4401 3410 4458 efﬁciamur
3440 4417 3631 4457 secun-

2034 4492 2166 4550 dum
2222 4509 2373 4566 spem
2412 4494 2542 4548 vita
2581 4500 2815 4548 aeternae.
2870 4516 2888 4538 ι
2957 4491 3073 4548 Hoc
3129 4491 3335 4547 bonum
3376 4491 3521 4565 quod
3572 4491 3629 4545 in

319 4589 592 4647 omnium
648 4589 845 4656 Deum,
881 4586 1201 4660 Ρΐοίὶῐθηῐθε
1240 4600 1365 4640 eum
1397 4583 1455 4639 in
1482 4581 1738 4649 veritate.
1768 4596 1930 4654 quam
1963 4574 2014 4633 D
2044 4584 2374 4641 Christianis
2403 4583 2598 4640 florere
2627 4582 2941 4651 videtur,de
2970 4582 3153 4640 radice
3181 4583 3398 4655 pietatis
3426 4582 3629 4638 divinae

320 4678 504 4736 tradit
540 4676 909 4751 Evangelium
937 4675 1068 4733 Filii
1098 4674 1249 4747 ejus:
1292 4681 1349 4730 et
1378 4679 1440 4728 ut
1468 4670 1637 4743 hujus
1664 4669 1743 4725 rei
1773 4684 1929 4723 mer-

320 4767 522 4824 cedem
555 4765 756 4822 habere
786 4765 1081 4838 possimus,
1108 4764 1252 4820 bona
1279 4778 1444 4836 opera
1472 4761 1755 4817 faciamus.
1788 4757 1929 4825 Quo-

326 4854 500 4912 modo
540 4855 705 4911 enim
762 4855 847 4910 illi
902 4853 996 4926 qui
1044 4853 1223 4909 solum
1253 4853 1466 4908 Patrem
1500 4850 1780 4924 praedicat,
1810 4863 1931 4920 spes

326 4949 491 5004 nulla
518 4956 623 5015 est,
654 4948 702 5005 si
732 4962 844 5003 non
874 4946 1201 5019 proﬁteatur
1220 4945 1279 5000 in
1298 4944 1486 5000 eadem
1503 4944 1734 5000 veritate
1762 4950 1817 4999 et
1842 4941 1927 4997 Fi-

326 5039 474 5095 lium
499 5055 512 5093 :
566 5040 642 5095 ita
668 5046 723 5096 et
752 5036 919 5109 hujus
943 5053 1066 5108 spes
1094 5036 1297 5091 frustra
1325 5041 1426 5102 est,
1476 5033 1571 5106 qui
1600 5034 1770 5089 solam
1802 5046 1927 5105 pro“

326 5130 631 5187 fessionem
665 5128 795 5186 ﬁdei
825 5127 991 5184 habet
1020 5126 1138 5182 sine
1165 5125 1326 5182 bonis
1346 5122 1624 5197 operibus.

402 5284 526 5355 (89)
580 5282 1001 5355 EademiRom.
1034 5277 1193 5355 edit.,
1226 5277 1282 5355 in
1304 5275 1547 5355 omnibus
1578 5274 1925 5355 obsequentes.

406 5347 529 5427 (90)
564 5354 769 5410 Omnes
784 5354 916 5427 χιιι,
942 5350 1148 5427 placitq
1168 5354 1243 5427 est
1269 5352 1318 5402 et
1338 5347 1523 5427 decora
1550 5364 1567 5400 :
1588 5352 1779 5427 contra
1800 5359 1930 5427 vero

331 5415 466 5483 mss.
509 5415 698 5498 'prope
737 5424 805 5480 ad
851 5415 1030 5498 unum
1058 5420 1350 5498 nobiscum
1398 5417 1630 5473 faciunt.
1657 5418 1731 5498 At
1760 5415 1925 5498 infra,

332 5514 434 5570 pro
488 5486 797 5553 indecorum
842 5511 967 5563 esse,
1016 5493 1249 5551 habetur
1298 5488 1357 5545 in
1406 5503 1537 5544 mss.
1577 5486 1924 5560 quibusdam,

334 5586 627 5643 inamabile
651 5602 775 5642 esse.

412 5658 532 5730 (91)
588 5658 748 5730 Rom.
787 5655 945 5723 edit.,
975 5654 1160 5725 gloria:
1182 5651 1360 5723 magni
1386 5650 1509 5707 Dei.
1533 5694 1545 5706 .
1583 5693 1594 5706 .
1626 5650 1726 5705 sibi
1750 5666 1931 5721 popu-

339 5730 453 5784 lum
475 5729 813 5801 peculiarem.

2039 4674 2237 4742 oritur;
2281 4676 2426 4730 Deus
2457 4673 2603 4730 enim
2636 4672 3015 4729 misericordia
3042 4688 3139 4727 sua
3167 4674 3348 4728 salvos
3378 4687 3477 4727 nos
3498 4670 3628 4727 fecit

2039 4780 2135 4837 per
2163 4762 2467 4832 Christum,
2497 4762 2656 4833 cujus
2685 4762 2859 4835 gratia
2886 4760 3350 4833 renati,Spiritum
3381 4767 3627 4817 sanctum

2038 4853 2352 4924 accepimus
2376 4850 2627 4918 abunde;
2661 4857 2723 4905 ut
2767 4849 2929 4906 bonis
2967 4849 3225 4922 operibus
3253 4848 3419 4904 inniti
3449 4848 3631 4920 possi—

2040 4963 2181 5015 mus,
2239 4946 2359 5018 ipso
2412 4960 2513 5000 nos
2566 4943 2622 4998 in
2673 4943 2929 4999 omnibus
2959 4942 3272 5015 adjuvante,
3304 4950 3367 4997 ut
3393 4956 3487 5012 per
3515 4940 3629 4995 haec

2038 5037 2415 5095 haereditatem
2433 5034 2585 5108 regni
2605 5035 2869 5091 caelorum
2900 5033 3114 5107 assequi
3138 5030 3628 5105 possimus.Quam-
3682 5056 3683 5059 η

2038 5128 2226 5185 obrem
2284 5126 2437 5183 omni
2476 5125 2770 5181 devotione
2822 5124 2955 5181 huic
3010 5124 3236 5196 obsequi
3289 5122 3549 5178 debemus
3577 5126 3630 5172 et

2112 5286 2230 5357 (92)
2271 5288 2476 5343 Omnes
2522 5283 2658 5357 edit.
2691 5298 2823 5357 cum
2854 5297 2986 5337 mss.
3017 5275 3323 5357 nonnullis,
3515 5284 3629 5357 spes

2037 5350 2356 5414 credentium
2387 5357 2473 5411 sit.
2504 5399 2516 5411 .
2539 5399 2551 5410 .
2575 5355 2660 5409 cui
2688 5354 2819 5408 bono
2842 5354 3251 5424 praeparantur;
3284 5350 3467 5399 caeteri
3495 5355 3625 5396 mss.

2036 5438 2099 5486 ut
2137 5428 2192 5483 in
2225 5435 2509 5485 contextu.
3012 5491 3025 5494 _
3237 5483 3249 5494 .
3384 5482 3394 5493 .

2113 5482 2244 5572 (93)
2263 5482 2520 5556 Itanvet.
2561 5496 2694 5572 edit.
2746 5511 2809 5550 ac
2840 5491 3113 5572 mss;_fere
3153 5482 3625 5572 universiLRom.

2039 5554 2225 5628 autem
2252 5554 2389 5627 edit.
2414 5578 2469 5625 et
2495 5568 2718 5630 quidam
2748 5580 2902 5630 mss.,
2939 5562 3061 5617 Haec
3109 5554 3277 5618 mala,
3307 5570 3423 5623 qua:
3450 5554 3631 5610 incre—

2038 5644 2236 5700 dulitas
2259 5643 2427 5705 habet,
2467 5630 2800 5697 Christianos
2833 5648 3012 5687 cavere
3039 5630 3311 5682 memorat.
