4070 6186
505 434 607 498 531

1521 428 1618 488 AD
1656 426 1892 490 OPERA
1927 427 1983 485 S.
2024 422 2361 487 AMBROSII
2389 420 2770 485 APPENDIX.

3699 414 3807 481 832

505 564 791 647 praeceptis
824 564 941 639 ejus
964 578 1188 641 parere;
1233 560 1364 640 quia
1396 555 1667 633 quidquid
1690 556 1747 611 in
1776 552 1943 647 nobis
1964 554 2095 628 pul-
2129 555 2180 615 Α
2209 565 2292 614 est
2321 555 2661 631 hujusmodi,
2693 563 2748 614 et
2785 552 3061 629 delinquit
3080 568 3112 610 a
3145 547 3438 624 semetipso
3458 544 3795 608 damnatus»

506 662 703 719 chrum
759 663 859 727 est,
900 655 1279 733 spiritualibus
1343 650 1693 708 lineamentis
1751 649 1868 722 ipse
1919 646 2107 720 depin-

510 750 606 823 git.

583 858 764 932 (Vers.
797 858 878 931 8.)
926 879 944 903 ι
975 854 1179 912 Fidelis
1209 867 1425 909 sermo:
1459 860 1514 907 et
1532 848 1599 907 de
1628 848 1717 906 his
1747 848 1875 905 volo
1904 854 1958 904 te
1984 862 2110 903 con-

510 948 765 1017 ﬁrmare;
797 955 859 1003 ut
887 942 1113 1002 solliciti
1141 943 1254 999 sint
1281 939 1351 999 ad
1381 940 1636 998 effectum
1665 938 1939 994 bonorum
1988 951 2110 1007 ope-

510 1056 634 1094 rum
692 1036 753 1105 ii,
810 1033 903 1110 qui
952 1032 1307 1091 crediderunt
1359 1032 1493 1088 Deo.
1544 1030 1672 1084 Haec
1715 1034 1844 1083 sunt
1889 1025 2034 1081 bona
2058 1030 2112 1079 et

510 1125 672 1183 utilia
720 1123 1066 1185 hominibus,
1110 1146 1128 1169 ι
1190 1119 1343 1179 Nihil
1386 1126 1496 1174 tam
1547 1124 1818 1189 apertum,
1850 1113 1976 1188 quia
2009 1111 2112 1167 mi-

513 1215 814 1273 sericordia
854 1222 1015 1285 atque
1064 1209 1382 1267 humanitas
1428 1206 1572 1263 bona
1619 1212 1699 1261 est
1736 1202 1806 1259 ad
1853 1217 2110 1275 praesens,

514 1314 567 1362 et
599 1302 754 1361 utilis
785 1302 843 1359 in
864 1292 1172 1368 intutum;
1204 1306 1258 1356 et
1284 1297 1377 1355 hic
1409 1294 1556 1352 enim
1587 1292 1754 1350 habet
1785 1290 2024 1358 laudem,
2061 1296 2113 1345 et

515 1395 574 1451 in
621 1392 822 1466 judicii
873 1392 962 1448 die
1003 1404 1284 1447 coronam.
1319 1385 1514 1444 Omnis
1544 1384 1693 1440 enim
1723 1383 1836 1438 Deo
1864 1378 2113 1447 credens,

518 1465 912 1539 misericordia;
958 1478 1120 1535 debet
1170 1476 1410 1544 studere,
1446 1490 1542 1546 per
1570 1488 1733 1545 quam
1766 1469 1930 1528 vivit.
1961 1469 2032 1524 Ut
2056 1465 2115 1521 in

517 1570 636 1628 haec
691 1586 818 1642 ergo
870 1576 1010 1626 esset
1064 1566 1337 1623 sollicitus
1394 1571 1574 1620 rector
1616 1558 1829 1634 populi,
1860 1557 2113 1613 admone-

520 1668 629 1717 tur.

595 1772 778 1842 (Vers.
813 1769 894 1840 9.)
960 1792 979 1815 ι
1018 1762 1225 1825 stultas
1256 1771 1440 1822 autem
1485 1760 1840 1834 quaestiones,
1871 1765 1925 1813 et
1954 1754 2118 1827 origi-

523 1878 656 1917 num
691 1858 1153 1923 enumerationes,
1185 1862 1239 1911 et
1286 1851 1687 1919 contentiones,
1728 1858 1781 1905 et
1808 1863 2016 1920 pugnas
2046 1846 2118 1900 le-

2218 648 2472 706 Haeretici
2524 648 2582 704 hi
2618 655 2768 716 sunt,
2802 647 2893 721 qui
2924 662 3022 719 per
3061 642 3229 700 verba
3259 640 3396 713 legis
3428 642 3602 714 legem
3634 639 3812 714 impu-

2219 746 2425 810 gnant;
2460 738 2742 810 proprium
2772 737 2920 795 enim
2956 750 3175 790 sensum
3222 730 3408 786 verbis
3449 730 3816 787 astruuntle-

2221 827 2323 899 gis,
2366 834 2428 881 ut
2478 824 2804 898 pravitatem
2868 822 3071 878 mentis
3128 836 3241 878 suae
3293 818 3429 892 legis
3486 817 3814 874 auctoritate

2219 915 2626 973 commendent.
2678 913 2866 969 Sciens
2911 911 3062 967 enim
3121 907 3375 982 impietas
3429 906 3812 964 auctoritatem

2222 1006 2356 1077 legis
2411 1005 2651 1060 multum
2698 1004 2901 1071 valere,
2950 998 3223 1056 fallaciam
3270 997 3373 1053 sub
3418 997 3646 1053 nomine
3699 995 3816 1068 ejus

2220 1096 2532 1168 componit;
2585 1102 2646 1151 ut
2693 1095 2823 1168 quia
2854 1109 2940 1149 res
2971 1093 3114 1148 mala
3159 1105 3254 1163 per
3283 1088 3630 1161 semetipsam
3660 1101 3817 1144 acce-

2220 1184 2444 1259 ptabilis
2489 1201 2603 1241 esse
2650 1200 2762 1240 non
2792 1189 2990 1256 potest,
3017 1182 3162 1238 bono
3191 1179 3435 1236 nominis
3463 1176 3816 1236 commende-

2222 1282 2333 1331 tur.
2365 1273 2577 1331 Idcirco
2626 1272 2947 1346 hujusmodi
2999 1270 3256 1327 homines
3303 1276 3363 1325 ut
3411 1267 3819 1325 inexcusabiles

2223 1361 2357 1431 sint,
2388 1364 2554 1419 semel
2585 1361 2787 1433 corripi
2817 1367 3068 1433 oportere
3090 1356 3258 1416 dicit:
3296 1352 3644 1431 frequentius
3671 1354 3818 1412 enim

2223 1452 2483 1526 correpti,
2518 1451 2928 1509 exercitatiores
2952 1450 3087 1506 ﬁent
3118 1449 3175 1504 in
3207 1449 3371 1504 malo.
3403 1446 3606 1519 Cogere
3638 1455 3819 1503 autem

2226 1546 2353 1602 illos
2380 1543 2621 1609 videtur,
2650 1559 2747 1616 qui
2775 1556 2918 1614 saepe
2944 1538 3199 1612 corripit;
3226 1544 3290 1594 ut
3317 1535 3673 1592 sollicitiores
3689 1533 3823 1590 fiant

2225 1634 2294 1691 ad
2345 1634 2709 1708 perditionem
2764 1632 3105 1687 multorum:
3148 1627 3273 1683 ideo
3329 1623 3715 1693 dimittendos,
3759 1630 3822 1679 ut

2227 1723 2651 1798 negligentiores
2679 1720 2883 1789 effecti,
2917 1718 3022 1776 soli
3050 1718 3192 1774 forte
3220 1715 3524 1788 depereant.

2301 1820 2483 1896 (Vers.
2521 1821 2634 1891 12.)
2679 1844 2697 1868 ‹
2728 1818 2866 1878 Cum
2888 1818 3086 1874 misero
3116 1812 3185 1872 ad
3221 1824 3271 1873 te
3296 1816 3569 1871 Artemam
3589 1820 3684 1870 aut
3712 1812 3819 1885 Ty-

524 1901 656 1917 l'ulu
692 1901 1153 1923 νιιιιιιινιιινινοονυ,
1187 1901 1238 1911 ν-
1288 1901 1687 1919 ννι--ν--ν-ν--νσι
1734 1901 1780 1905 -ν
1808 1901 1834 1920 ι-
1855 1901 1982 1920 --οκήη
3072 1905 3082 1917 .
3228 1905 3240 1916 .
3411 1903 3422 1917 .
3566 1902 3578 1915 .
3626 1903 3638 1913 .

521 1953 604 2027 gis
660 1949 884 2018 devita;
952 1955 1082 2005 sunt
1126 1945 1273 2002 enim
1304 1942 1532 1999 inutiles
1561 1948 1616 1997 et
1648 1955 1822 1994 vanas.
1856 1962 1875 1986 ι
1915 1936 2123 1992 Stultas
2151 1919 2196 1979 Β
2227 1912 2484 2027 θδίοιῆηξλ
2504 1911 2703 1967 Ϊθεῖίηδ
2730 1908 2925 2027 “lum?
2957 1922 3147 2027 “PIT?
3174 1904 3533 2027 Νιξοξοιιωίξ
3564 1901 3823 2001 ὠξθῐὶίῐη

2234 2011 2395 2027 -Διιι.ςι
2472 2015 2670 2027 οΛΜη-ιι
2724 2023 2738 2027 _
2832 2014 2886 2027 nn
2945 2012 3055 2027 ﬁnio
3087 2011 3117 2027 Λ
3145 2010 3226 2027 nm
3292 2011 3314 2027 n
3348 2008 3429 2027 nm
3463 2007 3490 2027 Ω
3520 2007 3626 2027 iam
3648 2007 3822 2027 Ιῆαιῖίὶὶ

522 2040 623 2096 has
671 2038 1000 2112 quaestiones
1053 2036 1315 2109 appellat,
1347 2049 1469 2106 quas
1499 2028 1692 2086 salutis
1722 2027 1974 2083 effectum
2010 2039 2122 2080 non

522 2130 748 2198 habent,
804 2144 981 2201 neque
1028 2125 1268 2199 aliquam
1314 2122 1571 2179 tribuunt
1597 2116 1839 2176 scientiae
1871 2114 2123 2189 peritiam

526 2220 595 2279 ad
633 2217 956 2275 utilitatem.
1016 2214 1115 2270 His
1171 2212 1353 2268 verbis
1400 2211 1707 2267 multorum
1737 2204 2123 2262 haereticorum

528 2310 755 2366 denotat
802 2302 1078 2379 dogmata.
1138 2301 1404 2370 Quamvis
1450 2298 1662 2363 omnia,
1699 2313 1817 2370 quae
1858 2309 1986 2349 vera
2015 2307 2127 2347 non

530 2404 679 2464 sunt,
732 2389 899 2452 stulta
941 2391 1181 2449 dicenda
1216 2390 1363 2458 sint;
1397 2389 1539 2444 alius
1568 2396 1753 2443 tamen
1783 2392 1882 2451 est,
1916 2379 2011 2456 qui
2042 2396 2126 2436 res

530 2485 811 2541 fabulosos
858 2481 1098 2549 inducit,
1129 2488 1183 2536 et
1212 2477 1354 2536 alius
1385 2477 1480 2551 qui
1513 2474 1818 2533 calliditate
1864 2470 2125 2543 tergiver-

530 2573 762 2630 sationis
816 2584 929 2627 rem
965 2585 1179 2625 veneno
1207 2568 1423 2639 plenam
1455 2562 1735 2638 proponit,
1763 2569 1823 2617 ut
1850 2566 1933 2616 est
1962 2558 2128 2614 Arius

531 2671 585 2719 et
628 2659 919 2717 Photinus.
964 2657 1234 2714 Fabulosa
1279 2664 1460 2711 autem
1498 2669 1608 2708 non
1638 2652 1750 2720 lex,
1782 2649 1878 2706 sed
1906 2647 2128 2703 haeresis

537 2758 639 2820 est,
692 2757 960 2823 quantum
1000 2746 1067 2803 ad
1097 2757 1314 2817 tempus
1339 2740 1577 2814 pertinet
1624 2741 1761 2797 illud
1792 2736 2128 2805 Judaeorum,

534 2840 666 2905 dum
697 2838 922 2914 quidam
959 2853 1147 2895 eorum
1181 2835 1286 2892 sibi
1338 2834 1686 2891 vindicarent
1715 2830 2129 2904 praerogativam

541 2931 818 3003 originum
853 2927 1313 3002 patriarcharum,
1344 2941 1465 2997 quae
1508 2922 1576 2979 de
1604 2920 1973 2978 matrimoniis
2001 2925 2132 2973 ortae

537 3028 689 3088 sunt,
723 3035 849 3075 cum
879 3034 949 3073 ex
979 3017 1085 3072 hoc
1117 3015 1334 3071 nullum
1365 3011 1624 3069 meritum
1664 3010 1737 3066 sit
1765 3009 1908 3081 apud
1934 3010 2129 3064 Deum.

539 3105 775 3176 Quidam
832 3120 964 3162 vero
1007 3119 1295 3161 urceorum
1324 3110 1379 3158 et
1407 3109 1730 3160 caeterorum
1760 3112 2015 3154 vasorum
2043 3096 2136 3151 ba-

539 3200 762 3273 ptisma,
795 3205 848 3255 et
875 3196 1197 3269 sanguinem
1232 3196 1481 3251 mustela
1511 3207 1707 3265 magna
1742 3206 1874 3249 cura
1901 3188 2135 3262 eripian-

2232 2001 2400 2059 statui
2430 1991 2692 2069 hiemare.
2724 2023 2742 2045 ι
2786 1996 2914 2053 Post
2944 1996 3229 2069 epistolam
3251 1992 3431 2049 datam
3462 1992 3628 2047 etiam
3648 1991 3824 2063 ipsum

2233 2089 2421 2147 videre
2466 2089 2590 2144 vult
2634 2089 2862 2144 aﬂ‘ectus
2891 2102 3072 2152 causa,
3104 2092 3158 2140 et
3201 2091 3263 2140 ut
3287 2080 3502 2155 plenius
3533 2081 3693 2137 illum
3724 2080 3827 2139 ﬁr-

2233 2187 2409 2235 maret
2437 2178 2495 2234 in
2530 2176 2899 2239 ecclesiastica
2933 2173 3246 2247 disciplina.

2309 2279 2492 2350 (Vers.
2547 2273 2633 2344 lii,
2681 2275 2795 2347 14.)
2847 2298 2865 2320 α
2891 2276 3094 2330 Zenam
3133 2271 3509 2345 legisperitum
3549 2278 3604 2326 et
3633 2269 3831 2342 Apollo

2235 2368 2473 2426 sollicite
2519 2367 2812 2441 praemitte,
2845 2372 2908 2421 ut
2959 2364 3104 2421 nihil
3138 2364 3251 2420 illis
3279 2362 3459 2418 desit:
3494 2361 3710 2417 discant
3739 2375 3831 2415 au-

2235 2467 2345 2517 tem
2405 2468 2459 2516 et
2502 2458 2676 2514 nostri
2727 2457 2889 2513 bonis
2921 2454 3179 2528 operibus
3208 2468 3436 2527 praeesse
3464 2451 3531 2508 ad
3567 2467 3699 2507 usus
3727 2466 3831 2506 ne-

2237 2549 2518 2616 cessarios,
2550 2557 2611 2604 ut
2640 2564 2751 2603 non
2774 2546 2886 2602 sint
2913 2542 3264 2601 infructuosi.
3300 2567 3343 2591 ι·
3362 2542 3600 2614 Uterque
3628 2539 3834 2597 nobilis

2238 2640 2325 2694 vir
2353 2647 2433 2695 est
2480 2638 2745 2711 sapientia
2787 2645 2840 2693 et
2867 2635 3159 2708 operibus;
3192 2640 3246 2690 et
3274 2632 3481 2689 idcirco
3504 2630 3664 2703 jubet
3687 2646 3833 2686 sum-

2238 2736 2364 2800 ptus
2400 2727 2513 2782 illis
2569 2725 2904 2782 necessarios
2942 2723 3061 2779 dari
3103 2722 3170 2779 ab
3220 2722 3309 2791 iis,
3342 2721 3437 2795 qui
3464 2719 3835 2787 crediderant,

2239 2824 2302 2873 ut
2334 2816 2758 2887 refrigerarent;
2794 2815 2925 2887 quia
2950 2813 3176 2886 dignum
3206 2819 3322 2869 erat
3352 2820 3413 2867 ut
3442 2810 3538 2883 qui
3564 2808 3837 2882 spiritalia

2240 2905 2666 2972 tradebant,non
2700 2902 2813 2959 illis
2842 2902 3091 2958 deessent
3118 2900 3378 2958 carnalia.
3402 2896 3670 2968 Quamvis
3685 2898 3835 2953 enim

2241 2999 2443 3055 Zenam
2500 2994 2874 3068 legisperitum
2938 2994 3171 3059 vocitet;
3232 2992 3433 3064 Apollo
3487 2997 3670 3046 tamen
3700 3004 3839 3061 per—

2244 3086 2421 3143 fectus
2478 3093 2593 3140 erat
2649 3083 2705 3139 in
2759 3081 3095 3155 Scripturis:
3155 3081 3248 3136 sed
3296 3080 3425 3153 quia
3470 3079 3642 3135 Zenas
3670 3076 3840 3151 hujus

2243 3174 2603 3248 professionis
2660 3173 2839 3229 fuerat
2893 3170 2951 3227 in
3007 3170 3312 3244 Synagoga,
3343 3170 3423 3226 sic
3450 3168 3608 3224 illum
3642 3166 3841 3241 appel-

536 3265 671 3344 dum
705 3265 896 3360 (Leuit.
937 3265 1023 3357 xi,
1056 3287 1184 3360 29):
1230 3292 1284 3342 et
1311 3285 1439 3360 quia
1466 3284 1589 3341 ideo
1612 3282 1822 3357 Moysis
1850 3280 2132 3355 sepultura
2164 3272 2207 3331 C
2242 3265 2340 3322 lat-

537 3376 863 3434 abscondita
893 3383 995 3446 est,
1026 3391 1093 3433 ne
1132 3393 1164 3432 a
1191 3376 1364 3448 magis
1396 3374 1750 3441 excitaretur,
1781 3368 1927 3444 quod
1957 3369 2003 3425 si
2032 3383 2131 3423 ve-

538 3483 664 3523 rum
721 3476 883 3536 esset,
928 3475 983 3524 et
1030 3473 1350 3523 ceterorum
1409 3471 1724 3520 sanctorum
1751 3459 2137 3517 abscondenda

539 3557 721 3611 fuerat
756 3557 1076 3627 sepultura:
1111 3560 1164 3611 et
1192 3554 1323 3625 quia
1350 3551 1608 3607 Salomon
1631 3548 1908 3620 adjutorio
1937 3548 2134 3604 daemo-

540 3641 763 3699 niorum
818 3642 1090 3713 templum
1147 3637 1465 3706 aediﬁcavit,
1519 3638 1577 3692 in
1611 3651 1719 3709 quo
1757 3652 1919 3709 opere
1945 3637 2138 3710 ingens

542 3728 846 3786 multitudo
873 3728 1166 3798 laboravit,
1195 3727 1329 3801 quid
1356 3734 1467 3782 tam
1491 3725 1803 3782 fabulosum
1827 3724 1857 3781 ?

619 3836 802 3907 (Vers.
838 3834 924 3904 10,
958 3834 1072 3907 11.)
1138 3858 1157 3882 ι
1187 3832 1519 3891 Haereticum
1552 3833 1835 3891 hominem
1867 3838 1991 3908 post
2015 3831 2138 3904 pri—

544 3942 690 3985 mam
747 3923 1149 4000 correptionem
1196 3920 1401 3995 devita,
1454 3926 1634 3983 sciens
1674 3924 1822 3999 quod
1852 3939 2141 3998 perversus

2319 3382 2502 3454 (Vers.
2539 3380 2653 3454 15.)
2690 3404 2709 3429 ι
2730 3380 2983 3437 Salutant
3006 3386 3055 3434 te
3084 3393 3273 3432 omnes
3294 3374 3389 3450 qui
3419 3389 3635 3430 mecum
3653 3378 3828 3428 sunt.-

2243 3470 2471 3544 Propter
2498 3470 2885 3543 compendium
2904 3469 3068 3527 simul
3087 3483 3277 3524 omnes
3296 3463 3639 3522 consalutare
3658 3460 3844 3534 signi-

2246 3560 2390 3617 ﬁcat.
2448 3585 2466 3608 ι
2495 3559 2683 3616 Saluta
2709 3575 2802 3615 eos
2833 3556 2929 3631 qui
2958 3574 3058 3613 nos
3088 3564 3274 3612 amant
3298 3554 3357 3609 in
3380 3552 3507 3608 ﬁde.
3541 3577 3559 3601 ι
3603 3550 3737 3606 Illos
3756 3564 3836 3604 sa-

2247 3649 2515 3707 lutatione
2554 3666 2651 3706 sua
2675 3649 2872 3723 dignos
2901 3647 3077 3704 videri
3107 3646 3248 3714 vult,
3287 3644 3383 3717 qui
3413 3642 3654 3699 ﬁdeliter
3680 3641 3841 3696 illum

2246 3739 2490 3813 diligunt
2515 3736 2714 3797 aﬁ‘ectu
2745 3737 2953 3797 Christi
2982 3734 3208 3794 Domini
3234 3732 3428 3790 nostri.
3477 3757 3496 3781 α
3534 3729 3724 3787 Gratia
3744 3726 3845 3786 Dei

2247 3851 2373 3890 cum
2403 3832 2663 3890 omnibus
2693 3831 2868 3888 vobis.
2899 3854 2917 3878 ι
2961 3829 3120 3887 Nunc
3156 3825 3479 3902 generaliter
3506 3836 3698 3880 omnes
3750 3835 3847 3878 sa-

2248 3924 2389 3981 lutat
2418 3923 2614 3979 fratres
2642 3928 2695 3978 et
2722 3920 3051 3979 domesticos
3080 3918 3211 3977 Titi.

551 4083 3837 4122 ww

671 4284 808 4370 IN
880 4278 1662 4370 EPISTOLAM
1729 4277 1847 4366 B.
1923 4276 2327 4366 PAULI.
2393 4277 2560 4366 AD
2634 4274 3586 4365 PHILEMONEM.

1053 4624 1199 4685 317
1226 4621 1612 4679 PROLOGUS.

622 4719 912 4779 Philemon
969 4718 1125 4779 nulla
1174 4727 1289 4777 erat
1346 4716 1727 4776 ecclesiasticae
1779 4713 2145 4773 ordinationis

551 4809 814 4887 praeditus
844 4810 1233 4886 dignitate,sed
1264 4811 1352 4867 vir
1368 4808 1834 4877 laudabilis,unus
1864 4823 1933 4862 ex
1962 4804 2141 4878 plebe.

553 4896 655 4959 Cui
685 4917 849 4959 causa
876 4901 1123 4958 Onesimi
1153 4903 1299 4958 servi
1328 4901 1447 4973 ejus
1474 4898 1786 4959 familiaris,
1816 4894 2025 4951 litteras
2056 4893 2147 4949 fa-

552 4989 666 5059 cit;
714 4998 777 5046 ut
832 5006 944 5047 non
985 4992 1162 5047 solum
1215 4990 1461 5063 ignoscat
1487 4987 1558 5057 ei,
1591 4987 1685 5043 sed
1714 4995 1767 5043 et
1797 4987 1908 5042 Deo
1948 4983 2146 5056 gratias

552 5087 693 5152 agat;
711 5080 840 5151 quia
871 5079 1033 5136 talem
1068 5080 1225 5136 illum
1259 5078 1485 5151 recepit,
1522 5086 1583 5135 ut
1613 5094 1725 5134 non
1753 5087 1974 5132 servum
2004 5070 2143 5127 aesti-

552 5175 684 5238 met,
715 5166 810 5224 sed
849 5166 1272 5226 dilectissimum
1306 5169 1552 5222 fratrem.

1086 5314 1317 5372 CAPUT
1343 5312 1632 5371 UNICUM.

627 5443 809 5517 (Vers.
854 5442 904 5518 1²Ι
962 5440 1014 5508 2,
1065 5437 1145 5510 3.)
1192 5462 1211 5486 ι
1256 5436 1460 5492 Paulus
1506 5424 1729 5491 vinctus
1760 5428 1965 5489 Christi
1996 5429 2143 5497 Jesu,

555 5538 609 5585 et
638 5531 965 5587 Timotheus
995 5528 1164 5585 frater
1195 5524 1510 5583 Philemoni
1532 5522 1735 5579 dilecto
1764 5519 1941 5587 fratri,
1974 5528 2027 5574 et
2058 5518 2147 5574 la-

553 5616 749 5674 borum
785 5621 945 5677 nobis
976 5616 1251 5693 participi,
1285 5623 1340 5672 et
1365 5612 1557 5688 Appia:
1586 5610 1758 5669 sorori
1788 5607 2143 5675 charissimae,

556 5711 611 5760 et
648 5706 929 5778 Archippo
962 5706 1333 5764 commilitoni
1362 5712 1573 5771 nostro,
1604 5709 1658 5758 et
1686 5698 1999 5757 domesticae
2029 5694 2146 5768 ejus

555 5791 837 5850 Ecclesia.
872 5793 1059 5850 Gratia
1092 5796 1249 5852 vobis
1290 5802 1345 5850 et
1374 5810 1479 5865 pax
1525 5809 1556 5849 a
1596 5792 1710 5848 Deo
1745 5789 1903 5845 Patre
1934 5794 2143 5855 nostro,

2174 4622 2221 4679 D
2252 4638 2305 4686 et
2332 4627 2571 4686 Domino
2624 4626 2751 4684 Jesu
2800 4623 3039 4684 Christo.
3072 4648 3093 4673 ι
3144 4622 3215 4680 Ut
3242 4621 3565 4696 dignitatem
3602 4618 3851 4693 epistolas

2252 4738 2283 4777 a
2311 4737 2367 4777 se
2398 4721 2575 4777 missae
2605 4719 2828 4787 faceret,
2860 4717 2928 4773 ab
2958 4716 3163 4789 injuria
3180 4731 3279 4772 sua
3305 4713 3490 4786 coapit.
3523 4710 3678 4768 Sicut
3698 4708 3851 4767 enim

2252 4808 2462 4882 peccati
2517 4823 2681 4863 causa
2715 4806 2917 4863 vinciri
2968 4804 3323 4879 opprobrium
3355 4809 3456 4871 est,
3488 4801 3565 4858 ita
3597 4816 3627 4857 e
3655 4806 3857 4856 contra

2254 4916 2352 4973 pro
2408 4896 2630 4956 Christo
2684 4894 2947 4954 custodiae
3001 4893 3229 4951 vincula
3279 4892 3549 4948 sustinere
3602 4888 3856 4944 maxima

2256 4988 2463 5058 gloria:
2496 5003 2561 5043 eo
2592 4985 2737 5042 enim
2774 4994 3018 5057 tempore
3048 4999 3158 5057 quo
3188 4981 3330 5039 hanc
3358 4976 3649 5052 epistolam
3672 4977 3852 5039 misit,

2256 5076 2312 5133 in
2360 5077 2609 5134 custodia
2655 5084 2788 5132 erat.
2820 5074 3083 5143 Quamvis
3111 5082 3290 5131 autem
3321 5070 3553 5127 clericus
3577 5082 3693 5124 non
3723 5067 3859 5122 fue-

2254 5169 2328 5224 rit
2355 5168 2851 5234 Philemon,tamen
2891 5164 3153 5220 intererat
3184 5159 3570 5219 ecclesiasticis
3598 5155 3862 5212 necessi—

2254 5257 2459 5315 tatibus
2488 5271 2648 5312 causa
2673 5253 3008 5322 devotionis,
3043 5252 3189 5309 unde
3219 5248 3544 5324 participem
3573 5245 3727 5301 hunc
3755 5243 3864 5324 di—

2254 5347 2329 5404 cit
2380 5345 2649 5400 iaborum.
2685 5343 2826 5400 Sunt
2863 5341 3011 5399 enim
3052 5322 3495 5412 multi'qui,cum
3529 5335 3641 5391 sint
3671 5322 3863 5405 digni,

2253 5440 2520 5490 excusant
2545 5440 2752 5497 tamen,
2783 5431 3005 5487 inﬁmos
3025 5429 3346 5501 semetipsos
3369 5424 3683 5498 judicantes
3714 5420 3863 5479 tanti

2256 5520 2587 5577 ministerii:
2624 5520 2771 5576 unde
2808 5535 2936 5576 vere
2965 5517 3121 5591 digni
3151 5523 3431 5590 apparent.

2330 5609 2511 5681 (Vers.
2545 5608 2599 5679 4,
2647 5610 2700 5677 5,
2751 5608 2830 5680 6,)
2885 5631 2903 5654 ι
2935 5607 3151 5664 Gratias
3187 5622 3285 5677 ago
3312 5606 3428 5661 Deo
3460 5616 3607 5668 meo,
3634 5613 3869 5669 semper

2255 5698 2593 5753 mentionem
2621 5696 2706 5753 tui
2734 5696 2939 5753 faciens
2968 5695 3026 5751 in
3055 5692 3398 5751 orationibus
3427 5689 3585 5758 meis,
3620 5685 3869 5743 audiens

2255 5786 2418 5842 ﬁdem
2474 5794 2626 5842 tuam
2676 5792 2729 5841 et
2772 5784 3117 5853 charitatem,
3163 5788 3328 5856 quam
3359 5778 3527 5837 habes
3555 5776 3616 5833 in
3642 5776 3870 5834 Domi-
