4070 6186
275 357 382 417 533

1228 351 1590 418 COMMENT.
1631 355 1702 415 IN
1739 351 1957 422 EPIST.
1998 357 2094 414 AD
2133 356 2620 419 PHILEMONEM.

3463 364 3571 424 834

273 504 404 544 num
424 487 635 557 Iesum,
661 496 716 546 et
748 489 808 546 in
837 507 1026 549 omnes
1050 499 1297 559 sanctos;
1335 500 1398 548 ut
1435 489 1862 551 communicatio

1979 485 2132 542 velut
2184 503 2424 559 servum,
2485 490 2580 548 sed
2634 507 2734 564 pro
2785 505 2943 550 servo
2998 490 3265 550 dilectum
3320 491 3568 562 fratrem,

271 586 362 633 tua
388 589 619 653 accepta
646 581 744 636 ﬁat
773 581 831 637 in
855 582 1132 655 agnitione
1154 584 1332 639 omnis
1359 583 1512 653 beni,
1537 601 1656 658 quae
1687 585 1744 639 in
1774 597 1869 638 no-

268 665 352 722 bis
381 678 467 724 est
514 669 574 725 in
604 669 842 726 Christo.
885 695 902 718 ι
945 672 1191 729 Gaudere
1223 691 1279 729 se
1309 673 1466 742 dicit,
1499 683 1553 729 et
1594 675 1708 729 Deo
1754 689 1868 745 gra-

267 754 376 812 tias
409 758 618 815 referre
648 759 704 814 in
734 759 985 832 precibus
1013 762 1146 831 suis,
1171 764 1299 835 quia
1322 761 1515 819 ﬁrmus
1535 771 1649 818 erat
1679 762 1736 818 in
1761 761 1869 817 ﬁde

267 853 323 901 et
351 844 525 905 bonis
554 849 808 921 operibus
840 849 1162 910 insistebat:
1199 854 1293 927 qui
1325 855 1471 909 enim
1503 854 1686 926 diligit
1712 852 1868 910 Chri-

269 946 446 1006 stum,
479 939 706 1010 probare
735 940 841 997 hoc
876 943 1036 999 debet
1065 944 1121 998 in
1152 961 1337 1001 servos
1365 945 1483 1017 ejus
1519 946 1660 1017 (9E),
1693 945 1869 1002 sciens

266 1026 572 1083 Dominum
623 1027 732 1085 sibi
786 1029 1188 1103 imputaturum
1239 1034 1511 1106 quidquid
1557 1035 1870 1092 constiterit

267 1123 552 1188 erogatum
602 1117 663 1172 in
713 1119 905 1176 servis.
957 1121 1254 1193 Apostolus
1281 1131 1465 1180 tamen
1500 1123 1606 1180 hoc
1647 1141 1704 1180 se
1732 1124 1868 1181 dicit

268 1206 472 1263 addere
514 1206 789 1280 precibus,
842 1218 905 1266 ut
952 1213 1198 1284 operatio
1232 1213 1348 1284 ejus
1386 1230 1508 1271 cum
1555 1215 1868 1288 cognitione

273 1295 367 1351 ﬁat
396 1295 696 1365 bonitatis;
740 1297 847 1356 hoc
875 1307 974 1369 est,
1010 1307 1070 1356 ut
1109 1301 1205 1357 tali
1237 1301 1341 1360 hoc
1379 1311 1560 1360 mente
1590 1313 1864 1376 operetur,

272 1391 333 1439 ut
365 1385 421 1439 in
452 1385 703 1442 futurum
735 1387 901 1459 hujus
932 1389 1008 1444 rei
1039 1399 1316 1464 exspectet
1342 1392 1668 1449 mercedem.

340 1474 524 1546 (Vers.
562 1477 641 1547 7.)
712 1499 730 1524 ‹
783 1478 1056 1536 Gaudium
1107 1481 1254 1538 enim
1313 1498 1570 1555 magnum
1617 1482 1786 1538 habui
1816 1489 1869 1538 et

263 1565 706 1622 consolationem
761 1585 924 1640 super
970 1570 1240 1628 charitate
1294 1581 1422 1639 tua;
1479 1573 1609 1646 quia
1657 1575 1869 1630 viscera

263 1663 581 1712 sanctorum
639 1657 1033 1729 requieverunt
1093 1677 1189 1732 per
1239 1669 1325 1729 te,
1381 1661 1566 1718 frater.
1610 1688 1627 1708 -
1681 1663 1869 1718 Mani-

263 1745 466 1802 festum
512 1751 596 1802 est
645 1745 778 1819 quia
827 1747 1036 1806 idcirco
1084 1751 1461 1823 sepsigniﬁcat
1512 1753 1697 1809 laetum
1729 1770 1863 1823 esse,

1977 577 2219 633 maxime
2246 577 2382 635 mihi
2407 597 2420 646 ;
2463 591 2668 653 quanto
2693 593 2876 639 autem
2911 584 3083 656 magis
3105 583 3211 639 tibi
3239 591 3293 639 et
3321 583 3381 639 in
3406 599 3570 642 carne

1978 672 2030 721 et
2061 666 2117 721 in
2138 667 2375 722 Domino
2398 670 2425 724 7
2455 695 2472 717 ιι
2508 670 2816 739 Onesimus,
2841 674 3047 729 offenso
3067 673 3293 729 domino
3323 673 3568 746 proprio,

1978 757 2226 829 confugit
2276 761 2437 831 longa
2492 762 2928 833 peregrinatione
2979 764 3047 819 ad
3091 765 3453 837 Apostolum;
3507 772 3570 820 ut

1979 849 2286 905 ostenderet
2340 867 2396 906 se
2451 865 2563 906 non
2619 852 2687 908 ad
2743 853 2850 910 hoc
2904 855 3207 922 recessisse,
3259 861 3322 911 ut
3376 852 3567 910 delicti

1978 947 2116 993 esset
2148 939 2445 1007 obnoxius,
2496 942 2590 997 sed
2621 949 2681 996 ut
2727 942 3062 999 oblitteratis
3105 943 3360 1013 peccatis,
3411 941 3568 997 utilis

1979 1036 2345 1085 reverteretur
2374 1030 2433 1084 in
2462 1037 2713 1099 tantum,
2745 1039 2806 1085 ut
2851 1048 2959 1086 non
3003 1032 3180 1086 solum
3212 1031 3438 1086 domino
3468 1047 3567 1086 suo

1978 1116 2202 1190 aequalis
2231 1117 2384 1175 ﬁeret
2421 1118 2653 1188 meritis,
2696 1117 2789 1176 sed
2819 1129 2871 1177 et
2919 1120 3022 1192 ipsi
3071 1120 3330 1192 magistro
3376 1117 3564 1176 frater.

1977 1207 2049 1261 Et
2083 1223 2151 1262 ne
2178 1207 2468 1264 Philemon
2498 1209 2744 1281 aliquod,
2777 1219 2840 1266 ut
2866 1210 3086 1276 assolet,
3119 1209 3275 1281 quasi
3309 1207 3568 1264 dominus

1978 1295 2268 1351 adversum
2301 1313 2541 1366 servum,
2590 1297 2873 1353 fastidium
2921 1297 3224 1354 inﬂationis
3269 1304 3564 1368 pateretur,

1977 1381 2237 1439 humiliat
2268 1385 2448 1453 illum,
2477 1402 2602 1442 cum
2631 1386 2768 1441 dicit
2793 1386 2950 1441 illum
2985 1385 3210 1441 fratrem
3232 1393 3285 1440 et
3317 1385 3376 1440 in
3406 1400 3569 1441 carne

1977 1479 2030 1527 et
2083 1472 2139 1526 in
2185 1474 2455 1542 Domino;
2511 1483 2605 1542 ut,
2658 1474 2873 1531 sublata
2925 1474 3180 1530 humanae
3231 1472 3568 1529 conditionis

1977 1576 2158 1628 causa,
2179 1560 2305 1633 quia
2328 1577 2517 1617 omnes
2545 1579 2614 1618 ex
2651 1579 2761 1617 uno
2788 1579 2976 1618 sumus
3012 1561 3210 1630 Adam,
3246 1562 3439 1618 fratres
3469 1579 3570 1618 nos

1976 1665 2413 1720 cognoscamus:
2469 1651 2709 1707 maxime
2752 1669 2877 1708 cum
2924 1651 3059 1707 ﬁdes
3104 1653 3315 1710 accedit
3363 1653 3563 1720 media,

1977 1756 2097 1810 quas
2125 1756 2341 1796 omnem
2372 1740 2684 1815 superbiam
2718 1749 2983 1812 amputat.

266 1836 401 1910 quia
449 1844 763 1892 sanctorum
813 1837 1232 1897 necessitatibus
1270 1841 1532 1898 utensilia
1575 1845 1862 1901 ministra-

2051 1829 2234 1900 (Vers.
2274 1831 2386 1900 17.)
2441 1854 2460 1878 ι
2501 1830 2558 1886 Si
2589 1847 2716 1902 ergo
2746 1830 2914 1886 habes
2944 1847 3031 1887 me
3059 1831 3268 1888 socium
3301 1833 3440 1904 (96),
3472 1850 3569 1890 as-

267 1927 407 1993 bat;
448 1926 596 1983 unde
628 1936 676 1983 et
706 1928 830 2000 plus
861 1931 1096 2002 gaudet,
1127 1937 1309 1988 certus
1345 1949 1414 1989 ex
1461 1933 1565 1990 hoc
1595 1936 1724 2008 quia
1756 1934 1865 1991 ob-

270 2028 592 2090 sequeretur
644 2027 695 2075 et
749 2017 1022 2078 mandatis
1075 2020 1213 2094 ejus,
1273 2039 1434 2097 quem
1494 2033 1707 2083 constat
1752 2043 1866 2084 esse

265 2109 558 2181 potiorem.

337 2198 521 2270 (Vers.
555 2199 610 2267 8,
647 2201 730 2272 9.)
777 2225 793 2249 ι
835 2201 1182 2276 Quapropter
1209 2205 1439 2261 multam
1467 2205 1724 2263 ﬁduciam
1757 2206 1865 2263 ha-

256 2287 398 2343 bens
428 2289 485 2344 in
517 2289 741 2346 Christo
770 2292 1078 2364 imperandi
1107 2293 1234 2363 tibi,
1266 2295 1413 2368 quod
1443 2295 1511 2352 ad
1541 2313 1652 2352 rem
1685 2296 1866 2369 perti—

259 2385 400 2445 net;
463 2388 685 2452 propter
735 2379 1060 2438 charitatem
1118 2391 1301 2441 tamen
1355 2386 1526 2459 magis
1581 2386 1859 2459 deprecor,

257 2481 396 2522 cum
446 2468 520 2523 sis
550 2469 694 2537 talis,
739 2476 802 2526 ut
855 2472 1060 2527 Paulus
1109 2488 1322 2531 senex:
1383 2491 1532 2532 nunc
1580 2485 1761 2533 autem
1810 2483 1862 2533 et

258 2557 493 2614 vinctus
544 2556 746 2616 Christi
796 2561 942 2618 Jesu.
993 2587 1011 2609 ι
1065 2564 1341 2630 Quantum
1400 2565 1540 2622 ratio
1589 2565 1861 2640 exigebat,

253 2645 492 2718 dignum
558 2655 673 2704 erat
742 2649 1008 2724 imperare
1068 2653 1344 2726 discipulo
1413 2654 1735 2726 magistrum
1792 2673 1861 2713 ex

250 2735 464 2793 ﬁducia
505 2739 821 2810 apostolicae
869 2741 1252 2806 auctoritatis;
1293 2743 1386 2800 sed
1413 2743 1543 2817 quia
1571 2744 1660 2799 vir
1684 2739 1862 2801 bonus

249 2833 376 2881 erat
403 2825 717 2897 Philemon,
761 2845 857 2901 per
883 2831 1139 2887 affectum
1191 2831 1352 2887 illum
1393 2842 1653 2906 provocat
1683 2833 1862 2891 obau—

248 2915 398 2985 dire,
460 2917 617 2990 quasi
671 2935 918 2975 cozevum
977 2921 1171 2989 aetatis,
1234 2929 1286 2977 et
1341 2918 1594 2979 vinctum
1653 2923 1858 2981 Christi

247 3006 407 3075 Jesu,
471 3007 527 3064 id
581 3018 684 3078 est,
737 3009 1038 3083 obligatum
1095 3011 1331 3084 negotiis
1383 3012 1714 3083 Dominicis,
1771 3015 1860 3070 vel

247 3105 484 3172 propter
511 3116 714 3156 nomen
741 3100 859 3172 ejus
887 3100 1195 3174 subjectum
1225 3103 1466 3159 vinculis
1488 3147 1502 3172 ,
1533 3105 1676 3161 sicut
1705 3112 1860 3160 erant

245 3197 297 3246 et
339 3188 449 3262 ipsi
481 3190 737 3263 apostoli.
782 3192 937 3248 Tales
967 3192 1114 3249 enim
1147 3193 1371 3251 fuerunt
1399 3193 1564 3251 Judas
1597 3203 1649 3251 et
1692 3195 1855 3263 Silas,
1893 3208 1935 3268 ί]

245 3275 376 3351 qui,
429 3291 554 3333 cum
595 3294 664 3334 ex
712 3279 870 3352 plebe
909 3289 1109 3351 essent,
1165 3282 1432 3355 primores
1477 3284 1622 3340 inter
1666 3285 1859 3340 fratres

246 3369 406 3439 (Act.
447 3384 545 3436 xv,
596 3369 712 3440 22),
763 3369 1140 3443 obligaverant
1190 3371 1512 3446 semetipsos
1552 3373 1859 3430 Dominicis

245 3457 514 3526 actibus;
575 3467 638 3516 ut
704 3477 815 3517 una
876 3479 1001 3519 cum
1063 3463 1380 3535 apostolicis
1443 3466 1857 3538 coagonizarent

243 3555 484 3620 propter
515 3547 677 3605 ﬁdem
707 3551 808 3606 Dei
841 3551 980 3623 (95).
1013 3552 1170 3610 Unde
1202 3552 1344 3610 Silas
1381 3555 1650 3630 particeps
1699 3555 1858 3612 labo—

245 3654 376 3694 rum
412 3639 700 3696 invenitur
726 3643 997 3715 Apostoli.

326 3729 514 3798 (Vers.
552 3729 764 3800 10-111.)
813 3759 829 3780 ε
863 3733 1099 3791 Obsecro
1121 3741 1202 3804 .te,
1237 3752 1336 3808 pro
1372 3751 1496 3793 meo
1526 3735 1662 3805 ﬁlio,
1695 3751 1858 3810 quem

247 3817 427 3887 genui
479 3818 537 3872 in
571 3819 832 3890 vinculis,
885 3823 1145 3880 Onesimo
1185 3825 1461 3898 quondam
1505 3825 1608 3883 tibi
1645 3825 1856 3894 inutili,

245 3922 417 3960 nunc
440 3921 574 3960 vero
597 3907 698 3962 tibi
731 3910 973 3986 mihique
999 3915 1244 3985 perutili,
1268 3931 1430 3988 quem
1463 3915 1650 3971 remisi
1683 3915 1751 3972 ad
1780 3923 1852 3971 te.

249 3994 355 4046 Tu
383 4001 564 4047 autem
605 3995 762 4052 illum
806 3999 948 4057 sicut
993 4019 1111 4059 mea
1136 4005 1346 4063 viscera
1389 4008 1644 4080 suscipe:
1695 4024 1857 4081 quem

253 4095 375 4169 ego
405 4082 682 4138 volueram
719 4089 862 4158 apud
908 4105 995 4145 me
1037 4091 1212 4163 ipsum
1260 4097 1512 4164 retinere,
1544 4105 1608 4154 ut
1656 4113 1756 4169 pro
1807 4106 1859 4154 te

249 4168 414 4225 mihi
449 4170 787 4231 ministraret
835 4178 890 4233 in
935 4179 1175 4237 vinculis
1220 4183 1548 4257 Evangelii:
1601 4168 1694 4243 sed
1722 4185 1862 4244 citra

247 4266 423 4315 tuum
453 4262 753 4320 consilium
785 4266 924 4322 nihil
957 4270 1111 4324 volui
1146 4271 1353 4339 facere;
1385 4282 1445 4329 ut
1471 4291 1582 4330 non
1611 4277 1764 4333 velut
1791 4293 1859 4332 ex

247 4350 594 4436 necessitate
631 4351 837 4412 bonum
870 4366 1026 4414 tuum
1061 4366 1223 4428 esset,
1270 4360 1363 4416 sed
1399 4364 1792 4422 voluntarium.
1827 4391 1845 4414 ι

246 4439 386 4495 Νοη
431 4459 689 4513 magnum
734 4456 813 4502 est
858 4448 1127 4504 humilem
1174 4448 1442 4507 inclinare
1479 4468 1555 4519 se,
1592 4453 1863 4514 laudabile

245 4550 397 4589 vero
424 4533 715 4590 sublimem
745 4537 926 4594 virum
961 4537 1261 4597 bumiliare
1287 4555 1376 4608 se;
1418 4539 1544 4596 ideo
1572 4542 1858 4614 Apostolus

247 4629 421 4695 rogat
451 4639 598 4691 eum,
645 4626 733 4681 cui
777 4627 1084 4701 imperandi
1132 4628 1295 4686 habet
1333 4638 1682 4702 potestatem,
1714 4637 1776 4687 ut
1806 4632 1861 4688 in

250 4720 529 4776 omnibus
558 4717 702 4775 318
732 4722 907 4779 forma
938 4725 1009 4781 sit
1041 4726 1108 4782 ad
1156 4727 1464 4799 profectum
1515 4727 1861 4786 meritorum.

249 4812 591 4868 Onesimum
629 4829 756 4885 ergo
783 4815 1072 4887 profugum
1106 4823 1478 4875 recurrentem
1511 4817 1577 4875 ad
1608 4817 1862 4876 divinum

248 4901 565 4969 auxilium,
582 4919 706 4957 cum
731 4911 871 4958 esset
893 4903 949 4957 in
970 4905 1217 4960 custodia
1237 4906 1610 4976 urbiisomaz,
1629 4909 1866 4981 baptiza-

243 4988 338 5044 vit
363 4989 674 5062 Apostolus
697 4991 838 5060 (Act.
862 5005 1068 5058 xxvm,
1094 4992 1199 5064 16),
1225 4993 1422 5050 videns
1444 4994 1500 5050 in
1531 4995 1630 5052 illo
1657 4999 1866 5055 utilita-

247 5079 327 5134 tis
359 5095 542 5150 spem.
575 5079 746 5147 Quem
781 5080 860 5136 sic
902 5081 1265 5150 commendat,
1311 5091 1373 5139 ut
1419 5099 1579 5139 suum
1620 5086 1864 5142 animum

251 5167 313 5223 in
373 5167 482 5224 illo
530 5168 804 5241 signiﬁcet
854 5170 1114 5227 idoneum
1163 5188 1230 5226 ex
1282 5173 1470 5230 inutili
1520 5173 1722 5232 factum
1755 5182 1864 5233 tam

250 5255 644 5327 saecularibus,
680 5275 840 5331 quam
870 5257 1079 5315 divinis
1110 5259 1403 5333 obsequiis.

331 5346 529 5418 (Vers.
562 5347 660 5416 15,
697 5347 809 5419 16.)
865 5371 882 5396 ι
926 5349 1176 5405 Forsitan
1215 5350 1360 5406 enim
1403 5350 1609 5409 idcirco
1645 5353 1868 5410 secessit

254 5436 325 5493 ad
360 5436 587 5504 horam,
609 5443 671 5492 ut
702 5436 759 5493 in
791 5443 1053 5494 aeternum
1082 5437 1240 5493 illum
1274 5439 1576 5512 reciperes:
1615 5457 1725 5498 non
1751 5441 1866 5515 jam

337 5644 469 5720 (94)
510 5644 695 5720 Codex
722 5645 894 5720 Yall.,
926 5646 1157 5720 probare
1191 5647 1283 5702 hoc
1297 5647 1456 5720 debet
1483 5648 1536 5702 in
1564 5650 1706 5720 ﬁlios
1735 5649 1865 5720 ejus.

338 5715 472 5786 (95)
511 5716 668 5774 Rom.
701 5715 834 5773 edit.
869 5715 1004 5784 sola,
1035 5724 1252 5789 propter
1285 5719 1480 5774 Filium.
1501 5715 1616 5776 Dei.

1973 1933 2129 1974 sume
2156 1920 2317 1974 illum
2348 1919 2493 1976 sicut
2531 1936 2636 1976 me.
2670 1945 2689 1968 ι
2733 1920 2966 1976 Tantum
3001 1937 3056 1976 se
3082 1921 3338 1978 affectum
3371 1921 3569 1978 habere

1974 2006 2119 2063 circa
2175 2007 2498 2063 Onesimum
2555 2009 2816 2076 ostendit,
2869 2017 2930 2064 ut
2979 2017 3114 2066 tunc
3166 2009 3568 2077 Philemonem,

1974 2111 2137 2167 quem
2185 2097 2438 2169 superius
2468 2097 2674 2166 laudat,
2727 2098 3050 2170 participem
3099 2116 3258 2156 suum
3297 2100 3468 2168 dicat,
3520 2117 3571 2156 si

1974 2184 2140 2240 istum
2173 2185 2252 2242 sic
2279 2187 2599 2258 susceperit,
2629 2188 2775 2245 sicut
2805 2189 3153 2260 Apostolum.
3185 2189 3301 2245 Hoc
3318 2196 3400 2245 est
3421 2189 3567 2244 enim

1975 2277 2120 2350 quod
2147 2277 2293 2333 dixit
2320 2278 2579 2334 Salomon
2623 2297 2635 2335 :
2683 2302 2701 2327 ι
2741 2279 2912 2335 Servo
2952 2279 3191 2359 sapienti
3240 2279 3399 2337 liberi
3447 2295 3570 2336 ser-

1973 2367 2127 2421 vient
2178 2367 2388 2438 (Eccli.
2421 2381 2501 2436 x,
2535 2368 2673 2440 28).
2724 2394 2742 2419 ι
2789 2368 2948 2436 Quod
2995 2369 3204 2426 dictum
3256 2371 3453 2426 terrori
3489 2377 3571 2425 est

1973 2455 2308 2526 Philemoni,
2344 2464 2405 2512 ut
2435 2459 2628 2512 saltem
2660 2459 2747 2513 vel
2780 2457 2883 2515 hac
2911 2475 3072 2516 causa
3095 2467 3396 2516 assumeret
3419 2475 3564 2525 eum,

1970 2542 2015 2597 si
2045 2544 2311 2601 charitate
2341 2545 2489 2602 ﬂecti
2518 2560 2631 2602 non
2662 2554 2861 2617 posset.

2045 2644 2226 2715 (Vers.
2256 2646 2339 2712 18,
2375 2645 2488 2715 19.)
2535 2668 2554 2693 ι
2604 2644 2660 2701 Si
2709 2655 2892 2702 autem
2941 2645 3156 2718 aliquid
3186 2645 3326 2701 laesit
3365 2653 3436 2713 te,
3473 2653 3568 2700 aut

1970 2731 2188 2786 debitor
2215 2739 2318 2800 est,
2352 2731 2458 2788 hoc
2483 2732 2622 2788 mihi
2653 2733 2883 2804 imputa.
2914 2757 2933 2782 ι
2966 2733 3124 2790 Nunc
3156 2733 3570 2789 excusationem

1971 2818 2273 2878 iracundiae
2304 2820 2606 2889 convellit;
2649 2838 2718 2878 ne
2747 2822 2890 2878 forte
2926 2823 3007 2879 sic
3045 2823 3236 2878 laesum
3268 2839 3325 2879 se
3351 2839 3469 2879 esse
3501 2822 3570 2878 ab

1970 2927 2034 2966 eo
2063 2919 2404 2984 quereretur,
2435 2920 2496 2968 ut
2533 2912 2618 2968 illi
2654 2912 3055 2984 ignoscendum
3088 2914 3317 2970 minime
3343 2914 3571 2970 videre-

1969 3008 2080 3056 tur.
2105 3000 2262 3068 Quod
2285 3002 2330 3056 si
2356 3010 2515 3070 esset,
2542 3001 2648 3057 sibi
2682 3000 3072 3074 imputandum
3094 3003 3255 3071 dicit,
3285 3019 3384 3074 per
3403 3018 3564 3074 quem

1969 3091 2121 3161 regni
2147 3094 2414 3148 ccelorum
2447 3090 2691 3148 haaredes
2725 3091 2900 3146 futuri
2927 3100 3078 3161 sunt,
3119 3092 3250 3166 quia
3277 3100 3403 3148 ante
3432 3107 3569 3164 pec-

1968 3187 2253 3235 caverunt.

2044 3276 2224 3347 (Vers.
2257 3278 2370 3348 19.)
2419 3301 2437 3326 ε
2470 3277 2586 3350 Ego
2617 3276 2820 3333 Paulus
2859 3278 3050 3351 scripti
3093 3293 3260 3334 manu
3289 3294 3432 3363 mea,
3469 3294 3566 3353 ego

1969 3364 2227 3430 reddam;
2282 3374 2344 3421 ut
2394 3382 2505 3422 non
2550 3367 2728 3423 dicam
2759 3367 2862 3423 tibi
2899 3367 3046 3440 quod
3077 3368 3239 3424 etiam
3281 3375 3334 3424 te
3382 3367 3564 3440 ipsum

1967 3453 2108 3509 mihi
2137 3453 2322 3510 debes.
2360 3479 2378 3502 ιι
2422 3455 2478 3510 Si
2519 3471 2626 3528 qua
2669 3456 2876 3512 offensa
2921 3466 3003 3513 est
3031 3455 3300 3525 Onesimi,
3344 3457 3567 3512 cautio-

1966 3557 2092 3598 nem
2139 3559 2294 3599 suam
2343 3551 2578 3600 testatur
2619 3561 2678 3600 se
2723 3560 2839 3602 esse
2885 3545 3179 3613 idoneam;
3224 3553 3287 3600 ut
3333 3561 3432 3617 pro
3466 3546 3566 3602 illo

1967 3633 2283 3690 satisfaciat.
2339 3635 2410 3689 Et
2454 3643 2516 3691 ut
2556 3651 2749 3691 verum
2796 3637 3074 3708 loquatur,
3106 3634 3374 3707 suberigit
3403 3651 3478 3702 se,
3511 3643 3567 3690 et

1967 3720 2107 3778 dicit
2134 3719 2266 3795 quia
2291 3723 2475 3779 minus
2503 3724 2571 3780 ab
2601 3723 2701 3780 illo
2722 3724 2917 3796 exigit,
2949 3739 3115 3797 quam
3146 3723 3344 3780 debere
3372 3723 3566 3797 probs-

1966 3820 2077 3867 tur.
2105 3813 2170 3866 In
2195 3829 2354 3869 servo
2379 3813 2528 3869 enim
2558 3813 2776 3886 cogitur
2803 3813 3137 3882 satlsfacere,
3172 3812 3302 3886 quia
3321 3812 3563 3885 seipsum

1967 3901 2154 3959 debito
2183 3909 2396 3958 onerat.

2041 4001 2224 4073 (Vers.
2258 4001 2345 4069 20,
2377 4001 2494 4072 21.)
2543 4025 2562 4049 ι
2602 4000 2683 4059 Ita
2727 4001 2916 4070 frater,
2967 4002 3048 4057 sic
3077 4017 3175 4072 ego
3221 4009 3274 4056 te
3315 4000 3467 4054 fruar
3502 3997 3561 4052 in

1967 4090 2228 4160 Domino,
2262 4092 2447 4148 refove
2478 4093 2689 4149 viscera
2727 4107 2849 4148 mea
2891 4092 2950 4147 in
2985 4091 3225 4149 Christo.
3275 4086 3561 4143 Fiduciam

1969 4179 2178 4237 habens
2221 4181 2595 4239 obauditiouis
2637 4189 2767 4248 tuae,
2812 4179 3007 4252 scripsi
3048 4179 3169 4248 tibi,
3217 4179 3393 4234 sciens
3433 4176 3563 4249 quia

1969 4287 2134 4342 supra
2184 4287 2346 4344 quam
2398 4272 2542 4340 dico,
2600 4270 2784 4327 facies.
2842 4295 2858 4318 ι
2920 4270 3082 4327 Modo
3137 4265 3442 4336 blanditur,
3499 4276 3563 4322 ut

1970 4361 2254 4418 obauditio
2302 4362 2420 4434 ejus
2464 4362 2780 4418 voluntaria
2825 4363 2934 4430 sit;
2986 4368 3050 4417 ut
3099 4361 3271 4434 possit
3318 4360 3563 4416 fructum

1970 4449 2191 4509 habere.
2227 4453 2316 4509 Sic
2344 4452 2490 4508 enim
2523 4459 2784 4525 provocat
2823 4468 2971 4520 eum,
3003 4459 3065 4506 ut
3095 4450 3336 4523 amplius
3375 4450 3563 4518 faciat,

1887 4578 1935 4636 Β
1970 4559 2132 4616 quam
2159 4544 2470 4616 postulatur
2489 4541 2556 4598 ab
2581 4558 2672 4611 eo;
2705 4543 2843 4599 solet
2873 4543 3021 4598 enim
3043 4541 3184 4608 ﬁeri,
3208 4548 3271 4595 ut
3292 4541 3390 4613 qui
3413 4537 3566 4596 videt

1971 4635 2110 4691 bene
2139 4635 2206 4690 de
2235 4633 2291 4689 se
2321 4633 2535 4702 sentiri,
2567 4634 2852 4689 meliorem
2892 4647 2948 4688 se
2977 4632 3234 4703 praebeat.

2049 4724 2229 4794 (Vera.
2249 4723 2365 4794 22.)
2403 4746 2420 4770 ι
2449 4721 2626 4779 Simul
2657 4729 2839 4777 autem
2861 4729 2915 4777 et
2943 4735 3186 4793 prmpara
3213 4719 3355 4775 mihi
3382 4717 3566 4791 hospi-

1973 4814 2150 4880 tium;
2185 4828 2341 4885 spero
2369 4813 2518 4869 enim
2546 4811 2692 4884 quod
2725 4827 2820 4883 per
2846 4811 3122 4867 orationes
3149 4818 3358 4866 vestras
3386 4810 3569 4866 dona-

1973 4903 2074 4959 bor
2101 4905 2279 4960 vobis.
2316 4928 2334 4950 ι
2380 4904 2450 4959 Ut
2478 4901 2858 4958 sollicitiorem
2897 4901 3057 4958 illum
3087 4900 3270 4967 faciat,
3301 4907 3356 4956 et
3398 4897 3570 4969 magis

1975 4995 2224 5062 obediat,
2275 5001 2575 5050 venturum
2629 5008 2683 5048 se
2730 5008 2846 5048 esse
2893 4991 2977 5047 illi
3027 4990 3335 5064 signiﬁcat;
3391 4990 3568 5046 solent

1975 5083 2122 5138 enim
2155 5083 2406 5138 absentes
2433 5081 2736 5138 contemni.
2788 5083 2859 5137 Et
2889 5087 2950 5136 ut
2992 5080 3126 5154 quid
3155 5078 3448 5150 Apostolus
3477 5075 3570 5130 hic

1975 5171 2156 5228 adhuc
2185 5188 2301 5228 esse
2337 5187 2448 5228 non
2478 5171 2826 5242 dedignatur,
2866 5169 2961 5243 qui
3000 5184 3210 5241 semper
3238 5165 3399 5222 taedia
3436 5177 3569 5235 pas-

1976 5279 2067 5317 sus
2091 5270 2172 5317 est
2203 5269 2257 5317 et
2287 5260 2479 5331 exitia,
2529 5261 2725 5327 caedes,
2769 5260 3190 5334 persecutiones,
3235 5272 3298 5312 ac
3324 5252 3566 5318 vincula.

1977 5362 2030 5410 et
2059 5353 2219 5425 cujus
2265 5352 2483 5427 requies
2523 5369 2636 5410 non
2685 5362 2822 5422 erat,
2873 5352 2980 5408 nisi
3033 5351 3090 5405 in
3137 5348 3252 5402 solo
3299 5341 3571 5399 Christo?

1978 5443 2083 5501 Sed
2118 5451 2344 5516 propter
2377 5443 2682 5516 profectum
2718 5442 2833 5513 (97)
2869 5437 3226 5500 credentium,
3256 5440 3318 5488 ut
3355 5439 3412 5488 et
3453 5429 3575 5487 ini-

2057 5649 2173 5728 (96)
2216 5648 2424 5728 Eadem
2459 5647 2616 5728 Rom.
2651 5638 3477 5728 edit.,‘habesAmeparticipem.

2058 5651 2149 5728 (96
2216 5651 2424 5705 Eadem
2459 5651 2616 5702 Rom.
2651 5651 2808 5708 edit.,
2840 5651 2992 5694 habes
3021 5652 3100 5690 me
3134 5651 3477 5713 participem.

2058 5651 2174 5787 (97)
2219 5720 2318 5776 Sed
2365 5721 2587 5788 propter
2624 5711 2951 5785 profectum,
2998 5715 3052 5764 et
3103 5723 3228 5782 quae
3293 5713 3594 5784 sequuntur
