4068 6188
500 419 611 479 535

1522 406 1618 463 AD
1659 402 1894 463 OPEBA
1931 402 1988 459 S.
2027 399 2362 460 AMBROSII
2399 397 2779 457 APPENDIX.

3711 388 3817 447 536

501 549 677 606 micos
717 545 897 604 crucis
945 540 1156 600 Christi
1199 537 1561 595 confunderet
1606 536 1673 591 ad
1717 531 1816 589 Dei
1866 530 2093 604 gloriam
2123 535 2174 594 A
2206 535 2421 598 Demas,
2469 531 2663 597 Lucas,
2706 527 2984 600 adjutores
3029 521 3156 579 mei.
3192 544 3209 567 ι
3250 520 3362 576 Hos
3405 534 3601 576 omnes
3639 520 3820 594 parti-

505 639 995 713 augmentandam,
1039 651 1257 690 carnem
1304 647 1456 687 suam
1508 625 1855 700 passionibus
1897 623 2104 678 offere-

504 710 600 784 bat
620 747 632 796 ;
680 735 742 783 ut
785 727 983 782 animae
1012 742 1122 781 suae
1157 733 1210 779 et
1238 719 1460 792 corpori
1490 732 1720 776 coronas
1760 710 2102 768 immortali-

505 819 634 874 tatis
662 815 990 888 acquireret.

583 919 764 992 (Vers.
803 920 893 986 23,
931 917 1048 987 24.)
1095 939 1112 960 ι
1143 913 1354 969 Salutat
1403 917 1456 965 te
1504 903 1788 977 Epaphras
1824 895 2103 992 concepti-

509 1025 612 1064 vus
661 1025 816 1065 meus
846 1007 904 1062 in
954 1005 1176 1064 Christo
1226 1003 1396 1058 Jesu:
1455 999 1691 1063 Marcus,
1723 988 2099 1053 Aristarchus,

507 1125 574 1182 ad
639 1125 806 1181 ﬁnem
869 1141 1043 1196 usque
1107 1120 1530 1196 commentarii,
1596 1117 1981 1196 desiderantur
2046 1114 2102 1169 in

507 1197 760 1268 pluribus
787 1189 1117 1268 optim'aeque
1148 1201 1291 1268 notae
1317 1189 1602 1268 codicibus
1616 1208 1637 1268 _:
1665 1189 1737 1268 _in
1761 1189 1894 1268 aliis
1917 1196 2102 1268 tamen

507 1257 839 1332 nonnullis;
868 1283 966 1322 nec
1013 1257 1123 1321 non
1163 1265 1219 1319 in
1253 1263 1511 1319 omnibus
1541 1261 1883 1318 editionibus
1913 1257 2102 1315 eadem

507 1339 607 1394 illa
635 1337 1007 1409 reperiuntur.

2211 623 2359 694 cipes
2399 621 2586 693 gloriae
2623 637 2733 675 suae
2771 626 3024 674 testatur.

2286 710 2467 782 (Vers.
2503 710 2619 780 25.)
2672 733 2689 755 ι
2730 707 2916 763 Gratia
2954 701 3177 762 Domini
3223 698 3400 754 nostri
3443 699 3572 754 Jesu
3603 699 3819 758 Christi

2213 818 2339 858 cum
2368 800 2568 872 spiritu
2596 806 2800 866 vestro,
2841 813 3020 853 amen.
3054 821 3072 844 ι
3118 794 3247 850 Haec
3289 789 3624 863 subscriptio
3654 792 3817 864 Apo-

2213 893 2342 950 stoli
2371 899 2453 948 est
2483 889 2861 947 conﬁrmantis
2888 887 3176 962 epistolam
3208 884 3434 942 missam
3470 884 3614 956 (98).

2287 1108 2402 1180 (98)
2445 1103 2853 1180 Commentaria
2896 1101 2952 1180 i_n
2997 1099 3285 1180 epistolam
3325 1096 3393 1153 ad
3424 1096 3813 1180 Hebraeoscur

2213 1168 2462 1238 inKbanc
2514 1175 2813 1234 editionem
2863 1170 3206 1230 admittenda
3255 1185 3366 1225 non
3413 1169 3534 1224 visa
3582 1168 3809 1236 fuerint,

2212 1269 2404 1311 causas
2449 1248 2738 1305 attulimus
2787 1246 2843 1300 in
2888 1242 3283 1300 Admonitione
3329 1240 3610 1296 universis
3664 1239 3811 1296 hisce

2213 1320 2627 1381 commentariis
2654 1336 2685 1375 a
2714 1317 2874 1374 nobis
2905 1314 3205 1388 praemissa,
3237 1329 3406 1386 quam
3435 1311 3688 1369 consule.

507 1448 2629 1477 _______________________._.____———

982 1552 1100 1636 IN
1173 1546 1849 1649 SEQUENTEM
1917 1537 2598 1629 TRACTATUM
2667 1529 3342 1620 ADMONITIO.

576 1804 764 1870 Liber,
796 1817 955 1876 quem
990 1800 1338 1874 subjicimus,
1381 1815 1412 1853 a
1438 1798 1696 1855 Romanae
1727 1793 1989 1851 editionis
2032 1788 2379 1849 curatoribus
2409 1786 2558 1842 inter
2589 1784 2826 1856 genuina
2868 1782 3043 1840 sancti
3069 1779 3352 1837 Ambrosii
3379 1794 3535 1851 opera
3567 1777 3815 1850 primum

506 1865 764 1962 vulgatus
793 1865 874 1947 est
919 1890 1021 1946 sub
1065 1865 1172 1946 hoc
1208 1865 1419 1944 titulo:
1472 1889 1539 1943 In
1588 1886 1889 1957 Symbolum
1925 1882 2303 1954 Apostolorum
2351 1879 2652 1934 Tractatus.
2698 1878 2772 1929 At
2819 1871 2950 1962 licet
2995 1886 3186 1962 neque
3225 1867 3619 1962 bibliothecam
3667 1865 3822 1962 unde

506 1979 792 2053 prodierit,
828 1995 1003 2052 neque
1031 1977 1428 2050 exemplarium
1468 1992 1537 2032 ex
1579 1954 1782 2046 quibus
1823 1971 1990 2044 praelo
2031 1968 2357 2026 commissus
2396 1965 2491 2032 sit,
2539 1962 2864 2036 qualitatem
2899 1960 3009 2016 viri
3052 1957 3347 2015 clarissimi
3391 1955 3553 2012 nobis
3597 1954 3825 2012 indica-

507 2068 710 2135 verint,
761 2084 873 2122 non
919 2066 1147 2139 proinde
1190 2066 1450 2121 haesimus
1497 2064 1554 2118 in
1593 2043 1916 2134 judicando,
1969 2059 2068 2115 sed
2114 2074 2184 2114 ex
2233 2056 2412 2128 prima
2457 2051 2578 2124 ejus
2624 2049 2859 2107 lectione
2905 2047 3096 2104 mirari
3143 2045 3318 2103 subiit
3344 2043 3539 2100 doctos
3564 2043 3736 2110 viros,
3771 2051 3825 2098 et

508 2131 763 2211 acumine
790 2131 985 2211 critico
1017 2155 1286 2226 pollentes
1312 2131 1610 2221 exstitisse,
1642 2152 1737 2225 qui
1776 2151 1920 2206 hanc
1949 2148 2183 2220 opellam
2215 2144 2436 2215 ingenio
2476 2141 2734 2213 styloque
2765 2138 3133 2194 Ambrosiano
3181 2135 3343 2207 plane
3371 2131 3691 2188 destitutam
3724 2146 3822 2202 pro

508 2245 757 2317 legitimo
787 2245 962 2302 sancti
1003 2223 1256 2300 Doctoris
1294 2251 1453 2315 partu
1496 2223 1865 2297 admisissent.
1915 2237 2085 2295 Nobis
2123 2244 2307 2291 tamen
2353 2233 2530 2288 multo
2577 2229 2754 2302 major
2786 2235 2914 2284 nata
2942 2235 3024 2283 est
3057 2223 3371 2291 admiratio,
3416 2238 3546 2278 cum
3591 2236 3823 2293 apogra-

507 2311 634 2407 phis
664 2333 899 2401 duobus,
933 2351 1168 2406 quorum
1209 2311 1443 2387 alterum
1474 2346 1502 2384 e
1531 2329 1872 2385 bibliotheca
1901 2326 2088 2396 Regia,
2120 2324 2353 2380 alterum
2385 2338 2413 2376 e
2445 2321 2711 2377 Vaticana
2738 2317 3136 2388 transcriptum
3167 2315 3456 2381 habemus,
3501 2311 3572 2368 ad
3605 2327 3826 2367 memo-

507 2401 678 2476 ratam
711 2422 927 2478 collatis
949 2401 1280 2488 editionem,
1311 2428 1577 2492 quantum
1611 2419 1728 2474 haec
1769 2418 1836 2473 ab
1875 2417 1988 2471 illis
2025 2414 2309 2480 dissideat,
2361 2410 2758 2466 intelleximus.
2809 2409 2946 2463 Tum
2979 2423 3110 2462 vero
3157 2421 3270 2461 non
3316 2403 3447 2460 satis
3491 2401 3822 2468 sciebamus,

507 2528 577 2566 an
615 2514 784 2583 magis
816 2512 1136 2567 detestanda
1179 2521 1319 2568 esset
1366 2509 1684 2582 impostoris
1713 2506 2077 2580 impudentia,
2109 2507 2203 2578 qui
2235 2505 2385 2560 hunc
2414 2511 2709 2560 tractatum
2735 2509 2846 2556 tam
2879 2499 3021 2556 foede
3063 2498 3458 2570 interpolatum
3490 2511 3555 2551 ac
3583 2493 3824 2549 detrun-

509 2612 690 2660 catum
733 2603 1114 2658 illustrissimo
1152 2605 1409 2658 Romanae
1439 2601 1700 2657 editionis
1742 2598 1960 2671 praesidi
1992 2613 2089 2670 pro
2119 2611 2252 2651 sano
2275 2602 2329 2649 et
2370 2593 2583 2663 integro
2620 2590 2930 2662 supposuit,
2968 2604 3036 2644 an
3071 2585 3321 2643 dolenda:
3352 2584 3501 2641 vices
3529 2583 3821 2639 doctorum

511 2691 828 2757 hominum,
861 2691 1064 2762 quibus
1109 2691 1457 2762 postmodum
1501 2687 1764 2760 imposuit
1791 2687 1976 2744 eadem
2018 2684 2206 2739 editio.
2259 2683 2330 2737 Et
2376 2697 2504 2737 sane
2547 2681 2644 2734 vix
2689 2677 2911 2734 aliunde
2959 2677 3162 2732 clarius
3206 2672 3599 2748 deprehendas,
3654 2687 3821 2744 quam

510 2781 673 2836 facile
703 2782 776 2836 sit
803 2781 968 2836 etiam
999 2781 1392 2858 eruditissimis
1421 2778 1556 2834 viris
1584 2759 1790 2834 ifucum
1821 2778 2032 2841 facere;
2066 2781 2128 2828 ut
2156 2771 2300 2827 enim
2333 2771 2468 2826 alias
2513 2769 3016 2841 praetermittamus,
3067 2771 3284 2822 constat
3323 2763 3379 2818 in
3424 2759 3673 2816 fraudem
3725 2759 3824 2813 in-

515 2868 745 2926 ductum
785 2885 900 2924 esse
939 2854 1227 2925 Petavium
1261 2870 1438 2941 ipsum
1472 2869 1595 2937 (lib.
1637 2884 1695 2922 1v
1733 2868 1795 2921 de
1833 2868 1984 2922 Trin.
2026 2880 2145 2935 cap.
2187 2864 2239 2931 3,
2284 2878 2436 2918 num.
2476 2862 2531 2928 6,
2570 2868 2624 2916 et
2647 2877 2764 2933 cap.
2803 2861 2889 2928 l5,
2922 2875 3077 2915 num.
3109 2858 3191 2929 5),
3231 2873 3358 2913 cum
3390 2855 3542 2922 alibi,
3576 2861 3694 2909 tum
3727 2852 3825 2908 ubi

512 2962 580 3018 de
609 2981 744 3020 voce
789 2963 1051 3033 suppositi
1085 2978 1249 3034 agens
1280 2963 1356 3016 ita
1399 2960 1678 3032 disputat:
1734 2957 2003 3026 Sequitur,
2036 2954 2219 3028 inquit
2262 2952 2424 3022 (Ibid.
2471 2966 2588 3022 cap.
2635 2950 2692 3017 5,
2753 2965 2908 3004 num.
2955 2948 3070 3016 13),
3121 2945 3380 3017 suppositi
3428 2960 3633 3009 nomen,
3681 2942 3826 3013 quod

510 3055 687 3108 minus
719 3053 1035 3109 Latinorum
1063 3052 1288 3106 Patrum
1318 3066 1419 3104 usu
1439 3049 1718 3104 contritum
1751 3053 1825 3101 est
1851 3046 1908 3100 in
1937 3063 1998 3100 ea
2028 3042 2428 3114 signiﬁcatione,
2457 3057 2573 3111 qua:
2595 3038 2800 3110 passim
2827 3039 2883 3093 in
2910 3037 3100 3094 scholis
3126 3037 3370 3103 auditur,
3401 3040 3460 3089 ut
3486 3034 3554 3087 sit
3581 3033 3827 3103 hyposta-

511 3144 584 3198 sis
612 3150 709 3198 aut
745 3159 992 3213 persona.
1035 3141 1196 3212 Apud
1223 3141 1566 3196 Ambrosium
1606 3145 1776 3192 tamen
1811 3134 2042 3190 occurrit
2072 3135 2162 3188 lib.
2197 3131 2252 3186 in
2291 3131 2465 3202 Symb.
2509 3130 2749 3202 Apostol.
2790 3145 2907 3200 cap.
2951 3127 3036 3184 12.
3072 3127 3256 3192 Hanc,
3296 3123 3489 3195 inquit,
3529 3139 3634 3194 pro
3666 3123 3828 3176 totius

511 3232 731 3288 humani
758 3232 962 3301 generis
989 3210 1158 3285 salute
1185 3230 1241 3284 in
1270 3230 1470 3284 unitate
1498 3225 1759 3299 suppositi
1793 3223 2099 3294 assumpsit.
2127 3220 2248 3288 Quo
2285 3219 2392 3275 loci
2424 3217 2706 3275 advertere
2736 3227 2819 3274 est
2846 3215 3124 3288 duplicem
3163 3215 3221 3270 in
3263 3229 3504 3270 errorem
3535 3210 3828 3284 impegisse

512 3319 696 3376 virum
726 3319 1131 3388 doctissimum,
1173 3327 1226 3374 et
1267 3317 1414 3390 quod
1456 3315 1748 3372 Ambrosio
1787 3313 1932 3368 hanc
1965 3311 2488 3368 commentationem
2524 3307 2886 3379 adjudicarit,
2917 3314 2972 3361 et
3001 3305 3149 3378 quod
3181 3304 3347 3360 verba
3376 3303 3471 3359 illa
3503 3310 3768 3375 tanquam
3799 3317 3829 3356 a

511 3424 643 3465 vero
674 3407 918 3480 ejusdem
949 3415 1174 3464 auctore
1204 3406 1447 3478 profecta
1478 3405 1751 3472 citaverit,
1781 3421 1902 3478 quae
1931 3413 2115 3460 tamen
2151 3417 2266 3457 non
2297 3410 2428 3458 sunt
2458 3401 2568 3458 nisi
2598 3402 2769 3458 solius
2800 3400 3230 3471 interpolatoris.

585 3498 926 3570 Quapropter
954 3514 1023 3553 ne
1053 3497 1178 3569 quis
1217 3497 1275 3552 in
1312 3504 1591 3568 posterum
1623 3495 1690 3551 ad
1726 3495 1870 3551 idem
1901 3511 2096 3550 saxum
2137 3495 2531 3566 hallucinetur,
2573 3495 2837 3570 subjectis
2880 3496 2939 3552 in
2969 3497 3214 3569 margine
3244 3493 3658 3560 assutamentis,
3689 3492 3830 3548 inte-

514 3605 670 3659 grum
700 3590 881 3660 operis
923 3597 1139 3643 textum
1178 3587 1692 3660 repraesentabimus
1719 3603 1789 3642 ex
1830 3586 1937 3642 fide
1979 3586 2370 3658 praedictorum
2401 3587 2837 3659 exemplarium;
2890 3587 2950 3642 in
2988 3587 3188 3660 quibus
3218 3593 3401 3640 tamen
3437 3582 3651 3655 aliquid
3687 3597 3831 3654 prae-

513 3677 762 3744 cessisse,
794 3677 941 3749 quod
968 3677 1212 3750 perierit,
1239 3695 1307 3733 ex
1345 3675 1734 3748 conjonctione
1762 3676 1946 3746 igitur,
1975 3692 2095 3747 quas
2125 3677 2311 3732 statim
2340 3676 2550 3747 excipit
2579 3675 2814 3747 primam
2840 3693 3056 3746 vocem,
3103 3673 3450 3746 intelligitur.
3491 3671 3718 3730 Certum
3750 3680 3830 3727 est

519 3775 782 3839 praeterea
813 3766 1229 3839 inscriptionem
1259 3769 1454 3840 ipsam,
1490 3785 1610 3841 quae
1639 3785 1670 3824 a
1698 3765 1858 3822 nobis
1889 3768 2194 3840 praeﬁgitur
2211 3785 2279 3823 ex
2307 3767 2718 3839 manuscriptis,
2753 3775 2816 3823 ut
2844 3783 2905 3823 ea
2935 3783 3098 3840 quam
3129 3765 3352 3838 proprio
3384 3771 3558 3820 marte
3592 3760 3831 3817 inditam

517 3853 654 3911 huic
681 3855 825 3912 libro
855 3856 1154 3914 voluerunt
1185 3857 1422 3915 editores
1463 3859 1716 3928 Romani,
1751 3856 1899 3913 haud
1931 3858 2092 3929 paulo
2138 3857 2334 3914 melior
2364 3857 2659 3924 videatur;
2709 3873 2823 3912 non
2864 3866 3048 3914 tamen
3083 3858 3222 3912 vitio
3250 3870 3476 3929 prorsus
3519 3852 3829 3908 immunem

512 3959 647 4012 esse,
682 3961 807 4000 cum
837 3945 1082 4002 universi
1113 3947 1442 4020 argumenti,
1480 3946 1626 4019 quod
1673 3953 2059 4019 pertractatur,
2104 3948 2341 4018 speciem
2387 3958 2552 4022 atque
2603 3948 2780 4004 ideam
2811 3965 2924 4005 non
2968 3966 3078 4021 prae
3116 3965 3171 4004 se
3219 3948 3378 4003 ferat.
3431 3943 3730 4000 Enimvero
3765 3939 3826 3994 in

511 4045 622 4092 tres
652 4042 832 4108 partes
860 4035 1214 4092 distribuitur
1240 4036 1341 4092 iste
1373 4037 1594 4094 libellus
1628 4038 1769 4109 (cap.
1799 4038 1886 4105 15,
1913 4038 1972 4092 in
2004 4035 2136 4103 line)
2173 4053 2184 4091 :
2217 4053 2450 4109 quarum
2479 4037 2704 4110 quidem
2733 4037 2912 4109 prima
2938 4046 3019 4094 est
3044 4037 3112 4092 de
3141 4036 3438 4099 Trinitate;
3480 4039 3536 4086 at
3580 4025 3832 4085 secunda

513 4130 573 4185 in
604 4130 954 4189 discutiendo
1001 4129 1399 4187 incarnationis
1432 4131 1736 4186 Dominica
1781 4127 2050 4200 mysterio
2092 4139 2361 4186 versatur.
2410 4129 2593 4185 Tertia
2619 4129 2686 4186 de
2732 4131 3134 4186 resurrectione
3164 4139 3504 4186 mortuorum
3553 4123 3826 4194 disputat,

512 4232 565 4278 et
623 4241 742 4296 quae
796 4233 990 4281 contra
1046 4225 1190 4281 hanc
1246 4222 1533 4279 veritatem
1591 4219 1996 4291 objiciebantur
2050 4219 2118 4274 ab
2176 4217 2486 4285 haereticis,
2541 4217 2729 4272 diluit.
2786 4217 2960 4273 Addit
3016 4215 3339 4274 etiamsub
3393 4214 3563 4270 ﬁnem
3622 4214 3831 4267 Auctor

513 4307 707 4377 Operis
738 4310 842 4367 hoc
871 4313 1050 4383 ipsum
1081 4329 1112 4368 a
1155 4329 1211 4368 se
1241 4329 1309 4368 ex
1339 4313 1561 4367 Patrum
1590 4307 1811 4381 scriptis
1840 4323 1957 4365 esse
1987 4308 2301 4365 collectum.
2347 4309 2418 4363 Et
2464 4323 2654 4364 revera
2683 4324 2794 4363 non
2825 4323 3028 4380 paucos
3059 4307 3208 4363 locos
3237 4305 3331 4362 hic
3372 4304 3709 4377 agnovimus
3736 4307 3828 4356 aut

513 4415 612 4470 pro
646 4399 870 4470 ingenio
898 4404 1160 4460 Auctoris
1189 4403 1452 4461 nonnihil
1485 4403 1830 4468 immutatos,
1867 4408 1961 4455 aut
1999 4413 2142 4471 saepe
2171 4396 2335 4451 etiam
2376 4394 2569 4450 iisdem
2601 4395 2784 4452 verbis
2814 4403 3006 4451 mutuo
3036 4401 3302 4466 sumptos,
3338 4391 3434 4462 qui
3477 4407 3548 4446 ex
3595 4389 3827 4461 Hilario,

513 4487 601 4540 vel
632 4488 949 4556 Ambrosio,
995 4493 1084 4545 vel
1124 4492 1436 4561 Augustino
1481 4490 1640 4562 petiti
1695 4497 1894 4545 essent.
1942 4487 2154 4554 Quibus
2201 4483 2470 4540 accedunt
2520 4501 2714 4557 magna
2759 4484 3067 4556 fragmenta
3110 4498 3139 4537 e
3189 4479 3347 4536 libris
3391 4477 3746 4542 Tertulliani,
3776 4483 3824 4530 et

513 4575 841 4648 Hieronymi
888 4578 946 4632 in
994 4577 1191 4632 Isaiam
1222 4578 1669 4644 Commentariis,
1721 4576 1868 4648 quod
1907 4576 2170 4631 ultimum
2217 4592 2375 4647 opus,
2426 4592 2552 4632 cum
2600 4591 2713 4631 non
2743 4575 2852 4630 nisi
2895 4583 3018 4647 post
3049 4580 3289 4629 mortem
3321 4569 3606 4627 Ambrosii
3660 4569 3828 4624 lucu-

510 4666 730 4721 bratum
772 4665 866 4735 sit,
913 4667 1000 4722 vel
1032 4667 1211 4722 solum
1243 4664 1492 4736 detegere
1528 4674 1709 4736 posset
1752 4665 2136 4738 imposturam,
2165 4672 2228 4720 ut
2269 4679 2614 4736 nequaquam
2645 4678 2864 4718 necesse
2893 4664 2966 4718 sit
2993 4661 3060 4718 ad
3105 4661 3238 4733 styli
3270 4676 3336 4716 ac
3360 4659 3634 4715 versionis
3661 4657 3828 4712 testi-

509 4754 826 4811 moniorum
855 4771 884 4810 e
922 4754 1224 4826 Scripturis
1252 4753 1424 4810 sacris
1475 4753 1833 4827 allegatorum
1865 4754 2162 4811 discrimen
2198 4768 2496 4810 recurrere.
2533 4751 2653 4819 Quo
2686 4767 2847 4822 porro
2870 4759 2924 4806 et
2972 4767 3058 4806 res
3086 4749 3180 4805 ﬁat
3207 4749 3448 4822 planior,
3483 4755 3538 4803 et
3565 4745 3830 4802 brevitati

511 4841 702 4988 eadcelem
729 4859 893 4916 opera
920 4843 1262 4913 consulatur,
1307 4859 1427 4916 quae
1475 4841 1607 4900 huic
1640 4843 1829 4902 libello
1857 4843 2080 4901 aliunde
2126 4844 2331 4900 inserta
2370 4843 2860 4915 deprehendimus,
2907 4845 2978 4902 ad
3008 4843 3284 4916 margines
3321 4859 3351 4899 e
3389 4841 3611 4915 regione
3641 4855 3832 4896 anno-

511 4940 602 4987 tan
645 4949 676 4988 a
712 4934 1047 4988 curavimus.

507 4934 676 4988 tanda
712 4934 1047 4990 curavimus.

583 5019 855 5077 Caeterum
877 5023 924 5077 si
947 5022 1070 5096 quis
1090 5038 1190 5078 nos
1218 5030 1392 5094 roget,
1414 5023 1636 5080 cuinam
1656 5026 1874 5081 auctori
1904 5024 2111 5080 hancce
2133 5028 2369 5099 opellam
2399 5029 2807 5104 adjudicemus;
2842 5030 3078 5101 ingenue
3109 5027 3565 5102 respondebimus
3597 5027 3652 5083 in
3678 5031 3828 5081 tanta

511 5115 914 5186 exemplarium
946 5115 1220 5188 paucitate
1250 5115 1315 5171 de
1345 5115 1452 5172 hoc
1490 5132 1521 5171 a
1551 5115 1712 5172 nobis
1744 5114 1887 5170 nihil
1921 5115 2194 5185 explorati
2224 5116 2406 5174 afferri
2445 5135 2620 5192 posse.
2664 5119 2723 5176 Id
2754 5127 2938 5174 tamen
2976 5125 3128 5175 certo
3156 5117 3341 5175 dicere
3372 5115 3506 5173 licet
3534 5115 3830 5188 antiquum

509 5219 647 5305 esse.
672 5205 997 5277 scriptorem
1051 5205 1232 5273 illum,
1282 5221 1396 5261 non
1448 5206 1626 5261 solum
1672 5204 1820 5278 quod
1868 5204 2043 5261 codex
2090 5206 2312 5276 Regius,
2367 5211 2424 5268 in
2467 5229 2576 5284 quo
2607 5211 2928 5268 continetur
2958 5211 3062 5268 ista
3105 5210 3518 5280 commentatio,
3563 5225 3742 5266 annos
3771 5216 3832 5264 ut

511 5296 806 5352 minimum
837 5307 1128 5354 sexcentos
1168 5313 1277 5368 prae
1325 5313 1382 5352 se
1429 5297 1588 5365 ferat,
1623 5313 1817 5352 verum
1848 5295 2013 5351 etiam
2057 5297 2202 5369 quod
2249 5299 2305 5354 in
2337 5301 2523 5358 eadem
2568 5301 2779 5358 nullius
2819 5301 3062 5358 haeretici
3095 5301 3203 5356 nisi
3234 5301 3440 5357 veteris
3468 5299 3564 5356 ﬁat
3595 5299 3830 5354 mentio.

509 5387 616 5443 Sed
647 5404 822 5460 neque
854 5387 1090 5444 nimium
1117 5387 1448 5460 conjecturae
1478 5403 1580 5442 nos
1609 5385 1919 5457 paenitebit,
1953 5385 2031 5442 sic
2064 5386 2214 5444 hunc
2244 5391 2496 5447 libellum
2528 5401 2582 5448 et
2627 5392 2890 5448 adversus
2918 5391 3468 5448 Priscillianistarum
3506 5389 3598 5461 (de
3627 5387 3833 5461 quibus

507 5481 742 5552 August.
775 5480 873 5537 lib.
905 5481 966 5536 de
993 5480 1192 5536 Haeres.
1223 5496 1342 5552 cap.
1380 5479 1470 5550 70}
1503 5485 1707 5535 sectam
1733 5477 1970 5546 editum,
2000 5486 2054 5533 et
2084 5480 2325 5535 concilio
2354 5479 2442 5536 sin
2485 5479 2670 5537 minus
2702 5481 2964 5548 Toletano
3003 5479 3204 5552 primo,
3248 5480 3443 5536 saltem
3474 5475 3830 5534 Braccarensi

510 5572 772 5641 secundo,
818 5571 966 5646 quod
996 5588 1141 5628 anno
1181 5573 1286 5629 563
1324 5573 1490 5644 vulgo
1539 5572 1783 5643 ponitur,
1829 5569 2234 5628 crediderimus
2283 5588 2576 5644 supparem
2621 5590 2754 5629 esse.
2804 5572 3027 5628 Etenim
3058 5571 3248 5628 eadem
3287 5571 3466 5644 capita
3505 5569 3596 5626 hic
3626 5567 3833 5639 dispu—

509 5664 720 5726 tantur,
767 5678 886 5732 quae
916 5671 1114 5719 contra
1143 5661 1359 5717 eosdem
1390 5661 1680 5715 haereticos
1709 5660 1767 5716 in
1814 5661 2012 5732 synodi
2046 5661 2322 5718 Toletanae
2353 5663 2552 5732 Regula
2590 5662 2762 5729 Fidei,
2810 5660 2866 5715 in
2911 5659 3143 5732 epistola
3189 5659 3255 5715 i5
3302 5656 3477 5716 sancti
3525 5656 3729 5712 Leonis
3761 5653 3829 5709 ad

513 5743 854 5815 Turribium,
902 5757 956 5804 et
1005 5751 1061 5805 in
1097 5749 1311 5822 synodo
1359 5750 1705 5806 Braccarensi
1760 5750 1997 5806 secunda
2049 5751 2484 5808 constituuntur.
2543 5750 2850 5806 Admodum
2883 5767 3011 5821 ergo
3050 5747 3330 5822 probabile
3360 5756 3441 5804 est.
3491 5747 3643 5804 hunc
3673 5761 3825 5800 onm-
