4068 6188
280 424 384 482 537

1427 421 1522 478 DE
1561 418 1939 478 TRINlTATE
1977 417 2414 476 TRACTATUS.

3472 425 3578 482 538

277 552 399 608 dem
453 554 749 606 tractatum
798 561 911 602 non
939 545 1010 603 ad
1046 545 1432 620 exponendum
1462 545 1850 618 Apostolorum
1886 543 2223 616 symbolum,
2251 542 2346 598 sed
2374 542 2440 598 ad
2478 542 2864 602 vindicandam
2896 545 3214 602 Toletanam
3247 548 3374 605 ﬁdei
3410 547 3579 622 regu-

277 641 382 696 lam
413 637 686 710 scriptum
728 634 916 691 fuisse.
969 636 1126 703 Quod
1173 636 1320 692 enim
1355 637 1414 692 in
1445 653 1507 692 ea
1544 642 1922 691 memorantur
1967 632 2191 706 quidam
2239 647 2470 699 errores,
2515 648 2748 704 quorum
2787 633 2844 690 in
2890 634 2987 689 illo
3019 634 3230 690 mentio
3258 653 3369 692 non
3405 637 3486 707 ﬁt,
3522 639 3577 695 id

273 725 402 781 inde
429 732 613 781 ortum
660 723 1068 792 existimamus,
1099 725 1186 780 vel
1219 726 1367 797 quod
1397 733 1588 782 auctor
1630 723 1936 796 praecipuos
1965 729 2180 778 tantum
2223 719 2507 791 delegerit,
2541 737 2680 794 quos
2709 721 2998 791 refelleret,
3047 723 3135 778 vel
3170 724 3316 795 quod
3359 724 3443 779 illi
3472 725 3577 798 ipsi

270 814 523 872 haeretici
551 831 650 886 pro
677 813 864 869 innata
894 813 1001 869 sibi
1034 815 1258 870 levitate
1292 831 1356 871 ac
1402 813 1773 871 inconstantia
1817 811 2034 868 eosdem
2083 824 2293 864 errores
2315 806 2429 879 jam
2464 807 2826 864 abdicassent.
2860 810 2990 865 Veri
3021 811 3185 866 etiam
3226 811 3577 870 simillimum

269 911 354 960 est
397 919 511 958 non
554 903 662 958 alia
707 902 774 958 de
815 918 980 960 causa
1027 904 1281 960 eumdem
1337 903 1541 959 librum
1578 901 1854 958 Ambrosii
1904 898 2127 954 nomine
2174 896 2499 969 insignitum
2551 914 2686 966 esse,
2720 898 2826 952 nisi
2858 898 2986 970 quia
3014 909 3287 956 constaret
3326 910 3576 958 sanctum

267 992 568 1048 Praesulem
625 1001 817 1047 contra
868 999 1205 1047 memoratos
1271 991 1557 1048 haereticos
1604 987 1990 1061 conscripsisse
2046 1003 2210 1059 opera
2274 987 2409 1042 bene
2466 988 2660 1055 multa,
2723 1003 2958 1061 quorum
3025 987 3264 1044 lectione
3314 991 3580 1046 Paternus

271 1083 658 1142 Braccarensis
687 1085 977 1157 episcopus
1005 1084 1073 1140 ad
1119 1083 1284 1140 ﬁdem
1328 1083 1396 1138 ab
1441 1083 1629 1139 eadem
1661 1080 1852 1137 haeresi
1891 1092 2218 1135 conversum
2249 1091 2305 1130 se
2335 1091 2450 1132 esse
2488 1077 2815 1134 testiﬁcatur
2847 1095 2858 1132 :
2897 1085 2950 1132 et
2988 1093 3058 1132 ex
3089 1077 3292 1150 quibus
3321 1078 3580 1149 operibus

274 1175 435 1246 plura
466 1175 606 1231 forte
635 1191 703 1230 an
736 1173 828 1231 hic
857 1181 1044 1230 noster
1071 1176 1280 1230 Auctor
1303 1181 1385 1229 est
1414 1179 1717 1229 mutuatus.

1058 1467 1366 1637 DE
1519 1463 2795 1638 TRINITATE

1812 1725 2052 1794 ALIAS

630 1909 810 2058 IN
931 1907 1865 2057 SYMBOLUM

1981 1907 3222 2056 APOSTOLORUM

1498 2199 2334 2287 TRACTATUS.

357 2487 496 2548 321
533 2482 762 2540 CAPUT
801 2482 1094 2538 PRIMUM.
1129 2513 1199 2523 —
1223 2483 1422 2539 Nullus
1449 2483 1620 2554 igitur
1643 2483 1737 2555 qui
1780 2497 1877 2536 sa-
1908 2487 1959 2545 Α
1987 2484 2131 2540 citur
2163 2504 2176 2554 ;
2227 2487 2354 2559 quia
2398 2486 2972 2559 incomprehensibilis
3025 2502 3240 2558 semper
3274 2495 3376 2543 est.
3439 2489 3582 2546 Deus

259 2591 400 2630 num
421 2571 562 2644 sapit
592 2571 1033 2644 omnipotentem
1065 2572 1262 2636 Deum,
1295 2571 1390 2644 qui
1420 2570 1663 2626 Trinitas
1682 2579 1734 2625 et
1757 2569 1864 2640 spi-

258 2663 410 2719 ritus
438 2671 539 2730 est,
573 2677 774 2733 corpus
804 2659 1028 2732 aliquod
1058 2659 1278 2716 visibile
1321 2669 1416 2716 aut
1461 2658 1734 2732 palpabile
1767 2673 1868 2712 ar-

261 2752 538 2811 bitretur;
563 2749 654 2806 sed
671 2749 977 2821 simplicem
993 2749 1398 2816 rationabilem,
1420 2747 1869 2819 invisibilemque

265 2847 521 2896 naturam
569 2837 860 2910 intelligat,
908 2847 960 2894 et
989 2854 1108 2912 quae
1153 2837 1308 2893 nulla
1345 2835 1574 2891 omnino
1611 2849 1870 2906 compage

265 2930 502 2988 solidata
533 2931 640 3002 (1),
673 2940 766 2987 aut
808 2929 1020 3005 aliquid
1048 2929 1098 2984 ei
1128 2929 1494 2994 extrinsecus,
1523 2934 1618 2981 aut
1648 2925 1870 2980 aliunde

265 3020 525 3076 videatur
561 3020 885 3091 adjunctum
920 3037 932 3076 :
976 3035 1139 3092 quem
1170 3018 1325 3072 nulla
1349 3015 1676 3081 substantia,
1718 3015 1871 3069 nulla

263 3118 541 3178 creatura,
571 3110 728 3164 nulla
765 3123 1007 3179 unquam
1053 3105 1359 3160 dominatio
1404 3103 1694 3160 antecedit.
1727 3104 1871 3159 Fons

264 3215 396 3272 ergo
438 3207 493 3254 et
533 3195 872 3269 principium
919 3195 1193 3248 virtutum
1243 3191 1512 3260 omnium,
1563 3192 1869 3249 visibilium

263 3295 322 3343 et
355 3285 671 3344 invisilium
703 3293 1097 3351 creaturarum,
1127 3283 1184 3340 id
1208 3290 1310 3351 est,
1351 3283 1654 3338 caelestium
1685 3292 1738 3338 et
1769 3291 1869 3340 ter-

263 3377 533 3432 restrium
581 3373 886 3443 conditrix,
932 3381 1118 3430 sancta
1143 3381 1197 3429 et
1225 3372 1604 3445 inseparabilis
1633 3372 1871 3428 Trinitas

267 3472 500 3536 est,quae
521 3463 578 3518 in
599 3479 656 3518 ευ
676 3463 870 3534 recipit
891 3462 1033 3518 nihil
1052 3471 1438 3529 externum;ne
1457 3461 1872 3534 circumscripta

267 3551 543 3616 videatur,
597 3559 691 3607 aut
731 3551 966 3623 alicujus
1000 3553 1078 3608 rei
1128 3551 1316 3624 indiga
1360 3567 1476 3608 esse
1530 3551 1868 3618 inveniatur,

264 3657 394 3697 cum
427 3655 562 3712 pura
589 3648 642 3696 et
668 3640 931 3697 unimoda
955 3658 1017 3698 ac
1059 3641 1312 3714 mystica,
1348 3647 1419 3709 et,
1450 3650 1512 3696 ut
1555 3640 1633 3696 ita
1666 3640 1866 3708 dicam,

265 3728 475 3784 unione
503 3729 736 3785 fecunda
765 3747 981 3802 semper
1009 3738 1108 3786 est.
1139 3731 1311 3786 Tanta
1339 3739 1419 3786 est
1440 3730 1586 3786 enim
1614 3729 1671 3785 in
1692 3729 1872 3785 tribus

1977 2589 2108 2645 ergo
2134 2576 2486 2647 omnipotens
2515 2576 2610 2648 qui
2642 2591 2744 2631 nec
2769 2592 2964 2630 sexum
2993 2575 3176 2643 habet,
3209 2591 3310 2630 nec
3341 2582 3576 2643 aetatem,

1979 2678 2077 2718 nec
2106 2663 2335 2719 deﬁnita
2361 2663 2610 2735 corporis
2654 2663 2920 2730 membra,
2959 2664 3040 2720 sic
3070 2680 3126 2718 se
3172 2663 3353 2718 voluit
3398 2665 3574 2718 excel-

1981 2751 2306 2818 lentissime,
2347 2751 2785 2818 evidentissime,
2833 2759 2996 2822 atque
3041 2749 3583 2821 magniﬁcentissime

1980 2837 2265 2908 praedicari
2314 2838 2418 2910 (3).
2448 2838 2749 2894 Eternitas
2791 2855 2918 2911 ergo
2965 2839 3023 2893 in
3055 2839 3232 2905 Patre,
3286 2838 3495 2908 species
3524 2839 3581 2893 in

1981 2923 2239 2996 imagine,
2271 2942 2402 2981 usus
2430 2926 2488 2982 in
2511 2943 2734 2982 munere
2754 2936 2834 2984 est
2863 2927 3119 3000 (August.
3153 2927 3191 2982 l.
3225 2943 3283 2981 vr
3310 2926 3388 2981 De
3424 2925 3576 2982 Trin.

1981 3031 2024 3069 c.
2059 3014 2143 3083 10,
2167 3031 2236 3070 ex
2263 3014 2435 3071 Hilar.
2458 3016 2496 3071 l.
2519 3031 2559 3071 ιι
2584 3015 2662 3072 De
2688 3016 2911 3089 Trinit.)
2948 3035 2960 3072 :
2985 3025 3038 3073 et
3066 3016 3183 3072 haec
3206 3015 3310 3071 tria
3333 3031 3476 3071 unus
3496 3023 3578 3070 est

1979 3106 2125 3160 Deus
2158 3122 2172 3172 ;
2215 3121 2324 3161 non
2365 3113 2547 3162 tamen
2579 3105 2637 3161 in
2685 3107 2853 3163 unius
2898 3107 3279 3179 singularitate
3309 3121 3577 3178 personae,

1980 3192 2074 3248 sed
2109 3194 2275 3250 unius
2305 3195 2594 3252 Trinitatis
2638 3195 2873 3252 essentia
2924 3204 3202 3252 constans.
3252 3195 3405 3250 Unus
3453 3209 3580 3266 ergo

1981 3281 2216 3354 diligens
2237 3299 2384 3352 eum,
2417 3284 2511 3356 qui
2542 3283 2609 3340 de
2640 3285 2740 3340 illo
2766 3293 2847 3340 est
2876 3301 2888 3340 :
2923 3293 2976 3340 et
2997 3301 3140 3340 unus
3159 3284 3397 3355 diligens
3425 3299 3574 3350 eum,

1980 3368 2047 3425 de
2067 3387 2177 3442 quo
2201 3379 2284 3428 est
2313 3371 2394 3444 (4)
2432 3391 2443 3428 :
2477 3382 2533 3429 et
2558 3373 2675 3444 ipsa
2702 3373 2928 3429 dilectio
2958 3373 3104 3429 idem
3136 3387 3281 3428 unus
3303 3378 3580 3426 utrorum-

1979 3475 2106 3532 que,
2139 3461 2198 3516 id
2226 3469 2327 3529 est,
2372 3463 2612 3535 Spiritus
2655 3473 2896 3520 sanctus.
2938 3465 3010 3519 Et
3053 3471 3237 3519 tamen
3287 3460 3394 3516 tria
3441 3459 3578 3540 haec,

1979 3556 2043 3603 ut
2081 3549 2292 3606 dictum
2327 3561 2428 3621 est,
2477 3569 2624 3608 unus
2667 3553 2866 3621 bonus,
2900 3569 3082 3619 verus,
3125 3551 3329 3624 justus,
3374 3550 3575 3618 lumen,

1980 3637 2115 3707 vita,
2148 3640 2373 3709 veritas,
2403 3643 2633 3715 spiritus
2661 3650 2825 3716 atque
2863 3641 3102 3699 charitas
3129 3648 3210 3697 est
3237 3642 3401 3696 Deus.
3435 3640 3580 3695 Deus

1979 3741 2130 3798 ergo,
2166 3730 2294 3801 quia
2323 3740 2562 3787 aeternus
2591 3739 2638 3787 et
2693 3741 2886 3788 auctor
2931 3738 3014 3788 est
3059 3730 3331 3798 omnium,
3361 3744 3578 3800 compo-

266 3818 657 3890 inseparabilis
689 3827 742 3874 et
771 3818 1061 3875 inconfusa
1083 3818 1316 3875 unitatis
1350 3819 1605 3886 essentia,
1637 3825 1698 3872 ut
1727 3817 1868 3872 nihil
1898 3833 1944 3893 Β
1980 3815 2120 3872 situs
2159 3817 2395 3890 intelligi
2447 3836 2559 3875 non
2603 3828 2782 3892 potest
2811 3839 2824 3887 ;
2867 3836 2936 3876 ne
2976 3820 3253 3876 anteriora
3287 3820 3398 3874 Deo
3445 3816 3575 3883 sint,

265 3917 426 3966 extra
478 3923 533 3963 se
579 3915 766 3964 sancta
814 3909 1054 3965 Trinitas
1095 3925 1251 3981 agere
1303 3907 1560 3964 videatur
1612 3925 1623 3962 :
1668 3907 1727 3962 in
1765 3923 1873 3980 qua

265 4003 457 4053 sancta
501 4004 556 4051 et
597 3997 948 4070 inseparabili
990 3997 1257 4054 Trinitate
1289 4014 1417 4053 vera
1463 4003 1544 4052 est
1573 3997 1867 4066 aeternitas,

267 4086 636 4142 immutabilis
668 4086 872 4142 veritas
905 4086 1010 4158 (2),
1060 4095 1114 4142 et
1157 4095 1358 4143 aeterna
1401 4103 1464 4144 ac
1511 4087 1748 4158 perfecta
1791 4095 1872 4142 est

264 4175 528 4234 charitas.
564 4176 634 4231 Et
664 4175 788 4232 ideo
826 4177 1014 4232 verius
1060 4176 1330 4249 cogitatur
1358 4178 1524 4245 Deus,
1574 4193 1737 4249 quam
1780 4175 1867 4232 di-

345 4311 445 4437 (21
491 4311 648 4368 Rom.
709 4309 866 4376 edit.,
923 4311 1093 4376 Quam
1148 4312 1299 4364 nulla
1348 4311 1560 4364 omnino
1621 4327 1870 4382 compago

345 4383 374 4436 li
451 4388 488 4437 t.
544 4382 629 4436 cui
682 4381 1004 4436 extrinsecus
1067 4381 1205 4435 nihil
1273 4381 1546 4437 advenit:
1613 4399 1870 4437 auamaue

265 4381 488 4462 solidat,
544 4382 629 4462 cui
682 4381 1034 4462 extrinsecus.
1067 4381 1212 4462 nihil
1273 4381 1484 4462 advenit
1525 4399 1546 4462 ξ
1613 4381 1872 4462 quamque

263 4455 425 4508 nulla
451 4459 717 4519 creatura,
748 4453 899 4507 nulla
952 4451 1267 4519 substantia,
1320 4453 1469 4506 nulla
1507 4451 1727 4522 denique
1766 4451 1872 4506 do-

263 4525 496 4580 minatio
523 4524 793 4580 antecedit.
826 4523 982 4579 Fides
1023 4540 1146 4578 vero
1183 4523 1348 4578 altius
1380 4524 1741 4588 conscendens,
1771 4524 1866 4577 in-

267 4596 490 4651 timiora
541 4612 756 4667 quisque
795 4601 1097 4666 penetrum,
1147 4594 1371 4648 ostendit
1424 4594 1590 4667 Deum
1639 4594 1870 4667 omnium

266 4667 529 4722 virtutum
555 4666 794 4736 fontem,
837 4667 1166 4738 principium
1203 4683 1383 4720 rerum
1426 4666 1660 4720 omnium
1690 4666 1868 4719 visibi-

270 4739 405 4794 lium
425 4744 472 4792 et
490 4738 858 4802 invisibilium,
875 4739 1346 4808 universarumque
1361 4743 1754 4804 creaturarum,
1777 4754 1869 4790 C(8-

271 4811 478 4865 lestium
503 4816 550 4864 et
591 4809 915 4864 terrestrium
961 4810 1280 4863 conditorem
1324 4827 1342 4864 :
1387 4808 1528 4879 quod
1569 4814 1644 4862 est
1692 4809 1871 4863 unitas

269 4879 574 4950 inconfusa,
603 4887 651 4935 et
675 4880 888 4934 trinitas
929 4880 1326 4950 inseparabilis,
1356 4897 1474 4950 quae
1509 4879 1567 4934 in
1595 4897 1648 4934 se
1673 4886 1871 4934 tetema

269 4953 408 5008 nihil
451 4951 636 5031 recipit
680 4951 917 5031 aliunde,
936 5022 946 5031 .
965 4967 1070 5004 non
1112 4957 1185 5004 est
1229 4957 1455 5031 tempore
1491 4953 1724 5031 aut_loco
1769 4952 1869 5031 cir:

270 5021 610 5095 cumscripta,
635 5039 726 5095 nec
754 5021 836 5095 rei
851 5022 1174 5095 cujusquam
1218 5021 1702 5095 indiga‘reperitur
1737 5040 1754 5077 :
1781 5023 1868 5077 sed

269 5112 389 5150 cum
431 5091 636 5149 summa
682 5093 1014 5164 simplicitate
1059 5109 1121 5146 ac
1147 5091 1361 5164 unitate
1399 5091 1622 5164 fecunda
1671 5109 1869 5164 semper

270 5173 345 5221 est
374 5183 396 5231 ;
440 5172 686 5236 tantaque
715 5163 936 5220 unitatis
964 5163 1190 5236 essentia
1218 5163 1589 5236 inseparabilis
1613 5169 1661 5216 et
1691 5163 1864 5218 incon-

271 5237 399 5308 fusa
426 5234 662 5292 cernitur
683 5237 740 5291 in
769 5236 957 5303 tribus,
985 5241 1044 5288 ut
1073 5234 1187 5288 licet
1214 5235 1391 5308 omnia
1434 5236 1661 5308 cretestia
1689 5241 1736 5289 et
1765 5241 1864 5289 ter-

272 5306 468 5364 restria
495 5326 558 5363 ac
585 5308 806 5362 minima
835 5323 1051 5378 quteque
1073 5306 1382 5378 perspiciat,
1411 5307 1548 5360 nihil
1575 5313 1751 5378 tamen
1781 5324 1869 5360 ex-

275 5387 361 5435 tra
407 5397 459 5436 se
498 5379 805 5450 intelligere,
851 5377 938 5432 sed
985 5378 1194 5447 singula
1231 5377 1292 5450 in
1335 5393 1387 5450 se
1415 5378 1613 5432 intueri
1649 5377 1865 5434 dicitur.

275 5453 340 5508 In
367 5452 464 5508 hac
500 5447 762 5507 Trinitate
797 5467 924 5504 vera
953 5456 1027 5504 est
1057 5447 1340 5515 teternitas,
1367 5448 1713 5504 immutabilis
1737 5450 1869 5503 uni-

277 5529 376 5590 tas,
408 5531 604 5579 (eterna
631 5537 694 5577 ac
723 5519 958 5594 perfecta
979 5519 1256 5594 _charitas._
1289 5519 1522 5594 Denique
1563 5521 1762 5594 verius,
1788 5537 1868 5594 co-

275 5596 476 5665 gitatur
502 5595 664 5661 Deus,
695 5590 854 5664 quam
883 5592 1118 5656 dicitur;
1161 5590 1287 5665 quia
1335 5590 1867 5665 incomprehensibilis

279 5663 368 5720 est.
404 5667 507 5734 Qui
536 5683 624 5720 nec
652 5663 899 5721 sexum...
932 5665 1020 5717 sed
1053 5663 1394 5733 omnipotens,
1427 5670 1673 5729 internus,
1705 5663 1865 5717 incir-

278 5739 620 5808 rmusrriptus
669 5737 830 5791 voluit
865 5752 917 5788 se
955 5734 1462 5804 niagniﬁcentissime
1505 5734 1860 5804 praedicari...

1978 3906 2182 3978 quibus
2204 3916 2428 3980 putatur
2448 3925 2563 3966 esse
2591 3911 2945 3983 compositus.
2971 3910 3234 3967 Cunctam
3267 3923 3395 3977 ergo
3419 3921 3580 3962 crea-

1979 4001 2183 4064 turam,
2206 4013 2327 4069 quaa
2343 4013 2455 4052 non
2475 4006 2557 4053 est
2577 3999 2724 4071 quod
2741 3999 2994 4070 ipse,non
3014 3997 3145 4054 fecit
3163 3996 3271 4052 nisi
3294 3994 3579 4065 ipse.Ergo

1980 4091 2218 4140 aeternus
2246 4086 2511 4158 appellari
2543 4103 2655 4142 non
2679 4095 2876 4158 potest,
2899 4085 3006 4141 nisi
3035 4087 3083 4140 is
3098 4083 3191 4155 qui
3217 4081 3380 4136 initio
3401 4089 3453 4133 et
3470 4077 3576 4132 ﬁne

1978 4181 2146 4242 caret,
2195 4173 2255 4229 id
2303 4183 2386 4232 est
2428 4177 2576 4232 Deus
2621 4176 2797 4240 Pater,
2848 4173 2944 4244 qui
2992 4178 3325 4228 coaeternum
3365 4165 3480 4248 sibi
3525 4174 3576 4221 et

1977 4309 2150 4364 virtus
2175 4311 2231 4365 in
2260 4329 2492 4368 munere.

2052 4381 2133 4454 (2)
2169 4383 2294 4437 Val.
2323 4383 2471 4454 cod.,
2495 4381 2840 4454 immutabilis
2869 4379 3067 4454 unitas.

2077 4449 2134 4524 3)
2169 4454 2296 4524 Reg.
2329 4449 2476 4524 cod.,
2508 4451 3016 4524 magniﬁcentissime
3042 4449 3334 4520 deprecari.

2076 4519 2132 4593 4)
2164 4519 2322 4579 Rom.
2351 4523 2510 4591 edit.,
2543 4519 2808 4594 eu'm,'qui
2833 4523 2899 4578 ab
2928 4523 3042 4594 ipso
3073 4519 3148 4576 est
3179 4539 3190 4576 :
3220 4537 3358 4594 unus
3387 4525 3460 4594 est
3479 4519 3575 4574 di-

1981 4591 2137 4666 lectus
2181 4594 2248 4648 ab
2301 4612 2358 4649 eo
2399 4613 2431 4649 a
2477 4613 2580 4666 quo
2625 4591 2751 4662 est}
2799 4612 2904 4650 una
2948 4591 3024 4648 est
3054 4591 3576 4666 dilectio_utriusque

1981 4664 2214 4734 Spiritus
2241 4673 2468 4735 sanctus,
2483 4664 2638 4722 idem
2667 4668 2825 4722 Deus.
2855 4669 2928 4722 Et
2974 4673 3226 4734 tanquam
3273 4664 3455 4729 bonus,
3495 4680 3573 4715 ve-

1978 4751 2141 4809 rus...
2189 4737 2424 4809 charitas
2469 4745 2517 4792 et
2561 4739 2783 4809 spiritus
2828 4738 3086 4800 dicatur;
3122 4751 3260 4790 unus
3295 4741 3468 4809 tamen
3503 4741 3575 4787 est

1977 4806 2140 4862 Deus.
2189 4807 2291 4879 Qui
2333 4805 2647 4879 compositus
2689 4826 2795 4863 esse
2832 4824 2940 4862 non
2980 4812 3166 4878 potest,
3227 4823 3344 4879 cum
3389 4805 3572 4879 aliqua

1978 4893 2034 4930 eo
2069 4878 2344 4950 anteriora
2377 4877 2750 4950 prieewstitisse
2773 4877 3164 4950 putari’nefas
3191 4877 3259 4931 sit
3289 4895 3310 4942 ;
3339 4877 3576 4950 nihilque

1978 4949 2119 5018 quod
2165 4951 2232 5005 ab
2281 4967 2338 5005 eo
2379 4948 2581 5020 factum
2626 4967 2731 5005 non
2773 4948 2888 5019 _stt,
2953 4950 3150 5006 dicente
3195 4948 3509 5020 evangelista
3557 4965 3572 5000 :

1982 5021 2173 5077 Omnia
2213 5038 2310 5092 per
2351 5023 2524 5093 ipsum
2563 5021 2706 5093 facta
2735 5029 2877 5088 sunt,
2907 5028 2956 5078 et
2995 5022 3106 5093 sine
3131 5020 3246 5093 ipso
3273 5022 3476 5091 factum
3503 5026 3574 5073 es!

1977 5093 2132 5148 nihil.
2165 5094 2283 5164 Ipse
2325 5092 2468 5149 solus
2499 5092 2572 5148 est
2613 5101 2858 5161 (eternus,
2890 5094 3019 5164 quia
3062 5092 3216 5146 initio
3261 5099 3308 5146 et
3343 5093 3447 5163 ﬁne
3474 5105 3572 5143 ca—

1979 5171 2079 5240 ret,
2110 5164 2167 5240 id
2198 5171 2272 5219 est
2316 5166 2478 5233 Deus,
2522 5167 2750 5240 Pater...
2778 5165 2991 5240 genuit
3021 5164 3258 5240 Verbum,
3307 5176 3573 5240 euge-qua

1981 5235 2241 5310 ξΡξΓξηινη
2283 5231 2521 5310 sanctum
2548 5231 2827 5310 produait.
2877 5237 3018 5294 Unde
3047 5235 3310 5290 credimus
3356 5231 3488 5310 Filii
3527 5236 3571 5281 et

1982 5307 2215 5376 Spiritus
2257 5308 2426 5362 sancti
2475 5306 2828 5363 substantiam
2876 5314 2997 5363 ante
3062 5321 3266 5361 omnem
3325 5306 3570 5357 exsistere

1977 5385 2297 5450 creaturam,
2323 5386 2478 5434 extra
2507 5381 2687 5435 omnia
2716 5386 2952 5450 tempora
2981 5396 3000 5442 ;
3029 5377 3170 5447 quod
3197 5377 3358 5430 Pater
3377 5377 3453 5450 est
3476 5386 3571 5450 ge;-

1977 5448 2142 5522 nitor,
2187 5449 2360 5504 Filius
2397 5457 2471 5506 est
2516 5453 2737 5522 genitus,
2791 5447 3026 5522 Spiritus
3061 5452 3272 5522 sanctus
3317 5447 3569 5522 genitoris

1976 5521 2226 5594 sanctitas
2261 5515 2602 5594 spiritusque.
2643 5515 2784 5579 Nam
2825 5515 2941 5575 licet
2989 5521 3152 5594 Pater
3171 5515 3253 5594 sit
3276 5515 3564 5594 spiritus...

1974 5593 2090 5646 sola
2137 5585 2309 5647 tamen
2357 5585 2512 5648 tertia
2557 5609 2786 5664 persona
2821 5589 3042 5661 proprie
3087 5585 3318 5656 Spiritus
3359 5590 3568 5640 sancta..-

1974 5670 2331 5734 nuncupatur.
2363 5665 2500 5732 Quia
2529 5681 2650 5733 ergo
2689 5668 2965 5724 cowterna,
2997 5665 3102 5711 etc.
