4070 6186
580 433 685 496 539

579 556 997 631 coomnipotens
1026 557 1271 617 Verbum
1301 567 1356 617 et
1380 554 1648 630 Spiritum
1677 554 1859 613 habet.
1892 555 2048 625 Quod
2086 554 2168 612 in-
2197 556 2247 617 A

584 650 860 707 tellectum
911 648 1198 723 perspicue
1256 649 1450 723 probat
1515 647 1877 706 substantiam
1935 647 2067 704 Filii
2117 663 2179 703 ac

579 738 817 811 Spiritus
870 739 1045 796 sancti
1103 748 1230 795 ante
1276 754 1497 795 omnem
1540 745 1842 796 creaturam
1893 735 2177 803 exsistere,

580 836 632 883 et
660 836 815 885 extra
844 829 1032 887 omnia
1078 836 1347 902 tempora,
1390 836 1553 902 atque
1594 826 1932 904 principium
1964 824 2022 881 iu
2067 827 2179 885 Deo

578 916 735 973 Patre
761 934 977 990 semper
1008 934 1347 990 permanere.
1395 915 1634 990 Spiritus
1663 933 1792 989 ergo
1821 924 2041 972 sanctus
2068 931 2179 971 non

578 1013 660 1061 est
686 1004 924 1077 genitus,
958 1005 1051 1062 sed
1082 1005 1351 1079 genitoris
1380 1005 1661 1080 genitique
1691 1004 1955 1070 suavitas,
1979 1002 2177 1061 sancti-

578 1100 661 1149 tas
688 1100 849 1167 atque
873 1095 1154 1151 aeternitas
1177 1102 1278 1151 est.
1310 1092 1447 1151 Nam
1474 1111 1599 1152 cum
1633 1096 1791 1151 Pater
1815 1092 1886 1150 sit
1915 1092 2175 1165 Spiritus,

578 1188 631 1236 et
659 1181 835 1239 Filius
862 1182 1100 1255 Spiritus
1134 1202 1147 1251 ;
1181 1192 1235 1240 et
1263 1184 1423 1239 Pater
1473 1192 1716 1253 sanctus,
1752 1191 1806 1239 et
1835 1183 2012 1239 Filius
2058 1199 2175 1238 san-

577 1281 731 1341 ctus;
762 1274 982 1346 proprie
1011 1283 1195 1330 tamen
1223 1276 1291 1332 de
1322 1276 1533 1347 Spiritu
1556 1275 1764 1331 dicitur
1792 1272 2033 1346 Spiritus
2057 1288 2175 1328 san-

576 1369 716 1417 ctus.
749 1361 891 1430 Quia
934 1379 1064 1434 ergo
1106 1372 1413 1421 coaeternus
1447 1372 1529 1421 est
1556 1374 1609 1420 et
1652 1362 1964 1420 communis
1993 1360 2175 1417 ambo-

574 1451 695 1520 bus,
727 1452 786 1508 id
816 1454 932 1526 ipse
963 1462 1213 1524 vocatur,
1241 1456 1387 1529 quod
1415 1456 1578 1512 ambo
1604 1462 1753 1511 sunt.

646 1548 872 1607 CAPUT
899 1554 967 1609 II.
1004 1582 1063 1593 —
1099 1554 1313 1621 Quanta
1346 1554 1460 1626 jam
1504 1554 1813 1610 temeritate
1842 1561 1897 1610 et
1942 1550 2175 1611 infelici-

576 1647 684 1695 tate
720 1649 1017 1697 censentur
1054 1643 1270 1710 Ariani,
1302 1643 1397 1715 qui
1426 1643 1620 1699 dicunt
1646 1642 1727 1713 (5)
1763 1642 1931 1697 :Erat
1960 1650 2175 1714 tempus

573 1728 791 1800 quando
831 1747 943 1785 non
980 1739 1095 1786 erat
1134 1732 1329 1801 Filius,
1373 1734 1546 1788 lector
1582 1717 1864 1803 intelligit.
1894 1731 2175 1804 Numquid

570 1817 719 1873 enim
765 1820 949 1889 potuit
996 1836 1111 1877 esse
1152 1829 1371 1894 tempus
1418 1822 1637 1897 quando
1684 1822 1843 1876 Pater
1886 1821 2006 1876 sine
2035 1821 2169 1889 vita,

572 1905 690 1960 sine
718 1907 1006 1979 sapientia,
1039 1909 1157 1965 sine
1188 1910 1417 1977 virtute,
1448 1911 1568 1967 sine
1598 1910 1799 1978 Verbo,
1833 1909 1981 1982 quod
2012 1909 2167 1967 Chri-
2202 1920 2247 1980 Β

571 2001 691 2049 stus
717 2003 819 2064 est,
849 1996 1068 2055 fuerit?
1093 1998 1291 2067 Absit;
1331 2015 1455 2056 cum
1480 1996 1769 2055 manifeste
1789 1999 1905 2071 ipse
1933 1997 2172 2054 declaret

570 2084 730 2141 Pater
751 2086 941 2144 dicens
971 2106 985 2145 :
1048 2113 1066 2137 ι
1107 2092 1399 2148 Eructavit
1443 2107 1539 2147 cor
1584 2106 1769 2147 meum
1799 2089 2045 2146 Verbum
2074 2089 2169 2145 bo-

569 2188 703 2228 num
756 2175 928 2247 (Psal.
972 2193 1126 2248 xmv,
1177 2179 1256 2252 2).
1306 2204 1325 2229 ι
1380 2178 1537 2247 Quod
1585 2177 1947 2251 comprobans
1978 2177 2169 2233 beatus

568 2265 803 2323 Joannes
830 2268 968 2326 dicit
1004 2288 1016 2327 :
1060 2295 1079 2318 ι
1103 2272 1167 2327 In
1195 2272 1471 2345 principio
1501 2279 1615 2327 erat
1644 2270 1912 2337 Verbum,
1948 2278 2002 2325 et
2037 2269 2167 2326 Ver-

567 2353 701 2411 bum
734 2358 839 2415 erit
867 2360 1012 2432 apud
1058 2363 1256 2431 Deum,
1302 2370 1359 2420 et
1403 2364 1551 2419 Deus
1579 2371 1693 2419 erat
1740 2362 2006 2419 Verbum.
2052 2349 2167 2415 Hoc

566 2453 681 2502 erat
723 2446 783 2505 in
840 2450 1115 2523 principio
1163 2452 1308 2525 apud
1350 2454 1546 2509 Deum.
1597 2451 1798 2508 Omnia
1843 2467 1941 2523 per
1981 2450 2165 2521 ipsum

566 2532 709 2591 facta
753 2544 903 2604 sunt,
947 2547 1002 2595 et
1047 2540 1168 2597 sine
1204 2541 1324 2612 ipso
1358 2540 1563 2598 factum
1602 2548 1683 2598 est
1732 2539 1874 2596 nihil
1909 2540 2090 2611 (Joan.
2121 2555 2161 2607 ι,

568 2625 716 2697 1-3).
750 2646 770 2679 ο
806 2627 1090 2702 Quidquid
1117 2648 1246 2703 ergo
1284 2632 1629 2704 incorporale
1676 2636 1823 2695 322
1850 2640 1932 2688 est
1976 2639 2030 2687 et
2077 2630 2158 2687 in-

564 2720 806 2792 visibile,
845 2724 1169 2784 diversitate
1214 2729 1463 2786 locorum
1512 2746 1624 2786 non
1672 2738 1851 2802 potest
1897 2726 2159 2800 separari.

562 2809 620 2865 Si
668 2811 817 2867 enim
866 2823 1053 2871 noster
1097 2832 1295 2886 sermo,
1354 2825 1450 2875 aut
1494 2819 1693 2887 virtus,
1735 2826 1831 2875 aut
1870 2815 2158 2891 sapientia,

562 2914 592 2953 a
637 2900 798 2957 nobis
841 2905 1079 2975 separari
1134 2920 1245 2961 non
1293 2914 1491 2979 potest,
1529 2907 1638 2963 nisi
1684 2923 1809 2964 cum
1860 2923 1890 2962 e
1935 2923 2162 2981 corpore

560 2988 926 3058 abscedimus,
957 2994 1238 3064 quomodo
1268 2995 1387 3051 hac
1431 2996 1498 3052 ab
1545 2996 1848 3051 immortali
1891 3004 1945 3051 et
1984 2996 2160 3052 omni-

559 3084 781 3148 potente
809 3080 942 3149 Deo,
975 3082 1072 3154 qui
1095 3083 1281 3140 omnia
1309 3100 1407 3156 per
1430 3085 1674 3142 Verbum
1695 3101 1858 3141 suum
1885 3102 1955 3143 ex
1978 3086 2160 3143 nihilo

558 3165 710 3235 fecit,
751 3174 1010 3240 poterunt
1057 3173 1295 3244 separari
1340 3174 1369 3231 7
1403 3174 1541 3231 Nam
1572 3173 1732 3246 cujus
1759 3175 1863 3231 erit
1892 3176 2051 3232 Pater
2079 3192 2158 3231 se-

559 3256 804 3313 cundum
832 3258 1033 3332 impios
1062 3261 1373 3332 haereticos,
1411 3264 1458 3321 si
1497 3263 1566 3321 ab
1595 3280 1659 3321 eo
1685 3264 1814 3320 Filii
1841 3273 2037 3321 natura
2063 3281 2159 3321 se-
2191 3276 2235 3336 ί]

561 3351 784 3414 paratur
820 3347 851 3404 ?
878 3348 950 3406 Et
978 3362 1169 3408 rursus
1198 3353 1377 3409 Filius
1404 3352 1561 3425 cujus
1585 3352 1691 3409 erit
1732 3352 1928 3421 Filius,
1960 3354 2009 3410 si
2047 3370 2156 3409 non

558 3433 713 3507 origo
739 3453 838 3493 sua
866 3438 1135 3495 referatur
1175 3440 1243 3497 ad
1286 3441 1500 3498 Patrem
1533 3459 1546 3509 ;
1591 3448 1654 3497 ut
1685 3441 1757 3497 sit
1801 3441 1896 3496 ille
1944 3441 2040 3513 qui
2072 3458 2158 3514 ge-

557 3522 701 3591 nuit,
734 3534 787 3581 et
819 3526 912 3581 ille
942 3529 1036 3601 qui
1064 3546 1135 3585 ex
1165 3546 1230 3586 eo
1270 3530 1486 3602 genitus
1520 3538 1602 3586 est
1646 3531 1675 3586 τ
1716 3530 1878 3586 Pater
1904 3544 2033 3602 ergo
2060 3530 2157 3603 qui

557 3610 712 3684 origo
740 3623 823 3671 est
849 3615 1071 3674 deitatis
1098 3628 1153 3674 et
1179 3618 1467 3684 bonitatis,
1498 3628 1644 3676 recte
1668 3626 1724 3675 et
1755 3620 1813 3675 in
1843 3620 1988 3677 Filio
2013 3627 2068 3677 et
2097 3622 2156 3677 in

562 3701 777 3774 Spiritu
823 3713 1014 3761 sancto
1060 3707 1395 3779 intelligitur
1441 3716 1495 3765 et
1531 3708 1766 3765 sentitur
1799 3726 1811 3764 :
1844 3708 1903 3766 in
1942 3709 2061 3778 illo,
2101 3710 2158 3766 id

555 3798 660 3861 est,
693 3793 750 3848 in
792 3794 958 3865 Filio,
993 3796 1148 3853 velut
1175 3797 1379 3866 Verbo,
1429 3798 1637 3855 virtute
1665 3806 1720 3855 et
1745 3798 2019 3871 sapientia
2051 3817 2063 3855 :
2095 3799 2157 3857 in

554 3881 662 3939 hoc
701 3891 907 3952 autem,
952 3885 1107 3943 velut
1152 3885 1364 3958 Spiritu
1409 3888 1477 3944 ab
1520 3888 1638 3960 ipso
1686 3886 2013 3962 procedente
2046 3888 2153 3960 (6).

554 3972 637 4028 Ita
678 3986 805 4047 ergo
848 3980 1059 4030 rectum
1118 3983 1174 4033 et
1218 3977 1556 4034 catholicum
1610 3985 1709 4046 est,
1759 3985 1822 4033 ut
1868 3987 1924 4035 et
1982 3993 2155 4034 unum

551 4061 728 4117 Deum
758 4063 1061 4120 secundum
1081 4065 1370 4122 veritatem
1400 4066 1483 4139 (7)
1510 4066 1831 4123 substantia
1860 4067 2153 4136 fateamur,

551 4158 605 4206 et
632 4152 870 4222 Patrem,
921 4158 975 4210 et
1017 4154 1245 4224 Filium,
1276 4163 1331 4212 et
1362 4155 1637 4230 Spiritum
1676 4164 1924 4212 sanctum
1964 4156 2025 4211 in
2058 4173 2157 4212 sua

551 4257 822 4317 quemque
863 4245 1218 4303 subsistentia
1258 4246 1577 4304 sentiamus.
1628 4245 1849 4319 Absque
1919 4246 2033 4301 ulla
2075 4254 2156 4303 est

549 4344 678 4399 ergo
708 4331 816 4388 ﬁne
843 4334 924 4404 (8)
947 4336 1219 4393 credenda
1245 4345 1446 4395 sanctae
1467 4335 1755 4393 Trinitatis
1785 4333 2074 4404 divinitas,
2100 4344 2154 4391 et

551 4415 619 4472 ad
650 4421 997 4479 sentiendum
1024 4427 1189 4483 etiam
1218 4428 1321 4500 ipsi
1342 4430 1516 4486 menti
1532 4428 1779 4486 difﬁcilis
1810 4426 1913 4500 (9).
1947 4425 2021 4483 Et
2050 4427 2155 4485 hoc

549 4502 727 4562 solum
758 4516 860 4576 est,
894 4513 1040 4582 quod
1080 4530 1149 4569 ex
1180 4532 1242 4571 ea
1270 4517 1812 4590 comprehendimus,
1845 4517 1974 4590 quia
2002 4533 2149 4574 com-

549 4594 812 4669 prehendi
842 4615 953 4657 non
997 4609 1195 4676 potest.
1229 4605 1347 4662 Una
1378 4615 1461 4662 est
1506 4623 1632 4679 ergo
1662 4608 1719 4664 in
1751 4606 1929 4664 tribus
1956 4607 2148 4677 deitas,

546 4691 600 4740 et
627 4686 735 4742 tria
764 4696 894 4746 sunt
932 4650 1235 4765 inrquibus
1275 4692 1468 4752 deitas.
1507 4650 1672 4753 Ndlla
1701 4713 1827 4770 ergo
1857 4697 1915 4754 in
1942 4653 2153 4755 unitate
2181 4650 2229 4708 D

458 4790 467 4797 '
545 4775 818 4846 confusio,
852 4795 1029 4853 neque
1061 4783 1119 4839 in
1149 4784 1446 4843 divinitate
1471 4786 1588 4859 (10)
1620 4786 1917 4846 discidium
1947 4797 2047 4845 est.
2073 4790 2145 4845 Et

592 4921 723 5005 .(5)
760 4925 1138 5005 Romnreditr,
1186 4932 1422 5005 Quanta
1483 4935 1651 5004 igitur
1711 4937 2014 5004 temeritate,
2082 4955 2146 4993 ne

543 4992 796 5078 dixerint.
819 4998 1044 5078 caritate
1090 4992 1290 5057 Ariani
1347 4992 1530 5059 dicunt
1576 5023 1590 5072 ;
1649 5008 1777 5078 Reg.
1826 5005 1975 5070 cod.,
1998 4992 2013 5004 ’
2037 5025 2146 5062 οω-

543 5070 729 5119 eentur
756 5067 974 5124 Ariani.

542 5135 939 5264 cﬁwEadem
971 5142 1129 5197 Rom.
1161 5139 1298 5200 edit.
1337 5145 1479 5200 velut
1504 5146 1701 5217 spiritu
1729 5166 1764 5203 a
1791 5148 1987 5219 spiritu
2017 5165 2147 5220 pro-

645 5282 699 5354 7)
732 5281 856 5338 Val.
891 5284 1041 5349 cod.,
1077 5285 1333 5340 unitatem
1355 5288 1679 5345 substantias.

726 5354 888 5433 Rom.
917 5355 1078 5433 edit,
1111 5358 1230 5433 ulto
1251 5374 1377 5433 ergo
1397 5358 1665 5433 principia
1694 5367 1742 5415 et
1767 5360 1889 5433 ﬁne.

639 5426 698 5497 9)
724 5426 929 5483 Eadem
956 5428 1115 5484 Rom.
1145 5426 1452 5497 edit.,’tic_et
1477 5426 1719 5486 humana;
1746 5426 1817 5486 sit
1842 5433 2000 5488 menti
2026 5434 2144 5497 ipsa

540 5498 996 5636 ᾜςίἱὴάθῗωὶοπο
1038 5500 1287 5573 ἀὶᾒίείιίε.
1345 5500 1488 5557 Unde
1534 5518 1641 5557 non
1694 5504 1978 5576 incongrue
2016 5498 2142 5562 dici-

610 5636 633 5717 ζ
642 5637 731 5717 11))
769 5642 973 5717 Eadem
1008 5644 1164 5701 Rom.
1210 5643 1371 5717 edit.,
1401 5661 1564 5717 neque
1589 5647 1649 5702 in
1683 5647 1963 5705 Trinitate.

614 5705 1196 5801 £41)-.Es9819.30m-
1262 5705 1420 5801 alii?
1472 5705 1746 5801 ἐαδριέἑτέε
1788 5720 1925 5801 enim
1968 5720 2149 5801 40W

538 5791 704 5830 unam
741 5778 1092 5842 substantiam
1138 5805 1245 5843 esse
1291 5778 1507 5847 Patrem
1548 5796 1597 5846 et
1634 5790 1836 5848 Filium
1879 5798 1927 5848 et
1960 5792 2144 5863 Spiri-

1594 428 1692 488 AD
1729 424 1965 489 OPERA
1999 427 2055 489 S.
2097 425 2435 489 AMBROSII
2477 424 2864 487 APPENDIX.

3787 418 3885 480 5&0

2286 556 2410 615 ideo
2436 557 2641 632 pariter
2670 554 2979 630 abjicienda
3024 558 3107 610 est
3135 556 3190 608 et
3216 548 3377 606 stulti
3404 545 3632 605 Sabellii
3661 549 3885 607 commi-

2288 651 2416 716 stio,
2448 657 2503 705 et
2532 646 2690 720 impii
2717 645 2839 719 Arii
2869 643 3139 719 separatio
3168 660 3179 698 :
3212 639 3490 698 contraria
3512 638 3719 695 etenim
3751 639 3875 708 sibi,

2290 738 2383 794 sed
2427 752 2580 811 aeque
2622 735 2793 809 impia
2835 732 3204 807 protulerunt.
3252 727 3524 785 Sabellius
3559 727 3707 783 enim
3754 728 3884 784 dum

2288 825 2476 884 omnia
2517 824 2793 881 nominari
2829 828 2985 896 putat
3024 820 3162 893 (11),
3214 816 3355 875 nihil
3387 832 3502 872 esse
3540 817 3888 889 unumquod-

2290 934 2395 990 que
2443 915 2732 989 designat;
2776 912 3036 988 quoniam
3088 909 3311 984 quidem
3354 905 3558 963 desinit
3599 921 3716 962 esse
3742 907 3889 980 quod

2289 1016 2390 1075 est,
2419 1021 2545 1064 cum
2577 1004 2633 1061 in
2657 1005 3006 1070 alterutrum,
3037 1000 3095 1058 id
3124 998 3270 1073 quod
3309 1011 3425 1053 esse
3452 995 3663 1052 dicitur
3699 996 3886 1053 unius-

2290 1098 2572 1171 cujusque,
2609 1093 3014 1152 transfunditur
3046 1109 3059 1148 :
3093 1091 3262 1147 Arius
3294 1094 3477 1145 autem
3505 1086 3638 1142 dum
3680 1093 3885 1144 creatu-

2287 1205 2404 1245 ram
2429 1186 2605 1243 Patris
2634 1186 2861 1254 Filium,
2893 1182 3160 1257 Spiritum
3192 1194 3322 1235 vero
3351 1185 3603 1235 sanctum
3623 1177 3759 1233 Filii
3787 1176 3886 1232 im-

2286 1278 2375 1351 pie
2402 1278 2595 1336 asserit
2616 1294 2733 1333 esse
2769 1284 3097 1332 creaturam.

2359 1367 2585 1424 CAPUT
2614 1368 2708 1423 III.
2740 1396 2811 1406 —
2838 1364 2941 1420 Sed
2972 1361 3199 1434 abjectis
3240 1359 3360 1415 istis
3408 1354 3786 1429 impietatibus
3834 1364 3886 1411 et

2286 1457 2505 1530 spretis,
2558 1456 2737 1524 nobis,
2784 1455 2928 1512 sicut
2967 1452 3159 1508 beatus
3197 1448 3399 1505 Paulus
3445 1446 3726 1519 apostolus
3759 1445 3833 1500 ait
3867 1462 3879 1502 :

2301 1546 2474 1603 cUnus
2502 1554 2583 1603 est
2609 1547 2756 1602 Deus
2782 1545 2961 1611 Pater,
2988 1558 3058 1600 ex
3088 1557 3198 1614 quo
3230 1537 3417 1594 omnia
3449 1554 3463 1603 ;
3504 1542 3559 1590 et
3586 1551 3731 1590 unus
3761 1535 3880 1590 Do—

2285 1636 2472 1692 minus
2514 1636 2670 1691 Jesus
2712 1634 2983 1700 Christus,
3021 1647 3118 1703 per
3158 1644 3320 1702 quem
3363 1623 3584 1691 omnia;
3638 1632 3693 1680 et
3737 1638 3884 1678 unus

2284 1726 2524 1798 Spiritus
2552 1733 2795 1793 sanctus,
2824 1722 2883 1778 in
2931 1739 3041 1796 quo
3075 1718 3263 1776 omnia
3306 1716 3365 1789 (Ι
3392 1716 3513 1772 Cor.
3548 1730 3671 1777 VIII,
3723 1712 3807 1784 6).
3852 1736 3873 1760 ι

2283 1816 2399 1871 Hoc
2446 1813 2628 1887 ipsum
2676 1821 2861 1870 autem
2909 1812 3058 1886 quod
3105 1809 3365 1876 dicimus,
3415 1823 3478 1861 ea:
3517 1820 3637 1875 quo,
3678 1809 3736 1857 et
3783 1817 3891 1872 per

2282 1923 2455 1977 quem,
2483 1914 2537 1961 et
2577 1906 2634 1961 in
2676 1922 2778 1979 quo
2806 1903 3017 1960 omm’a:
3049 1917 3163 1958 non
3195 1907 3449 1956 naturam
3488 1910 3759 1959 secamus,
3790 1893 3889 1950 sed

2282 1995 2550 2050 unitatem
2592 2000 2646 2051 et
2688 2002 2921 2062 natura,
2972 1999 3027 2048 et
3072 1988 3399 2056 voluntatis,
3446 1992 3502 2042 et
3549 1981 3887 2056 operationis

2281 2085 2627 2142 conﬁtemur.
2678 2085 2832 2141 Unus
2871 2099 2997 2156 ergo
3044 2084 3192 2139 Deus
3224 2080 3281 2135 in
3315 2078 3405 2135 his
3433 2074 3633 2142 tribus,
3684 2079 3739 2127 et
3768 2070 3885 2126 haec

2279 2175 2386 2234 tria
2433 2192 2577 2232 unus
2613 2183 2696 2231 est
2741 2178 2905 2232 Deus.
2941 2172 3099 2240 Quod
3129 2173 3207 2229 ita
3236 2185 3352 2227 esse
3385 2166 3530 2224 idem
3563 2160 3885 2235 comprobat

2278 2263 2575 2337 Apostolus
2603 2265 2791 2321 dicens
2813 2284 2824 2321 :
2866 2289 2883 2312 ι
2907 2265 2995 2320 Ex
3023 2263 3160 2335 ipso,
3194 2268 3249 2317 et
3269 2275 3364 2332 per
3381 2258 3586 2331 ipsum,
3608 2252 3741 2310 etin
3764 2250 3884 2322 ipso

2278 2357 2465 2411 omnia
2493 2356 2625 2428 :ipsi
2653 2356 2827 2429 gloria
2846 2357 2905 2412 in
2926 2356 3125 2412 saecula
3144 2353 3494 2418 saeculorum,
3511 2362 3674 2404 amen
3701 2345 3881 2417 (Rom.

2276 2461 2358 2513 x1,
2389 2445 2504 2516 36).
2537 2470 2555 2494 ι
2596 2445 2765 2518 Cujus
2797 2446 3200 2519 reicongruens
3226 2440 3400 2498 David
3424 2436 3692 2513 propheta
3710 2432 3875 2490 dicit:

2291 2559 2309 2583 ι
2334 2535 2630 2593 Benedicat
2677 2552 2777 2592 nos
2815 2537 2982 2604 Deus,
3028 2537 3176 2591 Deus
3203 2541 3409 2599 uoster,
3458 2524 3750 2586 benedicat
3780 2538 3884 2579 nos

2274 2624 2452 2691 Deus;
2496 2632 2550 2680 et
2596 2633 2843 2682 metuant
2884 2641 3011 2682 eum
3053 2639 3246 2679 omnes
3302 2621 3439 2677 ﬁnes
3476 2627 3634 2675 terra;
3693 2611 3875 2688 (Psel.

2273 2729 2427 2783 var,
2461 2714 2514 2780 7,
2543 2713 2623 2785 8).
2653 2738 2671 2761 ι
2716 2714 2875 2770 Pater
2913 2729 3041 2785 ergo
3067 2713 3226 2769 Pater
3266 2709 3487 2767 estsine
3518 2704 3723 2773 initio;
3773 2718 3883 2760 ne-

2274 2818 2380 2875 que
2407 2802 2557 2858 enim
2586 2812 2668 2861 est
2693 2802 2846 2859 aliud
2873 2801 3090 2875 aliquid
3119 2799 3266 2857 unde
3296 2800 3453 2856 Pater
3480 2797 3585 2856 sit:
3620 2804 3673 2853 et
3693 2795 3879 2852 Filius

2272 2892 2448 2949 Filius
2494 2901 2575 2950 est
2602 2892 2805 2968 absque
2856 2893 3022 2951 initio
3059 2892 3365 2959 duntaxat;
3410 2889 3478 2947 de
3523 2890 3682 2946 Patre
3721 2886 3877 2944 enim

2273 2988 2378 3051 est,
2418 2989 2471 3037 et
2500 2991 2712 3039 creator
2740 2983 2991 3040 omnium
3026 2991 3335 3054 temporum
3374 2987 3490 3037 est:
3521 2988 3577 3037 et
3605 2977 3732 3036 ideo
3762 2994 3879 3035 non

2270 3072 2442 3127 sumit
2468 3071 2693 3129 initium
2716 3088 2785 3128 ex
2800 3080 3066 3144 tempore,
3098 3071 3229 3144 quia
3248 3066 3493 3128 Verbum
3509 3069 3691 3139 (Joan.
3722 3084 3765 3137 ι,
3793 3064 3877 3139 1),

2273 3158 2404 3233 quia
2433 3160 2634 3230 virtus,
2670 3161 2799 3234 quia
2830 3160 3098 3233 sapientia
3126 3166 3209 3216 est
3241 3158 3298 3231 (Ι
3341 3158 3465 3215 Cor.
3498 3175 3539 3227 ι,
3585 3155 3704 3227 24),
3750 3173 3877 3230 qua:

2267 3265 2431 3305 omne
2464 3259 2678 3323 tempus
2721 3257 2776 3306 et
2828 3250 2960 3307 fecit
3001 3259 3055 3307 et
3091 3244 3386 3307 antecedit.
3418 3246 3657 3320 Spiritus
3684 3254 3880 3302 autem

2270 3346 2495 3394 sanctus
2522 3355 2650 3395 vere
2680 3338 2919 3411 Spiritus
2945 3345 3046 3407 est,
3078 3337 3380 3412 procedens
3407 3335 3631 3410 quidem
3660 3351 3733 3391 ex
3761 3334 3881 3390 Pa-

2268 3435 2349 3483 tre
2367 3427 2484 3498 (12)
2510 3446 2521 3483 ;
2555 3426 2649 3483 sed
2668 3444 2779 3484 non
2808 3435 2889 3485 est
2908 3437 2962 3485 et
2985 3428 3101 3501 ipse
3122 3427 3316 3496 Filius,
3349 3424 3478 3500 quia
3498 3442 3611 3481 non
3633 3441 3883 3498 genera-

2266 3524 2376 3587 tur,
2404 3517 2500 3574 sed
2529 3517 2774 3591 procedit
2804 3536 2836 3576 a
2863 3518 3021 3575 Patre
3053 3517 3192 3590 (13).
3225 3518 3400 3575 Omne
3427 3516 3575 3574 enim
3596 3514 3745 3588 quod
3766 3523 3880 3581 est,

2265 3616 2360 3664 aut
2408 3609 2716 3681 ingenitum
2765 3618 2866 3679 est,
2906 3618 3002 3667 aut
3044 3609 3312 3683 genitum,
3359 3617 3454 3666 aut
3489 3608 3716 3666 factum.
3768 3606 3885 3662 Est

2266 3716 2395 3772 ergo
2422 3700 2569 3773 quod
2599 3717 2775 3774 neque
2800 3711 3012 3771 natum,
3035 3718 3211 3776 neque
3235 3702 3443 3758 factum
3464 3710 3545 3759 est
3573 3718 3585 3756 :
3610 3707 3692 3757 est
3719 3698 3884 3773 quod

2266 3798 2455 3847 natum
2488 3801 2590 3861 est,
2621 3801 2676 3849 et
2722 3792 2932 3849 factum
2979 3808 3092 3849 non
3136 3798 3256 3849 est:
3295 3798 3350 3848 et
3390 3799 3470 3848 est
3507 3788 3650 3863 quod
3681 3805 3889 3862 neque

2266 3888 2477 3950 natum,
2512 3897 2691 3954 neque
2735 3882 2944 3938 factum
2973 3890 3054 3939 est
3083 3901 3095 3938 :
3128 3890 3183 3938 et
3225 3889 3307 3939 est
3336 3878 3476 3955 quod
3517 3878 3724 3936 factum
3754 3886 3883 3948 est,

2265 3976 2319 4025 et
2351 3977 2542 4026 natum
2574 3986 2686 4027 non
2734 3978 2851 4028 est:
2900 3978 2956 4028 et
2983 3978 3064 4028 est
3109 3970 3257 4046 quod
3296 3971 3501 4029 factum
3539 3977 3643 4036 est,
3670 3976 3730 4025 et
3769 3984 3889 4026 na-

2264 4069 2383 4119 tum
2415 4071 2516 4132 est,
2564 4072 2618 4119 et
2669 4073 2920 4121 renatum
2958 4073 3080 4122 est:
3115 4072 3170 4121 et
3214 4070 3297 4121 est
3334 4062 3481 4137 quod
3522 4060 3730 4118 factum
3762 4066 3882 4128 est,

2264 4158 2410 4216 323
2438 4162 2493 4210 et
2518 4164 2706 4212 natum
2737 4164 2838 4225 est,
2862 4163 2917 4212 et
2941 4165 3193 4212 renatum
3222 4171 3332 4211 non
3363 4161 3462 4210 est.
3493 4154 3653 4210 Nunc
3677 4158 3887 4208 autem

2263 4251 2669 4324 propositorum
2695 4271 2988 4323 memores,
3019 4254 3250 4328 singulis
3275 4252 3391 4325 jam
3419 4251 3585 4308 rebus
3612 4250 3887 4307 substan-

2263 4339 2367 4395 tias
2408 4340 2779 4414 designemus,
2829 4344 2988 4412 Quod
3035 4360 3161 4418 ergo
3207 4358 3383 4416 neque
3434 4348 3648 4410 natum,
3688 4354 3891 4413 neque

2262 4427 2468 4486 factum
2529 4441 2630 4502 est,
2683 4435 2841 4490 Pater
2886 4441 3011 4491 est:
3070 4450 3185 4490 non
3229 4432 3376 4488 enim
3420 4428 3490 4487 ab
3519 4429 3708 4503 aliquo
3760 4435 3888 4484 est.

2261 4517 2419 4586 Quod
2460 4528 2643 4578 autem
2688 4530 2878 4579 natum
2923 4531 3023 4590 est,
3060 4531 3114 4579 et
3142 4522 3349 4579 factum
3397 4536 3510 4576 non
3548 4528 3651 4587 est,
3684 4518 3891 4575 Filius

2260 4617 2360 4677 est,
2394 4610 2488 4684 qui
2520 4627 2552 4666 a
2577 4610 2736 4668 Patre
2758 4614 2975 4684 genitus
3003 4621 3104 4670 est.
3136 4612 3294 4680 Quod
3315 4626 3447 4668 vero
3468 4625 3646 4684 neque
3665 4617 3891 4665 natum

2261 4714 2437 4771 neque
2471 4698 2677 4755 factum
2707 4710 2807 4769 est,
2841 4699 3079 4775 Spiritus
3115 4711 3336 4759 sanctus
3356 4709 3464 4770 est,
3496 4699 3591 4774 qui
3628 4714 3662 4754 a
3700 4697 3897 4755 Patre

2253 4788 2500 4859 procedit
2532 4789 2670 4861 (14).
2693 4789 2851 4857 Quod
2876 4791 3043 4849 etiam
3071 4791 3279 4849 factum
3309 4798 3410 4860 est,
3444 4797 3499 4846 et
3521 4798 3718 4846 natum
3749 4804 3900 4845 non

2255 4944 2365 5013 tum
2418 4944 2675 5006 sanctum,
2724 4956 2987 5012 unamque
3026 4940 3307 4996 trinomine
3357 4955 3656 5013 personam
3690 4956 3720 5013 ;_
3786 4939 3909 4995 sed

2261 5009 2385 5064 dum
2415 5026 2589 5065 omnes
2631 5029 2807 5087 unum
2837 5009 2941 5068 esse
2966 5028 3252 5084 personam
3296 5009 3529 5087 reputat,
3575 5010 3722 5067 nihst
3760 5027 3910 5067 esse

2250 5098 2680 5155 unamquamque
2700 5083 2963 5155 designat.

2326 5153 2442 5225 (12)
2476 5153 2678 5210 Eadem
2710 5153 2867 5212 Rom.
2890 5155 3051 5225 edit.,
3079 5162 3127 5212 et
3154 5156 3315 5212 Filio.

2327 5218 2443 5298 (13)
2469 5225 2674 5281 Eadem
2714 5226 2871 5283 Rom.
2902 5218 3062 5295 editf,
3108 5244 3274 5298 neque
3317 5228 3505 5290 Pater,
3534 5222 3667 5295 quia
3709 5241 3913 5298 Ρτᾫ-

2252 5295 2332 5351 d-it
2365 5297 2701 5370 abuutroque
2737 5314 2844 5353 non
2879 5299 3103 5370 genitus,
3151 5295 3259 5355 n—on
3292 5298 3575 5369 ingenitus,
3615 5295 3727 5351 non
3794 5296 3915 5366 fa-

2250 5373 2382 5441 ctus.
2417 5368 2556 5423 Nam
2593 5386 2742 5423 omne
2776 5368 2918 5440 quod
2963 5377 3038 5426 est
3078 5377 3182 5441 aut
3222 5368 3385 5441 neque
3429 5374 3636 5435 natum,
3697 5384 3929 5441 neque

2251 5437 2454 5507 factum
2491 5446 2582 5507 est,
2611 5446 2706 5496 aut
2732 5437 2936 5509 natum,
2972 5449 3022 5497 et
3054 5440 3257 5512 factum
3290 5437 3398 5498 non
3432 5445 3527 5508 est,
3560 5445 3659 5493 aut
3693 5437 3931 5512 ηεᾷαα

2250 5516 2456 5575 natum,
2485 5528 2648 5583 neque
2680 5512 2879 5581 factum
2920 5519 3013 5581 est,
3060 5520 3157 5570 aut
3182 5512 3404 5583 factum,
3449 5517 3499 5569 et
3538 5517 3727 5568 natum
3764 5530 3933 5572 non

2249 5585 2346 5649 est,
2394 5588 2489 5636 aut
2526 5581 2727 5652 factum
2770 5590 2819 5640 et
2849 5590 3035 5640 natum
3077 5591 3127 5640 et
3178 5581 3424 5642 renatum
3482 5589 3577 5652 est,
3612 5588 3714 5638 aut
3796 5584 3933 5657 fa-

2251 5660 2390 5707 ctum
2418 5660 2468 5708 et
2492 5660 2695 5723 natum,
2727 5661 2775 5711 et
2802 5661 3047 5712 renatum
3076 5672 3179 5710 non
3202 5663 3294 5713 est.

2324 5724 2442 5797 (14)
2470 5725 2675 5783 Eadem
2708 5724 2867 5785 Rom.
2901 5725 3059 5796 edit.,
3090 5734 3138 5783 et
3165 5728 3309 5784 Filio
3329 5724 3589 5799 procedit.
