4070 6186
197 419 301 483 M1

1360 417 1455 484 DE
1493 423 1873 487 TRINITATE
1911 423 2344 487 TRACTATUS.

3407 437 3512 502 842

197 556 299 618 est,
328 548 553 641 omium,
574 554 630 606 et
664 555 829 621 terra,
873 558 926 608 et
962 557 1158 610 caatera
1191 567 1311 628 quae
1331 560 1479 612 sunt.
1509 553 1666 623 Quod
1696 569 1805 612 au-
1833 557 1884 616 A
1913 565 2083 615 tatem
2116 570 2325 619 naturae
2363 561 2555 620 novit:
2619 563 2709 621 hic
2751 573 2832 622 est
2859 565 2926 624 de
2959 582 3068 641 quo
3124 565 3300 625 Filius
3328 567 3510 628 dixit:

200 647 305 696 tem
341 640 552 696 factum
587 649 690 710 est,
724 651 779 698 et
822 649 1011 698 natum
1043 652 1143 712 est,
1187 653 1240 700 et
1275 654 1528 702 renatum
1558 654 1658 714 est,
1691 645 1804 701 ho—

199 745 285 786 mo
316 737 421 800 est,
461 730 558 804 qui
592 732 774 803 primo
807 734 1053 790 nascitur
1090 737 1344 804 carnalis,
1371 746 1424 794 et
1451 738 1507 792 in
1529 737 1802 810 baptismo

200 820 510 876 renascitur
541 820 866 892 spiritualis.
899 823 1058 890 Quod
1089 841 1219 880 vero
1255 825 1462 881 factum
1493 835 1592 895 est,
1626 835 1679 881 et
1711 843 1804 882 na-

199 917 316 964 tum
359 915 464 976 est,
496 918 549 964 et
568 918 821 967 renatum
853 926 963 968 non
994 921 1095 981 est,
1129 914 1390 970 animalia
1419 924 1568 972 sunt.

273 1016 509 1072 CAPUT
537 1017 630 1073 IV.
653 1048 723 1059 —
753 1018 822 1074 Ut
875 1035 1003 1092 ergo
1033 1021 1250 1093 singula
1284 1022 1577 1079 doceamus
1606 1038 1804 1079 exem—

203 1103 309 1177 plis
334 1122 347 1171 ;
377 1101 447 1159 de
478 1103 637 1160 Patre
666 1105 814 1162 enim
848 1107 924 1164 ita
952 1110 1216 1185 scriptum
1250 1119 1366 1168 est:
1416 1138 1433 1159 ι
1464 1112 1614 1168 Unus
1655 1111 1802 1168 enim

201 1195 348 1250 Deus
384 1192 562 1262 Pater,
597 1211 667 1250 ex
695 1213 805 1269 quo
835 1199 1026 1254 omnia
1058 1201 1115 1271 (Ι
1145 1201 1270 1258 Cor.
1305 1218 1430 1270 vm,
1464 1201 1543 1270 6);
1573 1229 1590 1250 ι
1631 1201 1697 1257 de
1718 1202 1803 1258 Fi-

205 1281 280 1337 lio
331 1291 554 1338 autem:
613 1307 631 1330 ι
675 1283 829 1341 Unus
871 1287 1141 1346 Dominus
1191 1275 1345 1346 Jesus
1385 1289 1660 1359 Christus,
1710 1306 1806 1362 per

205 1387 369 1444 quem
403 1372 584 1428 omnia
611 1374 826 1446 (Ibid);
862 1383 916 1432 et
943 1377 1176 1435 iterum:
1222 1404 1239 1426 ι
1272 1379 1424 1435 Unus
1455 1379 1602 1434 enim
1636 1381 1800 1448 Deus,

206 1477 349 1519 unus
379 1472 432 1519 et
460 1464 733 1521 mediator
776 1467 875 1523 Dei
916 1477 970 1525 et
1016 1467 1326 1539 hominum,
1359 1469 1525 1525 homo
1553 1467 1806 1525 Christus

202 1553 355 1608 Jesus
373 1553 433 1624 (Ι
467 1555 608 1611 Tim.
630 1573 692 1624 ιι,
716 1555 798 1628 5);
823 1582 840 1604 ι
878 1555 944 1614 de
962 1558 1172 1632 Spiritu
1192 1575 1321 1615 vero
1347 1565 1554 1616 sancto:
1597 1585 1613 1604 ε
1633 1559 1805 1614 Nemo

202 1640 348 1697 enim
386 1644 550 1699 novit
579 1661 700 1718 quae
732 1655 861 1702 sunt
907 1647 1174 1714 hominis,
1225 1666 1344 1722 qum
1397 1649 1454 1704 in
1499 1647 1618 1720 ipso
1655 1654 1803 1714 sunt,

203 1730 304 1788 nisi
337 1729 575 1804 spiritus
606 1733 870 1804 hominis,
909 1736 1005 1809 qui
1061 1738 1118 1794 in
1160 1738 1279 1810 ipso
1317 1746 1435 1794 est:
1494 1737 1572 1792 ita
1597 1745 1651 1792 et
1686 1752 1805 1808 quae

200 1821 298 1880 Dei
333 1831 492 1892 sunt,
525 1824 813 1882 hominum
846 1841 1010 1884 nemo
1063 1828 1241 1897 novit,
1289 1826 1398 1885 nisi
1443 1826 1679 1901 Spiritus
1708 1827 1806 1883 Dei

203 1911 254 1982 (l
289 1912 426 1968 Cor.
464 1929 528 1979 ιι,
561 1914 672 1987 11);
706 1942 724 1964 ιι

201 2006 362 2056 tatur
384 2002 552 2058 ctiam
583 2004 686 2060 alta
714 2007 811 2063 Dei
848 2007 1012 2078 (Ibid.
1051 2007 1163 2080 10).
1192 2033 1210 2056 ι
1255 2007 1411 2074 Quod
1443 2013 1624 2063 autem
1655 2005 1812 2060 Pater

200 2098 253 2146 et
283 2089 474 2148 Filius
494 2101 544 2149 et
565 2095 802 2168 Spiritus
841 2107 1063 2154 sanctus
1085 2097 1249 2155 initio
1273 2105 1474 2163 careat,
1500 2095 1698 2153 exinde
1721 2097 1810 2152 de-

199 2188 573 2252 monstratur,
604 2188 732 2258 quia
764 2187 911 2258 quod
942 2188 1101 2244 Pater
1146 2195 1246 2256 est,
1293 2203 1408 2242 esse
1458 2203 1568 2240 non
1599 2184 1763 2257 coepit
1793 2203 1807 2253 ;

198 2279 242 2326 et
280 2270 331 2326 si
365 2288 478 2327 non
511 2277 697 2348 cmpit,
732 2293 832 2334 nec
885 2277 1060 2333 Filius
1113 2276 1314 2350 ccepit:
1348 2277 1595 2349 Spiritus
1628 2283 1809 2330 autem

203 2369 458 2431 sanctus,
491 2364 586 2436 qui
617 2383 648 2422 a
676 2365 834 2422 Patre
865 2368 1111 2441 procedit
1159 2369 1302 2439 (15),
1351 2383 1451 2423 nec
1485 2369 1596 2440 ipse
1623 2365 1808 2438 erepit,

203 2449 336 2522 quia
368 2453 650 2522 processio
682 2455 802 2528 ejus
830 2457 1094 2514 continua
1139 2465 1241 2525 est,
1284 2464 1338 2513 et
1377 2457 1444 2512 ab
1493 2473 1556 2511 eo
1586 2464 1686 2522 est,
1717 2455 1812 2527 qui

201 2555 314 2596 non
351 2541 558 2614 ccepit:
596 2560 705 2600 non
735 2546 880 2601 enim
913 2548 1071 2602 Pater
1097 2545 1262 2618 coepit
1291 2561 1425 2613 esse,
1458 2553 1511 2601 et
1541 2546 1669 2618 quia
1699 2559 1809 2599 non

199 2629 397 2702 coepit,
428 2647 530 2687 nec
558 2633 798 2706 Spiritus
826 2636 991 2708 coepit
1039 2651 1155 2692 esse
1180 2652 1192 2691 :
1258 2652 1318 2690 ea
1369 2635 1580 2690 ratione
1609 2633 1738 2708 quia
1759 2642 1812 2689 et

205 2717 258 2774 in
292 2720 428 2791 ipso
460 2727 564 2788 est,
595 2730 648 2777 et
683 2723 802 2795 ejus
848 2733 948 2781 est.
999 2726 1076 2781 De
1116 2724 1234 2780 ﬁlio
1285 2723 1486 2780 iterum
1523 2724 1669 2797 quod
1701 2740 1812 2779 non

204 2808 408 2880 ccepit,
435 2811 772 2881 evangelista
818 2820 1050 2870 testatur
1089 2815 1320 2872 dicens:
1386 2838 1403 2860 ι
1445 2815 1505 2869 In
1537 2806 1813 2886 principio

202 2905 322 2952 erat
363 2897 630 2969 Verbum,
660 2909 713 2957 et
743 2901 986 2960 Verbum
1037 2913 1152 2960 erat
1180 2904 1325 2977 apud
1353 2906 1552 2972 Deum,
1583 2910 1636 2958 et
1667 2901 1813 2959 Deus

197 2995 314 3043 erat
355 2987 625 3046 Verbum.
689 2992 806 3050 Hoc
849 3003 964 3050 erat
1012 2994 1069 3050 in
1127 2994 1401 3068 principio
1451 2993 1596 3067 apud
1638 2995 1812 3050 Deum

206 3077 404 3147 (Joan.
441 3095 480 3146 ι,
516 3079 567 3147 1,
601 3081 681 3154 2).
716 3107 732 3129 ι
776 3084 921 3156 Ergo
951 3085 1079 3157 quia
1104 3091 1238 3154 erat,
1260 3102 1370 3141 non
1402 3084 1588 3156 coepit,
1612 3090 1664 3139 et
1686 3082 1816 3156 quia

197 3165 362 3238 apud
387 3168 558 3223 Deum
579 3177 711 3239 erat,
744 3187 856 3227 non
884 3175 1047 3245 coepit
1071 3191 1085 3242 ;
1127 3181 1181 3230 et
1210 3175 1338 3247 quia
1368 3175 1508 3230 Deus
1537 3180 1672 3241 erat,
1702 3188 1813 3227 non

1927 677 1944 700 ι
1974 655 2044 711 Ει
2072 656 2231 712 Pater
2277 672 2430 712 meus
2459 657 2613 713 dabit
2654 657 2797 713 bona
2845 659 3158 731 petentibus
3203 676 3259 715 se
3291 660 3509 732 (Matth.

1913 762 2010 810 vn,
2049 746 2161 813 11),
2196 770 2212 793 ι
2257 745 2362 801 hoc
2399 754 2499 814 est,
2550 755 2643 801 aut
2692 746 2896 818 ipsum,
2947 756 3042 804 aut
3092 764 3281 804 omnes
3314 750 3515 820 gratias

1913 833 2050 904 ejus.
2085 834 2239 892 Sicut
2267 851 2394 907 ergo
2442 836 2711 892 Dominus
2758 835 3012 893 Christus
3057 847 3113 894 et
3160 837 3428 904 Verbum,
3461 846 3514 894 et

1912 924 2111 993 virtus,
2143 934 2196 981 et
2225 924 2513 997 sapientia,
2543 933 2596 980 et
2620 925 2858 997 justitia,
2883 934 2934 981 et
2957 928 3278 999 margarita,
3308 936 3361 984 et
3392 929 3512 996 lux,

1913 1021 1966 1068 et
1995 1014 2106 1081 via,
2139 1022 2192 1069 et
2221 1013 2567 1082 resurrectio,
2619 1023 2672 1070 et
2705 1023 2898 1071 caatera
2945 1033 3065 1088 quae
3105 1015 3171 1070 de
3219 1033 3283 1071 eo
3312 1017 3515 1088 scripta

1913 1110 2062 1169 sunt,
2110 1104 2452 1174 appellatur;
2505 1104 2581 1160 ita
2633 1113 2688 1160 et
2747 1105 2984 1176 Spiritus
3026 1114 3248 1162 sanctus
3301 1107 3513 1178 sapien-

1911 1191 2024 1259 tiae,
2055 1191 2388 1261 intellectus,
2423 1193 2664 1260 consilii,
2697 1193 3069 1262 fortitudinis,
3102 1194 3368 1262 scientiae,
3405 1195 3515 1266 pie-

1912 1281 2042 1336 tatis
2070 1297 2132 1338 ac
2155 1282 2394 1350 timoris,
2447 1291 2510 1338 ut
2562 1283 2677 1354 jam
2738 1283 2951 1339 dictum
2985 1292 3086 1351 est,
3141 1293 3513 1356 nuncupatur.

1912 1371 2031 1426 Non
2062 1380 2245 1427 tamen
2273 1371 2418 1444 quod
2474 1373 2729 1428 diversus
2758 1373 2830 1429 sit
2854 1373 3015 1444 juxta
3049 1373 3391 1430 dill'erentias
3420 1390 3514 1429 uo-

1915 1459 2149 1526 minum,
2181 1461 2276 1516 sed
2308 1460 2454 1532 quod
2487 1478 2630 1516 unus
2662 1471 2826 1534 atque
2858 1462 3005 1518 idem
3037 1473 3362 1520 cunctarum
3394 1462 3518 1517 vir-

1914 1555 2094 1604 tutum
2125 1548 2247 1604 fons
2292 1549 2366 1604 sit
2414 1558 2578 1624 atque
2621 1550 2983 1622 principium,
3033 1553 3128 1624 qui
3177 1552 3234 1609 in
3277 1552 3518 1610 Domino

1915 1637 2158 1703 Christo,
2185 1646 2374 1711 utpote
2403 1656 2513 1694 suae
2542 1647 2750 1696 natura
2781 1649 3060 1709 consorte,
3091 1657 3307 1713 semper
3346 1640 3517 1698 inha-

1913 1727 2136 1785 bitavit.
2164 1729 2260 1785 Isti
2289 1738 2418 1786 sunt
2449 1740 2659 1802 septem
2693 1731 2862 1800 oculi,
2889 1732 2982 1804 qui
3011 1731 3069 1788 in
3098 1732 3367 1790 Zacharia
3395 1750 3515 1806 pro-

1913 1817 2077 1890 pheta
2107 1819 2164 1874 in
2196 1836 2306 1875 uno
2338 1819 2518 1892 lapide
2551 1821 2739 1892 (Zach.
2781 1840 2863 1889 ιιι,
2913 1824 2993 1890 9),
3037 1822 3093 1878 id
3145 1831 3244 1891 est,
3279 1824 3518 1880 Domino

767 1922 821 1973 et
852 1917 1054 1974 iterum
1081 1936 1092 1974 ;
1140 1942 1156 1965 ε
1179 1917 1418 1991 Spiritus
1448 1924 1629 1973 autem
1665 1933 1810 1973 scru-
1840 1921 1886 1980 B
1919 1909 2141 1966 Christo
2170 1911 2434 1968 dicuntur
2464 1913 2662 1969 inesse.
2696 1913 3008 1985 Proprietas
3037 1930 3185 1986 ergo,
3218 1913 3518 1988 unicuique

1920 1998 2261 2055 immobilis:
2321 2002 2416 2056 sed
2464 2019 2608 2058 unus
2663 2003 2849 2059 cultus
2899 2003 3040 2075 (17),
3072 2020 3184 2060 una
3213 2005 3517 2073 veneratio,

1921 2103 2029 2143 una
2061 2088 2424 2146 sanctiﬁcatio
2453 2107 2669 2163 semper
2700 2093 2875 2148 Patris
2904 2102 2957 2149 et
3005 2093 3134 2148 Filii
3183 2101 3237 2148 et
3281 2093 3520 2166 Spiritus

1920 2178 2095 2233 sancti
2125 2187 2225 2234 est.
2257 2180 2443 2252 Neque
2471 2181 2619 2236 enim
2651 2181 2882 2254 dignum
2938 2192 3018 2240 est
3048 2191 3144 2239 aut
3173 2184 3381 2238 Filium
3412 2184 3520 2240 de-

1922 2267 2090 2324 fuisse
2125 2269 2292 2337 Patri,
2324 2279 2418 2325 aut
2459 2269 2728 2342 Spiritum
2777 2281 3029 2328 sanctum
3078 2273 3320 2329 defuisse
3353 2273 3518 2340 Filio,

1921 2359 2064 2416 sicut
2093 2360 2249 2432 impii
2281 2361 2525 2418 haeretici
2556 2362 2922 2418 mentiuntur.
2952 2364 3061 2420 Nos
3090 2380 3219 2436 ergo
3239 2362 3358 2419 hac
3387 2379 3522 2433 prae-

1921 2458 2198 2517 caventes,
2268 2467 2551 2508 servemus
2608 2452 2819 2508 bonum
2875 2454 3242 2526 propositum,
3298 2453 3444 2526 quod
3481 2468 3522 2516 ,a

1924 2539 2412 2620 sanctis'Patribus
2465 2541 2824 2612 suscepimus.
2885 2542 3194 2600 Adoremus
3224 2543 3440 2598 Patrem
3469 2550 3522 2597 et

1924 2629 2128 2684 Filium
2157 2637 2210 2685 et
2247 2630 2514 2700 Spiritum
2562 2639 2834 2697 sanctum,
2885 2635 2943 2686 in
2995 2632 3140 2686 Filio
3185 2632 3423 2696 Patrem,
3462 2629 3520 2686 in

1923 2718 2132 2788 Spiritu
2163 2726 2342 2773 autem
2391 2725 2580 2774 sancto
2610 2718 2822 2774 Patrem
2854 2727 2908 2774 et
2955 2719 3161 2775 Filium
3196 2720 3519 2791 intelligen-

1923 2813 2040 2861 tes:
2075 2805 2389 2862 dividentes
2414 2814 2709 2878 antequam
2761 2806 3177 2879 conjungamus,
3209 2815 3263 2864 et
3285 2807 3518 2878 jungen-

1923 2903 2004 2952 tes
2031 2903 2326 2967 antequam
2378 2895 2728 2953 dividamus:
2765 2901 2912 2960 324
2948 2898 3216 2954 unitatem
3249 2898 3307 2953 in
3338 2896 3515 2953 Trini-

1924 3003 2032 3052 tate
2063 3005 2408 3064 venerantes,
2441 3005 2494 3054 et
2519 2995 2847 3051 Trinitatem
2906 2995 2964 3051 in
2996 2994 3208 3050 unitate
3236 2994 3518 3050 confiten-

1924 3093 2025 3142 tes.
2060 3086 2195 3141 Tota
2244 3102 2372 3157 ergo
2431 3101 2462 3141 a
2521 3085 2682 3141 nobis
2738 3091 2924 3141 sancta
2971 3083 3214 3140 Trinitas
3244 3081 3519 3140 adoranda

1923 3184 2028 3243 est,
2061 3175 2190 3247 quia
2221 3182 2339 3230 tota
2391 3175 2588 3247 regalis
2615 3183 2716 3243 est,
2750 3175 2880 3248 quia
2906 3174 3072 3232 unius
3101 3165 3388 3246 potestatis
3418 3182 3518 3242 est,

194 3258 412 3332 coepit:
450 3265 501 3314 et
557 3260 687 3333 quia
736 3263 829 3316 hoc
872 3269 988 3318 erat
1033 3262 1089 3318 in
1136 3263 1404 3336 principio
1437 3264 1583 3336 apud
1629 3264 1812 3330 Deum,
1851 3283 1894 3342 ρ
1925 3272 1978 3321 et
2007 3264 2172 3320 unius
2229 3264 2415 3335 gloriae.
2469 3273 2549 3320 est
2607 3281 2772 3336 supra
2830 3264 3122 3332 mundum,
3172 3280 3337 3336 supra
3369 3273 3520 3320 tem-

200 3362 314 3404 non
381 3347 586 3420 ccepit:
631 3350 761 3422 quia
801 3351 879 3406 ita
924 3352 1069 3407 Deus
1116 3368 1186 3408 ex
1229 3353 1344 3408 Deo
1399 3359 1558 3408 natus
1600 3358 1701 3418 est,
1759 3359 1821 3406 ut

196 3437 450 3514 erupisse
482 3441 706 3498 nesciat.
765 3442 952 3514 Neque
1007 3459 1136 3515 ergo
1191 3442 1477 3499 fraudatus
1504 3448 1586 3498 est
1638 3443 1818 3510 Pater,

197 3548 262 3588 eo
293 3531 463 3607 quod
495 3531 774 3605 ingenitus
806 3542 906 3601 est,
936 3541 1032 3589 aut
1063 3534 1194 3607 quia
1223 3535 1412 3606 genuit
1442 3534 1678 3589 Filium:
1713 3547 1822 3589 ne-

193 3638 304 3694 que
345 3622 394 3676 F
401 3621 535 3677 ilius
561 3622 940 3691 defraudatus,
973 3640 1036 3679 eo
1066 3624 1213 3697 quod
1247 3630 1532 3696 generatus
1567 3631 1676 3690 est,
1727 3629 1822 3678 aut

193 3713 336 3784 quia
381 3725 450 3764 ex
483 3710 729 3783 ingenito
761 3721 1075 3784 generatur:
1129 3728 1305 3785 neque
1338 3712 1574 3784 Spiritus
1604 3719 1822 3766 sanctus

191 3798 577 3855 defraudatus
607 3811 708 3868 est,
743 3802 874 3874 quia
921 3807 1306 3876 utrorumque,
1331 3801 1384 3857 id
1418 3809 1521 3869 est,
1554 3800 1730 3856 Patris
1769 3806 1823 3854 et

193 3891 345 3946 Filii
377 3898 482 3946 est.
513 3889 602 3946 Sic
625 3899 812 3946 tamen
843 3909 1031 3948 eorum
1071 3901 1174 3962 est,
1228 3897 1291 3948 ut
1336 3907 1513 3965 neque
1553 3891 1610 3946 in
1641 3891 1820 3956 Patre,

189 3994 401 4050 neque
445 3977 504 4032 in
553 3980 695 4035 Filio
743 3983 1102 4052 refundatur;
1153 3985 1283 4060 quia
1310 3986 1457 4040 Deus
1497 3991 1598 4050 est,
1649 3997 1824 4055 neque

190 4069 480 4133 initium,
514 4084 690 4140 neque
720 4072 899 4127 ullum
932 4073 1096 4130 finem
1125 4074 1352 4145 habens,
1380 4083 1575 4150 utpote
1605 4075 1700 4147 qui
1729 4074 1824 4128 Pa-

188 4156 284 4214 tri
333 4161 395 4208 et
427 4153 570 4210 Filio
599 4166 649 4213 et
680 4168 983 4216 coaeternus
1013 4168 1092 4217 est
1123 4164 1260 4235 (16):
1304 4166 1433 4238 quia
1479 4166 1574 4221 ubi
1603 4165 1743 4231 vult,
1773 4171 1827 4219 et

189 4259 369 4321 quos
402 4245 548 4312 vult,
576 4254 630 4301 et
657 4255 891 4318 quantos
935 4251 1076 4318 vult,
1126 4261 1178 4308 et
1225 4263 1486 4324 quantum
1537 4255 1678 4322 vult,
1730 4253 1827 4308 in—

191 4335 405 4409 spirat
425 4350 524 4388 sua
544 4336 770 4407 propria
784 4338 1068 4394 voluntate
1091 4340 1272 4412 (Joan.
1295 4358 1374 4408 ιιι,
1396 4344 1475 4413 8).
1495 4345 1682 4416 Replet
1699 4360 1827 4415 ergo

195 4424 403 4498 gratia
427 4440 527 4478 sua
552 4441 690 4497 quos
731 4429 874 4496 vult,
925 4438 979 4485 et
1017 4437 1254 4502 quantos
1286 4431 1425 4498 vult,
1475 4439 1530 4486 et
1557 4441 1826 4504 quantum

197 4516 371 4582 vult,
405 4529 518 4569 non
550 4514 664 4587 ipse
695 4519 941 4590 repletur
968 4537 980 4575 :
1017 4520 1412 4592 perfectionem
1449 4530 1684 4593 praestat,
1717 4539 1826 4579 non

1928 3369 2082 3426 pora,
2145 3353 2425 3419 increata,
2485 3351 2788 3408 invisibilis
2819 3395 2835 3419 ,
2887 3351 3465 3422 incomprehensibilis
3503 3395 3518 3420 ,

1931 3443 2378 3514 investigabilis:
2422 3460 2541 3516 quae
2573 3458 2681 3514 quo
2731 3440 2927 3497 ordine
2973 3441 3117 3512 apud
3173 3440 3520 3511 semetipsam

1932 3535 2023 3602 sit,
2073 3535 2190 3606 ipsa
2244 3534 2360 3588 sola
2417 3533 2716 3604 cognoscit,
2791 3549 2822 3588 a
2903 3530 3064 3587 nobis
3109 3538 3290 3586 autem
3347 3545 3522 3600 mqua-

1935 3623 2061 3678 liter
2116 3622 2396 3679 adoratur.
2471 3624 2534 3678 ln
2591 3637 2697 3694 qua
2787 3619 3060 3677 invisibili
3148 3627 3202 3675 et
3256 3616 3526 3674 ineffabili

1933 3719 2120 3768 sancta
2148 3712 2418 3768 Trinitate
2474 3711 2618 3767 nihil
2675 3719 2785 3766 tarn
2844 3709 3152 3782 proprium,
3183 3716 3294 3764 tam
3348 3706 3523 3762 ﬁxum

1934 3801 2241 3873 intelligere
2293 3800 2586 3868 debemus,
2669 3815 2834 3872 quam
2901 3813 3089 3870 pacem
3151 3803 3206 3852 et
3259 3796 3523 3868 quietem.

1933 3891 2119 3964 Neque
2149 3891 2296 3946 enim
2327 3889 2598 3946 dissensio
2641 3890 2756 3945 ulla
2803 3889 2861 3944 in
2899 3894 3096 3943 natura
3138 3886 3238 3942 Dei
3267 3893 3367 3951 est,
3400 3884 3530 3957 quia

1933 4006 2036 4046 nec
2075 3988 2305 4045 dissolvi
2360 4003 2515 4058 posse
2571 3985 2859 4043 sentienda
2911 3993 3014 4053 est,
3049 3990 3241 4054 utpote
3271 3999 3390 4054 quae
3421 3995 3525 4050 pax

1935 4094 2150 4150 semper
2177 4083 2232 4132 et
2259 4075 2498 4132 charitas
2525 4083 2626 4130 est.
2660 4074 2716 4130 Si
2746 4074 2893 4130 enim
2922 4079 3158 4143 quatuor
3184 4066 3522 4132 substantiae,

1939 4167 1996 4223 id
2024 4174 2127 4235 est,
2160 4168 2330 4234 calor,
2362 4166 2606 4238 sanguis,
2647 4163 2842 4234 ﬂegma
2889 4169 2943 4216 et
2989 4161 3208 4224 humor,
3244 4154 3526 4212 hominem

1939 4255 2156 4314 faciunt
2187 4256 2324 4327 (18),
2359 4263 2414 4311 et
2443 4271 2589 4311 unus
2642 4252 2811 4308 homo
2840 4258 2958 4317 est;
2997 4242 3145 4305 tu'in
3176 4245 3386 4301 unitate
3415 4243 3531 4301 Tri-

1937 4347 2188 4412 nitatem,
2237 4352 2331 4402 aut
2380 4345 2437 4401 in
2482 4342 2752 4398 Trinitate
2795 4340 3064 4398 unitatem
3113 4335 3390 4410 quomodo
3420 4349 3530 4390 non

1940 4437 2255 4508 intelligis?
2282 4439 2428 4492 Deus
2474 4451 2602 4506 ergo
2655 4433 2815 4488 Pater
2869 4430 3238 4502 omnipotens,
3267 4426 3533 4498 omnipo-

1939 4541 2059 4588 tens
2087 4530 2331 4588 Verbum
2362 4536 2416 4584 et
2441 4527 2708 4598 Spiritum
2753 4526 2980 4594 habens,
3039 4539 3204 4597 supra
3233 4522 3531 4579 humanam

196 4603 825 4676 accipit:sanctiﬁcat,
882 4623 994 4664 non
1047 4617 1234 4665 autem
1285 4608 1399 4681 ipse
1429 4610 1817 4670 sanctiﬁcatur.

1939 4619 2362 4692 intelligentiam
2393 4625 2494 4686 est,
2527 4625 2581 4672 et
2598 4618 2743 4672 ultra
2770 4633 2933 4690 quam
2955 4613 3183 4686 cogitari
3204 4619 3404 4683 potest,
3438 4611 3528 4666 in-

276 4701 531 4760 CAPUT
563 4701 632 4758 V.
659 4731 728 4743 —-
760 4703 862 4760 Hic
890 4721 1018 4778 ergo
1074 4707 1220 4764 sicut
1272 4707 1431 4764 Pater
1479 4723 1542 4764 ac
1575 4707 1748 4763 Filius
1773 4717 1826 4764 et

199 4796 334 4850 vita
369 4798 458 4846 est
482 4799 537 4846 et
572 4791 882 4862 viviﬁcans,
945 4804 1000 4850 et
1049 4795 1145 4850 lux
1173 4803 1254 4852 est
1300 4804 1354 4852 et
1401 4795 1750 4865 illuminans,
1781 4805 1834 4853 et

201 4883 406 4938 bonus
436 4891 492 4937 et
521 4881 760 4948 bonitas,
821 4891 875 4938 et
932 4893 1152 4942 sanctus
1199 4894 1252 4942 et
1300 4891 1598 4946 sanctitas:
1631 4889 1724 4946 hic
1752 4898 1835 4946 est

200 4972 471 5044 Spiritus
497 4970 814 5042 adoptionis
845 4973 1020 5043 (Rom.
1054 4991 1175 5042 vm,
1212 4977 1328 5043 15),
1359 4977 1452 5033 hic
1469 4987 1552 5033 est
1573 4979 1667 5050 qui
1689 4979 1834 5033 dona
1897 4980 1899 4983 ’

202 5078 312 5116 sua
346 5059 567 5114 dividit
597 5061 854 5132 singulis,
888 5070 1050 5133 prout
1080 5064 1201 5120 vult
1223 5065 1282 5136 (ι
1313 5065 1437 5120 Cor.
1463 5081 1567 5133 xu,
1602 5067 1712 5136 11):
1740 5067 1833 5122 hic

203 5162 292 5207 est
344 5176 364 5197 ι
400 5149 644 5220 Spiritus
673 5151 957 5223 sapientiae
1011 5161 1065 5208 et
1121 5152 1456 5222 intellectus,
1507 5153 1749 5216 scientiae
1781 5162 1834 5210 et

207 5239 482 5312 pietatis,
515 5240 734 5295 consilii
763 5249 817 5296 et
844 5240 1074 5296 virtutis
1113 5257 1175 5299 ac
1205 5243 1422 5299 timoris
1451 5243 1550 5300 Dei
1585 5244 1719 5314 (lca.
1751 5259 1830 5312 χι,

209 5334 286 5402 Ξ);
325 5358 346 5379 ι
402 5328 499 5385 hic
529 5337 610 5385 est
639 5329 881 5400 Spiritus
929 5338 1171 5396 sanctus,
1214 5347 1309 5401 per
1341 5347 1501 5403 quem
1553 5331 1710 5387 Pater
1747 5349 1834 5404 ag-

213 5419 505 5487 noscitur,
558 5425 611 5473 et
665 5418 841 5473 Filius
896 5418 1257 5490 gloriﬁcatur,
1311 5427 1362 5474 et
1402 5437 1433 5475 a
1472 5421 1674 5493 quibus
1703 5423 1835 5477 solis

216 5509 338 5583 ipse
371 5506 750 5579 cognoscitur,
783 5514 837 5562 et
867 5507 958 5579 qui
985 5508 1137 5564 solus
1167 5507 1358 5570 omnia.
1384 5525 1571 5565 eorum
1601 5527 1695 5583 per
1714 5511 1834 5567 uni-

331 5597 433 5664 15)
464 5595 669 5650 Eadem
707 5596 862 5652 Rom.
897 5594 1052 5660 edit.,
1085 5597 1176 5666 qui
1213 5596 1279 5650 ab
1311 5603 1546 5667 utroque.

293 5601 432 5740 216)
494 5667 715 5722 Eadem.
768 5667 925 5723 Rcui.
958 5666 1113 5736 edit.,
1145 5667 1546 5725 consubstantia.

328 5668 432 5734 16)
494 5667 715 5722 Eadem.
768 5667 925 5723 Rcui.
958 5666 1113 5736 edit.,
1145 5666 1608 5726 consubstantiatis
1636 5678 1681 5728 et
1710 5689 1836 5729 coae-

221 5748 421 5794 ternus
455 5744 546 5791 est.

300 5809 440 5878 (17)
481 5808 680 5864 Eadem
706 5809 862 5865 Rom.
896 5808 1054 5878 edit.,
1105 5809 1386 5882 unicuique
1416 5819 1506 5883 est,
1544 5821 1602 5871 ut
1647 5815 1695 5872 si
1742 5816 1836 5872 im-

1935 4709 2450 4782 comprehensibilis
2477 4716 2531 4765 et
2559 4715 2835 4763 aeternus:
2870 4721 3032 4777 quem
3064 4713 3218 4769 tunc,
3254 4707 3523 4775 quantum

1943 4801 2023 4857 fas
2081 4799 2484 4856 imbecillitatis
2536 4806 2735 4853 nostris
2789 4793 3082 4868 permittit,
3130 4807 3420 4864 possumus
3447 4805 3534 4861 ag-

1942 4905 2185 4956 noscere,
2221 4887 2444 4961 quando
2474 4887 2772 4943 Dominum
2800 4883 3105 4949 Christum,
3141 4880 3235 4954 qui
3267 4880 3384 4953 ejus
3411 4879 3536 4935 for-

1943 4996 2032 5036 ma
2062 4981 2203 5051 (19),
2237 4989 2291 5037 et
2319 4979 2518 5038 unicus
2548 4979 2697 5034 ﬁlius
2716 4986 2818 5047 est,
2844 4978 3167 5034 noverimus
3191 4994 3202 5032 :
3237 4975 3368 5048 quia
3397 4973 3538 5030 sicut

1944 5071 2058 5142 ipse
2089 5069 2197 5125 ait:
2245 5091 2264 5116 ε
2291 5069 2397 5137 Qui
2428 5069 2574 5126 vidit
2607 5068 2835 5136 Filium,
2868 5067 3012 5124 vidit
3065 5074 3119 5122 et
3173 5065 3410 5129 Patrem,
3443 5059 3535 5134 qui

1942 5159 2096 5214 misit
2125 5176 2271 5226 eum,
2301 5165 2356 5214 et
2382 5158 2477 5232 qui
2520 5157 2580 5214 in
2630 5173 2695 5213 eo
2732 5165 2832 5225 est,
2886 5164 2939 5213 et
2989 5156 3085 5229 qui
3129 5155 3185 5209 in
3235 5170 3300 5210 eo
3358 5154 3539 5206 manet

1946 5251 2132 5322 (Joan.
2165 5267 2284 5319 xrv,
2317 5251 2398 5320 9),
2429 5275 2449 5298 ι
2491 5258 2547 5306 et
2576 5250 2777 5306 iterum
2805 5267 2816 5305 :
2878 5271 2896 5296 ι
2944 5249 3073 5305 Haec
3101 5254 3181 5304 est
3213 5253 3394 5301 autem
3423 5240 3537 5295 vita

1943 5347 2166 5406 aeterna,
2190 5349 2252 5396 ut
2279 5347 2612 5413 cognoscant
2640 5346 2694 5394 te
2731 5339 2906 5396 Deum
2937 5353 3153 5401 verum,
3183 5341 3237 5390 et
3260 5345 3417 5404 quem
3437 5327 3536 5382 mi-

1943 5427 2084 5495 sisti,
2116 5429 2298 5485 Jesum
2333 5428 2614 5486 Christum
2648 5429 2830 5500 (Joan.
2860 5443 3000 5492 xvn,
3024 5426 3103 5498 3).
3137 5449 3154 5471 ι
3189 5423 3331 5490 Ergo
3360 5414 3536 5472 omni-

1944 5529 2136 5590 potens
2168 5519 2326 5576 Pater
2354 5536 2556 5576 nomen
2586 5507 2764 5576 Patris
2794 5530 2889 5591 per
2919 5516 3122 5574 Filium
3156 5510 3384 5570 sortitus
3414 5517 3496 5566 est
3523 5529 3536 5578 ;

1945 5605 2191 5668 mobilis;
2220 5605 2349 5674 quia
2379 5622 2516 5660 unus
2545 5606 2739 5669 cultus,
2774 5611 2877 5660 etc.

2020 5677 2138 5757 (18)
2172 5670 2376 5757 [Eadem
2415 5677 2594 5757 Pam.
2626 5676 2786 5742 edit.,
2966 5677 3091 5757 atra
3138 5677 3185 5727 et
3213 5670 3378 5740 ﬂava,
3409 5686 3542 5727 san-

1945 5745 2067 5818 guis
2091 5753 2137 5818 et
2165 5749 2381 5818 ﬂamma
2407 5745 2672 5818 hominem
2696 5745 3034 5818 constituunt.

2021 5817 2138 5886 (19)
2166 5815 2373 5873 Eadem
2402 5818 2556 5871 ltom.
2589 5815 2749 5881 edit.,
2781 5815 3054 5869 character
3085 5822 3133 5872 et
3165 5815 3360 5890 figura.
