4070 6186
605 381 714 441 543

1610 379 1708 436 ΑΙ)
1748 378 1982 435 OPERA
2020 376 2074 434 S.
2117 375 2450 435 AMBROSII
2487 375 2870 434 APPENDIX.

3803 379 3905 437 544

608 518 738 590 quia
767 531 928 574 nemo
957 515 1076 573 sine
1105 515 1223 572 ﬁlio
1244 523 1396 589 pater
1414 528 1529 570 esse
1550 514 1638 568 vel
1666 512 1777 577 dici
1800 519 1998 584 potest,
2020 527 2198 585 neque
2235 513 2288 572 A
2315 526 2482 583 super
2507 513 2788 584 apostolos
2817 509 3174 579 descendens,
3208 509 3451 569 diversas
3485 513 3566 569 eis
3601 514 3912 587 impertitus

609 606 758 663 ﬁlius
791 605 909 660 sine
932 613 1103 676 patre.
1127 605 1481 677 Unigenitum
1513 621 1644 659 vero
1673 603 1773 659 Dei
1800 602 2027 667 Filium,
2059 603 2207 657 Ver-

607 695 762 763 bum,
815 703 871 751 et
923 696 1270 768 sapientiam,
1342 711 1404 751 ac
1462 692 1731 766 Spiritum
1783 691 1900 762 ejus
1955 699 2205 746 sanctum

606 785 1045 842 substantialiter
1100 785 1335 857 aequales
1377 799 1474 855 per
1526 784 1716 840 omnia
1754 785 1903 839 Patri
1947 772 2202 838 conﬁteri

607 873 977 932 honoriﬁcum
1007 883 1106 931 est.
1140 872 1274 928 Nam
1307 873 1432 946 quis
1461 889 1648 928 revera
1676 881 1771 928 aut
1807 873 2069 939 colorem,
2111 881 2204 928 aut

606 978 877 1041 habitum,
937 980 1032 1028 aut
1087 970 1533 1043 magnitudinem
1566 969 1734 1026 Verbi
1787 978 1842 1025 et
1898 967 2200 1041 sapientiae,

599 1069 760 1141 juxta
803 1063 950 1137 quod
995 1062 1266 1135 sapientia
1310 1068 1411 1129 est,
1460 1078 1523 1116 ac
1566 1060 1806 1133 Spiritus
1852 1060 2026 1117 sancti
2067 1079 2203 1118 coa-

603 1159 816 1232 ptavit:
845 1163 908 1211 ut
930 1155 1130 1227 gradus
1150 1153 1268 1209 illic
1293 1153 1537 1224 requirat
1555 1160 1610 1207 et
1637 1151 1860 1206 ordines
1889 1150 2073 1218 faciat,
2105 1152 2199 1208 ubi

605 1246 792 1303 omnia
822 1243 1130 1300 invisibilia
1170 1251 1223 1298 et
1250 1242 1411 1298 unita
1452 1257 1517 1298 ac
1563 1239 1789 1312 paciﬁca
1817 1254 2030 1310 semper
2068 1254 2202 1310 per-

604 1344 829 1394 manent
852 1336 880 1392 ‘t

676 1453 904 1511 CAPUT
934 1452 1030 1508 VI.
1061 1483 1132 1492 —
1155 1452 1403 1508 Primum
1426 1471 1557 1526 ergo
1583 1453 1834 1508 omnium
1865 1450 2198 1507 credendum

601 1553 683 1601 est
704 1560 876 1600 unum
904 1561 1020 1601 esse
1048 1546 1247 1612 Deum,
1272 1545 1366 1615 qui
1389 1550 1587 1600 cuncta
1606 1559 1676 1598 ex
1728 1541 1908 1597 nihilo
1943 1558 2039 1613 per
2067 1542 2200 1598 Ver-

598 1631 731 1688 bum
761 1649 922 1689 suum
953 1632 1104 1700 fecit,
1136 1641 1189 1687 et
1219 1649 1316 1704 per
1365 1631 1630 1703 Spiritum
1673 1639 1922 1687 sanctum
1977 1631 2202 1686 anima—

600 1723 718 1789 vit;
755 1721 994 1794 quicum
1027 1722 1288 1776 universa
1322 1720 1520 1792 capiat,
1570 1721 1684 1792 ipse
1722 1736 1754 1775 a
1779 1720 2002 1776 nemine
2040 1719 2200 1791 capis-

598 1819 709 1866 tur.
741 1809 901 1878 Quod
947 1810 1024 1866 ita
1071 1825 1187 1864 esse
1231 1825 1342 1864 uno
1389 1810 1662 1865 versiculo
1710 1808 1888 1864 David
1934 1808 2200 1880 propheta

599 1897 1019 1970 comprehendit
1048 1897 1239 1953 dicens
1266 1916 1278 1953 :
1334 1921 1353 1945 ι
1390 1897 1574 1954 Verbo
1600 1897 1821 1954 Domini
1856 1897 1980 1955 coeli
2012 1896 2192 1952 ﬁrma-

597 1987 642 2042 ti
698 1994 846 2055 sunt,
879 1994 931 2042 et
993 1986 1204 2059 Spiritu
1239 1987 1352 2043 oris
1388 1986 1506 2059 ejus
1559 1987 1740 2043 omnis
1795 1987 1974 2040 virtus
2003 2002 2191 2041 eorum

601 2075 776 2146 (Psal.
811 2091 994 2139 XXX",
1027 2075 1106 2145 6).
1148 2100 1166 2122 ι
1210 2076 1316 2130 Istc
1345 2083 1427 2131 est
1459 2074 1698 2147 Spiritus
1735 2082 1977 2142 sanctus,
2009 2073 2103 2147 qui
2133 2074 2192 2129 in

596 2162 870 2234 principio
898 2169 953 2217 et
979 2163 1186 2220 fabrica
1236 2164 1429 2220 mundi
1481 2164 1758 2220 ferebatur
1805 2179 1969 2234 super
2022 2178 2189 2235 aquas

601 2250 756 2321 (Gen.
792 2267 831 2318 ι,
852 2250 932 2321 2).
958 2251 1064 2306 Iste
1093 2259 1175 2307 est
1208 2251 1268 2306 in
1298 2267 1406 2323 quo
1434 2251 1652 2324 Moyses
1695 2257 1750 2306 et
1788 2251 1972 2305 Aaron
2007 2265 2190 2305 coram

596 2337 879 2394 Pharaone
901 2354 1023 2412 rege
1044 2341 1274 2412 Egypti
1296 2341 1453 2410 signa
1466 2339 1736 2405 fecerunt,
1761 2345 1816 2393 et
1834 2338 1902 2393 de
1923 2354 2032 2410 quo
2050 2337 2190 2410 Magi

595 2426 859 2484 dixerunt
883 2445 895 2483 :
943 2453 962 2476 ε
978 2428 1080 2484 Hic
1099 2428 1307 2499 digitus
1329 2429 1426 2483 Dei
1449 2437 1530 2484 est
1556 2427 1760 2498 (Exod.
1781 2445 1904 2494 VIII,
1930 2427 1993 2481 l9
1999 2443 2066 2497 ).-
2086 2427 2190 2482 Iste

595 2523 679 2570 est
708 2516 802 2586 qui
841 2516 897 2570 in
929 2517 1136 2587 Moyse,
1171 2524 1224 2572 et
1254 2518 1312 2571 in
1343 2516 1604 2571 omnibus
1633 2516 1836 2572 sanctis
1864 2515 2190 2587 patriarchis

597 2611 655 2658 et
677 2602 962 2675 prophetis
1009 2612 1171 2676 atque
1233 2605 1495 2676 apostolis
1552 2606 1768 2662 locutus
1813 2613 1895 2661 est
1929 2606 2015 2676 (II
2041 2607 2185 2661 Petr.

596 2708 636 2759 ι,
669 2691 784 2762 21),
819 2718 838 2738 ι
881 2692 947 2747 de
979 2709 1088 2765 quo
1138 2694 1436 2765 Apostolus
1486 2694 1652 2750 dicit:
1705 2721 1722 2741 ι
1749 2695 1823 2750 Et
1873 2711 1973 2751 nos
2001 2710 2188 2749 omnes

599 2799 713 2838 uno
741 2782 954 2854 Spiritu
975 2784 1147 2856 potati
1175 2801 1364 2840 sumus
1397 2786 1454 2854 (Ι
1482 2785 1606 2840 Cor.
1629 2802 1731 2852 xu,
1768 2785 1881 2856 13).
1916 2811 1934 2834 ι
1968 2786 2185 2851 Isteest,

591 2872 686 2944 qui
716 2889 938 2929 carnem
970 2874 1142 2930 Verbi
1187 2875 1286 2930 Dei
1338 2875 1395 2930 in
1443 2891 1657 2931 sacrum
1695 2875 1938 2946 Virginis
1969 2884 2186 2930 uterum

593 2960 886 3017 fabricavit
920 2963 1070 3031 (Luc.
1106 2980 1144 3028 ι,
1177 2962 1269 3032 35)
1297 2980 1308 3016 :
1357 2962 1457 3018 iste
1499 2971 1602 3030 est,
1637 2979 1798 3034 quem
1830 2973 1951 3035 post
1979 2966 2184 3038 baptis-

593 3065 746 3104 mum
777 3051 939 3105 Pater
961 3067 1126 3121 super
1154 3050 1359 3106 Filium
1388 3051 1541 3107 misit
1582 3053 1790 3122 (Matth.
1825 3072 1908 3122 ιιι,
1939 3057 2048 3122 16);
2084 3056 2185 3112 iste

589 3145 691 3204 est,
725 3139 885 3211 cujus
915 3141 1123 3196 virtute
1171 3141 1328 3197 Iesus
1379 3141 1573 3213 plenus
1617 3159 1868 3199 reversus
1895 3154 1978 3200 est
2005 3162 2036 3200 a
2067 3148 2183 3202 Jor-

2316 609 2397 656 est
2427 601 2642 674 linguas
2669 609 2722 656 et
2744 601 2944 673 gratias
2975 602 3117 671 (Act.
3155 619 3216 669 ιι,
3248 601 3303 666 2,
3336 601 3415 671 3),
3447 603 3624 660 sancti
3652 605 3771 660 Joel
3801 623 3913 677 pro-

2317 688 2496 759 phetae
2522 691 2850 748 vaticinium
2881 693 3166 763 complens
3219 691 3374 759 (Joel.
3420 708 3480 757 ιι,
3513 691 3631 761 28).
3676 695 3787 750 Iste
3816 703 3912 764 est,

2317 779 2413 849 qui
2443 780 2499 834 in
2531 781 2736 836 sanctis
2766 780 3104 852 martyribus
3134 781 3384 852 loquens,
3410 780 3692 836 diabolum
3729 791 3783 837 et
3811 783 3913 838 ad—

2316 868 2588 924 versarios
2609 862 2816 924 Christi
2845 869 3009 924 vicit:
3037 869 3140 923 iste
3170 876 3273 935 est,
3309 868 3406 940 qui
3451 869 3684 924 Paulum
3709 871 3910 943 imple—

2314 957 2420 1023 vit,
2452 965 2506 1013 et
2535 958 2592 1012 in
2614 958 2977 1030 apostolatum
3013 957 3314 1030 segregavit
3346 958 3462 1030 (20)
3499 959 3640 1028 (Act.
3674 977 3800 1026 xm,
3835 962 3907 1031 2).

2314 1043 2421 1098 Iste
2450 1054 2553 1112 est,
2585 1045 2679 1118 qui
2711 1045 2928 1101 diversa
2956 1045 3102 1102 dona
3147 1063 3244 1102 sua
3298 1047 3357 1102 in
3410 1047 3628 1119 singula
3669 1048 3908 1104 membra

2313 1137 2536 1192 Domini
2593 1136 2801 1195 Christi
2858 1155 3031 1210 usque
3077 1139 3136 1194 in
3194 1139 3359 1194 tinem
3408 1137 3604 1194 mundi
3660 1148 3911 1210 operatur

2315 1225 2373 1297 (Ι
2421 1227 2546 1282 Cor.
2592 1243 2697 1294 xu,
2729 1227 2808 1297 6).
2869 1228 2975 1283 Iste
3031 1235 3135 1296 est,
3194 1227 3288 1300 qui
3341 1244 3453 1282 non
3483 1227 3664 1283 solum
3697 1229 3910 1284 anobis

2311 1315 2567 1371 tristitias
2600 1323 2654 1370 et
2685 1332 2946 1372 maerores
2999 1324 3052 1372 et
3102 1316 3271 1373 malas
3322 1316 3740 1388 turpitudinum
3771 1319 3906 1390 cogi-

2310 1403 2546 1459 tationes
2575 1405 2843 1476 expellit;
2871 1421 3063 1460 verum
3090 1406 3255 1462 etiam
3286 1405 3385 1463 Dei
3426 1405 3486 1460 in
3517 1405 3678 1460 nobis
3709 1421 3907 1461 memo-

2311 1493 2450 1548 riam
2478 1493 2697 1562 tribuit,
2729 1499 2873 1556 325
2908 1502 2969 1550 ut
3007 1495 3206 1551 merito
3252 1511 3380 1552 cum
3430 1493 3609 1550 David
3648 1495 3908 1566 propheta

2308 1587 2492 1645 dicere
2540 1590 2846 1660 possimus:
2911 1614 2929 1639 ε
2984 1591 3194 1646 Memor
3231 1589 3313 1644 fui
3367 1590 3490 1658 Dei,
3522 1599 3576 1646 et
3603 1589 3905 1648 delectatus

2308 1693 2430 1732 sum
2466 1677 2640 1748 (Psat.
2694 1694 2886 1746 Lxxvr,
2931 1678 3026 1750 1i);
3067 1705 3084 1726 ι
3139 1686 3194 1735 et
3231 1678 3470 1734 iterum:
3522 1703 3539 1725 ε
3574 1679 3791 1735 Memor
3816 1694 3906 1733 ero

2311 1764 2650 1822 mirabilium
2679 1775 2900 1824 tuorum
2947 1768 3110 1840 (Ibid.
3164 1767 3279 1839 12).
3321 1793 3339 1814 ι
3390 1768 3491 1823 Iste
3542 1774 3644 1832 est,
3675 1767 3772 1839 qui
3808 1782 3907 1822 no-

2231 1873 2278 1933 Β
2308 1851 2395 1908 bis
2453 1862 2597 1910 recte
2651 1855 3004 1912 credentibus
3060 1863 3113 1912 et
3167 1855 3306 1911 bene
3361 1854 3714 1926 operantibus
3741 1854 3906 1910 adve-

2309 1941 2490 2009 niens,
2523 1943 2775 1999 tenebras
2824 1952 2878 2000 et
2934 1943 3214 2016 angustias
3266 1959 3329 2000 ac
3384 1942 3902 2014 pusillanimitatem

2313 2031 2496 2088 cordis
2523 2039 2576 2087 et
2616 2049 2714 2088 sua
2767 2050 2867 2089 nos
2920 2035 3043 2090 luce
3098 2034 3444 2100 illuminans,
3501 2032 3696 2088 miscet
3724 2032 3902 2087 sensui

2309 2127 2497 2174 nostro
2519 2135 2739 2175 sensum
2771 2121 3017 2188 Christi;
3072 2130 3134 2179 ut
3190 2121 3360 2176 vitam
3393 2127 3662 2189 nostram,
3690 2137 3811 2192 quae
3843 2121 3897 2175 in

2309 2206 2529 2264 Christo
2561 2215 2640 2262 est
2669 2209 3013 2273 abscondita,
3045 2210 3384 2281 cogitemus;
3416 2219 3471 2265 et
3509 2209 3568 2263 in
3601 2208 3820 2263 aeternis
3847 2216 3896 2263 et

2305 2301 2721 2370 superventuris
2750 2302 2990 2369 saeculis,
3020 2301 3115 2374 qui
3145 2310 3331 2358 noster
3373 2309 3552 2356 status
3580 2300 3675 2366 sit,
3706 2299 3899 2356 consi-

2305 2391 2581 2461 deremus,
2612 2403 2901 2466 sequentes
2929 2395 3116 2450 Jesum
3177 2393 3383 2449 Filium
3432 2394 3552 2460 Dei,
3606 2394 3702 2466 qui
3732 2409 3904 2466 pene—

2304 2483 2473 2537 travit
2501 2485 2685 2550 coelos,
2718 2492 2772 2540 et
2797 2485 2854 2540 in
2885 2485 3113 2540 dextera
3168 2485 3264 2539 Dei
3309 2483 3523 2551 sedens,
3567 2493 3620 2539 et
3660 2484 3719 2538 in
3750 2485 3897 2539 omni

2300 2575 2604 2631 consistens
2635 2577 2776 2644 loco,
2808 2575 2951 2630 nihil
2982 2593 3093 2630 suae
3115 2574 3415 2647 praesentiae
3455 2592 3690 2629 vacuum
3727 2575 3893 2630 dere—

2303 2664 2484 2736 liquit.
2518 2665 2574 2720 Si
2604 2674 2785 2720 tamen
2833 2681 2943 2720 non
2978 2681 3105 2720 eum
3159 2664 3326 2719 unius
3380 2663 3486 2719 loci
3518 2663 3699 2734 spatio
3728 2662 3898 2717 conti-

2306 2752 2424 2807 neri
2474 2769 2571 2824 pro
2627 2753 3036 2825 dispensatione
3066 2752 3312 2824 corporis
3360 2768 3457 2824 pro
3512 2759 3702 2806 nostra
3730 2751 3902 2806 salute

2301 2845 2539 2917 suscepti
2585 2853 2862 2917 putemus,
2921 2853 3015 2902 aut
3065 2845 3543 2916 circumscriptum
3593 2844 3898 2900 secundum

2299 2935 2612 2992 divinitatis
2639 2937 2755 3008 (21)
2787 2943 2840 2990 et
2865 2935 3332 3008 incorporalitatis
3363 2952 3472 2990 suae
3494 2943 3775 2991 naturam.
3799 2935 3889 2990 Di-

2299 3029 2559 3084 versitate
2615 3029 2860 3084 locorum
2910 3025 3176 3082 divinitas
3222 3042 3333 3082 non
3391 3033 3568 3098 potest
3616 3025 3888 3096 separari;

2299 3118 2446 3190 quod
2479 3118 2557 3172 ita
2612 3134 2727 3173 esse
2777 3117 2894 3188 ipse
2932 3115 3184 3172 Salvator
3232 3115 3617 3186 comprobavit
3660 3113 3887 3171 dicens:

594 3225 756 3294 dane,
789 3205 843 3284 et
882 3245 1160 3302 regressus
1189 3238 1272 3286 est
1301 3230 1359 3285 in
1381 3205 1397 3213 ’
1420 3232 1706 3288 Galilaeam
1749 3235 1900 3297 (Luc.
1935 3252 2012 3302 1v,
2047 3235 2136 3306 14)
2169 3254 2182 3303 ;
2217 3229 2259 3289 C
2552 3207 2893 3306 aSFendjt_in
2925 3207 3148 3306 “gum;
3172 3206 3481 3306 “isifluifle
3498 3207 3639 3263 ⁰⁰⁸¹⁰
3655 3205 3892 3306 def?"-

587 3316 690 3372 iste
708 3325 813 3388 est,
844 3335 1005 3391 quem
1038 3320 1196 3377 Pater
1223 3323 1542 3394 petentibus
1562 3341 1618 3380 se
1648 3323 1740 3380 dat
1773 3326 1927 3395 (Luc.
1951 3342 2032 3393 XI,
2064 3325 2177 3396 13);

584 3405 685 3462 iste
708 3415 810 3476 est,
851 3409 944 3483 qui
977 3427 1008 3465 a
1036 3410 1181 3467 Filio
1210 3412 1510 3470 advocatus
1543 3420 1729 3468 noster
1766 3415 1909 3486 apud
1941 3416 2177 3481 Patrem,

583 3502 637 3548 et
661 3495 806 3552 alius
851 3500 1150 3567 paraclitus
1195 3501 1521 3571 appellatur,
1555 3518 1718 3573 quem
1768 3503 1943 3558 Filius
1985 3503 2053 3558 ad
2081 3520 2180 3559 nos

582 3583 882 3640 missurum
909 3605 966 3643 se
997 3605 1113 3645 esse
1142 3592 1398 3662 promisit
1429 3592 1610 3662 (Joan.
1655 3609 1775 3657 xxv,
1824 3590 1937 3662 16).
1966 3591 2023 3647 Si
2053 3609 2179 3664 ergo

580 3673 750 3729 unius
780 3681 990 3732 naturae
1021 3693 1133 3734 non
1182 3688 1322 3736 esset
1351 3697 1477 3737 cum
1524 3682 1685 3738 Patre
1732 3689 1787 3737 et
1831 3683 1993 3748 Filio,
2038 3699 2176 3737 nun-

580 3777 742 3833 quam
774 3764 919 3822 alius
967 3783 998 3822 a
1051 3768 1196 3825 Filio
1241 3772 1540 3840 paraclitus
1591 3771 1909 3828 diceretur:
1968 3771 2175 3827 idcirco

578 3868 709 3926 ergo
743 3855 884 3913 alius
913 3863 1212 3931 paraclitus
1267 3861 1491 3932 dicitur,
1526 3873 1587 3920 ut
1619 3867 1987 3938 aequalitatem
2019 3874 2176 3920 natu-

581 3961 652 4000 rae
684 3963 747 4003 ac
775 3951 1060 4020 potestatis
1088 3968 1468 4025 agnoscamus.
1502 3957 1662 4013 Alius
1689 3974 1817 4028 ergo
1839 3974 1870 4013 a
1918 3955 2084 4012 nobis
2105 3956 2173 4012 ad

576 4036 793 4093 Patrem
826 4040 1148 4111 ascendens,
1181 4045 1324 4100 alius
1374 4046 1442 4102 ad
1497 4063 1596 4104 nos
1649 4066 1681 4103 a
1734 4048 1893 4104 Patre
1922 4047 2171 4111 veniens,

575 4135 866 4198 paternum
892 4145 1019 4204 erga
1037 4149 1139 4189 nos
1163 4150 1376 4208 semper
1393 4155 1456 4194 ac
1479 4138 1786 4209 piissimum
1809 4139 2064 4193 affectum
2083 4137 2171 4192 de-

575 4217 766 4274 clarat.
801 4218 907 4286 Qui
956 4239 1236 4298 nunquam
1297 4243 1397 4283 nos
1453 4228 1510 4283 in
1567 4229 1966 4286 tentationibus
2011 4228 2171 4284 istius

575 4306 769 4361 mundi
799 4314 854 4362 et
905 4311 1148 4368 miseriis
1178 4331 1280 4370 nec
1307 4315 1427 4372 sine
1456 4317 1721 4373 advocato
1748 4333 1851 4374 nec
1880 4317 1999 4373 sine
2027 4334 2169 4373 con-

574 4393 813 4480 solatore
852 4412 967 4451 esse
997 4401 1224 4470 patitur.
1259 4405 1366 4460 Iste
1423 4415 1522 4470 est,
1576 4405 1670 4480 qui
1717 4423 1829 4463 una
1854 4423 1979 4464 cum
2012 4407 2169 4463 Patre

575 4478 780 4535 Filium
812 4499 910 4553 pro
936 4487 1113 4542 salute
1144 4491 1358 4560 generis
1377 4478 1605 4550 humani
1633 4495 1803 4562 misit,
1827 4495 1970 4551 sicut
2003 4495 2168 4551 Isaias

2292 3296 2393 3363 dit,
2419 3296 2594 3352 Filius
2615 3297 2878 3366 hominis,
2909 3298 3100 3370 quiest
3121 3297 3178 3352 in
3208 3299 3348 3354 caelo
3381 3299 3564 3367 (Joan.
3601 3315 3686 3365 ιιι,
3714 3297 3826 3367 13).
3860 3323 3877 3345 ι

2291 3390 2412 3445 Non
2434 3406 2561 3460 ergo
2591 3391 2658 3446 ad
2688 3393 2959 3463 explenda
3011 3409 3174 3463 opera
3204 3408 3302 3448 sua
3346 3394 3464 3448 loco
3511 3393 3727 3464 indiget
3759 3393 3888 3464 Spi-

2291 3481 2452 3549 ritus,
2496 3481 2761 3550 Verbum,
2809 3485 3010 3551 virtus,
3050 3484 3336 3556 sapientia,
3372 3483 3652 3555 splendor,
3686 3485 3882 3554 imago,

2289 3591 2478 3646 vapor,
2512 3585 2565 3632 et
2593 3577 2853 3648 splendor
2900 3578 2998 3632 Dei
3052 3579 3173 3634 sine
3229 3579 3475 3634 macula:
3518 3594 3640 3650 quze
3699 3578 3883 3633 omnia

2287 3665 2405 3722 sine
2436 3667 2608 3724 dubio
2638 3685 2924 3740 personam
2942 3670 3071 3724 Filii
3089 3669 3488 3725 demonstrant.
3508 3671 3736 3726 Nullum
3757 3689 3885 3744 ergo

2285 3754 2501 3811 exstitit
2535 3764 2768 3829 tempus,
2803 3757 3024 3830 quando
3050 3759 3208 3814 Pater
3231 3757 3350 3813 sine
3390 3758 3552 3825 Filio,
3580 3769 3674 3814 aut
3698 3760 3882 3815 Filius

2285 3841 2405 3898 sine
2432 3844 2612 3913 Patre,
2647 3854 2741 3902 aut
2775 3846 3014 3918 Spiritus
3039 3855 3263 3902 sanctus
3293 3847 3412 3902 sine
3447 3847 3599 3902 Patre
3630 3862 3694 3901 ac
3725 3847 3883 3903 Filio

2285 3930 2472 3988 fuerit.

2355 4021 2582 4079 CAPUT
2613 4024 2733 4080 VII.
2762 4055 2832 4067 —
2858 4025 3148 4097 Proprium
3192 4042 3319 4097 ergo
3366 4025 3463 4081 Dei
3514 4032 3593 4080 est
3631 4040 3747 4080 non
3778 4041 3880 4080 co:-

2284 4109 2450 4181 pisse,
2483 4113 2576 4168 sed
2603 4130 2815 4185 semper
2847 4114 2992 4171 idem
3015 4132 3151 4184 esse,
3177 4114 3324 4188 quod
3349 4132 3564 4187 semper
3589 4126 3691 4174 est.
3724 4120 3874 4186 Quod

2280 4201 2358 4257 ita
2395 4220 2511 4260 esse
2538 4205 2605 4262 de
2662 4209 2956 4281 semetipso
3012 4209 3334 4283 comprobat
3377 4213 3522 4268 Deus
3552 4213 3784 4285 loquens
3811 4215 3877 4269 ad

2277 4299 2537 4372 Moysen:
2589 4329 2606 4351 ι
2649 4303 2820 4374 Vade,
2852 4316 2906 4364 et
2948 4308 3039 4366 dic
3071 4309 3202 4365 ﬁliis
3235 4310 3427 4365 Israel:
3463 4311 3567 4378 Qui
3597 4320 3700 4380 est,
3730 4314 3875 4369 misit

2277 4405 2365 4445 me
2385 4391 2452 4447 ad
2482 4409 2580 4449 vos
2610 4396 2814 4464 (Exod.
2848 4415 2932 4466 ιιι,
2983 4398 3095 4470 14).
3133 4425 3150 4447 ι
3192 4402 3299 4456 Iste
3347 4406 3427 4454 est
3471 4401 3714 4472 Spiritus
3740 4420 3877 4458 san—

2275 4486 2415 4549 ctus,
2442 4483 2535 4556 qui
2558 4501 2735 4558 neque
2772 4495 2955 4556 natus,
2983 4505 3159 4561 neque
3189 4489 3368 4546 factus
3406 4499 3508 4555 est;
3541 4490 3636 4546 sed
3679 4503 3763 4548 est
3795 4493 3872 4548 in-

574 4571 839 4642 propheta
867 4589 936 4630 ex
968 4593 1200 4648 persona
1231 4581 1361 4636 Filii
1394 4585 1669 4655 loquentis
1701 4593 1929 4641 testatur
1957 4585 2162 4642 dicens:

2295 4568 2475 4640 i'ectus,
2508 4573 2652 4630 sicut
2682 4575 2839 4630 Pater
2881 4591 2945 4633 ac
2975 4576 3150 4634 Filius
3203 4578 3341 4650 (22).
3373 4579 3480 4633 Iste
3508 4587 3592 4634 est
3629 4580 3869 4652 Spiritus

587 4682 606 4706 ι
635 4659 907 4719 Dominus
935 4665 1091 4722 misit
1120 4684 1227 4736 me,
1277 4677 1332 4724 et
1359 4669 1598 4741 Spiritus
1630 4673 1748 4743 ejus
1805 4676 1938 4744 (Isa.
1969 4691 2168 4742 varu,

574 4748 688 4820 16).
735 4775 754 4799 ι
819 4753 924 4809 Iste
973 4764 1074 4824 est,
1125 4757 1184 4812 in
1241 4774 1350 4830 quo
1396 4759 1552 4815 Jesus
1610 4760 1884 4820 daemonia
1913 4763 2168 4834 ejiciebat

573 4837 787 4908 (Matth.
820 4857 920 4910 xu,
982 4844 1114 4916 28):
1167 4846 1272 4901 iste
1324 4855 1427 4915 est,
1478 4864 1638 4920 quem
1687 4851 1954 4906 Dominus
2012 4853 2168 4909 Jesus

570 4924 824 4983 Christus
870 4937 996 5000 post
1043 4933 1262 4989 tertiam
1313 4934 1456 4990 diem
1508 4954 1796 5009 resurgens
1849 4956 1879 4994 a
1909 4941 2160 5010 mortuis,

568 5013 722 5072 dedit
749 5015 1037 5090 discipulis
1091 5023 1205 5078 suis
1255 5021 1481 5081 dicens:
1553 5049 1572 5072 ι
1607 5026 1856 5098 Accipite
1898 5026 2161 5097 Spiritum

567 5112 856 5162 sanctum:
916 5123 1149 5179 quorum
1226 5114 1548 5170 remiseritis
1613 5125 1833 5188 peccata
1865 5159 1880 5183 ,
1935 5117 2162 5174 remissa

567 5201 739 5250 sunt:
803 5212 1038 5268 quorum
1088 5208 1272 5257 autem
1332 5203 1673 5262 retinueritis
1707 5248 1721 5272 ,
1770 5213 1979 5262 retenta
2033 5215 2161 5263 sunt

569 5284 752 5355 (Joan.
813 5302 912 5355 xx,
953 5287 1041 5357 22,
1076 5289 1192 5361 23).
1225 5315 1244 5338 ι
1286 5292 1392 5349 Iste
1418 5300 1518 5359 est,
1549 5294 1643 5366 qui
1687 5294 1776 5350 die
1815 5295 2158 5352 Pentecostes

639 5433 757 5577 (20;
792 5435 948 5492 Rom.
973 5435 1130 5505 edit.,
1161 5438 1218 5493 in
1251 5438 1578 5509 apostolatus
1606 5439 1981 5502 ministerium.

664 5505 724 5561 21
784 5507 918 5563 Ead.
946 5507 1104 5566 Rom.
1136 5509 1294 5577 edit.,
1352 5511 1468 5566 licet
1497 5527 1613 5566 eum
1661 5513 1818 5568 unius
1851 5515 1950 5571 loci

664 5505 757 5590 21)
784 5507 918 5590 Ead.
946 5507 1104 5590 Dom.
1136 5505 1300 5579 edit.,
1330 5511 1468 5590 _l~icet
1497 5527 1613 5566 eum
1661 5513 1818 5568 unius
1851 5515 1950 5571 loci
1981 5521 2152 5590 spatio

563 5579 822 5654 contineri
866 5581 1080 5654 (ratione
1127 5582 1478 5653 corporis.....
1537 5600 1640 5638 non
1697 5591 1865 5641 tamen
1921 5579 2153 5645 circum-

561 5652 813 5769 scrigtam
843 5652 1139 5709 divinitatis
1176 5652 1229 5709 et
1250 5656 1706 5726 incorporalitatis
1735 5673 1844 5712 suae
1877 5669 2147 5718 naturam.

639 5714 657 5769 (
1023 5726 1156 5769 an
1214 5725 1324 5769 odit
1402 5727 1496 5769 ista
1548 5745 1761 5769 rursum
1813 5738 1888 5769 ne!
1921 5734 2147 5769 .Qns'm'hm

639 5714 756 5784 (22)
787 5718 991 5779 Eadem
1023 5726 1179 5782 Rom.
1214 5725 1370 5794 edit.,
1395 5714 1496 5782 ὶςιε
1548 5745 1762 5784 rursum
1813 5738 1888 5785 est
1918 5714 2150 5805 sistat;

2279 4672 2522 4732 sanctus,
2556 4666 2650 4737 qui
2691 4668 2870 4738 lapsos
2913 4669 3110 4740 erigit;
3167 4678 3220 4725 et
3267 4669 3582 4741 jacentibus
3619 4675 3878 4731 occasio-

2279 4771 2403 4810 nem
2435 4756 2634 4811 tribuit
2686 4760 3025 4831 resurgendi,
3069 4761 3394 4834 singulaque
3434 4762 3597 4835 juxta
3641 4766 3877 4821 varieta-

2275 4851 2385 4898 tem
2414 4846 2760 4916 meritorum,
2801 4857 2856 4905 et
2887 4851 3231 4906 voluntatem
3268 4852 3446 4908 Patris
3492 4870 3555 4909 ac
3602 4855 3736 4909 Filii
3765 4854 3878 4910 dis-

2276 4942 2485 5004 pensat,
2529 4951 2762 5007 quorum
2819 4939 3007 4994 omnia
3063 4957 3174 4995 non
3217 4957 3314 5012 per
3360 4942 3876 5013 investigationem,

2273 5022 2368 5078 sed
2423 5041 2519 5096 per
2565 5027 2833 5084 unitatem
2886 5037 3097 5086 naturae
3147 5032 3326 5088 novit.
3358 5033 3477 5104 Ipse
3525 5042 3626 5101 est,
3663 5035 3730 5090 de
3764 5053 3882 5107 quo

2271 5121 2536 5193 propheta
2585 5124 2700 5179 ait:
2780 5125 3020 5196 Spiritus
3081 5129 3300 5185 Domini
3370 5130 3672 5203 multiplex
3721 5132 3885 5205 (23),

2272 5213 2538 5280 mundus,
2573 5213 3046 5288 incoinquinatus,
3103 5228 3158 5274 et
3199 5230 3422 5277 sanctus
3451 5231 3533 5279 est
3572 5224 3726 5295 (Sap.
3767 5243 3888 5288 vn,

2270 5303 2410 5375 (22).
2446 5302 2600 5359 Sicut
2625 5320 2753 5377 ergo
2785 5307 2971 5365 lumen
3017 5311 3269 5367 tenebras
3299 5329 3410 5367 non
3440 5313 3660 5385 recipit,
3694 5315 3784 5370 sic
3828 5325 3891 5372 et

2265 5456 2514 5527 s_i_z_nctus,_
2556 5451 2650 5521 qui
2684 5470 2791 5507 non
2829 5461 2903 5510 est
2957 5456 3155 5527 factus,
3217 5457 3352 5512 sicut
3395 5473 3489 5512 nec
3533 5458 3720 5527 Pater,
3785 5479 3895 5516 nec

2263 5521 2456 5576 Filius.
2482 5523 2602 5588 Iste,
2638 5533 2743 5580 etc.

2336 5592 2451 5663 (23)
2489 5594 2692 5670 Eadem
2733 5597 2888 5670 Rom.
2931 5597 3087 5668 edit.,
3135 5599 3357 5670 spiritus
3397 5601 3618 5656 Domini
3665 5601 3894 5659 intelli-

2259 5681 2400 5741 gens,
2431 5667 2728 5741 multiplex,
2762 5669 2991 5741 mobilis,
3042 5667 3494 5741 incoiiiquinatus,
3531 5691 3737 5727 omnem
3772 5677 3884 5730 ha-

2259 5735 2376 5790 bens
2404 5735 2665 5805 virtutem,
2686 5740 2862 5794 omnia
2885 5743 3226 5813 prospiciens.
