4068 6188
191 227 290 285 545

1327 217 1423 276 DE
1463 212 1842 276 TRINITATE
1883 214 2314 274 TRACTATUS.

3385 217 3490 274 546

191 349 414 423 Spiritus
461 353 684 402 sanctus
729 360 824 416 per
870 350 1121 399 naturam
1165 341 1350 410 habet,
1409 350 1471 398 ut
1517 342 1766 397 omnium
1796 341 1846 398 A
1883 338 2108 396 Christi.
2168 338 2325 406 Quod
2379 338 2457 394 ita
2509 354 2625 395 esse
2683 339 3004 412 comprobat
3052 339 3243 397 beatus
3276 341 3486 398 Paulus

191 437 424 495 sordium
455 436 688 507 incapax
719 433 811 490 sit.
846 434 952 488 Iste
981 439 1085 498 est,
1115 430 1208 504 qui
1235 448 1292 487 se
1321 431 1582 488 transfert
1611 447 1641 485 a
1667 447 1773 487 co—

188 522 556 596 gitationibus,
604 537 727 593 quas
767 519 887 575 sine
935 521 1050 575 Deo
1091 526 1240 575 sunt.
1286 519 1393 574 Iste
1433 524 1535 585 est,
1587 517 1681 590 qui
1716 533 1773 573 se

187 613 238 667 in
277 611 482 668 animas
531 617 747 664 sanctas
793 606 1041 662 infundit
1091 613 1145 661 et
1190 605 1396 662 amicos
1453 605 1555 660 Dei
1613 612 1774 677 atque

187 700 469 773 prophetas
511 697 824 755 constituit.
873 696 990 752 Nisi
1035 712 1162 768 ergo
1191 696 1316 767 quis
1354 701 1605 751 sanctum
1638 693 1778 764 Spi—

185 789 342 844 ritum
410 787 688 854 habuerit,
742 802 842 842 nec
916 787 1076 840 Pater
1129 801 1230 842 nec
1285 784 1486 848 Filius,
1539 798 1776 854 quorum

181 885 272 945 est,
321 886 376 934 et
427 893 554 932 cum
604 875 804 947 quibus
859 891 1004 929 unus
1055 882 1138 929 est
1166 876 1332 941 Deus,
1383 872 1452 928 ad
1496 887 1622 926 eum
1671 886 1778 925 ve-

180 967 355 1033 niunt,
401 974 464 1021 ut
504 963 651 1036 apud
689 979 816 1018 eum
875 963 1221 1018 mansionem
1265 962 1490 1019 faciant.
1543 962 1650 1016 Iste
1694 967 1776 1016 est

177 1054 401 1127 spiritus
421 1052 724 1125 sapientiae,
757 1052 853 1124 qui
883 1051 1008 1106 ideo
1029 1052 1323 1122 multiplex
1351 1050 1678 1121 appellatur,
1710 1065 1774 1104 eo

176 1145 320 1217 quod
369 1144 546 1200 multa
584 1144 642 1199 in
673 1160 730 1200 se
770 1142 988 1210 habeat,
1023 1150 1077 1197 et
1107 1158 1226 1214 quae
1257 1140 1442 1206 habet,
1478 1140 1583 1196 hoc
1612 1148 1666 1196 et
1693 1146 1775 1194 est

180 1232 320 1303 (24),
355 1241 410 1288 et
435 1249 530 1304 per
559 1231 745 1286 omnia
779 1247 924 1286 unus
954 1237 1056 1297 est,
1101 1245 1201 1285 nec
1231 1229 1288 1284 in
1316 1227 1528 1300 aliquid
1556 1245 1772 1296 eorum,

173 1337 295 1393 quae
327 1331 605 1394 operatur,
637 1319 751 1392 ipse
781 1327 1063 1386 mutatur;
1096 1317 1239 1374 sicut
1269 1319 1449 1390 imago
1487 1334 1556 1372 ex
1585 1333 1774 1372 annu-

175 1411 247 1478 lo,
278 1429 401 1483 qum
431 1412 486 1466 in
519 1427 697 1468 ceram
725 1410 942 1477 transit,
965 1418 1019 1465 et
1039 1409 1310 1464 annulum
1336 1424 1448 1464 non
1479 1406 1768 1479 relinquit.

174 1504 327 1573 Quod
377 1503 454 1559 ita
484 1519 600 1559 esse
627 1502 898 1558 Dominus
927 1501 1269 1573 comprobat,
1316 1499 1386 1554 ad
1414 1500 1644 1570 Moysen
1676 1498 1773 1553 di—

175 1609 326 1650 cens:
373 1616 391 1639 ι
423 1593 682 1647 Auferam
714 1590 884 1662 igitur
913 1589 982 1646 de
1010 1589 1245 1661 Spiritu,
1285 1588 1377 1660 qui
1410 1595 1490 1643 est
1520 1587 1579 1642 in
1611 1597 1686 1656 te,
1719 1597 1774 1644 et

177 1681 312 1778 dabo
351 1680 465 1778 illis
512 1679 1018 1778 septuaginta.(25)
1071 1679 1256 1778 (IVum.
1289 1695 1370 1744 χι,
1401 1677 1514 1778 i7),
1539 1701 1559 1723 ι
1615 1677 1770 1778 quasi
1805 1718 1851 1778 B

176 1769 385 1825 scilicet
416 1769 559 1842 ignis
588 1769 655 1825 de
684 1768 930 1840 igniculo
962 1766 1349 1831 transferatur,
1379 1766 1584 1838 absque
1603 1765 1770 1821 detri-

171 1866 356 1914 mento
415 1857 554 1928 ejus,
607 1857 754 1912 unde
784 1856 1046 1910 sumitur.
1079 1855 1162 1911 Ob
1192 1854 1337 1911 hanc
1390 1870 1518 1926 ergo
1549 1855 1775 1909 incom-

173 1946 605 2004 mutabilitatem
675 1954 728 2001 et
781 1944 1057 2001 diversam
1129 1943 1504 2016 operationem
1561 1942 1774 1998 dictum

167 2043 245 2090 est
311 2053 343 2091 a
409 2034 648 2092 Domino
703 2035 769 2090 de
819 2043 1009 2090 sancto
1068 2035 1278 2089 Joanne
1330 2032 1593 2104 Baptista,
1626 2031 1774 2104 quod

168 2123 220 2178 in
277 2111 482 2196 spiritu
535 2141 599 2180 ac
652 2125 860 2181 virtute
920 2123 1058 2179 Elia:
1116 2123 1332 2179 venerit
1381 2124 1535 2195 (Luc.
1572 2140 1610 2190 ι,
1656 2122 1772 2191 17).

168 2213 267 2268 Iste
355 2221 462 2280 est,
519 2229 682 2286 quem
766 2215 914 2268 Deus
987 2212 1139 2267 misit
1208 2212 1267 2266 in
1363 2211 1532 2268 corda
1584 2217 1773 2264 nostra

167 2299 495 2365 clamantem
532 2319 544 2356 :
611 2324 630 2348 ι
669 2300 846 2368 Abba,
907 2309 1060 2372 pater
1096 2300 1311 2370 (Galat.
1377 2316 1457 2367 ιν,
1506 2299 1618 2369 6);
1648 2324 1664 2346 ι
1714 2307 1769 2356 et

169 2387 220 2443 in
248 2407 356 2462 quo
377 2391 716 2446 clamamus:
763 2414 782 2438 ‹
812 2389 988 2456 Abba,
1022 2397 1206 2460 pater;
1238 2413 1256 2436 ›
1289 2397 1588 2461 utrumque
1618 2389 1770 2444 enim

167 2475 374 2535 dictum
410 2489 511 2547 est,
561 2488 616 2535 et
649 2477 921 2550 accepisse
962 2493 1064 2531 nos
1104 2477 1372 2548 Spiritum
1401 2478 1765 2533 clamantem:

183 2589 199 2615 ι
231 2570 414 2638 Abba,
448 2577 629 2641 pater;
649 2593 667 2616 ι
684 2576 738 2624 et
760 2567 1032 2639 accepisse
1050 2582 1150 2621 nos
1175 2566 1438 2638 Spiritum
1462 2567 1520 2621 in
1541 2582 1650 2638 quo
1664 2566 1771 2621 cla-

172 2675 385 2716 mamus
412 2678 424 2714 :
453 2683 471 2706 ι
486 2657 662 2726 Abba,
681 2655 962 2728 pater(26)
985 2655 1159 2726 (Rom.
1176 2672 1297 2723 vm,
1319 2655 1430 2727 15).
1448 2679 1466 2703 ι
1495 2654 1771 2726 Exposuit

171 2762 294 2818 ergo
337 2747 488 2821 quod
527 2745 694 2814 dixit,
735 2747 1066 2812 clamantem,
1111 2743 1216 2800 hoc
1245 2751 1348 2812 est,
1398 2745 1634 2800 clamare
1671 2759 1770 2798 nos

173 2834 485 2894 facientem.
539 2838 649 2893 Iste
677 2845 759 2892 est
794 2835 1053 2907 Spiritus,
1088 2835 1181 2907 qui
1213 2834 1508 2906 gemitibus
1539 2832 1770 2886 inenar-

177 2925 444 2983 rabilibus
461 2927 700 2998 postulat
717 2942 814 2997 pro
835 2924 1014 2992 nobis,
1039 2923 1258 2996 quando
1279 2922 1414 2993 quid
1434 2937 1588 2976 orare
1613 2935 1770 2990 opor-

173 3018 298 3082 teat,
341 3015 586 3070 humana
627 3014 896 3085 fragilitas
923 3013 1138 3083 ignorat
1180 3010 1342 3080 (Ibid.
1377 3008 1493 3077 26).
1525 3006 1683 3073 Quod
1713 3005 1770 3060 in

169 3101 350 3174 seipso
405 3111 630 3160 sanctus
684 3101 985 3172 Apostolus
1043 3115 1156 3154 non
1185 3105 1403 3153 tantum
1460 3096 1630 3153 verbo
1667 3112 1769 3152 nos

170 3190 412 3261 edocuit,
447 3205 642 3247 verum
661 3188 827 3243 etiam
858 3204 960 3243 suo
987 3186 1148 3242 nobis
1163 3185 1562 3241 demonstravit
1585 3201 1766 3241 exem-

165 3281 256 3351 plo
290 3299 303 3336 2
343 3281 480 3335 hinc
521 3275 744 3350 quando
773 3283 965 3332 contra
1018 3275 1319 3332 utilitatem
1361 3291 1518 3330 suam
1559 3291 1621 3330 ac
1650 3291 1766 3346 per-

160 3369 468 3425 fectionem
517 3369 767 3423 nesciens
794 3365 1004 3433 orabat,
1033 3371 1095 3420 ut
1142 3364 1445 3420 discederet
1472 3363 1540 3419 ab
1570 3379 1633 3419 eo
1658 3364 1769 3419 sti-

159 3457 353 3512 mulus
397 3457 597 3524 carnis,
641 3457 734 3528 qui
767 3472 896 3511 eum
946 3453 1356 3526 colaphizabat:
1417 3470 1578 3526 quem
1609 3463 1768 3525 post-

157 3561 221 3600 ea
266 3546 339 3601 ab
390 3545 508 3617 ipso
546 3543 764 3615 Spiritu
812 3551 1002 3599 sancto
1048 3543 1322 3611 eruditus,
1374 3542 1584 3599 idcirco
1638 3557 1764 3598 eum

163 3633 308 3690 dixit
340 3634 531 3689 datum
563 3632 690 3701 sibi,
716 3649 783 3689 ne
805 3633 1184 3705 magnitudine
1211 3633 1614 3688 revelationum
1645 3649 1764 3688 sua-

168 3739 282 3779 rum
315 3723 676 3780 extolleretur
721 3723 862 3795 (27).
923 3723 1012 3793 (ΙΙ
1039 3723 1166 3779 Cor.
1211 3739 1314 3790 χιι,
1363 3722 1414 3788 7,
1458 3721 1540 3792 8),
1572 3728 1626 3776 et
1655 3722 1767 3776 ali-

168 3815 306 3885 quod
337 3813 472 3870 honi
501 3813 766 3868 damnum
793 3822 1089 3885 pateretur.
1123 3800 1231 3869 Sed
1262 3811 1391 3885 quia
1419 3827 1545 3867 eum
1572 3810 1766 3867 Domi-

169 3918 267 3960 nus
296 3903 582 3976 diligebat,
606 3903 700 3976 qui
731 3919 943 3975 semper
973 3902 1289 3958 divinitatis
1319 3919 1429 3958 suaa
1457 3902 1761 3974 potentiam

169 4006 257 4061 per
301 3992 526 4048 inﬁrma
556 4008 785 4065 quaeque
816 3991 1105 4049 consuevit
1151 3991 1454 4059 ostendere,
1493 4007 1606 4046 non
1635 3989 1767 4046 fecit

169 4081 306 4151 quod
353 4083 674 4154 ignoranter
727 4081 965 4152 petebat.
1028 4081 1148 4152 Ipse
1199 4087 1280 4136 est
1338 4078 1577 4152 Spiritus
1620 4085 1764 4142 326

169 4187 402 4246 sanctus,
435 4179 531 4251 qui
585 4177 644 4233 in
675 4176 922 4232 Ecclesia
968 4175 1242 4232 catholica
1270 4183 1386 4232 toto
1416 4177 1547 4232 orbe
1587 4185 1766 4233 terra-

169 4281 280 4322 rum
371 4267 576 4324 diffusa
668 4266 821 4322 omni
894 4283 950 4322 se
1043 4266 1340 4338 gratiarum
1416 4267 1571 4322 fonte
1642 4268 1764 4324 dif-

170 4357 319 4417 fudit.
367 4361 479 4416 Iste
525 4368 608 4416 est
661 4359 902 4432 Spiritus
949 4359 1176 4415 Domini
1249 4359 1377 4414 Jesu
1431 4359 1528 4432 qui
1551 4360 1669 4431 (28)
1705 4363 1763 4416 in

1883 428 2164 500 apostolus
2192 425 2380 483 dicens
2413 442 2424 480 :
2498 450 2516 473 ι
2560 426 2617 483 Si
2665 427 2789 501 quis
2819 427 3086 500 Spiritum
3133 428 3342 488 Christi
3374 446 3485 487 non

1884 518 2068 586 habet,
2111 517 2204 573 hic
2223 533 2334 572 non
2375 522 2455 571 est
2484 514 2602 587 ejus
2634 517 2811 587 (Rom.
2844 534 2968 585 vm,
2998 517 3080 587 9).
3100 541 3118 564 ›
3151 517 3222 574 Et
3250 518 3476 574 iterum:

1897 631 1916 656 ι
1954 609 2125 665 Nemo
2207 614 2384 679 potest
2439 605 2643 671 dicere,
2701 607 2968 664 Dominus
3043 607 3218 674 Iesus,
3276 608 3383 663 nisi
3427 609 3485 665 in

1885 695 2095 768 Spiritu
2123 703 2310 751 sancto
2348 697 2403 765 (Ι
2444 695 2569 752 Cor.
2601 711 2707 763 xu,
2739 695 2818 766 3).
2860 721 2878 744 ι
2949 695 3107 762 Quod
3153 695 3487 754 conﬁrmans

1884 784 2076 840 beatus
2147 785 2384 839 Joannes
2438 784 2722 855 apostolus
2791 793 2845 839 et
2897 784 3254 856 evangelista,
3311 783 3483 840 dicit:

1900 898 1918 921 ‹
1946 875 2010 929 In
2040 873 2145 930 hoc
2190 873 2542 946 cognoscitur
2588 871 2833 943 Spiritus
2862 873 2962 928 Dei
2992 889 3003 927 :
3028 873 3210 930 omnis
3260 873 3490 946 spiritus

1884 962 1979 1034 qui
2027 962 2324 1017 confitetur
2370 961 2556 1018 Jesum
2600 961 2886 1018 Christum
2943 960 3003 1016 in
3043 977 3206 1017 carne
3251 961 3487 1030 venisse,

1884 1067 1954 1107 ex
1987 1053 2100 1106 Deo
2130 1060 2246 1118 est;
2297 1059 2352 1106 et
2380 1051 2562 1106 omnis
2591 1050 2824 1123 spiritus
2855 1050 2950 1122 qui
2980 1049 3152 1105 solvit
3180 1050 3391 1117 Jesum,
3421 1066 3490 1104 ex

1883 1143 1994 1196 Deo
2032 1156 2143 1195 non
2169 1148 2286 1196 est:
2319 1147 2374 1196 et
2393 1139 2486 1196 hic
2500 1146 2583 1195 est
2613 1137 3016 1207 Antichristus,
3049 1154 3214 1211 quem
3245 1138 3484 1195 audistis

1883 1229 2144 1301 quoniam
2170 1227 2362 1296 venit;
2393 1236 2453 1284 et
2479 1244 2628 1285 nunc
2645 1226 2762 1300 jam
2790 1226 2850 1282 in
2881 1226 3092 1282 mundo
3129 1235 3212 1283 est
3246 1228 3305 1297 (Ι
3329 1228 3489 1284 Joan.

1884 1335 1961 1386 1v,
1993 1318 2048 1385 2,
2079 1318 2173 1389 3);
2208 1343 2227 1366 ι
2284 1325 2340 1373 et
2368 1318 2604 1375 iterum:
2653 1342 2672 1366 ι
2700 1317 2837 1383 Quis
2867 1324 2948 1372 est
2980 1315 3077 1389 qui
3111 1315 3290 1373 vincit
3319 1333 3490 1372 mun-

1883 1405 2038 1474 dum,
2063 1407 2170 1462 nisi
2200 1407 2295 1479 qui
2326 1407 2504 1463 credit
2533 1405 2795 1479 quoniam
2826 1406 2980 1461 Jesus
3026 1414 3107 1461 est
3135 1404 3311 1461 Filius
3338 1405 3438 1462 Dei
3462 1407 3489 1462 ?

1882 1497 1985 1552 Hic
2028 1505 2109 1552 est
2152 1497 2248 1568 qui
2293 1496 2450 1552 venit
2497 1511 2594 1568 per
2642 1511 2840 1568 aquam
2897 1504 2952 1551 et
2979 1494 3304 1567 sanguinem
3334 1495 3489 1551 Jesus

1882 1585 2157 1653 Christus,
2200 1601 2311 1640 non
2364 1584 2425 1640 in
2466 1601 2608 1657 aqua
2634 1585 2836 1648 solum,
2873 1583 2968 1640 sed
2998 1583 3056 1638 in
3107 1600 3250 1657 aqua
3278 1592 3332 1640 et
3359 1599 3490 1639 san-

1886 1676 2069 1747 guine.
2102 1676 2174 1730 Et
2197 1674 2440 1747 Spiritus
2470 1681 2552 1730 est
2577 1673 2672 1746 qui
2693 1673 3021 1730 testiﬁcatur
3039 1673 3305 1748 quoniam
3335 1673 3490 1729 Jesus

1885 1774 1965 1820 est
1995 1763 2196 1820 veritas
2229 1781 2243 1831 ;
2281 1763 2411 1836 quia
2458 1769 2570 1818 tres
2598 1770 2749 1830 sunt,
2781 1761 2876 1835 qui
2919 1762 3304 1818 testimonium
3354 1761 3490 1818 dant

1882 1858 1940 1912 in
1979 1860 2144 1921 terra,
2191 1854 2440 1925 spiritus,
2480 1869 2621 1924 aqua
2663 1860 2719 1908 et
2748 1850 2994 1923 sanguis,
3042 1858 3098 1906 et
3153 1860 3262 1907 tres
3309 1866 3486 1905 unum

1882 1949 2011 1999 sunt
2043 1945 2098 2014 (Ι
2125 1944 2282 1998 Joan.
2315 1959 2372 2010 v,
2403 1942 2541 2011 5-8).
2575 1967 2594 1990 ›

1954 2039 2184 2096 CAPUT
2215 2039 2363 2095 VIII.
2393 2039 2630 2094 —Juste
2659 2054 2786 2111 ergo
2819 2039 2898 2095 eis
2927 2038 3022 2112 qui
3051 2054 3177 2094 eum
3205 2038 3324 2094 sine
3352 2038 3488 2113 Spi-

1883 2130 1996 2186 ritu
2034 2137 2225 2186 sancto
2273 2127 2574 2184 Dominum
2629 2127 2986 2196 conﬁtentur,
3027 2127 3279 2185 dicturus
3307 2135 3390 2184 est
3427 2127 3486 2183 in

1876 2218 2119 2290 judicio:
2169 2244 2188 2266 α
2207 2217 2353 2285 Quid
2372 2226 2555 2273 autem
2572 2216 2783 2273 vocatis
2805 2232 2913 2284 me,
2936 2217 3193 2284 Domine,
3223 2217 3482 2284 Domine,

1878 2316 1933 2364 et
1961 2325 2072 2364 non
2087 2307 2296 2364 fecistis
2325 2323 2445 2380 quae
2471 2305 2591 2361 dixi
2625 2307 2778 2377 (Luc.
2817 2323 2897 2374 v1,
2953 2305 3088 2376 46)?
3110 2330 3128 2354 ι
3172 2313 3226 2361 et
3264 2322 3483 2362 mecum

1880 2415 1990 2454 non
2007 2398 2328 2470 colligentes
2339 2397 2616 2470 sparsistis
2631 2396 2864 2469 populos
2879 2403 2932 2452 et
2953 2395 3200 2451 membra
3219 2411 3359 2464 mea,
3384 2412 3484 2469 pro

1881 2487 2084 2560 quibus
2110 2503 2209 2559 ego
2239 2487 2562 2559 sanguinem
2593 2487 2714 2542 fudi
2746 2504 2930 2543 meum
2952 2487 2979 2542 7
3011 2487 3083 2542 Et
3111 2486 3238 2542 ideo
3277 2485 3485 2544 oblatio

1881 2576 2289 2645 haereticorum,
2312 2577 2686 2648 quiSpiritum
2705 2584 2956 2630 sanctum
2979 2591 3094 2630 non
3123 2575 3350 2642 habent,
3373 2592 3485 2631 non

1879 2663 1938 2718 in
1968 2663 2068 2720 Dei
2096 2664 2431 2731 cultum,sed
2456 2664 2514 2718 in
2535 2665 2746 2719 cultum
2765 2662 3076 2718 daemonum
3099 2662 3217 2732 (29)
3236 2662 3479 2734 proficit.

1879 2750 2162 2823 Quidquid
2209 2751 2358 2806 enim
2404 2751 2464 2804 in
2493 2749 2786 2822 synagogis
2829 2749 2944 2805 suis
2974 2748 3241 2816 haeretici,
3293 2749 3352 2804 id
3381 2756 3482 2816 est,

1879 2839 1940 2893 in
1967 2837 2370 2894 conventiculis
2401 2839 2612 2894 Satanae
2633 2839 2961 2910 loquuntur,
2986 2853 3099 2892 non
3114 2844 3196 2892 est
3223 2836 3481 2894 doctrina

1879 2928 2126 2994 Domini,
2173 2927 2268 2983 sed
2299 2928 2543 2984 ululatus
2571 2935 2626 2984 et
2663 2928 2937 3001 praestigia
2989 2927 3301 2984 daemonum
3349 2935 3477 2985 sunt

1884 3017 2023 3088 (30).
2085 3019 2183 3074 lsti
2238 3018 2391 3073 enim
2421 3025 2573 3087 sunt,
2631 3017 2832 3092 quibus
2861 3017 3098 3090 Spiritus
3124 3027 3346 3075 sanctus
3383 3035 3480 3093 per

1879 3107 2074 3163 Isaiam
2095 3108 2420 3181 prophetam
2450 3108 2588 3165 dicit
2618 3109 2887 3181 populum
2917 3107 3231 3165 .ludaeorum
3263 3125 3478 3182 parasse

1874 3211 2119 3256 mensam
2179 3197 2413 3252 dicens:
2460 3221 2479 3244 ι
2508 3199 2580 3252 Et
2604 3197 2881 3270 parabatis
2928 3214 3171 3254 mensam
3219 3200 3477 3255 Fortuna)

1879 3285 1995 3356 (31)
2027 3287 2164 3356 (Isa.
2199 3304 2332 3355 va,
2366 3287 2486 3358 ll);
2523 3311 2541 3334 ι
2583 3295 2638 3341 et
2671 3285 2795 3341 ideo
2831 3294 2944 3341 tam
2973 3287 3122 3359 ipsos
3149 3303 3312 3360 quam
3341 3303 3478 3358 pec-

1875 3382 2107 3444 catores,
2138 3377 2233 3449 qui
2264 3376 2586 3448 semetipsos
2614 3391 2728 3430 non
2750 3374 3084 3446 judicantes,
3113 3375 3372 3431 audacter
3402 3375 3474 3430 ad

1876 3474 2284 3521 sacrosanctum
2303 3481 2503 3537 corpus
2526 3474 2581 3521 et
2609 3463 2932 3537 sanguinem
2953 3463 3160 3522 Christi
3185 3463 3474 3531 accedunt,

1874 3554 2119 3626 increpat
2160 3557 2455 3627 Apostolus
2491 3554 2683 3612 dicens
2715 3572 2726 3611 :
2788 3577 2808 3602 ι
2847 3554 2970 3610 Non
3000 3553 3230 3626 potestis
3277 3569 3479 3609 mensae

1872 3644 2097 3700 Domini
2150 3643 2444 3716 participes
2497 3660 2633 3711 esse,
2665 3649 2720 3698 et
2771 3658 2974 3698 mensae
3022 3642 3472 3700 daamoniorum:

1874 3750 1985 3789 non
2015 3734 2242 3805 potestis
2269 3732 2495 3789 calicem
2524 3731 2748 3789 Domini
2779 3731 2966 3788 bibere
3013 3738 3069 3788 et
3098 3733 3324 3789 calicem
3357 3731 3478 3788 dan-

1875 3823 2190 3878 moniorum
2245 3821 2302 3894 (Ι
2333 3823 2459 3878 Cor.
2491 3839 2550 3890 ιι,
2581 3821 2672 3888 20,
2708 3821 2822 3893 21).
2870 3846 2888 3869 ι
2936 3822 3062 3878 Haec
3103 3821 3170 3878 de
3199 3821 3476 3877 oblatione

1875 3911 2261 3967 haereticorum
2309 3911 2456 3966 dicta
2491 3910 2767 3967 suﬂiciant
2803 3911 2920 3983 (32)
2976 3927 3128 3967 nunc
3171 3920 3352 3967 autem
3409 3909 3477 3963 ad

1877 4000 2133 4057 ordinem
2173 4008 2533 4056 revertamur.

1945 4090 2174 4148 CAPUT
2206 4091 2299 4146 1X.
2326 4121 2396 4131 —
2424 4087 2706 4163 Quidquid
2753 4105 2880 4161 ergo
2922 4089 2990 4144 de
3036 4085 3246 4158 Spiritu
3287 4089 3474 4138 sancto

1873 4179 2141 4246 diximus,
2195 4178 2302 4236 hoc
2343 4179 2602 4236 similiter
2640 4187 2696 4234 et
2737 4193 2770 4232 a
2807 4178 2962 4230 Patre
3010 4181 3064 4228 et
3094 4189 3126 4227 a
3167 4171 3312 4228 Filio
3355 4170 3476 4226 ﬁeri

1872 4267 2080 4325 intacta
2122 4277 2177 4324 et
2227 4269 2537 4325 indiscussa
2587 4263 2944 4328 dimisimus;
3001 4261 3130 4316 licet
3185 4276 3285 4333 pro
3326 4267 3476 4316 certo

1872 4358 2188 4414 noverimus
2209 4360 2338 4431 quia
2363 4364 2551 4412 sancta
2576 4362 2630 4410 et
2653 4346 3037 4424 inseparabilis
3062 4350 3302 4407 Trinitas
3333 4365 3474 4406 nun-

171 4446 267 4504 line
311 4448 510 4505 mundi
557 4449 961 4505 Antichristum
1009 4447 1256 4520 potentia
1321 4463 1419 4503 sua
1458 4431 1768 4507 interliciet
1794 4431 1843 4488 D
1875 4462 2038 4519 quam
2067 4446 2279 4518 aliquid
2306 4452 2461 4500 extra
2480 4460 2538 4499 se
2564 4442 2783 4498 noverit
2812 4440 3051 4514 operari.
3074 4442 3146 4497 Et
3173 4447 3234 4496 ut
3260 4440 3336 4495 ita
3359 4455 3473 4495 esse

171 4536 244 4603 (Ιι
284 4540 466 4594 Thess.
516 4556 576 4606 ιι,
608 4537 689 4608 8).
723 4538 828 4593 Iste
885 4544 966 4593 est
1016 4535 1255 4608 Spiritus
1308 4543 1558 4606 sanctus,
1603 4555 1764 4610 quem

172 4626 347 4684 nullus
395 4627 779 4683 haereticorum
810 4627 975 4683 habet
1000 4645 1014 4695 ;
1047 4626 1144 4700 qui
1174 4626 1304 4683 licet
1343 4643 1536 4684 omnes
1566 4627 1765 4686 habere

172 4731 222 4770 se
263 4718 474 4775 Christi
515 4717 785 4790 baptisma
821 4725 1034 4790 putent,
1081 4724 1264 4774 tamen
1296 4718 1409 4774 nisi
1440 4719 1668 4776 veniant
1695 4719 1764 4776 ad

171 4803 461 4865 Ecclesiam
511 4807 743 4877 Christi,
791 4807 1058 4880 Spiritum
1103 4823 1214 4864 non
1267 4816 1532 4881 poterunt
1561 4809 1763 4867 habere

175 4931 473 5060 “giarium
503 4932 693 4990 eadem
743 4934 903 4991 Rom.
935 4933 1072 4990 edit.
1101 4933 1324 5002 desunt,
1371 4943 1419 4991 et
1445 4955 1561 5008 qua:
1589 4939 1760 5009 habet,

203 5018 256 5057 oc
275 5013 319 5059 et
348 5013 442 5061 est.

238 5075 352 5144 (25)
401 5076 604 5134 Eadem
641 5081 800 5136 Rom.
830 5075 988 5146 edit.,
1021 5084 1070 5132 et
1092 5095 1287 5148 ponam
1320 5096 1480 5150 super
1527 5079 1648 5136 illos
1681 5087 1757 5150 ut,

178 5147 325 5221 tecum
357 5149 651 5221 sustineant
675 5151 922 5221 impetum
943 5147 1150 5220 papuii.

238 5217 353 5289 (26)
389 5220 591 5275 Eadem
623 5217 779 5278 Roni.
815 5217 972 5286 edit.,
1005 5217 1054 5274 ἐι
1087 5221 1256 5275 Deum
1280 5221 1483 5277 misisse
1509 5222 1569 5277 in
1597 5223 1761 5279 corda

180 5295 347 5365 nostra
389 5292 650 5361 Spiritum
698 5295 1031 5359 clamantem,
1075 5293 1222 5346 Abba
1265 5294 1450 5359 Pater,
1481 5301 1529 5349 et
1572 5295 1630 5349 in
1657 5313 1760 5365 quo

178 5357 480 5427 clamamus,
506 5365 656 5418 Abba
685 5365 870 5419 Pater.

242 5432 354 5504 (27)
404 5434 611 5490 Eadem
660 5436 818 5491 Rom.
852 5435 1009 5504 edit.,
1056 5434 1294 5490 eruditus
1323 5435 1463 5491 dixit
1491 5436 1563 5493 ad
1594 5437 1758 5492 virtu-

180 5501 276 5584 !um
310 5501 629 5584 inpr-eruenta
657 5509 861 5577 datum
903 5501 1029 5574 sibi,
1071 5508 1199 5564 dum
1225 5507 1468 5564 audivit:
1501 5509 1674 5566 virtus
1702 5510 1760 5563 in

181 5573 476 5643 inﬁrmitate
500 5573 914 5635 consummatur.

1872 4537 2113 4590 clareant
2142 4552 2263 4608 quae
2310 4533 2450 4601 dixi,
2482 4531 2725 4590 breviter
2765 4531 3077 4589 insinuabo.
3127 4529 3475 4587 Incarnatio—

1873 4641 1997 4681 nem
2029 4623 2198 4680 Verbi
2230 4622 2471 4680 Trinitas
2503 4622 2658 4690 fecit,
2693 4629 2748 4677 et
2775 4631 2961 4678 tamen
2989 4637 3103 4676 non
3127 4619 3364 4692 pertinet
3392 4619 3472 4673 in-

1871 4712 2117 4770 carnatio
2143 4713 2250 4769 nisi
2281 4713 2347 4768 ad
2378 4713 2619 4770 Verbum
2644 4711 2965 4784 (Augustin.
2995 4710 3093 4765 lib.
3128 4710 3280 4767 Cant.
3313 4725 3469 4765 serm.

1870 4805 2068 4862 Arian.
2101 4820 2151 4862 c.
2213 4804 2326 4876 15).
2361 4804 2567 4861 Vocem
2619 4803 2687 4859 de
2737 4804 2878 4859 coelo
2905 4817 3069 4873 super
3117 4800 3322 4858 Filium
3352 4801 3476 4874 post

1947 4932 2064 5013 (28)
2097 4930 2303 4988 Eadem
2333 4931 2494 4987 Rom.
2562 4929 2720 4998 edit.,
2781 4928 3016 5002 Spiritus
3066 4925 3178 4983 oris
3231 4926 3472 4990 Domini,

1871 5013 2308 5146 qu(’2§)wiﬂadem
2338 5073 2498 5130 Rom.
2531 5071 2689 5142 edit.,
2723 5073 2778 5128 in
2805 5074 3099 5129 diemonum
3127 5070 3473 5129 abominatio-

1871 5163 2060 5290 nes(30)
2129 5217 2333 5273 Eadem
2374 5218 2558 5290 ,Rom.
2618 5216 2776 5287 edit.,
2859 5216 2948 5272 sed
3016 5215 3368 5289 blasphemiae,
3425 5218 3472 5265 et

1869 5291 2161 5345 daemonum
2197 5289 2472 5360 prcestigia
2507 5296 2650 5346 sunt.
3266 5356 3279 5360 _
3461 5349 3471 5358 ,

1943 5362 2060 5432 (31)
2137 5356 2341 5417 Eadem
2385 5356 2572 5432 'Rom.
2636 5360 2794 5430 edit.,
2852 5368 2901 5417 et
2970 5364 3218 5432 parantes
3245 5356 3469 5411 dwmoni

1866 5449 2096 5487 mensam
2123 5439 2171 5486 et
2199 5433 2465 5504 implentes
2493 5431 2726 5503 fortuna:
2749 5431 3034 5504 potionem.

1942 5503 2058 5576 (32)
2083 5495 2292 5576 Desunt
2328 5503 2386 5560 in
2416 5495 2578 5562 Rom.
2608 5495 2770 5572 edit.,
2800 5504 2907 5559 hac
2932 5504 2995 5560 de
3023 5497 3283 5557 oblatione
3309 5495 3468 5550 ham-

1870 5575 2093 5632 ticOrum
2119 5575 2259 5631 dicta
2286 5578 2566 5649 sufficiant.
