4070 6186
573 201 678 275 84⁵1

1589 203 1684 264 Al)
1725 189 1958 264 omna
2001 199 2056 261 s.
2100 193 2440 262 AMBROSII
2487 185 2866 259 APPENDIX.

3779 189 3884 258 3&8

579 342 910 417 baptismum
965 335 1205 396 Trinitas
1257 333 1406 405 fecit,
1463 343 1516 392 et
1570 342 1754 390 tamen
1787 347 1897 388 non
1930 330 2168 403 pertinet
2197 332 2247 390 A
2291 355 2309 378 ι
2345 329 2448 386 Hic
2484 328 2618 386 deus
2668 337 2877 398 noster,
2913 345 3024 384 non
3056 321 3422 386 aestimabitur
3465 321 3534 382 ad
3567 342 3696 383 eum
3725 344 3884 396 anus,

577 434 686 490 nisi
715 432 784 488 ad
813 432 1050 488 Patrem.
1092 429 1410 484 Adventum
1445 425 1561 496 (33)
1601 423 1838 494 Spiritus
1867 421 2042 478 sancti
2073 437 2176 476 su-

577 541 675 598 pra
703 525 910 581 Filium
941 523 999 576 in
1029 520 1207 592 specie
1237 517 1507 576 columbas
1539 516 1692 587 (Luc.
1721 531 1802 581 ιιι,
1836 512 2176 584 22)Trinitas

578 615 730 681 fecit,
761 621 816 668 et
864 620 1047 667 tamen
1078 627 1189 666 non
1227 609 1462 681 pertinet
1511 604 1619 660 nisi
1649 604 1716 660 ad
1743 602 2010 676 Spiritum
2040 617 2179 657 san—

576 711 748 760 ctum.
802 701 977 767 Quam
1023 699 1140 772 (35)
1180 697 1381 752 trinam
1422 692 1796 766 operationem
1852 691 1909 746 in
1966 690 2176 746 unitate

577 798 892 848 manentem
978 786 1300 860 comprobat
1343 785 1535 840 beatus
1586 781 1884 853 Apostolus
1939 780 2170 835 dicens:

590 906 607 929 ο
647 881 960 938 Divisiones
975 879 1122 935 enim
1143 876 1440 949 gratiarum
1464 881 1614 940 sunt,
1633 889 1777 929 unus
1805 879 1986 928 autem
2010 869 2177 942 Spiri-

578 981 667 1029 tus
695 990 709 1040 ;
744 979 798 1026 et
826 969 1130 1025 divisiones
1161 965 1596 1022 ministeriorum
1643 971 1794 1031 sunt,
1816 979 1960 1018 unus
1995 970 2177 1016 autem

578 1060 888 1118 Dominus:
943 1066 998 1114 et
1042 1056 1345 1113 divisiones
1407 1053 1787 1127 Operationum
1836 1059 1986 1120 sunt,
2038 1067 2181 1105 unus

578 1159 760 1206 autem
790 1151 935 1204 Deus
961 1147 1061 1219 qui
1091 1153 1348 1218 operatur
1373 1144 1560 1200 omnia
1589 1143 1645 1197 in
1676 1141 1934 1197 omnibus
1965 1142 2020 1211 (Ι
2051 1141 2178 1195 Cor-

588 1259 691 1308 xu,
719 1238 860 1309 4-6).
885 1260 902 1285 ι
939 1236 1066 1291 Tria
1086 1251 1212 1306 ergo
1234 1234 1353 1290 haec
1371 1249 1537 1289 unam
1559 1229 1909 1288 credentibus
1929 1230 2183 1286 tribuunt

582 1331 837 1402 gratiam,
892 1326 1021 1400 quia
1071 1342 1182 1381 non
1233 1323 1340 1379 alia
1383 1333 1546 1396 atque
1591 1323 1700 1378 alia
1749 1331 1830 1378 est
1878 1321 2183 1377 substantia

579 1426 782 1475 sanctae
827 1424 880 1472 et
933 1413 1320 1487 inseparabilis
1369 1411 1658 1468 Trinitatis
1697 1413 1837 1482 (35).
1884 1411 2021 1468 Cum
2057 1424 2184 1479 ergo

579 1508 797 1580 singula
834 1513 888 1561 et
917 1506 1078 1560 Pater
1105 1511 1158 1559 et
1189 1503 1368 1559 Filius
1396 1509 1449 1557 et
1479 1501 1718 1572 Spiritus
1749 1506 1969 1554 sanctus
1998 1498 2184 1553 dican-

583 1605 671 1652 tur
722 1594 959 1667 operari,
1012 1593 1198 1648 omnia
1237 1599 1417 1647 tamen
1477 1589 1679 1662 pariter
1722 1595 2036 1660 operantur.
2078 1588 2186 1642 Sa-

2287 422 2382 493 qui
2417 422 2475 477 in
2505 421 2664 478 terris
2695 421 2847 476 visus
2879 426 2980 487 est,
3012 426 3066 474 et
3091 435 3216 475 cum
3245 417 3572 474 hominibus
3600 434 3886 475 conversa-

2286 519 2376 568 tus
2408 519 2490 568 est
2523 511 2766 582 (Baruch
2797 527 2878 577 ιιι,
2911 510 2979 566 36
3009 515 3059 564 et
3086 508 3177 580 38)
3206 525 3220 575 ;
3251 531 3269 556 ι
3304 515 3355 562 et
3392 507 3628 564 iterum:
3673 509 3888 564 «Homo

2289 601 2348 656 in
2386 601 2595 669 dolore,
2627 610 2680 656 et
2698 600 2876 656 sciens
2905 601 3046 656 ferre
3067 597 3421 654 infirmitates
3451 598 3585 668 (lea.
3618 615 3739 666 LIII,
3770 598 3874 670 bi);-

2289 705 2482 744 verum
2536 689 2749 745 scilicet
2797 705 2996 761 corpus
3038 686 3284 743 hominis
3337 702 3434 758 per
3460 686 3577 743 haec
3606 687 3798 756 verba,
3837 700 3891 747 et

2293 794 2475 833 veram
2530 777 2915 834 demonstrans
2967 778 3230 844 animam,
3305 799 3323 824 ι
3380 776 3474 850 qui
3514 778 3692 834 sciens
3749 779 3888 836 ferre

2292 867 2645 924 inﬁrmitates
2682 867 2976 923 divinitate
3005 865 3304 939 superavit,
3324 866 3620 938 pacificans
3639 885 3737 940 per
3767 887 3883 926 san-

2293 959 2514 1032 guinem
2572 958 2753 1014 crucis
2809 975 2919 1014 suae
2977 958 3093 1014 sive
3147 975 3268 1030 quae
3293 957 3351 1012 in
3402 958 3558 1014 caslis
3593 968 3743 1028 sunt,
3773 963 3887 1017 sive

2293 1065 2413 1121 quae
2468 1049 2527 1103 in
2590 1056 2734 1104 terra
2766 1048 3002 1118 (Cotoss.
3045 1064 3080 1115 ι,
3139 1046 3254 1116 20).
3284 1072 3304 1096 ι
3373 1047 3589 1104 Claruit
3619 1050 3768 1104 enim
3797 1065 3888 1121 per

2293 1139 2411 1197 haec
2469 1139 2654 1208 verba,
2701 1163 2720 1186 ε
2752 1138 2810 1195 in
2831 1139 3129 1195 Dominum
3149 1138 3331 1193 .lesum
3379 1137 3686 1207 Christum,
3717 1165 3735 1186 ι
3780 1157 3887 1195 non

2294 1247 2362 1286 ex
2425 1237 2575 1302 parte
2630 1229 2938 1297 veritatem,
3015 1235 3070 1284 et
3123 1243 3192 1283 ex
3242 1235 3394 1298 parte
3463 1227 3813 1286 mendacium
3873 1249 3884 1286 :

2295 1318 2389 1374 sed
2441 1334 2662 1374 omnem
2712 1318 2770 1373 in
2797 1334 2862 1373 eo
2891 1333 3007 1373 esse
3035 1316 3342 1384 veritatem,
3400 1313 3456 1373 id
3488 1325 3588 1385 est,
3622 1324 3677 1372 et
3709 1317 3806 1372 Dei
3839 1327 3890 1374 et

2296 1408 2560 1464 hominis.

2367 1497 2595 1555 CAPUT
2629 1497 2703 1553 X.
2750 1527 2822 1539 —
2871 1495 2976 1553 Sed
3028 1497 3134 1554 hoc
3180 1513 3292 1553 non
3337 1497 3604 1571 intelligit
3655 1498 3893 1555 humana

2296 1589 2584 1660 sapientia,
2604 1603 2768 1660 quam
2795 1587 3125 1644 condemnat
3145 1587 3340 1644 beatus
3359 1589 3656 1661 Apostolus
3675 1588 3885 1645 dicens:

581 1685 790 1759 pientia
841 1682 1112 1750 condidit,
1160 1678 1370 1752 Spiritu
1415 1678 1704 1746 animavit,
1759 1686 1812 1734 et
1852 1676 2005 1748 justo
2065 1678 2180 1748 (36)
2214 1697 2260 1758 Β
2312 1705 2330 1727 ι
2361 1679 2522 1736 Fides
2552 1685 2734 1734 vestra
2762 1694 2872 1733 non
2904 1678 2976 1734 sit
3020 1677 3081 1732 in
3108 1677 3376 1750 sapientia
3407 1678 3713 1746 hominum,
3743 1695 3897 1751 quo-

582 1776 866 1832 ordinavit
904 1773 1135 1846 judicio.
1188 1773 1306 1843 Ipse
1347 1786 1474 1840 ergo
1517 1768 1734 1840 justitia
1785 1786 1883 1825 sua
1913 1768 2181 1823 mundum

582 1865 639 1920 in
671 1864 850 1919 varias
881 1864 1084 1918 formas
1117 1859 1421 1927 distribuit,
1455 1865 1508 1914 et
1539 1858 1712 1930 gratia
1739 1873 1839 1913 sua
1868 1856 2181 1924 ordinante,

584 1960 737 2008 tanta
766 1951 921 2006 illius
953 1949 1197 2005 membra
1226 1947 1866 2019 incomprehensibiliter
1884 1947 2184 2020 dispensat,

583 2039 830 2098 continet
879 2045 933 2093 et
971 2037 1238 2109 gubernat
1273 2055 1284 2092 :
1319 2036 1482 2108 cujus
1515 2036 1875 2108 providentiae
1906 2037 2186 2108 guberna-

584 2131 664 2186 tio
711 2137 823 2184 tam
851 2127 1021 2200 justa,
1068 2136 1180 2184 tam
1227 2141 1433 2182 arcana
1485 2126 1625 2197 (37),
1668 2133 1781 2181 tam
1812 2125 2027 2181 occulta
2063 2131 2181 2191 est;

585 2229 646 2276 ut
678 2236 799 2292 quas
829 2227 1054 2291 putatur
1099 2234 1280 2290 poma,
1310 2216 1587 2273 medicina
1623 2217 1696 2273 sit
1741 2216 1991 2288 patienti.
2036 2217 2188 2272 Unus

585 2327 713 2382 ergo
755 2311 901 2366 Deus
931 2309 988 2363 in
1034 2317 1226 2365 sancta
1270 2306 1539 2364 Trinitate
1569 2307 1875 2364 consistens
1903 2307 2022 2363 haec
2050 2323 2189 2378 ope-

587 2410 784 2459 ratur:
843 2398 993 2473 quod
1053 2399 1172 2472 ipse
1229 2398 1296 2455 de
1344 2415 1400 2455 se
1456 2400 1839 2471 comprobans,
1869 2415 1966 2472 per
1993 2399 2187 2456 Isaiam

587 2490 910 2564 prophetam
965 2488 1144 2545 dicit:
1222 2511 1240 2536 ι
1302 2489 1418 2560 Ego
1474 2488 1764 2557 Dominus,
1825 2495 1880 2544 et
1933 2505 2046 2546 non
2111 2497 2192 2546 est

587 2580 826 2652 amplius
863 2583 1022 2633 extra
1070 2593 1157 2632 me
1199 2578 1316 2648 (38)
1353 2579 1490 2648 (Isa.
1524 2595 1653 2646 va,
1686 2579 1739 2647 ὅ,
1781 2579 1862 2649 6),
1893 2602 1910 2626 ι
1959 2578 2064 2634 hoc
2087 2585 2188 2641 est,

589 2677 785 2742 praeter
827 2665 1071 2725 Verbum
1125 2675 1180 2722 et
1228 2664 1498 2738 Spiritum
1553 2683 1758 2735 meum,
1815 2667 2078 2724 virtutem
2131 2683 2194 2724 ac

590 2756 911 2830 sapientiam
970 2759 1113 2816 327
1171 2769 1370 2822 meam,
1401 2771 1524 2826 qum
1581 2755 1639 2810 in
1694 2771 1782 2811 me
1838 2764 1918 2812 est
1941 2771 2189 2827 semper;

589 2855 778 2910 nullus
825 2861 907 2910 est
952 2853 1094 2908 alter
1141 2853 1288 2908 Deus
1317 2859 1479 2925 atque
1510 2853 1760 2908 Salvator
1815 2851 1953 2925 (39),
1985 2851 2053 2908 de
2085 2867 2194 2924 quo

591 2943 737 2999 idem
767 2941 1031 3014 propheta
1069 2941 1244 2996 dicit:
1293 2965 1312 2989 ι
1348 2942 1421 2996 Et
1450 2941 1633 2997 mittet
1671 2942 1750 2996 eis
1777 2942 2048 2997 Dominus
2075 2942 2195 2997 sal-

591 3040 858 3099 vatorem,
891 3031 1091 3103 quieos
1118 3031 1299 3086 salvos
1328 3031 1492 3086 faciat
1516 3048 1546 3086 a
1570 3033 1806 3103 peccatis
1834 3048 2022 3088 eorum
2057 3034 2191 3104 (Isa.
2225 3068 2268 3129 Ο

599 3137 716 3188 11x,
743 3121 860 3191 20).
880 3145 899 3168 ι
927 3120 998 3174 Et
1019 3119 1219 3175 iterum
1243 3135 1311 3175 ex
1331 3136 1560 3192 persona
1580 3120 1754 3175 Patris
1774 3136 1937 3192 supra
1957 3120 2193 3192 scriptus

594 3212 860 3286 propheta
880 3211 1017 3269 dicit
1040 3228 1051 3266 :
1073 3237 1092 3260 ι
1108 3214 1169 3268 In
1190 3211 1723 3286 memetipsojuravi,
1747 3214 1874 3286 quia
1887 3215 2194 3287 egredietur

595 3317 663 3359 ex
692 3318 786 3358 ore
806 3317 927 3358 meo
947 3302 1199 3372 verbum,
1225 3312 1276 3360 et
1301 3302 1369 3358 ad
1385 3319 1472 3358 me
1493 3319 1731 3360 vacuum
1754 3320 1864 3359 non
1891 3311 2194 3360 revertetur

595 3392 731 3464 (Isa.
783 3408 914 3461 xav,
955 3392 1171 3460 23;Lv,
1216 3393 1328 3464 11).
1374 3415 1391 3439 ι
1431 3393 1552 3449 Νοιι
1603 3400 1684 3449 est
1729 3408 1917 3449 revera
1947 3394 2191 3451 Verbum

596 3483 770 3542 Patris
820 3483 889 3538 ad
945 3499 1069 3538 eum
1127 3498 1362 3538 vacuum
1426 3497 1727 3552 reversum,
1787 3484 1916 3554 quia
1973 3482 2195 3538 obsides

596 3573 792 3629 salutis
835 3580 1055 3641 nostrae,
1132 3573 1189 3627 id
1227 3580 1330 3641 est,
1385 3589 1568 3627 veram
1617 3573 1857 3628 animam
1900 3581 1954 3629 et
2000 3591 2191 3629 verum

595 3678 794 3734 corpus
835 3668 1148 3732 susceptum
1199 3661 1256 3714 in
1305 3661 1588 3716 dexteram
1638 3661 1932 3718 collocavit
1993 3663 2187 3718 Patris.

595 3750 754 3817 Quod
795 3751 872 3805 ita
899 3765 1012 3804 esse
1059 3750 1310 3806 futurum
1337 3748 1394 3804 in
1425 3749 1636 3822 Spiritu
1680 3751 1942 3824 propheta
1974 3751 2193 3809 intuens

599 3838 781 3895 dicit:
831 3862 850 3887 ι
908 3837 1047 3895 Vere
1088 3846 1150 3894 tu
1192 3855 1248 3894 es
1295 3841 1441 3896 Deus
1488 3839 1843 3896 absconditus
1894 3841 2028 3912 (Isa.
2059 3858 2191 3909 xw,

603 3930 716 4001 15),
751 3954 769 3976 ι
814 3928 870 3986 id
893 3937 995 3998 est,
1026 3928 1084 3984 in
1115 3946 1298 3999 carne,
1351 3952 1368 3976 ι
1400 3932 1544 3986 Deus
1569 3931 1732 3987 Israel
1764 3932 2046 4000 Salvator;
2080 3959 2098 3981 ›
2141 3937 2194 3988 et

600 4023 802 4078 iterum
852 4038 864 4077 :
932 4044 949 4068 ε
996 4020 1369 4076 Absconditus
1412 4021 1600 4077 vultus
1637 4022 1754 4094 ejus
1801 4031 1854 4078 et
1907 4023 2193 4096 despectus

601 4113 736 4186 (Isa.
788 4127 909 4182 LIII,
939 4110 1034 4182 2);
1070 4136 1088 4158 ι
1133 4119 1194 4166 ιιι
1224 4110 1434 4168 scilicet
1464 4111 1706 4167 humano
1749 4129 1976 4185 corpore
2004 4113 2194 4169 divina

601 4205 846 4278 potentia
902 4204 1218 4272 celaretur;
1279 4212 1331 4260 et
1387 4204 1632 4259 iterum:
1679 4229 1698 4251 ι
1745 4205 1814 4260 Et
1869 4204 2036 4260 homo
2089 4214 2192 4274 est,

600 4301 656 4350 et
685 4295 810 4367 quis
837 4294 1119 4366 cognoscit
1147 4310 1272 4349 eum
1307 4295 1522 4365 (Jerem.
1559 4309 1699 4364 xvn,
1721 4294 1780 4366 9)
1803 4295 1832 4351 ?
1853 4295 1926 4351 Et
1951 4294 2151 4352 iterum
2178 4309 2190 4350 :

2293 1784 2416 1824 rum
2461 1765 2733 1823 Dominus
2783 1765 3143 1837 cogitationes
3189 1767 3366 1836 novit,
3415 1768 3669 1840 quoniam
3727 1785 3896 1824 vanae

2292 1866 2458 1915 sunt:
2492 1859 2585 1914 sed
2611 1859 2668 1913 in
2699 1859 2906 1914 virtute
2942 1857 3038 1914 Dei
3066 1859 3123 1928 (Ι
3153 1860 3278 1915 Cor.
3313 1876 3375 1926 ιι,
3409 1860 3466 1929 5)
3493 1877 3532 1925 ;-
3574 1868 3630 1914 et
3657 1860 3889 1915 iterum:

2309 1949 2466 2004 «Non
2516 1948 2694 2004 edocti
2723 1947 2978 2005 humanae
3026 1949 3307 2020 sapientia:
3335 1949 3540 2015 verbis,
3586 1949 3681 2005 sed
3711 1948 3896 2005 edocti

2294 2037 2506 2109 Spiritu
2560 2043 2752 2093 sancto
2807 2035 2920 2108 (40)
2973 2037 3136 2108 (Ibid.
3171 2036 3283 2110 13).
3314 2059 3333 2084 ι
3408 2037 3555 2109 Ergo
3603 2037 3738 2094 fides
3787 2054 3895 2094 non

2295 2127 2368 2182 sit
2411 2125 2468 2180 in
2513 2124 2800 2181 hominum
2845 2126 3135 2198 sapientia,
3185 2133 3239 2181 et
3282 2125 3506 2182 haeresis
3540 2141 3655 2181 non
3685 2134 3787 2183 est.
3830 2127 3890 2182 In

2297 2215 2456 2270 Patre
2508 2231 2638 2286 ergo
2680 2231 2896 2286 semper
2948 2215 3125 2270 Filius
3153 2223 3209 2271 et
3237 2215 3478 2287 Spiritus
3523 2223 3744 2272 sanctus
3768 2225 3849 2272 est
3882 2235 3893 2270 :

2298 2306 2447 2379 quod
2490 2307 2567 2362 ita
2596 2323 2712 2361 esse
2760 2307 2875 2378 ipse
2922 2306 3098 2363 Filius
3125 2306 3415 2364 conﬁrmat
3465 2306 3688 2366 dicens:
3734 2332 3752 2354 ι
3781 2309 3896 2380 Ego

2299 2406 2353 2454 et
2406 2399 2565 2453 Pater
2594 2413 2766 2453 unum
2796 2413 2988 2453 sumus
3018 2399 3200 2469 (Joan.
3241 2414 3300 2466 ιι,
3328 2399 3422 2470 30)
3450 2415 3462 2454 :
3496 2423 3516 2448 ι
3560 2416 3724 2454 unum
3765 2417 3899 2472 pro-

2302 2495 2421 2559 pter
2466 2495 2718 2542 naturam
2766 2486 3100 2556 divinitatis,
3149 2504 3330 2543 sumus
3376 2495 3600 2560 propter
3629 2505 3896 2560 persona-

2301 2593 2424 2633 rum
2512 2576 2926 2649 proprietates;
3013 2584 3066 2632 et
3128 2578 3374 2634 iterum:
3448 2602 3468 2627 ι
3546 2579 3690 2636 Ecce
3748 2581 3898 2636 venit

2301 2667 2503 2725 hora...
2559 2675 2621 2722 ut
2690 2684 2777 2722 me
2835 2668 3015 2723 solum
3071 2667 3441 2740 relinquatis:
3506 2677 3559 2725 et
3615 2685 3729 2726 non
3779 2687 3896 2726 sum

2301 2761 2470 2827 solus,
2526 2758 2655 2830 quia
2707 2758 2865 2813 Pater
2920 2774 3133 2814 mecum
3195 2766 3276 2814 est
3319 2758 3500 2830 (Joan.
3533 2775 3650 2827 xvr,
3686 2760 3782 2828 32)
3818 2780 3831 2828 ;
3868 2784 3886 2808 »

2301 2857 2357 2907 et
2399 2849 2648 2905 iterum:
2702 2871 2721 2894 ε
2767 2847 2944 2918 Opera
2991 2864 3113 2920 quae
3161 2864 3262 2920 ego
3315 2847 3476 2917 facio,
3531 2849 3689 2904 Pater
3729 2850 3787 2906 in
3817 2867 3898 2905 me

2302 2954 2550 3008 manens,
2605 2937 2720 3011 ipse
2772 2938 2935 2993 faciet
2983 2954 3044 2993 ea
3076 2938 3258 3009 (Joan.
3308 2955 3426 3006 xxv,
3464 2939 3574 3012 10).
3609 2962 3627 2988 ι
3671 2940 3793 3012 Ipse
3823 2948 3899 2995 est

2303 3046 2430 3102 ergo
2459 3043 2674 3100 semper
2721 3027 2779 3082 in
2808 3027 2968 3083 Patre
2997 3025 3194 3095 Filius,
3228 3027 3321 3100 qui
3349 3027 3416 3084 ad
3445 3028 3670 3101 Moysen
3714 3028 3854 3085 dicit
3885 3045 3895 3082 :

2320 3145 2338 3167 σ
2367 3119 2474 3186 Qui
2526 3126 2625 3186 est,
2661 3116 2814 3174 misit
2873 3133 2960 3173 me
2989 3117 3056 3173 ad
3085 3134 3182 3173 vos
3207 3118 3408 3187 (Exod.
3443 3135 3524 3186 ιιι,
3559 3118 3672 3190 Ui).
3707 3144 3726 3167 ι
3780 3121 3896 3190 Ipse

2305 3217 2406 3276 est,
2438 3208 2527 3264 cui
2559 3207 2798 3279 perfecto
2825 3206 2955 3262 orbe
2988 3205 3362 3277 congaudebat
3391 3207 3584 3274 Pater;
3617 3205 3747 3279 quia
3780 3215 3897 3262 tan-

2306 3307 2416 3355 tam
2466 3299 2664 3352 molem
2696 3304 2850 3352 terrae
2900 3295 3180 3352 fundasset
3233 3313 3392 3368 super
3425 3296 3618 3365 maria,
3655 3305 3710 3353 et
3737 3315 3898 3371 super

2306 3387 2536 3443 ﬂumina
2565 3388 2886 3442 collocasset
2911 3402 3048 3450 eam;
3075 3392 3136 3440 ut
3155 3387 3484 3442 elementum
3511 3387 3896 3458 gravissimum

2305 3493 2468 3548 super
2498 3484 2688 3531 tenues
2716 3491 2883 3547 aquas
2915 3473 3032 3546 ejus
3061 3475 3320 3548 penderet
3342 3475 3590 3532 arbitrio.
3622 3478 3684 3532 In
3715 3477 3897 3533 stabi—

2305 3564 2458 3620 litate
2486 3580 2613 3636 ergo
2638 3562 2786 3619 orbis
2809 3571 3100 3632 terrarum,
3124 3564 3344 3636 quando
3364 3563 3516 3620 illius
3537 3564 3898 3621 fundamenta

2305 3663 2463 3720 Pater
2492 3661 2765 3730 firmabat,
2815 3663 3002 3718 nullus
3033 3672 3148 3718 erat
3177 3679 3301 3719 cum
3333 3679 3396 3720 eo
3452 3673 3647 3736 praeter
3673 3681 3766 3720 eos
3802 3663 3898 3737 qui

2306 3761 2459 3811 erant
2519 3753 2578 3809 in
2636 3770 2717 3821 eo,
2778 3751 2836 3808 id
2891 3759 2991 3821 est,
3056 3753 3232 3808 Filius
3280 3761 3335 3808 et
3386 3753 3619 3827 Spiritus
3647 3762 3899 3810 sanctus.

2307 3845 2644 3900 Erubescant
2673 3860 2800 3915 ergo
2831 3843 2987 3916 impii
3019 3841 3285 3909 haeretici,
3318 3844 3410 3918 qui
3441 3844 3637 3900 Filium
3669 3845 3769 3900 Dei
3806 3851 3904 3899 aut

2306 3937 2571 4010 Spiritum
2597 3943 2844 3992 sanctum
2871 3941 3174 3990 creaturam
3204 3934 3419 4004 dicunt,
3451 3943 3541 3990 aut
3571 3935 3742 3992 fuisse
3766 3945 3900 3992 tem-

2306 4041 2428 4098 pus,
2479 4023 2697 4097 quando
2723 4038 2832 4078 non
2872 4022 3078 4079 fuerint
3112 4041 3125 4090 ;
3159 4039 3335 4096 neque
3385 4024 3534 4080 enim
3583 4033 3898 4097 temporum

2305 4114 2556 4172 conditor
2623 4112 2787 4168 habet
2841 4111 3137 4184 aliquando
3203 4112 3560 4189 principium.
3613 4111 3897 4185 Quidquid

2305 4221 2432 4276 ergo
2468 4203 2642 4258 Filius
2681 4202 2944 4274 loquitur,
2995 4201 3162 4257 verba
3216 4211 3347 4258 sunt
3391 4203 3592 4268 Patris,
3634 4212 3689 4259 et
3734 4203 3902 4259 verba

2305 4299 2436 4349 sunt
2489 4290 2726 4363 Spiritus
2783 4290 2956 4347 sancti
3013 4308 3025 4347 :
3085 4290 3356 4365 quidquid
3407 4292 3568 4347 Pater
3631 4291 3899 4366 loquitur,

679 4426 796 4498 (33)
839 4429 997 4503 Rom.
1044 4429 1203 4497 edit.,
1257 4430 1432 4499 inquit
1458 4429 1595 4488 enim
1627 4447 1640 4488 :
1691 4432 1768 4492 Tu
1795 4448 1846 4487 es
1875 4431 2022 4503 ﬁlius
2051 4447 2194 4488 meus
2223 4439 2271 4498 D
2300 4432 2374 4488 Et
2417 4430 2549 4487 alibi
2580 4449 2596 4488 :
2663 4431 2883 4492 Verbum
2929 4431 3271 4501 quodcunque
3324 4429 3515 4503 erierit
3550 4431 3614 4486 de
3643 4447 3734 4486 ore
3763 4448 3895 4496 meo,

602 4497 839 4554 dilectus.
870 4500 1189 4565 Adventum,
1221 4510 1326 4560 etc.

677 4568 792 4649 (31a)
862 4569 1066 4649 Eadem
1127 4573 1284 4626 llom.
1343 4571 1501 4649 edit.,
1568 4580 1615 4649 et
1664 4575 1944 4649 descendit,
2005 4574 2194 4649 inquit,

607 4641 864 4715 Spiritus,
899 4648 1110 4696 sanctus
1149 4644 1420 4713 corporali
1475 4647 1638 4715 specie
1680 4647 1815 4702 sicut
1864 4641 2100 4702 columba
2146 4645 2201 4699 in

602 4713 795 4783 ipsum.
831 4714 1021 4781 Quam,
1051 4721 1154 4769 etc.

673 4783 796 4862 (35)
834 4784 1059 4862 _Eadem
1107 4786 1266 4844 Rom.
1317 4785 1476 4854 edit.,
1513 4787 1639 4862 quia
1669 4805 1774 4844 non
1803 4807 1868 4846 ea:
1905 4791 2016 4846 alia
2046 4795 2201 4862 atque

602 4854 716 4908 alia
764 4855 1229 4931 substantia__sunt
1290 4867 1483 4913 sancta:
1511 4854 1882 4931 inseparabilis
1919 4854 2199 4917 Trinitatis

596 4941 985 5000 personatum
1016 4928 1159 4982 alius
1192 4931 1532 5000 operationis.

680 4997 826 5074 (36)Δ
866 4997 1074 5074 Eadem
1131 4997 1290 5074 Rom.
1350 5003 1513 5074 edit.,
1575 5001 1951 5072 singillatim...
2015 5003 2199 5074 aliqua

607 5068 1089 5142 operariispiritus
1119 5073 1398 5135 animavit,
1426 5079 1472 5127 et
1485 5068 1634 5142 justo
1660 5068 1840 5141 Pater,
1872 5083 1975 5130 etc.

679 5140 797 5215 (ιιι)
839 5140 1043 5215 Eadem
1073 5143 1231 5198 Rom.
1265 5143 1398 5199 edit.
1409 5186 1424 5213 ,
1457 5140 1562 5198 tam
1591 5140 1841 5215 provida.

680 5211 800 5287 (38)
839 5211 1045 5270 Eadem
1077 5215 1234 5269 Rom.
1281 5211 1438 5287 edit.,
1471 5211 1720 5286 amplius.
1756 5218 1869 5287 Ego
1899 5216 1992 5286 qui
2017 5215 2199 5285 fabri—

606 5285 728 5358 cavi
750 5287 951 5358 Atacem,
987 5291 1093 5358 etcf.
1149 5286 1407 5358 Quoniam
1439 5304 1543 5340 non
1557 5285 1644 5341 est
1695 5285 1836 5344 Deus
1859 5285 2059 5358 praeter
2097 5306 2195 5343 me.

680 5355 1035 5432 (39)‘Eadem
1063 5357 1223 5413 Rom.
1250 5355 1366 5412 edit
1396 5400 1411 5425 ,
1442 5359 1516 5432 Et
1543 5358 1734 5413 iterum
1761 5355 1893 5414 idem
1918 5360 2196 5432 propheta:

606 5429 671 5484 In
709 5435 754 5482 te
782 5428 924 5483 Deus
953 5433 1069 5500 est,
1096 5435 1270 5483 etnon
1300 5435 1374 5482 est
1399 5429 1542 5483 alius
1570 5437 1769 5500 praeter
1809 5437 1873 5486 te.
1916 5428 1989 5486 Et
2012 5428 2145 5485 alibi
2181 5449 2193 5487 :

606 5500 778 5583 ζημίαι
804 5501 876 5556 eis
914 5499 1190 5583 lzominem
1211 5500 1310 5583 qui
1339 5499 1676 5583 minabiteos
1707 5517 1730 5583 :_
1741 5501 1992 5583 judicans
2020 5504 2198 5583 salva-

606 5570 679 5624 bit
719 5590 868 5629 eos...
903 5570 1397 5653 Permemetipsum
1435 5571 1641 5642 iuraui,
1671 5570 1783 5653 nisi
1808 5574 2100 5647 egredietur
2133 5592 2199 5631 ea:

605 5656 696 5696 ore
749 5660 860 5700 meo
906 5645 1144 5717 justitia,
1189 5645 1257 5704 et
1289 5661 1548 5704 smnones
1589 5645 1691 5704 mei
1723 5645 2196 5706 nona-vertantur.

2305 4520 2411 4558 non
2457 4509 2746 4558 revertetur
2796 4504 2867 4560 ad
2921 4520 3000 4556 me
3051 4521 3294 4569 vacuum,
3348 4501 3508 4557 donec
3538 4505 3906 4574 compleantur

2306 4591 2624 4646 quwcunque
2673 4575 2836 4631 vol-ui.
2897 4575 2996 4630 Est
3027 4574 3191 4645 igitur
3248 4575 3424 4646 Filius
3455 4591 3635 4629 revera
3683 4575 3904 4646 Verbum

2307 4647 2509 4714 Patris,
2541 4664 2656 4702 cum
2685 4663 2902 4700 vacuum
2931 4662 3195 4700 reversum
3228 4663 3333 4700 non
3363 4645 3530 4714 fuerit
3559 4664 3580 4711 ,°
3609 4649 3736 4716 quia
3769 4645 3908 4699 obsi-

2307 4719 2486 4774 des....
2517 4719 2723 4772 intuens
2753 4719 2880 4772 dicit
2918 4735 2928 4772 :
2966 4719 3043 4773 Tu
3062 4717 3198 4771 enim
3225 4735 3276 4772 es
3307 4719 3467 4783 Deus,
3500 4723 3547 4770 et
3571 4717 3910 4783 nescivimus,

2305 4790 2448 4845 Deus
2499 4791 2669 4845 Israel
2700 4791 2956 4846 salvator.
3017 4789 3359 4860 Nescwimus,
3401 4789 3528 4860 quia
3578 4806 3738 4844 carne
3769 4790 3912 4843 vela-

2307 4866 2413 4932 tus.
2447 4862 2519 4914 Et
2559 4861 2752 4932 iterum
2790 4878 2800 4916 :
2860 4862 2981 4917 Non
3028 4868 3102 4916 est
3134 4860 3342 4932 species,
3402 4877 3562 4930 neque
3597 4860 3777 4930 gloria
3813 4877 3830 4912 :
3865 4866 3912 4912 et

2305 4931 2468 5003 facies
2522 4930 2633 5000 ejus
2677 4933 2912 5004 despecta
2965 4940 3059 5000 est,
3115 4930 3320 5004 etnon
3375 4939 3449 4987 est
3494 4937 3792 5002 reputa-ta;
3856 4937 3916 4983 ut

2306 5004 2496 5058 scilicet
2544 5003 2777 5059 humano
2819 5021 3036 5076 corpore
3098 5003 3283 5076 divina
3337 5004 3584 5076 potentia»
3618 5005 3912 5058 cetaretur.

2306 5077 2380 5132 Et
2421 5076 2562 5131 alius
2605 5078 2859 5147 propheta
2887 5074 2918 5130 τ’
2961 5079 3038 5132 Et
3086 5075 3238 5131 homo
3283 5074 3376 5144 est,
3405 5082 3452 5130 et
3491 5074 3611 5145 quis
3638 5080 3916 5144 cognoscet

2305 5164 2418 5202 eum
2457 5149 2484 5202 γ
2513 5149 2587 5202 Et
2612 5148 2820 5203 iterum:
2862 5148 2962 5204 Hic
2992 5149 3131 5204 Deus
3159 5153 3354 5216 noster,
3413 5164 3520 5202 non
3565 5147 3924 5217 reputabitur

2304 5220 2446 5274 altus
2473 5219 2729 5274 adversus
2757 5237 2892 5276 eum.
2927 5222 3037 5276 Et:
3071 5220 3199 5274 Post
3234 5221 3328 5275 hoc
3354 5219 3412 5273 in
3442 5218 3600 5273 terris
3631 5217 3784 5271 visus
3816 5225 3920 5283 est,

2304 5296 2353 5345 et
2403 5291 2542 5345 inter
2609 5291 2838 5347 homines
2896 5296 3232 5346 conversatus
3287 5297 3378 5346 est.
3441 5292 3515 5346 Et
3553 5290 3743 5343 iterum
3779 5290 3926 5343 scri-

2303 5367 2453 5432 ptum
2503 5366 2618 5416 est:
2678 5364 2845 5419 Homo
2875 5365 2932 5419 in
2975 5369 3141 5434 plaga
3197 5364 3464 5430 exsistens,
3521 5367 3570 5416 et
3604 5360 3777 5416 sciens
3803 5361 3924 5430 fer-

2305 5450 2381 5496 re,
2424 5441 2527 5489 etc.

2377 5503 2493 5576 (40)
2523 5504 2731 5578 Eadem
2760 5506 2917 5564 Rom.
2950 5505 3113 5572 edit.,
3147 5508 3270 5565 Non
3305 5507 3362 5562 in
3397 5504 3768 5578 persuasoriis
3800 5505 3928 5560 hu-

2303 5577 2776 5656 mancesapientiw
2828 5579 3017 5647 verbis,
3055 5579 3143 5634 sed
3176 5579 3233 5636 in
3261 5576 3549 5636 ostensione
3593 5576 3840 5649 spiritus
3873 5584 3932 5634 at

2302 5648 2536 5706 virtutis.
