4070 6186
207 157 316 231 849

1397 158 1493 226 ne
1543 153 1921 228 TRINITATE
1955 154 2386 230 TRACTATUS.

3310 170 3311 173 “
3420 162 3528 239 380

207 301 374 395 νεξῖξῖί
389 306 535 395 fil”?
564 291 718 367 Filii:
750 290 1354 395 νθνδα-διιηξδρίνίίῑιξ
1388 299 1562 357 sancti
1594 296 1812 395 ς-ίῐηίςμ
1841 303 1891 362 Α
1918 315 2109 375 tabilia
2136 333 2253 376 esse
2300 270 2534 377 testetur
2564 318 2744 393 (Rom.
2778 335 2857 388 χι,
2890 315 3009 389 33),
3050 315 3168 391 jam
3223 319 3340 392 ipse
3367 323 3524 395 cujus

207 389 344 463 quid
385 390 622 463 Spiritus
650 395 879 445 sanctus
927 387 1197 462 loquitur,
1237 388 1406 446 verba
1454 397 1584 446 sunt
1614 389 1808 459 Patris,

206 480 377 537 verba
403 487 532 536 sunt
560 478 696 535 Filii
725 478 846 535 Dei.
878 479 1026 551 Ergo
1042 479 1209 534 unius
1228 477 1325 552 qui
1341 480 1581 552 complet
1600 480 1809 549 omnia,

204 577 254 626 et
302 569 362 625 in
420 586 533 644 quo
582 575 718 625 sunt
768 568 977 637 omnia,
1033 567 1123 624 his
1171 569 1357 626 verbis
1412 569 1516 626 sub
1546 571 1810 643 mysterio

204 667 403 717 sancta
459 657 756 715 Trinitatis
809 656 1008 714 notitia
1063 657 1395 730 praedicatur
1437 676 1451 726 ;
1510 659 1588 716 ait
1659 661 1809 717 enim

203 746 422 804 Filius:
473 770 494 794 ι
520 746 761 819 Spiritus
804 753 1026 802 sanctus
1064 762 1096 801 a
1140 746 1300 803 Patre
1345 746 1595 819 procedit
1623 747 1806 820 (Joan.

201 854 296 906 xv,
343 836 480 909 26);
531 861 552 886 ι
604 844 784 893 tamen
847 842 1073 908 propter
1121 835 1438 893 societatem
1498 836 1811 893 unitatem-

200 941 306 1000 que
338 933 554 983 naturae
603 942 635 981 α
683 924 830 981 Filio
870 922 1154 981 mittitur:
1216 926 1312 998 qui
1368 926 1544 982 Filius
1586 926 1698 999 (41)
1739 925 1808 981 ab

198 1015 343 1072 Isaia
407 1014 675 1088 propheta
742 1013 801 1070 in
866 1014 1147 1086 regnantis
1206 1013 1401 1073 habitu
1468 1016 1624 1072 visus
1701 1022 1806 1084 est,

199 1104 292 1162 sed
364 1113 588 1176 propter
649 1104 997 1161 consortium
1055 1104 1357 1177 majestatis
1427 1104 1807 1178 unitatemque

199 1192 523 1250 substantia;
569 1191 815 1264 Spiritus
863 1200 1088 1250 sanctus
1146 1193 1203 1249 in
1260 1193 1526 1266 propheta
1577 1202 1658 1250 est
1714 1194 1808 1249 lo-

198 1290 404 1340 cutus:
487 1281 545 1337 in
615 1280 920 1338 Cherubim
992 1298 1123 1339 sane
1193 1290 1248 1338 et
1319 1282 1636 1355 Seraphim,
1707 1282 1804 1338 ubi

201 1372 325 1445 ipsa
381 1369 522 1426 visio
563 1370 710 1427 facta
758 1370 1114 1441 describitur,
1171 1389 1241 1429 ex
1295 1379 1449 1445 parte
1495 1371 1807 1428 ostenditur

196 1462 488 1531 Dominus,
529 1469 585 1517 et
647 1477 719 1519 ex
761 1472 914 1536 parte
969 1465 1180 1522 celatur
1212 1483 1226 1534 ;
1268 1465 1482 1522 duabus
1528 1465 1803 1538 siquidem

196 1551 299 1609 alis
362 1550 629 1608 velabant
687 1551 885 1610 faciem
956 1553 1096 1626 ejus,
1150 1563 1205 1611 et
1269 1555 1485 1612 duabus
1546 1555 1805 1613 velabant

1919 406 2300 464 inscrutabilia
2348 416 2403 464 et
2428 408 2651 466 occulta
2679 415 2832 476 sunt,
2860 424 3028 481 quam
3060 407 3443 466 inscrutabilis
3472 404 3525 468 οι

1918 497 2170 553 occultus
2224 496 2316 565 sit,
2368 496 2584 569 sapiens
2640 498 2814 554 lector
2859 496 3143 569 intelligit.
3184 497 3294 566 Qui
3341 507 3527 557 tamen

1918 592 2139 641 sanctus
2168 586 2467 658 Apostolus
2503 602 2616 641 non
2646 585 2833 642 dixit:
2871 584 3106 645 Diﬂicile
3157 585 3527 645 inveniuntur

1911 673 2125 746 judicia
2150 675 2273 743 Dei,
2303 682 2399 731 aut
2427 690 2709 748 nunquam
2742 693 2757 742 ;
2789 691 2860 731 ne
2882 692 3039 747 spem
3070 676 3302 748 penitus
3338 676 3522 750 inqui-

1918 762 2157 819 rentium
2186 770 2468 835 amputare
2490 762 2772 820 videretur
2800 781 2811 819 :
2848 764 2945 821 sed
2966 764 3076 821 ait:
3120 789 3139 814 ι
3167 764 3523 825 Iuscrutabi-

1918 852 1993 910 lia
2015 861 2146 909 sunt
2159 852 2371 926 judicia
2391 854 2489 910 Dei
2521 852 2714 925 (Ibid)
2746 878 2763 901 ι
2809 852 3077 921 Quamvis
3104 869 3235 926 ergo
3264 854 3523 927 proﬁciat

1917 943 2042 1016 quis
2071 944 2128 998 in
2157 944 2406 1011 scientia,
2440 951 2496 999 et
2529 942 2811 1016 sapientiae
2844 943 3085 1010 deditus,
3113 958 3314 1000 arcana
3352 944 3516 1002 rime-

1915 1041 2008 1090 tur
2030 1053 2044 1102 ;
2068 1042 2253 1092 tamen
2280 1042 2462 1092 creata
2478 1043 2679 1091 natura
2692 1033 2923 1093 increati
2944 1033 3331 1091 substantiam
3362 1052 3521 1092 nun-

1916 1139 2076 1196 quam
2109 1129 2287 1196 potest
2315 1122 2776 1196 comprehendere
2803 1122 2947 1194 (50).
2980 1122 3122 1180 Cum
3154 1124 3304 1179 enim
3332 1124 3520 1197 aliqua

1914 1214 2209 1283 invenerit,
2254 1230 2474 1272 rursum
2505 1213 2613 1272 alia
2645 1230 2704 1271 se
2732 1213 2972 1270 offerunt
3007 1212 3305 1285 quaestioni
3333 1230 3347 1279 ;
3379 1230 3506 1270 cum

1914 1303 2013 1358 illa
2036 1303 2318 1376 repererit,
2343 1303 2452 1359 alia
2496 1303 2792 1359 innumera
2825 1302 2942 1374 (51)
2977 1316 3195 1374 quoque
3239 1300 3514 1362 inveniet.

1914 1391 2088 1447 Tanta
2115 1392 2300 1465 itaque
2328 1391 2692 1464 investiganti
2741 1407 2956 1463 semper
3002 1387 3232 1446 materia
3277 1391 3517 1463 suggeri-

1911 1488 2024 1548 tur,
2055 1488 2117 1536 ut
2135 1481 2475 1554 reliquorum
2522 1480 2798 1553 ignoratio
2839 1478 3093 1537 involvat
3125 1478 3244 1551 (52)
3267 1480 3518 1552 priorum

1912 1570 2222 1627 scientiam.
2258 1570 2411 1626 Unde
2441 1578 2496 1626 et
2523 1569 2960 1642 sapientissimus
2997 1570 3261 1627 Salomon
3288 1579 3517 1631 naturas

196 1641 360 1733 pedes
404 1640 550 1714 ejus,
596 1649 652 1698 et
699 1642 913 1700 duabus
958 1644 1223 1701 volabant
1273 1646 1407 1718 (Isa.
1440 1662 1521 1712 v1,
1557 1646 1637 1718 2).
1683 1647 1803 1704 Ve-

1916 1675 2098 1716 rerum
2124 1640 2942 1733 diiﬁcultatesqueﬁcognoscens
2975 1660 3117 1731 (53),
3138 1668 3193 1717 et
3221 1659 3512 1731 imponens

194 1732 378 1788 lantur
433 1747 566 1804 ergo
616 1748 697 1799 ea,
757 1748 878 1805 quas
936 1740 1063 1789 ante
1122 1733 1391 1791 mundum
1440 1734 1685 1803 fuerunt,
1745 1743 1800 1791 et

192 1838 251 1878 ea
296 1837 425 1894 quae
473 1830 599 1893 post
655 1821 927 1877 mundum
976 1832 1158 1891 erunt,
1224 1846 1243 1871 ‹
1287 1840 1409 1896 quae
1463 1839 1565 1881 nec
1605 1823 1801 1880 oculus

191 1910 364 1978 vidit,
403 1925 511 1967 nec
537 1911 682 1967 auris
711 1910 928 1967 audivit
959 1911 1117 1983 (Cor.
1144 1929 1207 1980 ιι,
1237 1911 1331 1985 9):
1365 1936 1385 1961 ι
1429 1928 1492 1968 ea
1515 1929 1646 1969 vero
1677 1929 1799 1985 quae

188 2000 251 2056 in
299 2015 403 2056 sex
450 1998 645 2055 diebus
693 1999 833 2056 facta
880 2007 1029 2069 sunt,
1077 2000 1241 2058 nobis
1295 2001 1355 2057 in
1395 2000 1656 2057 notitiam
1696 2017 1793 2073 per

187 2103 401 2145 sacram
427 2088 716 2144 lectionem
734 2096 1025 2146 venerunt.
1046 2090 1155 2146 Nos
1175 2105 1303 2162 ergo
1326 2089 1384 2145 in
1399 2090 1558 2146 Patre
1579 2098 1638 2146 et
1655 2089 1800 2145 Filio

187 2187 237 2236 et
265 2179 485 2252 Spiritu
510 2187 701 2237 sancto
729 2196 841 2236 non
870 2181 1052 2236 solum
1081 2195 1251 2237 unam
1280 2179 1676 2253 operationem,
1701 2179 1799 2236 sed

187 2278 238 2327 et
265 2270 646 2344 aequalitatem
676 2270 1044 2339 conﬁtemur;
1077 2272 1207 2344 quia
1227 2271 1323 2328 ubi
1339 2271 1624 2344 aequalitas
1649 2269 1796 2343 (42),

188 2364 333 2424 328
364 2360 450 2417 ihi
477 2360 673 2417 eadem
728 2368 949 2430 natura,
996 2360 1296 2435 eademque
1342 2360 1649 2419 substantia
1691 2367 1795 2417 est.

184 2460 504 2534 Propterea,
533 2458 718 2532 inquit
768 2457 1126 2531 evangelista,
1183 2475 1309 2514 eum
1374 2458 1549 2514 Judaei
1606 2474 1800 2531 perse—

192 2550 532 2624 quebantur,
592 2548 723 2621 quia
767 2563 881 2605 non
937 2549 1118 2605 solum
1167 2548 1414 2605 solvebat
1474 2546 1794 2615 Sabbatum,

191 2638 286 2696 sed
344 2637 516 2695 etiam
572 2637 782 2693 Filium
833 2637 934 2694 Dei
990 2652 1048 2693 se
1115 2636 1370 2709 dicendo,
1419 2637 1686 2709 aequalem
1739 2653 1797 2693 se

185 2728 431 2786 faciebat
483 2728 600 2783 Deo
650 2727 833 2799 (Joan.
890 2742 946 2792 v,
999 2726 1114 2798 18).
1165 2705 1501 2798 Quod’ipse—
1527 2725 1799 2781 Dominus

185 2816 518 2891 comprobat
553 2815 744 2873 dicens
785 2835 797 2873 :
863 2839 883 2866 ι
927 2816 1044 2888 Ego
1099 2822 1155 2872 et
1198 2815 1359 2871 Pater
1403 2831 1575 2871 unum
1609 2829 1800 2870 sumus

188 2909 379 2982 (Joan.
414 2923 478 2976 x,
508 2906 626 2979 30),
649 2914 703 2963 et
733 2923 831 2979 ego
856 2904 917 2961 in
954 2903 1114 2961 Patre
1160 2904 1302 2976 (43),
1334 2912 1390 2960 et
1431 2904 1592 2960 Pater
1620 2903 1679 2960 in
1711 2917 1799 2958 me

184 3004 289 3065 est;
321 3022 346 3046 ι

183 3086 456 3145 omnibus
483 3094 584 3154 est,
616 3092 670 3142 et
720 3100 884 3141 nemo
913 3090 1090 3157 potest
1142 3098 1335 3156 rapere
1364 3082 1432 3138 de
1474 3097 1642 3139 manu
1678 3098 1798 3139 mea

184 3178 378 3248 (Joan.
413 3192 473 3244 x,
496 3176 625 3245 29);
659 3199 679 3223 ο
716 3173 1013 3247 statimque
1042 3173 1237 3230 infert:
1283 3194 1301 3219 ι
1331 3172 1404 3228 Et
1434 3187 1596 3228 nemo
1621 3178 1802 3245 potest

182 3281 382 3339 rapere
403 3264 474 3321 de
504 3279 672 3319 mauu
699 3263 899 3320 Patris.
922 3287 942 3312 ι
981 3261 1038 3319 Si
1069 3278 1198 3335 ergo
1226 3262 1294 3318 de
1320 3277 1488 3318 manu
1519 3261 1648 3317 Filii
1679 3279 1800 3336 quas

181 3357 354 3413 Pater
374 3353 550 3423 dedit,
585 3370 746 3410 nemo
786 3361 965 3426 potest
1010 3367 1218 3426 rapere,
1268 3359 1322 3408 et
1372 3351 1490 3408 haec
1518 3351 1707 3408 eadem
1743 3352 1801 3407 in

181 3460 364 3503 manu
394 3442 574 3501 Patris
600 3452 747 3511 sunt,
781 3458 902 3516 quas
933 3459 1044 3499 non
1075 3441 1370 3515 rapiuntur
1398 3441 1467 3498 ab
1495 3457 1598 3509 eo;
1634 3440 1799 3514 liqui-

180 3534 250 3593 do
305 3533 713 3606 comprobatur
742 3530 930 3588 omnia
982 3531 1157 3588 Patris
1197 3538 1253 3587 et
1292 3529 1423 3588 Filii
1471 3546 1535 3587 ac
1563 3529 1803 3602 Spiritus

180 3623 395 3692 sancti,
431 3622 527 3697 qui
551 3631 607 3680 et
635 3621 811 3679 Patris
839 3631 895 3679 et
922 3620 1051 3677 Filii
1068 3629 1172 3690 est,
1204 3635 1322 3678 esse
1353 3619 1707 3678 communia:
1740 3628 1797 3677 et

179 3716 319 3773 Filii
357 3728 528 3770 manu
556 3712 754 3781 teneri,
785 3727 906 3786 qua:
931 3712 1107 3769 Patris
1135 3717 1265 3768 sunt
1292 3729 1306 3779 ;
1333 3717 1389 3766 et
1427 3709 1604 3766 Patris
1635 3724 1803 3764 manu

178 3804 395 3871 teneri,
445 3819 566 3876 quae
595 3802 724 3859 Filii
752 3810 904 3859 sunt.
951 3802 1223 3859 Dominus
1252 3817 1381 3872 ergo
1415 3798 1672 3857 Christus
1703 3799 1804 3855 Dei

176 3904 233 3953 et
262 3892 532 3953 hominis
578 3891 748 3961 ﬁlius,
791 3891 888 3965 qui
931 3908 1146 3966 semper
1174 3897 1290 3948 erat
1316 3907 1443 3949 cum
1474 3890 1634 3945 Patre
1663 3897 1718 3945 et
1745 3887 1805 3943 in

171 3986 388 4046 Patre,
417 3978 639 4034 duobus
677 3979 895 4034 locutus
936 3987 1017 4036 est
1046 3980 1245 4048 modis,
1290 3979 1349 4035 id
1394 3986 1498 4048 est,
1532 3993 1684 4035 nunc
1711 3994 1807 4034 se-

177 4065 461 4128 cundum
516 4064 828 4122 divinitatis
873 4083 984 4122 sua:
1027 4068 1276 4140 gloriam,
1322 4084 1473 4127 nunc
1498 4067 1804 4126 secundum

175 4164 414 4215 nostrae
462 4160 675 4210 naturas
712 4154 995 4211 hominem
1029 4164 1362 4229 susceptum.
1405 4160 1565 4217 Pater
1591 4172 1720 4230 ergo
1747 4155 1807 4212 in

176 4245 374 4313 Filio,
410 4250 467 4299 et
524 4241 705 4299 Filius
736 4242 794 4298 in
850 4244 1010 4298 Patre
1061 4252 1164 4311 est,
1209 4246 1267 4299 in
1305 4254 1538 4319 utroque
1565 4246 1809 4319 Spiritus

179 4339 429 4394 sanctus
442 4337 559 4388 est:
592 4338 647 4387 et
675 4330 801 4388 ideo
829 4337 980 4388 recta
1000 4330 1272 4387 confessio
1302 4332 1523 4405 (44-49)
1554 4334 1805 4408 mysterii

181 4429 409 4484 sanctae
455 4428 509 4478 et
558 4419 947 4494 inseparabilis
977 4418 1270 4477 Trinitatis
1323 4420 1592 4491 ignoratio
1618 4432 1806 4480 nostra

182 4522 274 4572 est
298 4532 315 4582 ;
353 4528 483 4569 cum
500 4509 650 4569 enim
669 4520 892 4569 sanctus
918 4510 1227 4583 Apostolus
1246 4507 1463 4583 judicia
1483 4510 1582 4565 Dei
1602 4511 1804 4569 insem-

263 4614 398 4684 (41)
434 4612 639 4668 Eadem
676 4614 832 4670 Rom.
865 4611 1024 4684 edit.,
1048 4612 1287 4685 Spiritus
1323 4611 1585 4678 veritatis,
1618 4611 1798 4685 qui.

185 4685 415 4756 quuit,
459 4701 496 4757 ᾳ
531 4686 694 4739 Patre
736 4686 978 4756 procedit
1000 4684 1217 4756 propter
1258 4685 1538 4757 originem.
1599 4684 1804 4755 Inquit,

222 4754 603 4885 gmpypiuam
618 4754 837 4827 propter
864 4754 1155 4812 societatem
1194 4754 1551 4829 unitatemque
1574 4754 1803 4813 nat-une.

280 4847 301 4883 ι
384 4846 403 4883 ι
435 4842 536 4881 ius.

280 4847 301 4883 ι
330 4845 536 4883 ισιιηιε.

263 4899 401 4974 (42)
434 4897 640 4955 Eadem
668 4897 826 4956 Rom.
859 4897 1012 4967 edit.,
1060 4898 1157 4957 Ubi
1176 4900 1311 4955 enim
1333 4899 1510 4956 cadent
1540 4900 1799 4972 operatio,

185 4970 265 5027 ibi
293 4970 611 5027 mauolitas.

293 4987 611 5027 (eauamas.

672 5042 834 5116 Bern.
866 5040 1022 5116 edit.,
1040 5042 1326 5116 Propterea
1339 5040 1603 5116 Dominus
1632 5041 1808 5113 inquit

216 5110 347 5173 cum
374 5110 631 5171 'Judoei...
675 5111 903 5184 faciebat
950 5110 1079 5184 Deo)
1127 5110 1233 5168 non
1273 5117 1446 5184 potest
1486 5111 1660 5184 Filius
1686 5110 1718 5167 ἀ
1757 5130 1809 5168 se

216 5186 382 5243 'acere
425 5202 446 5251 ;
504 5185 634 5255 quia
667 5183 773 5241 nisi
810 5184 951 5256 quod
990 5183 1187 5256 uiderit
1245 5183 1463 5241 Patrem
1502 5183 1804 5256 facientem.

194 5255 358 5327 Quod
400 5257 539 5314 alibi
566 5256 768 5328 clarius
796 5255 1020 5311 ostendit
1051 5255 1249 5328 dicens:
1276 5257 1386 5328 Ego
1417 5261 1467 5311 et
1482 5255 1668 5328 Pater,
1699 5261 1804 5328 etc.

271 5328 512 5409 (44-49)
561 5327 972 5409 Eademdlom.
1022 5325 1436 5409 edit.,_Q_uare,
1493 5327 1612 5409 licet
1659 5326 1809 5409 nobis

196 5398 455 5471 mysterii
484 5398 680 5456 sancta
706 5406 754 5456 et
780 5399 1151 5472 inseparabilis
1182 5398 1458 5472 Trinitatis
1482 5398 1705 5472 confusa
1737 5398 1810 5452 sit

198 5469 431 5540 notitia,
490 5479 675 5528 nostra
726 5469 903 5527 ιωηαὶ
949 5476 1022 5526 est
1076 5469 1351 5540 confessio.
1415 5471 1557 5527 Unde
1580 5469 1807 5526 sanctus

198 5544 511 5619 Apostolus
545 5543 753 5614 judicia
809 5542 910 5600 Dei
957 5542 1072 5598 licet
1114 5540 1656 5613 incomprehensibilia
1701 5559 1807 5597 esse

1911 1766 2227 1807 mensuram
2264 1749 2547 1823 sapientiae
2575 1766 2709 1818 suae,
2741 1749 2847 1806 ait:
2903 1774 2921 1796 ι
2966 1747 3131 1816 Dixi,
3158 1750 3376 1821 sapiens
3401 1751 3513 1808 eili-

1908 1840 2044 1909 ciar,
2072 1848 2127 1897 et
2162 1841 2274 1913 ipsa
2300 1840 2517 1913 longius
2546 1839 2770 1896 recessit
2800 1855 2830 1894 a
2862 1854 2947 1895 me
2970 1853 3134 1911 quam
3163 1847 3297 1907 erat,
3328 1847 3386 1897 et
3415 1857 3514 1898 ex.

1911 1930 2056 1986 celsa
2082 1930 2449 2001 profunditas,
2482 1929 2606 2001 quis
2635 1928 2885 1986 inveniet
2908 1944 3026 1985 eam
3054 1928 3253 2000 (Eccle.
3285 1944 3386 1997 vn,
3421 1929 3514 1998 24,

1909 2019 2004 2091 25)
2028 2019 2087 2075 ‘l-
2122 2025 2177 2074 et
2205 2018 2439 2074 iterum:
2470 2019 2666 2074 «Plura
2695 2017 2848 2074 enim
2877 2033 3043 2090 opera
3062 2015 3286 2073 Domini
3312 2016 3374 2073 in
3393 2016 3515 2075 abs-

1909 2105 2150 2164 conditis
2174 2116 2305 2165 sunt
2335 2107 2528 2179 (Eccli.
2558 2123 2680 2172 xvr,
2712 2107 2804 2177 22)
2833 2124 2886 2174 ;-
2915 2112 2971 2161 et
2998 2105 3235 2161 iterum:
3269 2128 3289 2153 ι
3312 2105 3514 2173 Quem-

1908 2195 2209 2252 admodum
2265 2194 2445 2253 nescis
2500 2209 2622 2267 quas
2692 2193 2767 2250 sit
2818 2193 2911 2249 via
2965 2192 3217 2265 spiritus,
3278 2202 3333 2253 ct
3406 2210 3517 2268 qua

1909 2286 2124 2343 ratione
2153 2286 2579 2359 compingantur
2605 2301 2730 2341 ossa
2747 2286 2808 2341 in
2823 2291 3023 2341 ventre
3041 2283 3376 2356 praegnantis
3399 2302 3412 2352 ;
3430 2284 3513 2342 sic

1909 2375 2087 2432 nescis
2117 2390 2281 2447 opera
2307 2374 2430 2444 Dei,
2461 2374 2557 2447 qui
2584 2373 2885 2431 fabricator
2913 2380 2996 2430 est
3024 2372 3277 2433 omnium
3308 2373 3510 2444 (Ecele.

1908 2483 1989 2534 ιι,
2024 2466 2082 2537 5)
2118 2483 2130 2522 :
2165 2489 2184 2512 ι
2228 2474 2282 2521 et
2310 2464 2511 2521 iterum
2547 2482 2560 2521 :
2623 2488 2642 2513 ι
2670 2463 2888 2520 Altiora
2923 2470 2979 2519 te
3016 2478 3087 2519 ne
3113 2462 3420 2535 qumsieris,
3450 2470 3507 2520 et

1908 2554 2142 2611 fortiora
2168 2562 2225 2612 te
2254 2570 2324 2610 ne
2353 2560 2629 2611 scrutatus
2653 2551 2824 2609 fueris
2855 2551 3048 2622 (Eccli.
3083 2568 3169 2619 IlI,
3215 2550 3307 2622 22)
3332 2569 3346 2618 ;
3386 2574 3405 2603 ι
3451 2558 3508 2608 et

1908 2643 2110 2700 iterum
2138 2661 2150 2700 :
2186 2667 2210 2690 ι
2239 2640 2715 2710 Quemadmodum
2735 2639 2832 2712 qui
2848 2639 2956 2695 mel
2977 2639 3216 2695 multum
3243 2638 3509 2706 comedit,

1908 2748 2021 2788 non
2049 2738 2132 2788 est
2168 2730 2218 2786 ei
2247 2731 2454 2787 bonum
2479 2748 2494 2798 ;
2544 2729 2625 2786 sic
2651 2728 2747 2802 qui
2775 2734 3047 2785 scrutator
3074 2735 3157 2784 est
3185 2724 3507 2797 majestatis,

1908 2820 2242 2894 opprimitur
2260 2820 2434 2893 gloria
2455 2820 2641 2891 (Prov.
2668 2835 2802 2886 xxv,
2834 2818 2951 2890 27).
2982 2842 3002 2867 ι
3036 2817 3109 2873 Ει
3137 2832 3330 2875 revera
3358 2816 3508 2875 nihil

1908 2917 2022 2966 tam
2039 2909 2400 2977 verum,nihil
2417 2918 2528 2966 tam
2550 2906 2925 2973 manifestum;
2943 2905 3214 2977 scriptum
3230 2914 3311 2963 est
3330 2904 3502 2962 enim:

389 3003 448 3052 et
498 2996 736 3052 iterum:
784 3017 803 3043 ι
829 2995 989 3050 Pater
1034 2992 1182 3066 quod
1234 2991 1395 3089 dedit
1416 2991 1577 3060 mihi.
1614 2991 1796 3064 mai“!
1830 3027 1874 3089 ρ
1925 3023 1944 3048 ι
1971 3001 2183 3058 Delicta
2211 2999 2335 3073 quis
2365 2996 2629 3070 intelligit
2667 2997 2843 3069 (Psal.
2864 3011 3030 3062 xvut,
3057 2994 3148 3067 13)
3183 2995 3211 3051 7
3238 3018 3257 3043 ι
3294 2994 3352 3051 Si
3379 3011 3509 3068 ergo

1909 3093 2113 3149 declita
2141 3107 2240 3147 sua
2268 3090 2523 3146 homines
2551 3104 2665 3144 non
2692 3086 3013 3158 intelligunt
3036 3103 3051 3153 ;
3101 3092 3309 3157 quanto
3337 3085 3510 3156 magis

1909 3192 2161 3240 naturam
2190 3180 2289 3238 Dei
2316 3187 2370 3237 et
2397 3178 2631 3236 consilia
2659 3176 2777 3249 ejus
2803 3176 3034 3232 minime
3064 3183 3326 3248 poterunt
3351 3173 3505 3231 inve-

1911 3274 2031 3331 nire
2064 3272 2076 3329 l
2114 3271 2273 3340 Quod
2303 3268 2664 3342 comprobans
2691 3266 2958 3340 propheta
2993 3264 3133 3322 dicit
3165 3280 3177 3322 :
3223 3288 3244 3313 ι
3273 3263 3506 3323 Genera-

1910 3365 2120 3421 tionem
2150 3361 2269 3434 ejus
2295 3360 2420 3434 quis
2446 3357 2725 3417 enarravit
2748 3357 2882 3428 (Isa.
2914 3372 3037 3425 LIII,
3067 3355 3128 3427 8)
3149 3354 3177 3410 Ὺ
3196 3378 3215 3403 ιι

1982 3526 2210 3586 CAPUT
2240 3526 2340 3582 XI.
2371 3553 2442 3567 --
2470 3524 2535 3580 In
2557 3522 2709 3581 hunc
2736 3537 2863 3593 ergo
2879 3535 3055 3577 unum
3086 3519 3261 3577 Deum
3291 3517 3506 3573 Patrem

1912 3618 2346 3691 omnipotentem
2375 3615 2673 3682 credimus,
2713 3611 3023 3671 visibilium
3051 3617 3107 3667 et
3135 3606 3507 3665 invisibiliuui

1911 3708 2279 3773 conditorem,
2324 3705 2484 3778 cujus
2532 3703 2746 3776 judicia
2791 3709 2956 3776 atque
3008 3697 3243 3756 consilia
3291 3696 3511 3755 occulta

1912 3804 2061 3866 sunt,
2091 3796 2285 3870 iniqua
2310 3803 2495 3851 autem
2545 3806 2852 3864 nunquam.
2883 3787 2991 3857 Qui
3019 3796 3205 3844 tamen
3240 3786 3400 3844 Pater
3425 3785 3512 3842 si-

1913 3896 1982 3943 ne
2009 3887 2129 3942 ullo
2157 3885 2265 3941 sibi
2296 3891 2449 3957 patre
2474 3884 2634 3940 Pater
2659 3889 2741 3938 est
2765 3897 2777 3936 :
2811 3887 2867 3937 et
2894 3877 3103 3937 idcirco
3125 3874 3303 3932 Filius
3323 3873 3390 3931 de
3406 3873 3511 3930 hoc

1915 3975 2153 4049 genitus,
2195 3973 2354 4047 cujus
2392 3971 2800 4045 generationem
2830 3968 3106 4025 humanus
3127 3981 3306 4023 sermo
3334 3962 3509 4020 edice-

1915 4082 1975 4122 re
2003 4082 2116 4121 non
2136 4065 2306 4133 valet,
2339 4063 2572 4120 inferior
2621 4062 2689 4118 ab
2716 4077 2782 4117 eo
2819 4074 2935 4115 esse
2963 4074 3078 4114 non
3116 4061 3326 4127 potest;
3358 4050 3506 4126 quia,

1915 4163 1980 4212 ut
2005 4154 2217 4212 dictum
2249 4160 2354 4223 est,
2392 4152 2647 4219 verbum,
2679 4149 2857 4207 virtus
2884 4154 2938 4203 et
2969 4143 3238 4217 sapientia
3255 4142 3374 4215 ejus
3406 4150 3506 4198 est.

1918 4247 2094 4302 Deum
2124 4261 2253 4317 ergo
2281 4244 2583 4301 Dominum
2624 4240 2861 4297 fatemur
2900 4235 3045 4309 (54),
3082 4235 3261 4290 Deum
3304 4231 3510 4289 Filium

1919 4336 2019 4393 Dei
2047 4334 2225 4391 Patris
2265 4329 2716 4400 altissimi,unici
2743 4326 2995 4393 unicum,
3026 4332 3081 4381 et
3108 4338 3236 4381 cum
3261 4321 3419 4379 Patre
3447 4337 3515 4380 ac

1920 4425 2131 4498 Spiritu
2158 4432 2349 4481 sancto
2377 4437 2553 4477 unum
2583 4421 2760 4475 Deum
2798 4431 2915 4473 esse
2953 4412 3320 4480 conﬁtemur;
3353 4411 3513 4485 cujus

1912 4514 2046 4570 licet
2072 4512 2440 4586 aequalitatem
2461 4509 2578 4581 (55)
2612 4507 2889 4564 humanus
2909 4518 3089 4560 sermo
3115 4500 3393 4573 explicare
3420 4514 3512 4556 ne-

1916 4610 2146 4669 testetur,
2176 4619 2283 4657 non
2312 4609 2482 4657 tamen
2518 4617 2580 4655 ea
2603 4612 2829 4670 prorsus
2859 4591 3229 4670 inseratabilia
3273 4597 3322 4646 et
3338 4591 3512 4670 occul-

1917 4682 1972 4733 ta
1998 4662 2245 4731 decernit.
2277 4675 2400 4731 Ideo
2430 4690 2536 4727 non
2578 4662 2746 4727 dixit:
2779 4663 3143 4745 [inpossibilia
3170 4662 3515 4745 inveniuntur

1905 4747 2117 4817 judicia
2145 4745 2266 4811 Dei,
2312 4751 2408 4800 aut
2446 4757 2719 4817 nunquam
2769 4755 2820 4817 se
2849 4734 3515 4817 6/[erunt_appreh_ensibi-

1917 4807 2012 4885 lia,
2033 4837 2097 4875 ne
2124 4807 2266 4890 spent
2285 4817 2493 4890 penitus
2516 4807 2898 4890 inquirentium
2916 4813 3195 4880 amputare
3224 4807 3510 4862 videretur.

1916 4884 2017 4947 Sed
2043 4891 2123 4947 ait
2145 4884 2717 4960 incomprehensibilia,
2774 4888 2884 4942 etc.

1990 4962 2108 5034 (50)
2139 4954 2345 5017 Eadem
2374 4960 2532 5017 Rom.
2564 4956 2697 5034 edit.
2707 4999 2723 5034 ρ
2752 4961 2814 5010 ut
2840 4954 2963 5011 talis
2999 4958 3094 5021 est,
3127 4967 3403 5023 nunquam
3420 4967 3513 5022 po-

1916 5028 2011 5090 test
2037 5028 2109 5090 ad
2132 5035 2347 5104 plenum
2377 5028 2839 5104 comprehendere.
3134 5097 3170 5104 _
3400 5091 3438 5104 ,,

1990 5106 2107 5179 (51)
2132 5091 2287 5162 ’νειμ
2327 5091 2505 5179 βοὰ,⁸
2527 5102 2640 5157 alia
2698 5097 3055 5179 inmutabilia
3084 5115 3105 5163 ,'
3134 5097 3297 5157 Rom.
3353 5091 3509 5159 edit.,

1914 5176 2028 5235 alia
2057 5176 2215 5234 etiam
2235 5178 2436 5233 altiora
2464 5189 2679 5246 quisque
2707 5176 3014 5246 occurrunt.

2015 5252 2107 5323 52)
2136 5252 2289 5323 Rom.
2323 5238 2490 5323 edit.,
2507 5238 3157 5323 perscrutatiooblicione
3185 5238 3436 5323 involvat;

2015 5253 2107 5323 52)
2136 5253 2289 5305 Rom.
2323 5253 2483 5315 edit.,
2507 5253 2866 5318 perscrutatio
2894 5253 3152 5323 oblivione
3185 5253 3436 5320 iuvamur.

1990 5253 2108 5394 (53)
2140 5321 2524 5394 ΕαάθηιΒοιῐι.
2548 5317 2706 5394 edit.,
2737 5316 3007 5394 hominum
3025 5299 3512 5394 cogitationesg‘lf‘l—

1920 5387 2096 5450 larunt
2123 5392 2485 5465 dispositiones
2513 5396 2560 5445 et
2601 5388 2909 5465 abscondita
2939 5400 3155 5465 qum-que
3184 5387 3505 5465 commetat-tt.

2014 5444 2554 5538 sumpsisse;
2585 5444 2747 5538 est.
2793 5444 3008 5538 ρᾳενξηρ
3036 5444 3207 5510 Dm
3242 5444 3509 5517 ’ίατθπδίίνο

2014 5466 2108 5537 54)
2139 5466 2344 5522 Eadem
2394 5466 2554 5522 Rom.
2585 5466 2747 5528 edit.,
2793 5466 3008 5516 Patrem
3036 5466 3098 5510 Ut

1990 5466 2108 5609 (55)
2139 5536 2345 5593 Eadem
2376 5536 2534 5594 Rom.
2567 5532 2728 5600 edit.,
2760 5527 3098 5597 Mutum.
