4068 6188
494 193 594 259 551

1506 198 1601 254 AD
1639 192 1874 254 OPERA
1909 191 1964 252 S.
2006 190 2340 252 AMBROSII
2378 193 2759 251 APPENDIX.

3708 192 3815 252 552

495 339 680 405 queat,
711 327 1105 386 incarnationis
1138 334 1320 383 tamen
1363 325 1481 397 ejus
1509 333 1850 381 sacrosancta
1885 340 1948 380 ac
1977 339 2082 377 ve—
2111 326 2159 386 Α
2193 330 2295 390 est,
2326 310 2420 394 qui
2450 320 2596 378 sicut
2620 322 2778 377 Pater
2807 337 2870 377 ac
2909 320 3083 376 Filius
3133 320 3310 392 replet
3357 317 3548 376 orbem
3600 325 3768 375 terra}
3798 337 3810 371 ;

501 419 741 478 neranda
765 416 1030 491 mysteria
1059 433 1089 472 a
1117 423 1306 473 sancto
1327 413 1579 472 Gabriele
1615 412 1940 484 archangelo
1969 429 2088 469 san-

498 519 638 570 ctam
669 509 938 583 virginem
971 506 1220 574 Mariam,
1247 522 1368 578 qua:
1399 503 1568 559 verbo
1596 503 1705 558 feta
1733 503 1848 559 sola
1873 501 2092 559 conscia

498 619 628 659 aure
656 601 908 657 maritata
937 606 1038 666 est,
1069 598 1383 669 alloquente
1432 595 1550 666 (56)
1585 593 1964 666 cognovimus.
1996 593 2092 648 Ait

499 691 645 748 enim
679 708 690 745 :
737 713 754 735 ι
785 688 1026 762 Spiritus
1062 693 1284 742 sanctus
1307 684 1657 756 superveniet
1686 683 1742 738 in
1778 693 1848 751 te,
1877 690 1931 737 et
1969 682 2095 736 vir-

501 791 586 838 tus
623 779 897 837 Altissimi
922 775 1276 834 obumbrabit
1307 773 1408 830 tibi
1433 793 1446 842 ;
1471 774 1702 846 ideoque
1731 779 1786 829 et
1809 771 1956 845 quod
1988 789 2097 827 na-

499 877 682 926 scetur
715 885 784 924 ex
822 875 877 923 te
906 874 1176 932 sanctum,
1209 861 1498 920 vocabitur
1526 860 1700 916 Filius
1725 859 1825 915 Dei
1867 859 2020 930 (Luc.
2051 877 2091 928 1,

499 957 614 1030 35).
645 982 664 1006 ι
705 957 826 1013 Νοιι
855 971 981 1026 ergo
1012 953 1130 1010 haec
1157 951 1457 1025 generatio,
1489 966 1597 1023 qua
1641 949 1708 1005 de
1752 947 1968 1019 virgine
1998 965 2096 1020 pro

499 1048 672 1103 salute
702 1053 890 1102 nostra
917 1051 1078 1100 natus
1109 1051 1210 1110 est,
1243 1039 1603 1113 posteriorem
1632 1055 1759 1094 eum
1785 1038 1918 1094 facit
1941 1037 2095 1094 Patri

498 1139 642 1197 329
672 1134 789 1190 sive
827 1142 1094 1205 tempore,
1151 1130 1268 1186 sive
1317 1135 1626 1201 potestate;
1684 1127 1814 1199 quia
1850 1143 1962 1183 non
2015 1136 2098 1183 est

501 1235 816 1309 temporalis
846 1233 1080 1305 genitor,
1121 1239 1184 1286 ut
1201 1229 1344 1286 Filio
1374 1226 1763 1301 praejudicetur
1791 1244 1860 1282 ex
1890 1234 2098 1298 tempo—

500 1342 578 1394 re,
618 1325 748 1397 quia
792 1330 1030 1378 aeternus
1075 1320 1236 1375 Pater
1269 1317 1474 1374 Filium
1506 1316 1694 1389 genuit
1722 1322 2055 1372 coaeternum
2083 1333 2094 1370 :

499 1430 600 1470 nec
627 1411 972 1469 extrinsecus
1002 1417 1194 1464 natum
1224 1415 1317 1462 aut
1346 1406 1576 1471 factum,
1593 1413 1656 1460 ut
1674 1404 1920 1461 haeretici
1951 1420 2100 1460 men-

499 1503 738 1569 tiuntur,
770 1501 865 1558 sed
895 1516 963 1555 ex
993 1497 1213 1571 propria
1243 1496 1548 1552 substantia
1577 1495 1754 1552 Patris
1780 1503 2095 1568 generatum

498 1609 629 1648 vera
649 1591 785 1648 ﬁdes
815 1588 998 1646 habet.
1031 1589 1120 1644 Ex
1147 1588 1261 1643 Deo
1299 1602 1426 1660 ergo
1455 1601 1607 1654 vero,
1635 1585 1695 1640 in
1723 1601 1834 1658 quo
1863 1583 2099 1640 aeterni—

2199 412 2313 485 ipse
2335 420 2435 481 est,
2468 412 2563 484 qui
2593 428 2625 466 a
2650 411 2792 467 Filio
2819 417 3059 467 sanctus
3105 418 3158 466 et
3193 409 3372 466 bonus
3417 410 3819 481 pronuntiatus

2203 511 2316 557 est:
2349 500 2465 574 ipse
2493 507 2594 568 est,
2627 501 2719 574 qui
2751 517 2784 556 a
2820 498 3005 556 David
3053 497 3338 570 propheta,
3368 496 3516 554 sicut
3542 499 3819 557 Dominus

2202 589 2476 657 Christus,
2508 590 2689 646 bonus
2708 599 2762 646 et
2778 598 2932 645 rectu
2955 605 2980 643 s
3008 585 3398 660 pronuntiatur
3417 586 3534 659 (62)
3555 588 3710 660 (Luc.
3735 605 3818 658 χι,

2203 678 2292 749 13)
2328 697 2342 745 ;
2367 678 2445 734 ait
2469 678 2616 733 enim
2642 696 2653 734 :
2701 702 2719 725 ε
2748 679 2976 735 Rectum
2999 685 3080 733 est
3110 675 3358 733 Verbum
3378 675 3603 732 Domini
3630 679 3815 749 (Psal.

2202 783 2387 833 χχχιι,
2411 767 2491 838 li),
2515 791 2534 815 ι
2564 767 2671 823 hoc
2699 766 2765 822 de
2790 767 2956 833 Filio,
2985 774 3043 822 et
3077 783 3088 821 :
3137 789 3155 813 ι
3183 764 3473 820 Eructavit
3501 782 3599 822 cor
3627 784 3816 826 meum

2207 855 2452 912 Verbum
2481 855 2688 911 bonum
2724 857 2898 926 (Psal.
2931 871 3084 922 κων,
3110 854 3186 925 1).
3220 877 3240 902 ι
3278 855 3357 910 De
3385 853 3599 926 Spiritu
3628 865 3813 914 autem

2204 952 2426 1002 sancto:
2474 970 2492 993 ι
2522 944 2788 1018 Spiritum
2808 946 3240 1004 rectuminnova
3263 947 3322 1003 in
3353 947 3659 1005 visceribus
3679 950 3817 1008 meis

2209 1033 2381 1105 (Psa-l.
2420 1051 2472 1104 ιι,
2507 1035 2629 1108 12);
2667 1061 2685 1084 ι
2732 1043 2788 1092 et
2824 1054 2834 1092 :
2877 1035 3151 1109 «Spiritus
3205 1045 3336 1092 tuus
3377 1035 3558 1094 bonus
3585 1038 3819 1097 deducet

2209 1141 2298 1180 me
2327 1126 2385 1180 in
2411 1126 2559 1180 viam
2589 1133 2793 1182 rectam
2814 1126 2992 1196 (Psal.
3023 1141 3193 1193 CXLII,
3234 1125 3349 1196 10).
3383 1151 3401 1175 ο
3449 1127 3568 1199 Ipse
3595 1136 3697 1196 est,
3719 1129 3814 1203 qui

2206 1213 2395 1269 futura
2424 1221 2688 1287 tanquam
2727 1216 3020 1287 praesentia
3055 1215 3365 1287 praevidet;
3407 1215 3524 1288 ipse
3566 1226 3669 1286 est,
3719 1218 3813 1292 qui

2207 1301 2367 1357 nobis
2398 1302 2604 1360 Christi
2635 1303 2860 1359 Domini
2892 1303 3262 1372 nativitatem,
3296 1305 3604 1372 mirabilia,
3637 1323 3812 1380 perse-

2207 1391 2514 1458 cutionem,
2545 1392 2878 1464 passionem,
2909 1408 3151 1461 crucem,
3170 1401 3426 1462 mortem,
3446 1396 3813 1467 sepulturam,

2208 1481 2691 1550 resurrectionem,
2725 1483 2780 1537 in
2821 1482 2974 1538 caelis
3019 1483 3417 1552 ascensionem,
3449 1493 3503 1541 et
3550 1484 3619 1541 ad
3664 1485 3814 1558 judi-

2208 1574 2358 1628 cium
2392 1580 2686 1628 venturum
2719 1573 2837 1645 (63)
2857 1581 2984 1630 ante
3009 1573 3281 1647 plurimos
3298 1575 3692 1648 przenuntiavit
3713 1596 3808 1634 an-

503 1688 585 1736 tas
616 1687 671 1736 et
726 1677 1133 1751 omnipotentia
1187 1676 1438 1748 perfecta:
1485 1683 1539 1731 et
1581 1681 1781 1731 sanctae
1810 1673 2095 1730 Trinitatis

2209 1676 2328 1717 nos.
2360 1661 2515 1718 Sicut
2545 1679 2670 1734 ergo
2699 1664 2856 1720 Pater
2877 1664 2996 1720 sine
3027 1663 3329 1736 principio,
3351 1665 3425 1720 ita
3449 1672 3503 1721 et
3530 1665 3813 1737 Spiritum

501 1769 778 1837 consistit,
808 1785 1002 1824 verum
1042 1766 1247 1823 Filium
1290 1765 1544 1822 conﬁteri
1578 1765 1945 1822 honoriﬁcum
1975 1775 2091 1822 est:

499 1867 554 1915 et
600 1858 724 1914 ideo
752 1855 896 1914 sicut
949 1856 1007 1912 in
1040 1855 1200 1911 Patre
1253 1870 1354 1910 nos
1380 1853 1641 1910 convenit
1667 1853 1908 1921 credere,
1939 1853 2015 1908 ita
2044 1860 2100 1909 et

499 1947 558 2002 in
612 1947 792 2015 Filio;
845 1945 975 2018 quia
1031 1943 1136 2000 hoc
1178 1943 1407 2000 omnino
1461 1949 1540 1998 est
1587 1941 1679 1997 ille
1733 1942 1828 2014 qui
1885 1942 2100 2014 genitus

499 2046 600 2105 est,
646 2036 791 2110 quod
847 2035 941 2091 ille
997 2033 1092 2107 qui
1137 2033 1326 2107 genuit
1384 2033 1525 2105 (57).
1587 2031 1876 2088 Credimus
1931 2041 1985 2088 et
2040 2032 2098 2087 in

501 2125 767 2197 Spiritum
823 2133 1097 2192 sanctum,
1159 2121 1317 2194 cujus
1372 2121 1734 2193 majestatem,
1794 2121 2096 2192 potentiam

499 2222 553 2268 et
592 2213 980 2284 aequalitatem,
1039 2229 1202 2286 quam
1257 2228 1382 2267 cum
1443 2210 1601 2265 Patre
1655 2217 1708 2264 et
1764 2209 1908 2265 Filio
1963 2225 2097 2281 pos-

502 2301 666 2369 sidet,
725 2302 844 2373 ipso
911 2302 1170 2369 donante,
1233 2301 1348 2372 jam
1414 2299 1665 2370 superius
1729 2299 2092 2366 ostendimus,

501 2389 884 2462 procedentem
939 2406 1009 2445 ex
1070 2391 1250 2457 Patre,
1310 2395 1364 2444 et
1409 2403 1759 2444 communem
1815 2405 1941 2444 cum
1999 2388 2095 2443 Pa-

499 2487 584 2536 tre
612 2488 666 2536 et
703 2478 849 2535 Filio
900 2477 1181 2544 deitatem,
1211 2477 1604 2548 operationem,
1632 2493 1696 2532 ac
1723 2475 2089 2532 substantiam

502 2566 872 2640 possidentem
908 2583 919 2620 :
955 2575 1008 2622 et
1037 2566 1438 2637 distinguentes
1467 2581 1724 2637 personas
1753 2564 1810 2620 in
1840 2565 2084 2637 proprie-

500 2655 708 2712 tatibus
745 2655 896 2722 suis;
928 2654 1190 2713 deitatem
1219 2661 1404 2710 tamen
1435 2661 1635 2711 sanctae
1681 2653 1968 2710 Trinitatis
1997 2655 2096 2710 in-

499 2743 859 2816 separabilem
899 2741 1265 2811 conﬁtemur;
1317 2742 1447 2815 quia
1475 2743 1622 2816 quod
1679 2741 2000 2798 nominibus
2041 2751 2096 2800 et

499 2833 746 2906 personis
771 2832 1015 2889 dirimim
1027 2849 1109 2900 us,
1144 2831 1252 2888 hoc
1271 2838 1537 2904 potestate
1556 2839 1610 2890 et
1637 2831 1840 2888 deitate
1871 2839 1924 2888 et
1956 2832 2095 2888 uni-

499 2933 610 2982 tate
653 2924 960 2997 jungimus.
1003 2923 1148 2993 Ergo
1179 2921 1510 2982 vocabulum
1558 2930 1761 2979 sancta;
1806 2923 2093 2980 Trinitatis

500 3012 702 3086 grande
734 3010 1058 3084 mysterium
1087 3017 1142 3066 et
1170 3026 1428 3066 arcanum
1461 3018 1544 3066 est
1576 3028 1589 3077 ;
1631 3019 1684 3066 et
1715 3011 1838 3067 ideo
1869 3012 2090 3084 quando
2122 3035 2172 3098 α

500 3100 567 3157 de
595 3101 978 3174 spiritualibus
1004 3099 1165 3156 nobis
1189 3115 1368 3156 sermo
1396 3108 1498 3167 est,
1524 3098 1753 3156 nihilde
1777 3101 2094 3158 carnalibus

499 3198 580 3247 est
611 3191 840 3248 omnino
869 3197 996 3246 ante
1045 3189 1233 3246 oculos
1259 3188 1445 3246 cordis
1475 3189 1913 3261 proponendum.
1967 3191 2098 3248 San-

498 3289 598 3338 ctae
615 3297 742 3354 ergo
766 3288 820 3337 et
849 3278 1202 3352 inseparabili
1227 3278 1488 3334 Trinitati
1510 3280 1608 3335 lux
1630 3279 1952 3348 invisibilis,
1986 3281 2097 3336 vir-

499 3378 588 3428 tus
619 3369 999 3444 inseparabilis
1040 3369 1182 3441 (58),
1215 3367 1546 3434 substantia,
1571 3367 2095 3441 incomprehensibi-

489 3460 588 3531 lis,
615 3464 730 3519 vita
755 3461 1184 3518 interminabilis
1199 3470 1301 3529 est,
1319 3461 1409 3516 cui
1428 3476 1536 3531 pax
1557 3459 1890 3530 sempiterna
1912 3458 2096 3515 omnis

495 3551 720 3617 assistit,
775 3567 936 3620 quam
1011 3550 1165 3604 nulla
1219 3564 1461 3620 unquam
1531 3555 1782 3603 creatura
1827 3553 2096 3618 penetrat,

495 3638 650 3692 nulla
679 3637 993 3692 conturbat.
1025 3637 1081 3690 Si
1114 3635 1238 3708 quis
1267 3652 1394 3708 ergo
1439 3643 1594 3690 extra
1641 3637 1818 3692 Patris
1848 3635 2094 3708 majesta-

495 3734 604 3782 tem
627 3732 722 3780 aut
751 3724 956 3780 Filium
979 3730 1162 3792 vocat,
1193 3731 1289 3780 aut
1301 3721 1565 3794 Spiritum
1585 3733 1856 3792 sanctum,
1875 3724 2096 3782 videtur

495 3813 598 3870 sibi
630 3829 779 3885 spem
837 3812 906 3868 de
949 3811 1248 3884 semetipso
1307 3820 1508 3885 petere,
1545 3811 1602 3868 id
1631 3819 1732 3880 est,
1785 3811 1851 3868 de
1898 3813 2090 3881 simili,

493 3920 605 3960 non
629 3903 700 3960 de
725 3900 1000 3975 superiori
1035 3908 1232 3957 natura
1263 3919 1275 3957 :
1309 3917 1473 3957 omne
1492 3901 1640 3956 enim
1671 3901 1816 3974 quod
1844 3912 2088 3958 creatum

493 4001 593 4062 est,
629 3999 897 4066 quantum
927 3990 994 4047 ad
1026 3989 1131 4047 hoc
1159 3990 1422 4062 pertinet,
1443 4005 1514 4046 ex
1543 4006 1608 4046 eo
1634 3988 1780 4063 quod
1811 4007 1923 4045 non
1953 3998 2095 4059 erat,

491 4085 698 4141 factum
731 4090 839 4151 est,
865 4088 919 4137 et
948 4080 1132 4136 simile
1161 4079 1268 4136 sibi
1294 4087 1396 4135 est.
1427 4080 1574 4151 Ergo
1600 4078 1837 4135 Domino
1861 4080 2088 4137 Christo

489 4175 636 4230 Deus
665 4166 824 4229 Pater
845 4169 1068 4244 propria
1099 4168 1377 4242 generatio
1406 4176 1525 4235 est;
1557 4167 1719 4223 nobis
1737 4175 1918 4224 autem
1949 4168 2093 4225 ado-

490 4265 679 4335 ptione
707 4263 1028 4320 voluntaria
1062 4280 1074 4318 :
1109 4261 1193 4317 illi
1221 4268 1376 4334 pater
1404 4269 1485 4316 est
1515 4259 1632 4331 (59)
1681 4276 1776 4332 per
1814 4270 2090 4330 naturam,

490 4349 652 4406 nobis
698 4367 794 4422 per
824 4349 1053 4422 gratiam
1089 4367 1101 4405 :
1136 4349 1220 4405 illi
1252 4351 1398 4406 Deus
1443 4357 1526 4405 est
1573 4347 1784 4404 unitate
1813 4350 2085 4422 mysterii,

489 4437 651 4492 nobis
678 4446 860 4492 autem
883 4446 1152 4508 potestate
1184 4439 1324 4508 (60).
1348 4439 1452 4506 Qui
1475 4455 1604 4511 ergo
1631 4437 1784 4494 aliud
1799 4455 1964 4512 quam
1982 4439 2087 4496 hoc

488 4531 658 4592 tenet,
689 4533 743 4580 et
773 4542 884 4581 non
915 4525 990 4579 ita
1009 4525 1204 4592 credit,
1235 4527 1525 4582 anathema
1553 4529 1625 4583 sit
1659 4529 1800 4599 (61).

561 4614 789 4672 CAPUT
822 4614 946 4670 XII.
979 4643 1049 4654 —
1074 4612 1314 4685 Spiritus
1343 4624 1526 4669 autem
1573 4624 1794 4673 sanctus
1822 4616 1937 4689 ipse
1983 4626 2084 4686 est,

486 4707 630 4763 sicut
655 4705 767 4779 jam
802 4705 1010 4763 dictum
1043 4714 1146 4774 est,
1173 4705 1267 4778 qui
1299 4713 1352 4760 et
1383 4704 1559 4761 Patris
1583 4714 1636 4763 et
1656 4707 1792 4762 Filii
1821 4715 1936 4764 est:
1970 4707 2084 4780 ipse

707 4825 866 4906 110m.
903 4824 1060 4906 edit.,
1101 4823 1268 4906 Verbo
1284 4823 1454 4906 fetam
1478 4826 1795 4906 alloquente.

559 4895 678 4968 (57)
725 4895 931 4952 Eadem
974 4897 1129 4952 Rom.
1183 4897 1340 4968 edit.,
1396 4898 1525 4968 quia
1569 4895 1704 4951 sicut
1743 4897 1826 4952 hic
1871 4897 2082 4954 omnino

483 4974 579 5033 est,
609 4968 702 5038 qui
725 4968 928 5040 genitus
955 4974 1048 5040 est,
1080 4967 1157 5022 ita
1180 4967 1272 5040 ille
1296 4967 1389 5040 qui
1410 4967 1630 5023 Omnino
1657 4969 1854 5040 genuit.

558 4985 579 5033 ',
609 4985 700 5038 qui
757 4985 928 5022 emtas
955 4985 1048 5035 est,
1080 4985 1157 5022 ita
1180 4985 1272 5023 ius
1296 4985 1389 5040 qui
1417 4985 1630 5023 omnino
1657 4985 1854 5038 genuit.

558 5039 676 5112 (58)
708 4985 914 5096 Eadem
966 5039 1127 5095 Rom.
1157 5037 1314 5109 edit.,
1364 5041 1460 5095 tua:
1491 5039 1880 5109 inaccessibilis,
1910 5041 2081 5096 virtus

483 5112 879 5182 insuperabilis.

557 5181 674 5255 (59)
708 5183 914 5239 Eadem
963 5182 1122 5238 Rom.
1180 5181 1338 5251 edit.,
1375 5183 1607 5256 propria
1633 5181 1960 5255 generatione
1980 5202 2078 5256 pa-

483 5262 563 5312 ter
590 5261 684 5309 est.

554 5327 674 5399 (60)
710 5325 913 5382 Eadem
946 5327 1106 5384 Rom.
1162 5327 1321 5395 edit.,
1351 5327 1550 5384 unitate
1578 5325 1900 5396 substantia,
1927 5325 2078 5381 nobis

480 5405 653 5454 autem
683 5415 902 5470 munere
927 5405 976 5454 et
995 5405 1261 5470 potestate.

555 5470 674 5541 (61)
707 5469 913 5527 Eadem
947 5469 1107 5528 Rom.
1130 5471 1290 5539 edit.,
1347 5473 1644 5529 Anathema
1678 5478 1861 5528 sancta
1887 5473 2075 5528 catho-

483 5540 587 5595 lica
617 5549 664 5597 et
687 5542 977 5616 apostolica
1002 5543 1241 5602 Ecclesia
1263 5545 1600 5616 pronuntiat.

2206 1760 2456 1808 sanctum
2475 1759 2529 1808 et
2558 1754 2764 1810 Filium
2800 1753 2964 1811 habet
2993 1755 3111 1812 sine
3143 1755 3476 1828 principioco
3508 1764 3807 1826 aeternum,

2210 1839 2455 1911 genitum
2484 1857 2554 1897 ex
2583 1858 2658 1908 se,
2685 1859 2795 1899 non
2827 1851 2948 1915 post
2968 1859 3024 1900 se
3057 1843 3196 1916 (64).
3216 1844 3289 1900 Et
3319 1843 3439 1900 ideo
3466 1845 3604 1900 sicut
3630 1845 3797 1901 Pater

2211 1947 2432 1986 omnem
2474 1932 2859 2004 antiquitatem
2900 1942 3210 2006 temporum
3254 1934 3549 2003 antecedit,
3578 1935 3814 1992 aeterni-

2211 2026 2320 2074 tate
2350 2021 2646 2089 consumit,
2693 2021 3044 2094 longaevitate
3091 2031 3338 2095 superat;
3390 2025 3468 2080 ita
3513 2031 3567 2079 et
3597 2024 3812 2080 Filium

2209 2107 2399 2178 genuit
2425 2117 2538 2164 tam
2569 2109 2675 2166 sibi
2706 2109 2764 2166 in
2791 2110 3016 2180 virtute,
3039 2127 3202 2184 quam
3229 2111 3286 2166 in
3309 2111 3432 2181 hac,
3466 2129 3630 2185 quam
3662 2113 3810 2170 dixi-

2211 2213 2358 2265 mus,
2414 2192 2727 2271 aequalitate
2770 2211 3078 2258 consortem
3115 2219 3126 2258 :
3162 2201 3256 2257 sed
3307 2201 3425 2258 haec
3442 2202 3642 2271 virtus,
3697 2202 3812 2260 haec

2169 2345 2173 2350 ,
2207 2285 2496 2357 sapientia,
2527 2286 2634 2343 hoc
2663 2289 2905 2345 Verbum
2955 2289 3101 2363 quod
3154 2290 3332 2346 Filius
3367 2299 3468 2359 est,
3516 2298 3580 2346 ut
3628 2291 3812 2348 verbis

2205 2389 2328 2436 utar
2353 2383 2625 2454 Apostoli,
2672 2409 2690 2434 σ
2717 2401 2846 2443 cum
2877 2386 2934 2442 in
2964 2386 3141 2444 forma
3166 2389 3260 2443 Dei
3291 2395 3452 2454 esset,
3508 2405 3620 2445 non
3654 2388 3810 2462 rapi-

2205 2487 2331 2526 nam
2363 2472 2662 2530 arbitratus
2679 2483 2782 2544 est,
2804 2485 2866 2531 ut
2891 2483 3033 2533 esset
3062 2477 3288 2550 aequalis
3310 2479 3422 2534 Deo
3447 2495 3460 2544 ;
3483 2477 3580 2534 sed
3609 2486 3808 2535 semet~

2205 2559 2386 2631 ipsum
2414 2561 2749 2632 exinanivit,
2779 2565 3012 2621 formam
3034 2565 3181 2622 servi
3202 2565 3496 2637 accipiens,
3522 2566 3582 2622 in
3603 2565 3805 2623 simili-

2207 2648 2401 2705 tudine
2422 2649 2712 2709 hominum
2736 2653 2934 2722 factus,
2952 2662 3006 2710 et
3022 2653 3218 2710 habitu
3247 2654 3508 2711 inventus
3528 2663 3590 2710 ut
3613 2654 3806 2712 homo.

2209 2738 2538 2798 I-Iumiliavit
2567 2742 2921 2814 semetipsum
2971 2760 3145 2816 usque
3172 2743 3240 2799 ad
3273 2753 3527 2813 mortem,
3566 2755 3804 2802 mortem

2206 2836 2387 2883 autem
2420 2829 2619 2898 crucis,
2652 2839 2875 2904 propter
2902 2832 3049 2905 quod
3069 2840 3122 2912 et
3151 2835 3294 2890 Deus
3313 2834 3582 2890 exaltavit
3611 2833 3802 2904 illum,

2203 2924 2258 2972 et
2286 2917 2437 2973 dedit
2466 2919 2551 2974 illi
2581 2937 2802 2988 nomen,
2827 2921 2972 2996 quod
2997 2930 3079 2978 est
3111 2939 3276 2995 super
3300 2940 3462 2979 omne
3492 2940 3719 2989 nomen,
3740 2933 3803 2980 ut

2203 3005 2260 3060 in
2290 3007 2514 3062 nomine
2533 3009 2660 3066 Jesu
2686 3027 2848 3067 omne
2869 3027 3010 3083 genu
3040 3010 3309 3080 ﬂectatur,
3329 3012 3660 3080 caelestium,
3695 3020 3802 3069 ter-

2208 3094 2463 3151 restrium
2500 3104 2554 3152 et
2582 3097 2949 3168 infernorum,
2985 3107 3040 3156 et
3069 3100 3250 3156 omnis
3271 3101 3459 3173 lingua
3477 3101 3815 3158 conﬁteatur

2209 3183 2340 3256 quia
2363 3184 2631 3243 Dominus
2658 3188 2813 3246 Iesus
2834 3189 3087 3247 Christus
3108 3190 3167 3246 in
3198 3190 3376 3262 gloria
3400 3199 3483 3247 est
3511 3191 3611 3247 Dei
3634 3193 3813 3249 Patris

2210 3274 2472 3346 (Philipp.
2505 3293 2567 3344 ιι,
2591 3276 2780 3348 6-11).
2814 3303 2832 3326 ι
2867 3278 2950 3335 Ob
2979 3279 3085 3336 hoc
3105 3296 3239 3352 ergo
3271 3279 3599 3352 mysterium
3633 3281 3811 3339 Filius

2205 3363 2306 3419 Dei
2343 3363 2596 3421 Christus
2626 3373 2854 3422 vocatur
2885 3367 3001 3440 (65)
3032 3386 3045 3436 ;
3084 3369 3231 3441 quod
3247 3377 3427 3425 tamen
3460 3369 3810 3427 nativitatem

2205 3452 2324 3524 ejus
2369 3453 2672 3510 secundum
2702 3473 2945 3526 carnem,
2978 3459 3307 3530 passionem,
3346 3467 3700 3534 mortemque
3723 3461 3811 3518 si-

2207 3541 2429 3615 gniﬁcat
2461 3561 2473 3599 :
2507 3543 2606 3599 sed
2647 3544 2751 3602 ista
2798 3547 3069 3604 mirabilis
3097 3556 3152 3604 et
3193 3549 3494 3616 singularis
3521 3551 3806 3620 nativitas,

2205 3645 2312 3702 qua
2341 3630 2592 3688 Christus
2649 3637 2867 3705 genitus
2897 3644 2978 3692 est
3011 3635 3151 3707 (66),
3182 3643 3235 3692 et
3264 3635 3331 3692 de
3359 3637 3574 3710 Spiritu
3610 3649 3806 3697 sancto

2205 3726 2257 3774 et
2284 3720 2456 3776 Maria
2484 3721 2700 3794 virgine
2731 3722 2874 3780 facta
2915 3731 3014 3793 est,
3064 3725 3208 3783 sicut
3251 3725 3387 3784 ﬁdes
3416 3729 3594 3786 sancti
3628 3746 3798 3802 sym—

2203 3806 2316 3864 boli
2375 3810 2493 3882 (67)
2550 3817 2801 3869 testatur.
2845 3813 2948 3870 Hic
2993 3829 3120 3886 ergo
3166 3816 3365 3872 unicus
3418 3817 3473 3872 in
3504 3818 3803 3876 divinitate

2205 3895 2380 3953 Filius
2421 3898 2543 3967 Dei,
2587 3899 2753 3956 etiam
2797 3901 2853 3956 in
2896 3903 3183 3959 nativitate
3225 3904 3427 3962 carnali
3479 3921 3572 3976 per
3624 3923 3800 3980 quam

2204 3983 2484 4042 hominem
2520 3996 2792 4057 nostrum,
2827 3998 2890 4046 ut
2917 3991 3172 4058 salvaret,
3221 3993 3536 4066 assumpsit,
3587 3995 3794 4053 unicus

2203 4073 2525 4146 invenitur;
2563 4083 2708 4140 330
2737 4079 2887 4136 solus
2916 4089 2998 4136 est
3025 4080 3174 4136 enim
3232 4092 3394 4139 natus
3439 4099 3509 4138 ex
3542 4083 3802 4158 Virgine,

2201 4185 2321 4242 quae
2366 4187 2468 4229 nec
2495 4175 2923 4246 praegnationem
2953 4175 3021 4232 de
3067 4176 3208 4246 viro,
3242 4194 3344 4236 nec
3373 4181 3785 4252 corruptionem

2197 4258 2370 4314 sensit
2422 4277 2492 4317 ex
2546 4271 2726 4335 partu.
2767 4265 2845 4320 De
2895 4273 3085 4322 sancto
3113 4283 3240 4340 ergo
3279 4267 3492 4340 Spiritu
3540 4277 3596 4325 et
3629 4271 3796 4326 Maria

2199 4345 2412 4417 virgine
2440 4353 2745 4410 secundum
2777 4371 2995 4412 carnem
3027 4371 3151 4411 eum
3184 4365 3372 4412 natum
3404 4357 3683 4425 fatemur;
3715 4359 3795 4416 sic

2198 4438 2401 4495 etenim
2431 4449 2483 4498 et
2508 4443 2680 4501 beatae
2710 4445 2893 4502 Maria;
2925 4445 3141 4518 Virgini
3173 4447 3446 4516 futurum,
3482 4458 3546 4504 ut
3567 4447 3682 4520 jam
3711 4448 3791 4505 di-

2195 4536 2344 4585 ctum
2387 4539 2488 4600 est,
2523 4534 2744 4591 Gabriel
2791 4535 3149 4608 archangelus
3196 4536 3524 4609 promiserat
3551 4539 3786 4596 dicens:

2208 4640 2225 4662 ι
2256 4618 2494 4690 Spiritus
2527 4631 2748 4680 sanctus
2777 4625 3130 4696 superveniet
3155 4626 3213 4682 in
3232 4633 3307 4696 te,
3337 4634 3392 4682 et
3422 4627 3600 4684 virtus
3625 4629 3789 4684 Altis-

2193 4704 2319 4762 simi
2345 4708 2697 4767 obumbrabit
2727 4711 2829 4767 tibi
2855 4730 2868 4769 :
2900 4720 2954 4769 et
2983 4713 3108 4771 ideo
3137 4714 3284 4788 quod
3315 4725 3569 4774 nascetur
3615 4733 3686 4772 ex
3737 4723 3790 4772 te

2274 4823 2391 4906 (62)
2422 4826 2624 4884 Eadem
2660 4829 2821 4888 Rom.
2852 4831 3010 4900 edit.,
3045 4831 3282 4904 Spiritus
3314 4839 3374 4888 ut
3384 4833 3711 4906 principalis
3742 4839 3792 4889 st

2190 4901 2362 4957 rectus
2391 4907 2669 4957 exoratur.

2226 4967 2609 5101 ἀὲῗὲἐαῗῗιίθω
2647 4973 2804 5032 Rom.
2855 4972 3014 5044 edit.,
3065 4976 3308 5033 vivorum
3351 4982 3401 5032 et
3448 4981 3788 5032 mortuorum

2189 5057 2489 5101 adventum.

2259 5112 2373 5187 (64)
2398 5114 2602 5171 Eadem
2632 5117 2792 5173 Rom.
2819 5119 2984 5192 edit.,
3016 5121 3222 5177 Filium
3248 5119 3398 5175 habet
3427 5119 3539 5176 sine
3564 5121 3786 5192 princi-

2180 5189 2293 5262 pio,
2323 5192 2654 5262 maternum.
2709 5190 2939 5262 genitum
2967 5209 3032 5247 ex
3060 5210 3131 5260 se,
3181 5209 3287 5246 non
3336 5197 3458 5262 post
3484 5189 3581 5262 scf
3605 5192 3681 5247 ita
3739 5197 3788 5247 et

2188 5260 2453 5333 Spiritum
2479 5265 2719 5333 sanctum
2747 5261 2904 5318 Patri
2918 5270 2964 5318 et
2994 5264 3134 5320 Filio
3160 5260 3492 5333 coaequalem.

2285 5331 2377 5403 65)
2410 5329 2616 5403 Eadem
2647 5331 2804 5389 Rom.
2837 5334 2996 5403 edit.,
3024 5329 3446 5390 Christus'homo
3466 5339 3708 5388 vocatur.

2286 5401 2378 5474 66)
2409 5401 2614 5474 Eadem
2646 5403 2804 5460 Rom.
2837 5401 2996 5474 edit.,
3033 5406 3279 5464 Christus
3317 5407 3467 5462 homo
3497 5412 3659 5460 natus
3687 5411 3782 5461 est.

2283 5472 2376 5544 67)
2408 5472 2614 5530 Eadem
2643 5475 2802 5533 Rom.
2834 5477 2966 5534 edit.
2976 5472 2993 5548 ,
3023 5479 3193 5534 sancti
3220 5477 3380 5551 hujus
3408 5477 3654 5550 symboli.
