4068 6188
277 283 379 350 853

1410 285 1506 346 DE
1543 281 1920 345 TRINITATE
1959 279 2386 342 TRACTATUS.

3440 291 3550 353 εει

279 419 536 479 sanctum,
564 407 854 466 vocabitur
879 407 1055 466 Filius
1089 407 1189 466 Dei
1221 406 1370 482 (Luc,
1418 427 1459 476 ι,
1507 411 1620 479 35),
1657 437 1674 458 ι
1729 409 1836 477 Qui
1881 412 1932 470 Α
1972 406 2304 461 moriturus:
2347 423 2473 463 nam
2520 424 2644 466 cum
2697 409 2962 468 divinitas
3007 416 3198 472 mortis
3244 416 3416 475 libera
3451 422 3543 485 sit,

277 500 442 558 Filius
470 498 572 555 Dei
604 498 721 570 (68)
749 513 848 570 pro
881 506 1065 553 nostra
1094 497 1272 554 salute
1301 496 1404 554 sub
1449 498 1647 554 Pontio
1675 499 1853 553 Pilato

276 587 566 646 cruciﬁxus
592 594 694 655 est,
726 601 790 643 ac
820 586 1080 658 sepultus.
1106 587 1249 644 Vera
1278 602 1405 658 ergo
1431 602 1557 642 caro
1581 602 1650 641 ex
1676 584 1856 658 Virgi-

274 692 340 734 ne
380 682 650 748 suscepta,
694 682 827 730 vera
872 674 1158 743 cruciﬁxa,
1198 690 1329 732 vera
1359 675 1588 745 sepulta,
1619 690 1750 731 vera
1777 681 1860 731 est

273 772 391 837 post
416 765 637 821 tertiam
669 761 812 819 diem
847 763 1186 820 resuscitata.
1217 763 1304 819 Ad
1328 763 1542 820 viscera
1568 763 1738 834 igitur
1765 777 1860 818 sa-

271 871 375 910 crae
409 853 676 925 Virginis,
726 860 780 908 et
826 851 1159 924 suscipiendi
1191 851 1320 907 inde
1365 865 1606 916 carnem,
1645 857 1698 905 et
1736 849 1861 904 for-

270 941 457 999 mandi
491 942 605 1013 (69)
637 940 753 998 illic
780 939 1063 997 hominem
1085 939 1324 1012 Spiritus
1352 946 1571 996 sanctus
1599 937 1785 1010 opifex
1805 942 1860 994 et

273 1030 643 1088 sanctiﬁcator
697 1031 971 1096 accessit;
1030 1038 1094 1086 ut
1142 1028 1528 1100 conjunctione
1590 1025 1756 1084 Verbi
1805 1032 1862 1082 et

273 1120 516 1178 hominis
536 1137 567 1175 a
596 1119 772 1192 prima
800 1119 1188 1175 informatione
1210 1118 1445 1190 perfecte
1470 1117 1722 1174 Christus
1751 1131 1862 1173 me-

273 1209 454 1266 diator
481 1207 580 1264 Dei
607 1215 661 1263 et
689 1207 976 1263 hominum
1015 1213 1351 1271 nasceretur,
1383 1204 1502 1261 sine
1531 1203 1722 1261 fraude
1750 1203 1858 1261 hu-

273 1297 576 1366 manitatis,
616 1298 733 1354 sine
779 1297 1131 1369 corruptione
1174 1295 1398 1352 deitatis
1419 1295 1673 1352 exoriens
1699 1313 1710 1351 :
1741 1294 1860 1352 obi-

274 1393 433 1442 turus
463 1393 659 1454 morte,
689 1385 818 1458 quia
844 1393 1090 1450 creatus;
1124 1390 1478 1456 superaturus
1507 1391 1689 1440 autem
1719 1399 1862 1439 mor-

270 1474 346 1531 tis
374 1473 615 1540 vincula,
657 1472 811 1544 quasi
853 1480 1081 1528 creator.
1111 1471 1233 1528 Non
1270 1487 1401 1544 ergo
1444 1471 1588 1527 inter
1615 1471 1861 1528 Verbum

272 1571 326 1620 et
363 1569 702 1635 assumptum
742 1563 811 1619 ab
848 1577 912 1619 eo
939 1561 1223 1620 hominem
1255 1561 1440 1635 aliqua
1467 1561 1736 1635 separatio
1762 1560 1863 1618 di-

272 1651 446 1710 cenda
472 1659 574 1719 est,
607 1651 736 1724 quia
762 1667 833 1708 ex
861 1651 1075 1708 duabus
1111 1652 1345 1720 naturis,
1370 1650 1428 1707 id
1457 1659 1558 1720 est,
1591 1650 1783 1706 divina
1807 1655 1864 1707 et

271 1739 516 1798 humana
538 1739 777 1812 mystica
804 1739 1020 1796 ratione
1041 1739 1361 1812 compositis
1377 1753 1553 1797 unum
1580 1736 1864 1798 Christum

269 1829 371 1887 Dei
401 1828 606 1886 Filium
636 1826 966 1884 conﬁtemur
997 1827 1138 1900 (70).

343 1922 574 1981 CAPUT
584 1922 734 1979 XIII.
753 1951 824 1966 --
839 1921 1070 1980 Credere
1089 1938 1218 1996 ergo
1233 1922 1393 1980 nobis
1403 1923 1541 1991 haec,
1557 1937 1669 1980 non
1684 1921 1862 1980 discu-

272 2020 392 2069 tere
430 2012 558 2070 licet
589 2030 604 2080 ;
638 2010 926 2068 humiliter
951 2027 1212 2084 quaerere,
1257 2028 1368 2070 non
1409 2011 1638 2084 superbe
1668 2009 1864 2084 inqui-

269 2116 392 2156 rere
425 2099 563 2172 (71).
600 2098 844 2158 Verbum
891 2114 1018 2171 ergo
1044 2107 1098 2156 et
1133 2099 1442 2156 substantia
1467 2100 1588 2167 Dei,
1621 2114 1740 2172 quae
1768 2114 1864 2171 per

268 2188 461 2246 omnia
500 2187 821 2259 incorporea
865 2195 965 2256 est,
1016 2187 1183 2244 inseri
1238 2187 1297 2242 in
1347 2202 1571 2259 corpore
1620 2185 1862 2242 humano

268 2295 382 2335 non
411 2284 641 2350 poterat,
669 2275 778 2332 nisi
806 2275 990 2349 aliqua
1031 2276 1308 2349 spirituali
1339 2283 1534 2332 natura
1562 2276 1859 2343 mediante,

269 2366 326 2423 id
375 2373 462 2422 est
510 2365 713 2421 anima.
765 2365 966 2420 Anima
1018 2379 1144 2436 ergo
1190 2364 1248 2419 in
1304 2371 1509 2420 secreta
1545 2361 1860 2418 rationabili

268 2462 388 2510 arte
417 2452 662 2510 Verbum
692 2452 793 2507 Dei
823 2451 1092 2523 capiente,
1137 2449 1338 2523 absque
1369 2452 1483 2507 ulla
1511 2451 1628 2522 (72)
1661 2457 1860 2506 conta-

270 2544 434 2616 gione
479 2541 610 2610 viri,
641 2543 790 2598 Deus
829 2550 990 2597 natus
1022 2556 1093 2596 ex
1135 2540 1365 2613 Virgine
1394 2549 1495 2597 est.
1545 2539 1700 2596 Sicut
1732 2555 1860 2611 ergo

269 2631 694 2704 participatione
757 2629 843 2686 sui
899 2629 1074 2686 Filius
1128 2629 1228 2686 Dei
1281 2627 1529 2702 praebens
1603 2628 1860 2686 omnibus

269 2721 606 2792 exemplum,
648 2718 812 2791 juxta
867 2718 925 2776 id
971 2717 1117 2792 quod
1145 2718 1244 2775 Dei
1292 2718 1536 2776 Verbum
1581 2726 1663 2774 est
1699 2725 1861 2790 atque

269 2809 559 2881 sapientia,
617 2824 728 2865 nou
784 2807 1054 2864 minuitur
1096 2808 1486 2865 communione
1541 2805 1856 2878 participii;

271 2897 350 2954 ita
390 2905 578 2955 sancta
602 2897 730 2954 Iesu
764 2897 969 2965 anima,
1019 2913 1140 2970 quae
1169 2905 1391 2968 propter
1427 2903 1614 2950 nostra
1643 2901 1862 2964 peccata

271 2993 326 3042 et
352 2986 526 3043 tristis
562 2986 689 3052 fuit,
725 2993 780 3040 et
807 2983 1134 3040 conturbata
1170 2991 1270 3050 est,
1301 2981 1443 3037 nihil
1494 2979 1694 3036 exinde
1720 2996 1863 3035 con—

269 3076 445 3132 traxit
477 3074 620 3146 (73).
653 3073 779 3127 Haec
805 3079 905 3137 est,
937 3087 1100 3141 quam
1142 3069 1339 3124 dilexit
1367 3071 1513 3124 Deus
1543 3085 1651 3141 prae
1680 3068 1858 3140 parti-

1965 492 2155 564 utique
2184 508 2331 548 mors
2359 508 2474 550 esse
2518 511 2627 552 non
2668 507 2896 569 poterat,
2930 502 3037 556 nisi
3086 503 3199 557 vita
3225 504 3548 576 discederet,

1967 580 2096 654 quia
2121 581 2238 637 vita
2266 581 2531 640 divinitas
2559 593 2639 642 est
2665 605 2679 653 ;
2728 606 3003 664 nunquam
3035 594 3184 648 enim
3222 597 3428 666 patitur
3458 599 3549 656 vel

1967 675 2219 738 mortem,
2260 671 2346 726 vel
2391 674 2816 745 corruptionem,
2865 681 3009 750 quod
3056 683 3366 740 immortale
3409 701 3551 742 sem-

1969 774 2064 831 per
2097 768 2152 814 et
2181 759 2559 832 incorruptum
2595 771 2694 819 est.
2743 766 2888 822 Deus
2925 785 3068 840 ergo,
3100 773 3195 844 qui
3225 772 3470 830 Verbum
3498 781 3555 832 et

1969 846 2206 917 Spiritus
2234 855 2335 915 est,
2367 849 2463 920 qui
2504 873 2523 897 ι
2552 849 2648 906 ubi
2677 851 2798 907 vult
2826 852 3056 926 inspirat
3087 858 3267 927 (Joan.
3296 877 3382 931 ur,
3402 861 3488 934 8),
3518 885 3541 912 ι
3600 889 3603 930 ς

1967 947 2186 989 carnem
2216 950 2311 991 seu
2356 935 2594 994 animam
2625 949 2928 1012 susceptam
2969 960 3080 998 non
3118 913 3556 1006 deseruit'iulii-
3601 913 3609 964 ἱ

1967 1027 2096 1077 tus:
2129 1021 2224 1078 sed
2272 1023 2399 1094 quia
2427 1026 2624 1094 voluit,
2669 1028 2768 1083 ubi
2797 1029 2996 1098 voluit,
3041 1035 3317 1104 quomodo
3355 1037 3554 1107 voluit,

1970 1120 2024 1166 et
2051 1111 2269 1183 quando
2298 1112 2495 1181 voluit,
2528 1114 2843 1187 relinquens
2867 1119 3050 1189 posuit
3091 1137 3233 1189 eam,
3265 1131 3319 1178 et
3353 1125 3555 1181 iterum

1969 1201 2261 1272 assumpsit
2290 1217 2428 1258 eam.
2459 1203 2580 1259 Non
2626 1219 2752 1278 ergo
2779 1206 3104 1281 cujusquam
3133 1209 3258 1280 jure
3286 1229 3349 1269 ac
3391 1222 3557 1285 pote-

1970 1293 2106 1344 state
2150 1297 2350 1346 exutus
2390 1298 2471 1346 est
2508 1306 2688 1360 carne,
2719 1293 2813 1349 sed
2844 1294 2960 1367 ipse
3000 1312 3057 1352 se
3079 1298 3268 1365 exuit;
3301 1316 3428 1355 nam
3459 1301 3554 1374 qui

1969 1383 2148 1447 potest
2174 1394 2286 1434 non
2302 1379 2464 1447 mori,
2496 1380 2542 1435 si
2571 1381 2761 1450 nollet,
2785 1385 2973 1454 procul
2995 1384 3185 1451 dubio,
3207 1387 3334 1459 quia
3352 1389 3552 1460 voluit,

1971 1472 2222 1520 mortuus
2250 1473 2348 1521 est.
2385 1467 2544 1534 Quod
2591 1468 2668 1524 ita
2695 1485 2810 1526 esse
2847 1472 3208 1544 comprobans
3235 1477 3551 1546 Apostolus,

1970 1552 2085 1611 ait:
2143 1577 2162 1600 ι
2189 1554 2438 1626 Spolians
2479 1571 2536 1613 se
2581 1572 2761 1627 carne,
2796 1559 3135 1633 principatus
3181 1569 3234 1618 et
3264 1571 3556 1636 potestates

1971 1640 2320 1712 exspoliavit,
2352 1641 2700 1714 triumphans
2731 1645 2858 1703 illos
2903 1646 2962 1702 in
2998 1649 3290 1721 semetipso
3321 1651 3552 1720 (Coloss.

1971 1743 2034 1796 ιι,
2064 1728 2178 1800 15),
2210 1753 2230 1778 ι
2270 1744 2366 1802 per
2393 1737 2623 1790 mortem
2654 1733 2867 1791 scilicet
2893 1733 3138 1792 hominis
3167 1738 3438 1810 suscepti;
3470 1747 3555 1809 ut,

1889 1795 1938 1856 B
1972 1795 2300 1877 sicut'idem
2335 1821 2473 1879 dicit
2513 1823 2703 1880 beatus
2749 1826 3066 1898 Apostolus,
3126 1850 3146 1876 ι
3171 1844 3266 1900 per

1969 1906 2215 1964 hominis
2253 1910 2490 1982 suscepti
2535 1912 2839 1970 destrueret
2872 1930 2997 1971 eum
3026 1916 3119 1989 qui
3147 1915 3382 1974 habebat
3414 1933 3555 1976 mor-

1971 1995 2046 2051 tis
2072 1996 2362 2068 imperium
2404 1999 2587 2068 (Hebr.
2627 2016 2690 2068 ιι,
2730 2001 2843 2072 14),
2874 2026 2895 2052 ι
2943 2002 3002 2059 id
3030 2012 3111 2059 est
3155 2003 3458 2074 diabolum,
3500 2015 3559 2064 et

1973 2084 2230 2142 liberaret
2257 2101 2348 2141 eos
2375 2088 2469 2158 qui
2503 2103 2600 2159 per
2627 2097 2796 2145 totam
2821 2091 2991 2148 vitam
3030 2093 3259 2150 obnoxii
3277 2105 3558 2153 erantser-

1973 2173 2160 2230 vituti.
2191 2174 2348 2241 Quod
2381 2176 2458 2232 ita
2477 2175 2724 2233 futurum
2757 2179 2930 2234 multo
2957 2186 3082 2234 ante
3103 2181 3265 2237 Isaias
3292 2184 3558 2256 propheta

1971 2262 2300 2334 praedixerat
2325 2264 2545 2321 dicens:
2593 2288 2612 2312 ι
2641 2265 2794 2322 Sicut
2831 2266 2952 2323 ovis
2989 2267 3057 2322 ad
3086 2270 3410 2328 occisionem
3440 2273 3557 2330 du-

1971 2351 2137 2419 citur,
2159 2359 2213 2407 et
2233 2353 2375 2408 sicut
2390 2368 2562 2425 agnus
2589 2369 2771 2410 coram
2786 2355 3045 2412 tondente
3063 2373 3120 2413 se
3141 2357 3418 2417 obmutuit
3435 2361 3553 2434 (75)

1969 2442 2111 2508 (Isa.
2142 2457 2260 2509 Lm,
2294 2442 2347 2511 7)
2384 2459 2398 2509 ;
2431 2467 2450 2490 ι
2491 2449 2546 2497 et
2573 2443 2808 2499 iterum:
2855 2467 2874 2491 ι
2905 2445 3134 2503 Ohlatus
3149 2455 3250 2516 est,
3283 2451 3411 2520 quia
3441 2451 3556 2522 ipse

1971 2527 2168 2595 voluit,
2195 2527 2264 2583 ad
2294 2530 2594 2585 multorum
2612 2530 2986 2586 exhaurienda
3009 2543 3228 2603 peccata
3259 2537 3441 2605 (Hebr.
3475 2553 3554 2606 rx,

1971 2613 2062 2688 28)
2091 2634 2104 2682 ;
2137 2622 2192 2670 et
2221 2616 2452 2672 iterum:
2487 2617 2736 2672 Tradidit
2765 2617 2824 2672 in
2851 2627 3083 2675 mortem
3112 2621 3352 2676 animam
3377 2638 3555 2692 suam,

1971 2711 2027 2758 et
2068 2719 2197 2759 cum
2251 2703 2532 2759 sceleratis
2577 2711 2859 2774 reputatus
2909 2713 3033 2761 est:
3087 2714 3143 2762 et
3187 2708 3302 2779 ipse
3339 2719 3559 2781 peccata

1972 2791 2272 2846 multorum
2309 2791 2461 2858 tulit,
2511 2799 2566 2846 et
2604 2807 2704 2862 pro
2731 2794 3220 2865 transgressoribus
3246 2795 3362 2868 ipse
3407 2813 3558 2871 roga-

1972 2877 2057 2933 vit
2086 2877 2222 2949 (Isa.
2257 2893 2376 2945 LIII,
2404 2877 2518 2949 l2).
2547 2902 2566 2926 ι
2606 2879 2729 2935 Νοιι
2760 2885 2895 2943 331
2941 2897 3069 2953 ergo
3089 2884 3407 2942 necessitate
3435 2903 3556 2945 cru-

1972 2989 2090 3030 cem
2139 2973 2393 3033 Christus
2447 2975 2736 3045 Dominus,
2790 2978 2884 3035 sed
2936 2979 3221 3036 voluntate
3265 2981 3552 3055 sustinuit,

1975 3062 2162 3118 dicens
2189 3064 2257 3120 ad
2286 3064 2527 3132 Petrum,
2559 3065 2654 3137 qui
2691 3067 2904 3122 timoris
2933 3066 3228 3140 fragilitate
3263 3069 3332 3126 ad
3377 3071 3557 3130 crucis

267 3144 494 3234 apum,
519 3161 634 3216 suis
675 3157 895 3229 (Ambr,
944 3157 1006 3210 in
1049 3156 1200 3224 Luc.,
1247 3156 1296 3213 Ι,
1339 3173 1399 3224 x,
1438 3173 1495 3212 η,
1546 3156 1671 3228 127)
1704 3174 1715 3211 ;
1748 3156 1865 3212 haec
1898 3144 1942 3204 Ο
1973 3154 2304 3225 mysterium
2353 3154 2820 3212 scandalizabatur
2856 3165 2908 3212 et
2939 3155 3179 3214 humano
3205 3175 3407 3231 pavore
3435 3167 3556 3216 tre-

269 3249 392 3303 vita
423 3252 630 3311 nostra,
663 3243 730 3298 de
772 3259 878 3315 qua
905 3244 1202 3314 Apostolus
1232 3243 1339 3298 ait:
1384 3267 1403 3292 ι
1430 3245 1501 3298 Et
1537 3244 1654 3298 vita
1683 3251 1862 3299 vestra

269 3333 598 3392 abscondita
626 3339 706 3390 est
733 3347 857 3390 cum
888 3331 1110 3389 Christo
1136 3332 1196 3388 in
1225 3333 1337 3388 Deo
1360 3333 1589 3402 (Coloss.
1620 3351 1704 3400 ιιι,
1737 3333 1850 3404 3);›

270 3423 398 3481 haec
421 3432 520 3492 est,
545 3439 664 3496 quae
692 3422 890 3478 dilexit
909 3421 1206 3493 justitiam,
1235 3429 1290 3478 et
1308 3421 1485 3479 odivit
1515 3423 1862 3495 iniquitatem

273 3512 455 3584 (Psal.
489 3527 639 3578 κων,
680 3510 738 3581 8)
769 3527 781 3565 :
814 3508 932 3566 hac
962 3509 1135 3566 tristis
1163 3526 1274 3566 non
1303 3526 1402 3582 pro
1431 3520 1626 3578 morte,
1657 3511 1750 3567 sed
1776 3527 1862 3564 us-

269 3615 380 3674 que
406 3598 476 3656 ad
503 3608 735 3656 mortem
763 3597 872 3654 fuit
895 3599 1106 3670 (Matth.
1140 3615 1299 3667 xxvr,
1323 3600 1414 3670 38)
1442 3618 1453 3656 :
1479 3599 1596 3656 haec
1619 3600 1677 3654 in
1701 3614 1862 3656 cruce

266 3706 385 3748 non
413 3707 512 3762 pro
539 3706 616 3758 se,
648 3689 742 3746 sed
772 3705 870 3761 pro
899 3689 1060 3745 nobis
1091 3690 1308 3746 turbata
1348 3698 1429 3746 est
1459 3709 1471 3747 :
1503 3707 1616 3747 non
1658 3691 1858 3759 virtus,

267 3795 383 3838 non
426 3780 716 3853 sapientia,
747 3795 859 3837 non
907 3780 1152 3837 Verbum
1198 3781 1318 3848 Dei,
1351 3782 1444 3852 qui
1475 3797 1594 3836 eam
1624 3797 1722 3853 pro
1751 3796 1861 3836 no-

268 3877 510 3927 strarum
560 3868 871 3924 animarum
911 3867 1084 3924 salute
1113 3869 1406 3940 assumpsit
1441 3868 1582 3940 (74),
1613 3877 1668 3924 et
1708 3869 1860 3924 omni

267 3959 544 4016 virtutum
570 3974 634 4016 ac
661 3959 966 4015 sanctitatis
993 3958 1190 4016 decore
1215 3958 1509 4024 adornans,
1541 3959 1600 4013 in
1628 3974 1861 4015 consor-

269 4047 417 4102 tium
447 4046 672 4104 deitatis
699 4047 978 4119 perduxit.
1009 4048 1088 4102 De
1113 4047 1217 4104 hac
1237 4063 1386 4120 ergo,
1417 4063 1538 4120 qua:
1558 4062 1654 4118 per
1677 4047 1863 4104 omnia

267 4143 585 4191 nostrarum
608 4134 917 4191 animarum
948 4133 1146 4189 similis
1172 4141 1274 4202 est,
1296 4135 1547 4190 Salvator
1559 4134 1638 4190 ait
1663 4153 1673 4190 :
1718 4157 1736 4180 ι
1763 4135 1860 4189 Ρο-

267 4227 524 4278 testatem
552 4221 730 4279 habeo
759 4221 997 4294 ponendi
1045 4221 1284 4277 animam
1330 4237 1528 4289 meam,
1568 4230 1622 4278 et
1661 4223 1859 4279 iterum

270 4309 532 4366 sumendi
559 4326 677 4367 eam
697 4310 881 4380 (Joan.
904 4325 962 4376 x,
997 4308 1086 4381 18)
1113 4325 1128 4375 ;
1153 4333 1171 4357 ι
1213 4317 1302 4364 et:
1351 4333 1369 4356 ι
1392 4310 1562 4366 Nemo
1581 4327 1697 4368 eam
1714 4311 1863 4367 tollit

272 4410 303 4450 a
332 4413 446 4464 me,
477 4399 573 4455 sed
597 4415 696 4472 ego
728 4414 874 4471 pono
902 4413 1021 4454 eam
1050 4413 1083 4452 a
1113 4413 1200 4452 me
1228 4397 1367 4469 ipso,
1401 4406 1455 4454 et
1477 4398 1673 4456 iterum
1703 4416 1862 4456 sumo

1974 3241 2233 3312 pidabat:
2304 3265 2322 3288 ι
2358 3243 2511 3298 Vade
2551 3250 2717 3312 retro,
2764 3244 3006 3311 Satanas,
3054 3247 3371 3302 scandalum
3415 3248 3556 3306 mihi

1972 3345 2065 3398 es;
2099 3332 2228 3403 quia
2257 3348 2368 3387 non
2405 3333 2550 3405 sapis
2567 3348 2686 3406 quae
2706 3335 2805 3389 Dei
2831 3344 2980 3399 sunt,
3003 3336 3098 3390 sed
3117 3351 3236 3408 quae
3265 3336 3556 3396 hominum

1974 3420 2186 3491 (Matth.
2233 3438 2354 3489 xvr,
2384 3421 2499 3493 23).
2532 3447 2551 3470 ι
2596 3449 2666 3463 -—
2715 3445 2734 3470 ι
2765 3422 3000 3480 Calicem
3030 3424 3177 3479 enim
3206 3441 3367 3498 quem
3404 3424 3558 3484 dedit

1971 3509 2112 3564 mihi
2141 3510 2318 3578 Pater,
2365 3526 2478 3566 non
2510 3511 2597 3567 vis
2639 3519 2702 3567 ut
2741 3511 2926 3568 bibam
2969 3513 3125 3569 illum
3177 3516 3358 3586 (Joan.
3390 3532 3553 3587 xvnt,

1972 3601 2086 3673 11).
2116 3625 2135 3649 ι
2196 3602 2462 3674 Alioquin
2495 3601 2542 3658 si
2592 3618 2702 3658 non
2747 3605 2965 3676 propria
3014 3605 3296 3664 voluntate
3339 3607 3556 3666 oblatus

1970 3697 2128 3758 esset,
2177 3699 2230 3746 et
2274 3706 2490 3747 crucem
2542 3691 2811 3748 sustinere
2847 3692 3129 3762 voluisset,
3169 3695 3264 3768 qui
3311 3694 3555 3755 indicare

1970 3786 2024 3835 et
2048 3778 2342 3852 praedicere
2390 3787 2600 3851 poterat
2634 3780 2988 3854 proditorem,
3021 3790 3075 3838 et
3102 3785 3363 3856 apostolis
3393 3786 3554 3843 dice-

1968 3866 2096 3923 bat:
2161 3891 2180 3916 ι
2208 3867 2412 3923 Omnes
2465 3884 2565 3924 vos
2614 3868 2673 3923 in
2719 3868 2823 3925 hac
2874 3878 3032 3926 nocte
3079 3871 3396 3927 scandalum
3445 3871 3553 3928 mei

1970 3956 2312 4013 sustinebitis
2356 3958 2566 4028 (Matth.
2619 3973 2770 4027 xxvr,
2804 3957 2894 4029 31)
2919 3959 2948 4014 ‘I
2975 3983 2994 4007 ι
3060 3959 3278 4016 Poterat
3322 3974 3414 4014 eos
3457 3960 3554 4030 qui

1969 4044 2039 4100 ad
2065 4061 2191 4100 eum
2217 4045 2788 4117 comprehendendum
2820 4045 2972 4102 missi
3013 4053 3186 4113 erant,
3235 4045 3548 4102 declinare:

1969 4134 2169 4206 quibus
2210 4133 2518 4206 intrepidus
2546 4135 2787 4190 occurrit
2831 4140 2886 4188 et
2913 4132 3096 4186 dixit:
3142 4154 3162 4178 ι
3190 4130 3362 4196 Quem
3394 4147 3554 4204 qua:-

1969 4223 2092 4278 ritis
2122 4223 2301 4294 (Joan.
2335 4238 2497 4288 xvm,
2533 4219 2590 4290 4)
2611 4220 2639 4275 ‘l'
2667 4243 2685 4265 ι
2742 4217 2847 4283 Qui
2895 4218 3078 4272 statim
3115 4216 3432 4275 ceciderunt
3456 4235 3554 4276 re-

1968 4321 2205 4370 trorsum
2238 4313 2379 4384 (76),
2412 4311 2543 4383 quia
2583 4323 2774 4364 vocem
2802 4307 3085 4378 praesentis
3120 4308 3220 4366 Dei
3257 4308 3400 4367 ferre
3439 4328 3552 4370 non

1968 4409 2237 4475 poterant.
2290 4401 2411 4456 Non
2462 4413 2589 4469 ergo
2636 4396 2972 4454 necessitatis
3016 4398 3124 4456 fuit
3169 4407 3230 4457 ut
3256 4407 3552 4472 pateretur,

274 4501 398 4541 eam
455 4488 642 4560 (Ibid)
674 4512 692 4536 ι
754 4489 883 4545 Haec
911 4496 993 4546 est
1028 4486 1185 4544 beata
1229 4486 1434 4552 anima,
1471 4502 1590 4558 quae
1618 4487 1677 4542 in
1705 4505 1862 4545 cruce
1887 4486 1938 4546 D
1975 4491 2070 4548 sed
2095 4489 2432 4555 voluntatis;
2462 4504 2573 4544 non
2601 4495 2714 4544 tam
2743 4505 2875 4557 sure,
2903 4487 2997 4546 sed
3031 4495 3087 4545 et
3113 4488 3308 4559 Patris,
3339 4490 3428 4547 cui
3456 4490 3555 4548 di-

275 4576 344 4632 ad
373 4576 720 4637 divinitatem
747 4580 1004 4638 clamavit
1027 4579 1249 4638 dicens:
1297 4603 1318 4628 ι
1337 4582 1502 4649 Deus,
1524 4582 1669 4638 Deus
1684 4595 1856 4648 meus,

276 4664 490 4735 respice
518 4665 577 4722 in
610 4683 714 4736 me,
744 4685 911 4741 quare
937 4685 1024 4725 me
1051 4668 1395 4741 dereliquisti
1431 4669 1643 4739 (Matth.
1676 4684 1855 4736 xxvn,

277 4749 370 4824 46)
399 4753 428 4809 ?
455 4776 476 4800 ι
517 4753 790 4812 Clamavit
818 4772 945 4828 ergo
973 4756 1138 4813 homo
1174 4756 1484 4814 divinitatis
1520 4757 1859 4830 separatione

353 4883 473 4962 (6_8)
522 4883 724 4962 Eadem
777 4885 937 4942 Rom.
979 4885 1137 4957 edit.,
1182 4889 1282 4944 Dei
1333 4896 1380 4944 et
1440 4891 1668 4962 Virginis
1709 4891 1859 4948 homo

284 4953 526 5010 Christus
552 4955 720 5010 Iesus.

357 5024 476 5102 (99)
507 5025 709 5102 Eadem
739 5024 898 5102 Rom.
929 5024 1085 5095 edit.,
1109 5045 1214 5100 pro
1241 5029 1570 5100 suscipienda
1595 5031 1858 5102 inearne,

279 5099 330 5148 et
365 5093 650 5163 formando
674 5095 896 5150 homine.

357 5164 476 5245 (70)
508 5165 710 5221 Eadem
754 5167 912 5245 Rom.
942 5163 1099 5245 edit.,
1128 5167 1366 5245 aliquam
1395 5184 1744 5245 personarum
1770 5187 1861 5226 se-

277 5236 627 5308 gni-(itionem,
658 5236 1051 5308 ponimus;sed
1081 5252 1146 5290 ea:
1173 5236 1441 5308 duabus;
1475 5241 1660 5304 unitis,
1697 5256 1865 5295 unum

287 5305 559 5361 Christum
603 5305 768 5363 Deum
815 5313 864 5363 et
896 5306 1155 5363 hominem
1198 5307 1298 5362 Dei
1331 5309 1528 5363 Filium
1562 5309 1620 5363 in
1664 5311 1865 5368 unitate

278 5389 522 5449 emam
542 5379 865 5449 conﬁtemur.

361 5448 478 5586 (71)
509 5445 712 5504 Eadem
742 5448 900 5503 Rom.
940 5446 1098 5528 edit.,
1126 5462 1234 5526 non
1263 5445 1478 5572 superbe
1501 5464 1700 5527 sapere.

387 5518 479 5586 72)
511 5519 715 5577 Eadem
741 5519 899 5575 Rom.
930 5517 1086 5586 edit.,
1107 5523 1320 5574 rationa
1357 5519 1417 5572 ιιι
1443 5518 1697 5573 mediante

387 5517 479 5587 72)
511 5519 715 5577 Eadem
741 5519 899 5575 Rom.
928 5517 1086 5587 edit.,
1107 5517 1417 5574 rationabili
1443 5518 1716 5587 mediante,
1745 5519 1867 5577 Ver-

289 5585 412 5645 bunt

535 5684 774 5744 ΡΑτιιοι..
813 5682 990 5741 XVII.

525 5590 544 5646 i
588 5589 796 5661 opiﬁcio
842 5586 1071 5658 Spiritus
1101 5589 1268 5645 sancti
1296 5603 1506 5644 carnem
1537 5586 1820 5664 assumpsit
1844 5609 1868 5658 ;

1966 4581 2043 4638 cit
2075 4598 2086 4636 :
2156 4603 2175 4627 ι
2203 4579 2275 4636 Ut
2330 4579 2563 4635 facerem
2608 4578 2949 4634 voluntatem
2980 4584 3153 4644 tuam,
3184 4580 3330 4633 Deus
3374 4595 3552 4649 meus,

1965 4669 2121 4726 volui
2152 4668 2270 4740 (77)
2312 4669 2484 4740 (Psal.
2513 4683 2710 4735 xxxrx,
2739 4666 2820 4738 9).
2854 4691 2874 4716 ι
2913 4665 3015 4722 Per
3053 4681 3240 4723 veram
3271 4683 3398 4742 ergo
3424 4684 3555 4728 car-

1966 4774 2094 4814 nem
2142 4756 2469 4813 immortalis
2515 4754 2831 4812 mediatoris
2871 4754 2971 4811 Dei
3008 4762 3064 4812 et
3117 4755 3404 4814 hominum
3453 4775 3554 4816 nos

1969 4891 2142 4963 sicque
2168 4891 2359 4963 absque
2389 4890 2525 4956 ulla,
2562 4895 2668 4963 etc;3

2044 4957 2159 5034 (73)
2178 4957 2382 5018 Eadem
2405 4958 2736 5034 Rom._e_dit.,_
2758 4957 2992 5028 Denique
3005 4957 3298 5034 εἰσρεῖ-Πρω
3314 4959 3550 5034 praebens

1970 5029 2260 5089 horninibus
2289 5033 2398 5086 suis
2425 5031 2972 5100 participationem...
3002 5029 3190 5083 exinde
3215 5031 3411 5100 amisit.

2045 5105 2160 5184 (74)
2194 5103 2403 5184 Eadem.
2425 5095 2593 5184 Rom.
2619 5095 2791 5184 “edit.,
2836 5101 2984 5184 Hane
3006 5117 3108 5169 pro
3148 5099 3306 5184 totius
3334 5095 3554 5154 humani

1971 5169 2171 5246 generis
2191 5175 2358 5246 salute
2383 5173 2455 5246 in_
2469 5172 2681 5246 unitate_
2694 5171 2947 5246 suppositi
2973 5169 3274 5246 assumpsit.
3443 5235 3453 5246 ο

2046 5244 2160 5313 (75)
2192 5243 2394 5299 Eadem
2424 5243 2582 5298 Rom.
2620 5240 2776 5308 edit.,
2806 5246 3002 5304 mutus,
3026 5239 3101 5294 sic
3129 5255 3235 5292 non
3264 5239 3476 5310 aperuit
3495 5247 3553 5287 os

1973 5328 2162 5452 “18%)
2195 5382 2352 5438 Rom.
2378 5379 2536 5448 edit.,
2560 5380 2819 5437 Abierant
2844 5385 3156 5444 retrorsum,
3187 5384 3234 5431 et
3261 5373 3555 5430 ceciderunt

1973 5469 2033 5508 ιη
2050 5459 2399 5594 (ξςῗὲηέὰεῐη
2427 5521 2585 5594 Rom.
2603 5520 2759 5586 edit.,
2781 5521 2856 5574 Et
2870 5517 3003 5594 alibi
3024 5533 3036 5570 :
3058 5509 3320 5593 .Descendi
3342 5509 3550 5594 decreto

1972 5580 2084 5649 non
2096 5580 2159 5650 ut
2171 5592 2368 5664 faciam
2384 5592 2703 5648 uoluntatem
2713 5580 2900 5656 meam,
2917 5586 3005 5642 sed
3021 5583 3134 5652 ejus
3159 5581 3253 5653 qui
3278 5580 3423 5638 misit
3449 5597 3548 5640 me.

3239 5678 3308 5740 18
