4068 6188
278 372 383 435 557
1427 375 1521 437 DE
1560 380 1933 440 TRINITATE
1971 384 2396 445 TRACTATUS.
3436 399 3555 468 358

275 500 584 578 exémplum
632 502 773 576 (92).
821 503 982 573 Quod
1008 518 1137 561 sane
1177 513 1575 564 sacramentum
1606 508 1837 580 pietatis,

1979 536 1997 559 ι
2026 510 2349 583 Quanquam
2381 512 2439 567 in
2470 513 2704 583 imagini
2731 517 2828 573 Dei
2862 520 3200 590 perambulet
3228 524 3415 595 homo,
3445 538 3541 589 ta-

272 609 370 670 per
396 596 540 669 quod
570 612 670 652 nos
698 596 953 653 conditor
980 602 1165 653 noster
1206 613 1269 656 ac
1296 599 1609 672 redemptor
1636 601 1853 673 ample—
1961 615 2087 656 men
2120 616 2256 657 vane
2283 601 2701 660 conturbabitur
2721 608 2893 677 (Psal.
2928 624 3169 679 xxxvui,
3188 613 3266 683 7).
3291 640 3311 663 .
3342 618 3540 680 Nullus

270 686 458 756 ctitur,
512 687 657 743 sicut
706 684 1025 743 testimonio
1077 686 1301 745 virtutis
1346 689 1704 759 resplenduit,
1778 690 1857 748 ita

267 775 434 834 etiam
464 775 524 831 in
562 774 877 833 ascensione
903 785 1244 850 assumptum
1276 777 1336 835 in
1366 778 1558 851 gloria,
1601 778 1856 837 celebra—

264 870 387 922 tum
417 871 500 922 est
528 863 804 939 obsequiis
833 866 1259 938 angelorum;et
1284 865 1409 924 ideo
1436 883 1549 926 non
1578 876 1661 925 est
1677 868 1853 943 despi-

262 953 464 1012 cienda
491 952 669 1012 carnis
696 952 951 1012 humanas
982 963 1198 1024 natura,
1239 969 1361 1030 quae
1404 956 1462 1014 in
1493 966 1691 1017 sanctae
1720 957 1852 1015 Tri-

262 1044 461 1102 nitatis
484 1043 847 1103 substantiam
877 1052 1041 1119 atque
1067 1046 1407 1104 consortium
1436 1061 1533 1120 per
1552 1048 1850 1106 Dominum

260 1133 552 1194 Christum
609 1132 821 1208 ingredi
879 1135 1102 1192 meruit.
1150 1133 1291 1192 Puto
1336 1149 1467 1191 sane
1512 1134 1681 1208 quod,
1735 1134 1850 1194 Deo

260 1224 526 1292 donante,
560 1222 628 1281 de
657 1221 920 1297 mysterio
947 1229 1145 1282 sancta
1172 1222 1479 1292 Trinitatis,
1521 1231 1575 1279 et
1603 1224 1848 1281 incarna-

256 1313 417 1369 tione
464 1314 686 1371 Domini
730 1311 1029 1369 Salvatoris
1074 1310 1208 1369 satis
1250 1310 1460 1368 dictum
1490 1311 1600 1367 sit:
1652 1327 1847 1370 verum

259 1403 524 1476 quoniam
557 1404 612 1459 in
643 1401 753 1458 ﬁne
782 1400 1051 1474 dogmatis
1078 1400 1254 1458 nostri
1284 1401 1402 1474 (93)
1438 1399 1620 1459 carnis
1646 1407 1848 1459 nostra:

255 1492 487 1564 ponitur
535 1491 899 1559 resurrectio;
950 1489 1138 1548 eadem
1178 1505 1211 1546 a
1257 1488 1417 1547 nobis
1461 1497 1592 1548 sunt
1632 1488 1846 1550 ﬁrmius

254 1588 479 1656 propter
510 1580 797 1639 haereticos
823 1596 887 1640 ac
914 1580 1111 1655 saepius
1139 1579 1452 1654 repetenda.

326 1677 555 1737 CAPUT
588 1678 741 1738 XVI.
779 1708 853 1723 -
882 1678 1128 1737 Verbum
1159 1677 1306 1736 enim
1335 1678 1456 1749 Dei,
1497 1677 1644 1754 quod
1671 1678 1846 1736 domi-

253 1785 362 1828 nus
389 1767 644 1831 Christus
670 1777 774 1840 est,
821 1768 917 1843 qui
945 1776 1027 1826 est
1052 1767 1452 1842 primogenitus
1480 1768 1659 1825 omnis
1684 1784 1846 1827 crea-

251 1867 415 1930 turae,
461 1868 517 1917 et
543 1857 639 1933 qui
669 1866 752 1917 est
779 1857 1179 1932 primogenitus
1205 1874 1275 1915 ex
1305 1856 1560 1927 mortuis,
1699 1857 1847 1915 ima-
1877 1885 1925 1947 Β

251 1953 443 2026 ginem
487 1968 663 2021 suam,
713 1968 876 2026 quam
929 1952 1085 2025 prius
1134 1950 1249 2026 ipse
1298 1938 1665 2019 condiderat,‘
1690 1946 1844 2006 venit

250 2043 324 2102 de
353 2059 467 2117 qua
492 2042 729 2116 imagine
752 2042 1016 2115 scriptum
1045 2048 1163 2099 est:
1228 2065 1248 2092 ι
1276 2041 1349 2099 Et
1379 2038 1674 2114 plasmavit
1700 2040 1845 2096 Deus

247 2130 539 2191 hominem
563 2130 632 2187 ad
659 2131 953 2203 imaginem
974 2138 1028 2188 et
1047 2128 1471 2188 similitudinem
1502 2146 1654 2187 suam
1682 2127 1841 2201 (Gen.

247 2237 289 2291 ι,
321 2221 421 2292 27)
452 2245 471 2270 ι
514 2230 569 2279 et
591 2236 807 2278 carnem
839 2229 1060 2293 propter
1085 2236 1325 2289 carnem,
1354 2216 1628 2277 mediante
1659 2216 1843 2275 anima

248 2310 589 2381 rationabili,
644 2328 714 2368 ex
740 2317 928 2368 sancta
954 2309 1183 2383 Virgine
1211 2311 1383 2369 Maria
1410 2306 1733 2383 suscipiens,
1786 2314 1842 2365 et

243 2401 479 2469 similia,
535 2400 596 2458 id
643 2407 728 2458 est
781 2398 1021 2456 animam
1072 2408 1129 2457 et
1186 2416 1429 2470 carnem,
1486 2415 1583 2472 per
1633 2396 1840 2454 similia

239 2488 571 2564 puriﬁcans,
614 2489 791 2547 factus
819 2494 900 2545 est
928 2503 1024 2560 per
1052 2487 1239 2544 omnia
1265 2487 1432 2545 homo
1460 2485 1664 2558 absque
1703 2502 1840 2559 pec-

245 2586 392 2636 cato.
444 2577 717 2635 Mediante
744 2592 870 2649 ergo
902 2577 1088 2633 anima
1115 2577 1228 2633 Deo
1265 2585 1323 2633 et
1360 2573 1533 2643 carni,
1583 2572 1694 2644 hic,
1744 2573 1839 2647 qui

242 2683 463 2736 omnes,
507 2666 650 2725 sicut
677 2666 757 2722 ait
782 2666 1102 2739 Apostolus,
1133 2664 1336 2723 divites
1365 2664 1590 2735 faciens,
1633 2680 1839 2739 pauper

245 2758 476 2816 allectus
503 2764 603 2825 est,
657 2763 719 2812 ut
747 2754 901 2811 illius
928 2754 1115 2828 inopia
1157 2771 1259 2811 nos
1289 2754 1498 2812 divinis
1527 2765 1689 2827 atque
1718 2771 1838 2811 coe—

248 2847 481 2906 lestibus
528 2844 741 2902 divitiis
782 2845 1093 2902 ditaremur
1142 2844 1231 2917 (II
1278 2845 1403 2902 Cor.
1438 2861 1561 2910 VIII,
1594 2844 1691 2914 9);
1741 2858 1838 2914 per

247 2935 467 3007 signum
495 2932 636 2989 illud
665 2931 879 2998 salutis,
904 2931 1052 3003 quod
1076 2933 1223 2989 Deus
1252 2929 1437 3001 generi
1467 2928 1619 2983 dedit
1648 2928 1837 2984 huma-

247 3039 342 3093 no,
361 3022 583 3080 dicente
597 3022 735 3078 Isaia
754 3018 1020 3092 propheta
1043 3036 1056 3074 :
1095 3041 1115 3066 ι
1130 3018 1272 3074 Ecce
1286 3016 1557 3074 Dominus
1576 3014 1729 3071 dabit
1742 3031 1834 3073 vo-

243 3114 334 3172 bis
351 3113 572 3186 signum
595 3128 609 3177 ;
632 3124 757 3166 ecce
778 3107 948 3178 Virgo
962 3104 1236 3177 concipiet
1256 3105 1314 3160 in
1332 3112 1565 3173 utero,et
1581 3105 1754 3177 pariet
1773 3103 1835 3161 ﬁ-

246 3205 471 3271 lium,et
481 3198 770 3257 vocabitur
784 3210 984 3265 nomen
1000 3194 1119 3267 ejus
1134 3196 1480 3263 Emmanuel,
1500 3194 1646 3268 quod
1658 3207 1737 3255 est
1752 3199 1834 3255 in-
1865 3236 1908 3296 Ο

244 3284 932 3363 terpretatum,Nobiscum
955 3285 1098 3341 Deus
1120 3284 1482 3357 (Isa.vu,l&),
1501 3310 1519 3332 ι
1555 3288 1649 3358 qui
1670 3296 1835 3346 ante-

242 3397 415 3455 quam
449 3378 613 3435 sciret
641 3389 837 3432 vocare
867 3382 1075 3447 patrem
1112 3383 1209 3432 aut
1237 3382 1464 3431 matrem
1494 3392 1669 3446 suam,
1718 3378 1834 3436 bu-

244 3477 436 3541 tyrum
464 3475 521 3524 et
549 3466 657 3522 mel
677 3463 1033 3520 manducavit
1049 3463 1191 3536 (94),
1215 3463 1272 3521 id
1292 3472 1393 3533 est,
1410 3465 1621 3537 Spiritu
1641 3476 1830 3528 sancto

241 3557 487 3630 rapletus
535 3562 637 3623 est,
693 3552 853 3625 cujus
896 3552 1152 3612 doctrina
1196 3553 1359 3610 nobis
1409 3553 1625 3613 dulcior
1668 3574 1830 3630 super

236 3647 350 3705 mel
400 3653 457 3702 et
502 3645 689 3702 favum
724 3651 839 3701 est:
888 3643 986 3716 qui
1041 3642 1218 3716 spolia
1263 3641 1519 3700 Samaria)
1570 3661 1604 3700 a
1654 3648 1828 3720 magis

235 3735 535 3807 accipiens,
589 3731 776 3800 homo,
821 3747 941 3801 rex,
989 3738 1049 3788 et
1094 3733 1241 3789 Deus
1285 3732 1673 3805 comprobatus
1717 3744 1821 3793 est.

236 3825 317 3881 De
369 3823 476 3879 hoc
517 3820 683 3877 etiam
730 3819 971 3875 mirabili
1018 3820 1175 3893 signo
1219 3829 1440 3879 sanctus
1483 3823 1707 3881 Simeon
1753 3825 1826 3883 ad

238 3911 465 3971 [ariam
486 3910 771 3981 Virginem
790 3908 929 3966 dicit
951 3927 964 3965 :
1001 3932 1023 3958 ι
1041 3909 1182 3966 Ecce
1202 3909 1293 3967 hic
1313 3911 1525 3983 positus
1541 3914 1695 3970 estin
1713 3914 1823 3970 rui-

224 4016 363 4060 nam
387 4008 441 4056 et
462 4000 519 4056 in
538 3998 993 4055 resurrectionem
1014 4000 1316 4056 multorum
1336 4002 1393 4057 in
1410 4003 1653 4071 Israel,et
1672 4004 1730 4059 in
1750 4005 1823 4061 si-

236 4106 406 4164 gnum
424 4089 519 4145 cui
536 4087 945 4145 contradicetur
964 4087 1116 4161 (Luc.
1124 4089 1305 4161 1534).
1329 4114 1349 4139 ρ
1364 4093 1441 4147 De
1458 4106 1571 4163 quo
1590 4109 1747 4164 signo
1765 4103 1825 4152 et

235 4176 430 4235 beatus
453 4177 734 4248 apostolus
752 4175 955 4232 Paulus
979 4176 1094 4232 ait:
1126 4199 1147 4225 ι
1164 4177 1338 4233 Judaei
1357 4177 1512 4249 signa
1532 4189 1743 4250 petunt,
1763 4188 1821 4240 et

235 4266 413 4325 Graeci
431 4263 752 4338 sapientiam
772 4270 1026 4336 quaerunt
1046 4264 1107 4334 (Ι
1123 4263 1440 4334 Coi-4,22)»
1455 4267 1560 4323 Pro
1583 4268 1820 4342 imagine

232 4370 362 4429 ergo
397 4370 496 4411 sua
523 4354 796 4422 Christus,
818 4369 982 4426 quam
1014 4352 1072 4409 in
1102 4353 1281 4425 primo
1299 4355 1621 4413 condiderat
1643 4359 1815 4418 homi-

234 4458 319 4515 ne,
365 4459 533 4517 quam
559 4441 772 4498 viderat
805 4440 867 4496 in
897 4440 1122 4497 homine
1152 4440 1359 4497 diaboli
1408 4450 1524 4498 arte
1550 4444 1814 4517 fucatam,

233 4536 388 4593 venit
418 4534 475 4589 in
496 4530 926 4589 similitudinem
961 4529 1081 4601 (95)
1114 4531 1321 4603 peccati
1348 4531 1529 4602 (Rom.
1561 4551 1685 4603 vui,
1713 4536 1810 4607 3),

1961 703 2088 759 ergo
2116 695 2199 745 est
2227 689 2321 761 qui
2353 705 2462 746 non
2492 692 2730 763 aliquam
2763 693 3052 766 imaginem
3085 698 3299 770 habeat,
3344 704 3400 760 id
3435 717 3535 779 est,

1963 783 2058 837 aut
2083 779 2390 836 sanctitatis
2435 788 2527 837 aut
2572 783 2802 854 peccati.
2847 789 2989 848 833
3017 788 3077 844 In
3115 789 3409 864 imaginem
3440 796 3539 854 Dei

1960 874 2328 943 ambulamus,
2354 877 2573 949 quando
2601 878 2959 951 cogitationes
2983 882 3162 953 bonae,
3185 900 3305 960 quae
3333 885 3492 944 nobis
3507 903 3537 946 a

1959 961 2074 1020 Deo
2106 964 2281 1021 insitae
2310 973 2461 1035 sunt,
2510 966 2568 1024 in
2600 968 2760 1025 nobis
2787 977 3127 1042 permanent,
3191 980 3245 1029 et
3281 973 3348 1030 ad
3376 993 3539 1049 opera

1958 1066 2059 1110 nos
2088 1051 2230 1109 bona
2254 1054 2579 1125 perducunt.
2605 1056 2868 1115 Memoria
2889 1075 3015 1132 ergo
3034 1060 3135 1117 Dei
3154 1062 3398 1119 excludit
3419 1065 3535 1138 (97)

1958 1157 1989 1199 a
2017 1140 2179 1199 corde
2222 1152 2411 1200 nostro
2458 1152 2657 1202 cuncta
2694 1146 2899 1219 ﬂagitia
2942 1154 3102 1220 atque
3154 1158 3372 1221 peccata
3420 1166 3539 1224 quae

1958 1228 2210 1288 diabolus
2239 1232 2437 1289 nititur
2469 1234 2525 1290 in
2557 1234 2720 1291 corde
2750 1243 2936 1291 nostro
2965 1237 3235 1294 seminare
3260 1246 3421 1313 atque
3450 1239 3539 1297 de-

1954 1319 2198 1392 pingere.
2246 1320 2400 1379 Unde
2429 1322 2634 1381 dicitur
2677 1340 2708 1380 a
2745 1322 3052 1397 Propheta:
3126 1349 3145 1374 ι
3187 1325 3440 1394 Domine,
3478 1326 3536 1383 in

1957 1405 2181 1463 civitate
2234 1414 2327 1464 tua
2375 1409 2637 1482 imagines
2678 1402 2867 1467 eorum
2915 1410 2983 1467 ad
3035 1411 3275 1469 nihilum
3322 1414 3536 1488 rediges

1959 1493 2133 1565 (Psal.
2166 1511 2345 1563 Lxxn,
2384 1499 2501 1569 20).
2531 1524 2549 1548 ι
2622 1498 2773 1556 Nihil
2818 1516 2943 1573 ergo
2981 1498 3200 1572 prodest
3226 1501 3418 1575 legisse
3448 1506 3535 1560 vel

1846 1612 1849 1615 ν
1955 1581 2190 1651 audisse,
2240 1584 2347 1641 nisi
2378 1601 2442 1641 ea
2469 1601 2589 1658 quas
2624 1593 2719 1643 aut
2746 1586 2941 1659 legeris
2975 1594 3070 1644 aut
3097 1588 3336 1647 audieris
3372 1589 3533 1661 bona,

1954 1670 2014 1729 in
2053 1674 2332 1729 memoria:
2378 1673 2635 1732 thesauro
2693 1677 3018 1748 reposueris.
3070 1677 3224 1736 Sicut
3265 1694 3391 1754 ergo
3431 1681 3539 1738 tria

1955 1768 2082 1819 sunt
2112 1761 2170 1819 in
2204 1762 2447 1832 homine,
2489 1763 2546 1820 id
2576 1772 2679 1833 est,
2710 1781 2929 1838 corpus,
2960 1766 3162 1837 anima,
3189 1776 3243 1825 et
3272 1769 3532 1842 spiritus;

1955 1853 2033 1911 sic
2060 1852 2167 1909 tria
2190 1862 2320 1911 sunt
2348 1855 2731 1925 eminentiora,
2778 1871 2897 1929 quae
2927 1871 3028 1913 nos
3055 1864 3149 1914 aut
3176 1858 3245 1915 ad
3272 1859 3417 1916 bona
3443 1868 3538 1918 aut

1955 1941 2020 1999 ad
2052 1944 2197 2000 mala
2224 1944 2552 2017 perducunt,
2574 1943 2681 2004 hoc
2709 1952 2811 2011 est,
2844 1952 2938 2003 aut
2963 1946 3242 2021 cegitatio,
3271 1955 3365 2005 aut
3387 1949 3534 2008 locu-

1951 2032 2054 2104 tio,
2076 2043 2170 2091 aut
2193 2037 2455 2108 operatio.
2488 2035 2619 2105 Quae
2644 2036 2751 2092 tria
2778 2035 3020 2095 breviter
3048 2036 3284 2111 Spiritus
3315 2048 3535 2100 sanctus

1951 2121 2012 2179 in
2042 2124 2221 2197 primo
2254 2126 2463 2198 psalmo
2489 2125 2926 2198 comprehendit,
2981 2125 3209 2185 dicens:
3275 2154 3294 2178 ι
3338 2128 3535 2189 Beatus

1952 2213 2041 2270 vir
2068 2214 2162 2288 qui
2202 2233 2313 2272 non
2341 2216 2478 2273 abiit
2518 2215 2578 2272 in
2618 2215 2852 2274 consilio
2886 2214 3204 2288 impiorum,
3257 2227 3311 2276 et
3358 2220 3414 2276 in
3443 2220 3534 2277 via

1949 2314 2297 2378 peccatorum
2344 2324 2455 2365 non
2494 2305 2668 2377 stetit,
2722 2314 2778 2364 et
2822 2308 2881 2365 in
2909 2307 3169 2366 cathedra
3210 2308 3534 2381 pestilentias

1949 2409 2060 2451 non
2090 2394 2232 2452 sedit
2254 2396 2426 2468 (Psat.
2452 2414 2491 2466 ι,
2521 2395 2599 2467 1).
2624 2420 2645 2445 ι
2687 2394 2784 2454 Isti
2813 2404 2941 2454 sunt
2972 2395 3114 2454 terni
3134 2402 3395 2455 stratores
3415 2398 3530 2471 (98)

1949 2479 2174 2552 diaboli,
2224 2484 2320 2558 qui
2360 2485 2571 2542 miserm
2614 2483 2949 2542 insidiantur
2976 2486 3206 2555 animae;
3254 2493 3315 2543 ut
3354 2493 3447 2543 aut
3475 2485 3535 2542 in

1949 2567 2119 2640 dicto,
2151 2582 2243 2630 aut
2269 2573 2328 2630 in
2359 2572 2525 2643 facto,
2568 2581 2662 2629 aut
2693 2574 2750 2628 in
2780 2574 3028 2647 cogitatu
3053 2592 3173 2630 eam
3202 2574 3434 2631 incitent
3466 2576 3534 2633 ad

1948 2668 2252 2732 peccatum.
2285 2662 2499 2732 Spiritu
2527 2678 2675 2735 ergo,
2706 2662 2910 2731 anima,
2944 2669 2997 2718 et
3025 2679 3251 2736 corpore
3279 2671 3373 2720 aut
3399 2662 3536 2721 bene

1948 2749 2180 2821 agimus,
2200 2759 2294 2806 aut
2323 2750 2465 2805 male
2488 2768 2502 2817 ;
2523 2756 2619 2806 aut
2655 2750 2790 2806 casti
2819 2765 3030 2818 sumus,
3052 2755 3148 2805 aut
3177 2750 3533 2810 fornicamur:

1949 2844 2004 2892 et
2032 2836 2158 2892 ideo
2186 2836 2329 2893 sicut
2358 2837 2509 2893 avari
2538 2846 2700 2909 atque
2729 2844 2972 2910 raptores
3001 2838 3147 2894 servi
3177 2847 3305 2896 sunt
3351 2856 3535 2898 mam-

1949 2939 2126 2979 monae
2149 2942 2165 2991 ;
2206 2932 2260 2980 et
2287 2924 2430 2983 sicut
2461 2926 2734 2999 gluttones
2762 2933 2815 2982 et
2844 2924 3042 2983 ebriosi
3075 2914 3220 2986 servi
3249 2935 3379 2987 sunt
3402 2947 3531 2990 ven-

1948 3012 2051 3068 tris
2078 3021 2239 3087 atque
2267 3014 2553 3085 libidinis;
2607 3017 2687 3073 sic
2715 3031 2877 3073 omne
2906 3026 3187 3089 peccatum
3216 3016 3532 3080 dominatur

1947 3098 2288 3174 hominibus,
2360 3105 2623 3178 probante
2675 3104 2780 3165 hoc
2840 3104 3105 3180 propheta
3162 3124 3225 3167 ac
3272 3108 3524 3168 dicente:

1956 3218 1976 3244 ι
2005 3196 2187 3254 Erunt
2216 3197 2459 3271 quinque
2489 3198 2742 3256 civitates
2768 3197 2824 3253 in
2855 3206 3001 3256 terra
3025 3199 3271 3275 Egypti,
3304 3201 3527 3277 loquen-

1945 3292 2027 3342 tes
2056 3285 2243 3358 lingua
2261 3285 2520 3344 Chanaan
2543 3288 2677 3358 (Isa.
2700 3304 2821 3356 XIX,
2849 3287 2960 3360 l8),
2982 3313 3002 3336 ι
3037 3286 3144 3347 hoc
3164 3299 3266 3359 est,
3286 3291 3527 3365 quinque

1944 3390 2136 3432 sensus
2164 3377 2426 3444 carnales,
2454 3375 2550 3450 qui
2578 3376 2791 3433 miserae
2811 3376 3006 3435 animae
3034 3376 3277 3435 tenebris
3300 3379 3527 3452 [Egypti

1944 3481 2211 3537 oppressae
2242 3466 2576 3540 loquuntur;
2599 3466 2874 3539 JEgyptus
2898 3464 3045 3522 enim
3068 3483 3392 3540 persequens
3409 3467 3527 3526 sive

1942 3554 2215 3612 tribulans
2260 3564 2423 3628 atque
2461 3563 2743 3613 coarctans
2786 3555 3192 3627 interpretatur.
3242 3556 3363 3613 Nisi
3398 3574 3525 3633 ergo

1940 3644 2253 3719 aquilonem
2276 3644 2697 3717 frigidissimum
2712 3654 2937 3701 ventum
2956 3646 3133 3702 calore
3148 3645 3524 3715 ﬁdei,Christo

1939 3750 2040 3792 nos
2057 3733 2310 3807 juvante,
2363 3735 2458 3808 qui
2492 3734 2637 3793 bona
2671 3744 2728 3792 et
2762 3733 2919 3793 docet
2951 3743 3005 3793 et
3031 3734 3334 3794 delectatur
3380 3738 3521 3813 (99),

1938 3826 2264 3896 vicerimus;
2320 3825 2506 3883 statim
2560 3826 2722 3883 nobis
2773 3827 3007 3883 calorem
3067 3822 3521 3898 concupiscentiae

1937 3923 2100 3990 atque
2136 3917 2385 3973 libidinis
2414 3916 2722 3973 suscitabit.
2772 3918 3103 3972 Attenuetur
3128 3931 3260 3989 ergo
3294 3913 3523 3987 jejuniis

1935 4020 2081 4073 caro,
2136 4013 2189 4060 et
2220 4004 2648 4062 circumcidatur
2675 4002 2829 4062 omni
2860 4002 3318 4075 concupiscentia;
3343 4003 3522 4058 cultro

1937 4095 2042 4167 (l),
2080 4109 2180 4151 nec
2207 4102 2394 4166 regnet
2424 4103 2707 4168 peccatum
2741 4093 2800 4150 in
2828 4102 3016 4150 nostro
3048 4088 3267 4146 mortali
3296 4105 3522 4160 corpore

1934 4182 2115 4253 (Rom.
2146 4200 2226 4251 γι,
2258 4184 2348 4254 12)
2374 4201 2388 4251 ;
2440 4191 2502 4239 ut
2531 4183 2767 4252 eﬂ'ugere
2799 4179 3076 4236 consortia
3104 4174 3299 4233 mundi
3327 4184 3384 4231 et
3416 4193 3524 4248 op—

1937 4271 2163 4343 probria
2190 4270 2397 4327 diaboli
2430 4269 2722 4342 possimus.
2774 4264 3054 4338 Jejunium
3083 4279 3230 4335 ergo,
3259 4259 3520 4321 contritio

1931 4365 2095 4429 atque
2128 4358 2447 4414 humiliatio
2482 4355 2681 4412 animas
2727 4360 2846 4409 est:
2893 4350 3120 4409 alﬂictio
3166 4359 3348 4408 autem
3393 4368 3518 4411 cor-

1928 4447 2097 4518 poris.

2002 4535 2230 4594 CAPUT
2268 4534 2444 4593 XVII.
2475 4564 2545 4577 —
2571 4533 2701 4591 Haec
2727 4529 2797 4589 de
2820 4530 3063 4603 imagine
3091 4531 3211 4601 Dei,
3260 4529 3329 4591 ad
3354 4549 3518 4609 quam

622 4637 719 4695 per
740 4589 1048 4695 passionem
1061 4589 1190 4693 (96)
1212 4589 1392 4681 crucis
1411 4630 1466 4680 et
1486 4589 1814 4687 mortem“
1845 4589 1898 4651 D
2130 4589 2220 4681 est
2248 4589 2443 4692 homo,
2481 4589 2631 4680 dicta
2671 4589 2966 4679 sufﬁciant:
3018 4620 3176 4679 Nunc
3195 4589 3517 4680 mutem—ad

236 4714 521 4786 pristinam
550 4712 829 4768 revocaret
856 4712 1184 4783 imaginem:
1233 4728 1352 4785 quae
1382 4712 1560 4785 imago
1592 4731 1687 4786 per
1717 4716 1814 4773 in-

232 4801 442 4857 curiam
472 4800 692 4872 quidem
741 4798 1021 4857 obscurari
1055 4803 1254 4871 potest,
1303 4800 1477 4857 deleri
1504 4809 1685 4859 autem
1715 4820 1813 4875 per

235 4898 482 4947 naturam
511 4902 622 4945 non
651 4894 849 4962 potest.
884 4889 964 4945 De
987 4886 1091 4945 hac
1119 4888 1357 4961 imagine
1394 4889 1473 4947 ait
1500 4891 1806 4966 Prophets:

324 5077 421 5149 92)
461 5078 587 5149 Vat.
623 5075 770 5149 cod.,
802 5074 1029 5149 unitatis
1046 5078 1366 5149 exemplum.

324 5146 419 5219 98)
460 5147 609 5204 Idem
634 5147 783 5219 cod.,
812 5146 870 5202 in
899 5146 1000 5217 ﬁde
1026 5146 1279 5215 dogmatis
1306 5147 1495 5204 nostri.

324 5218 420 5289 94)
462 5220 619 5275 Rom.
669 5218 832 5287 edit.,
871 5219 1220 5273 Emmanuel:
1260 5220 1353 5287 φιὶ
1374 5224 1657 5289 antequam
1677 5220 1810 5276 sciat

236 5305 414 5345 vocare
470 5296 675 5371 patrem
740 5295 836 5343 aut
896 5294 1119 5344 matrem
1177 5290 1411 5370 accipiet_
1440 5290 1808 5359 fortitudinem

235 5360 516 5425 Damam;
544 5367 595 5415 et
621 5360 869 5430 butyrum
898 5365 946 5413 et
972 5361 1072 5414 met
1096 5360 1451 5416 mndiwabtt.

303 5433 417 5500 (95)
459 5431 662 5486 Eadem
694 5432 851 5486 Rom.
877 5430 1032 5497 edit.,
1063 5430 1244 5485 carnis
1266 5432 1480 5500 peccati.

303 5500 417 5573 (96)
459 5503 663 5557 Eadem
680 5502 834 5557 Rom.
853 5500 1010 5568 edit.,
1021 5518 1119 5573 per
1144 5501 1339 5572 tignum
1352 5502 1807 5572 praevaricationis

233 5572 405 5627 morte
422 5575 763 5643 damnatum,
778 5588 876 5643 per
896 5572 1212 5642 passionem,
1237 5580 1343 5628 etc.

236 5643 420 5769 e“(97)
464 5645 621 5703 Rom.
678 5641 839 5714 edit.,
895 5641 1074 5717 Imago
1126 5660 1349 5715 namque
1403 5644 1503 5701 Dei
1553 5643 1803 5716 excludit,

1933 4712 2183 4768 ordinem
2215 4720 2573 4768 revertamur.
2624 4712 2712 4766 Ex
2741 4717 2912 4765 matre
2943 4725 3070 4781 ergo
3114 4708 3329 4781 virgine
3355 4720 3516 4768 natus

1933 4809 2016 4857 est
2044 4802 2188 4857 inter
2221 4800 2493 4867 homines,
2523 4800 2645 4855 sine
2673 4798 2900 4855 homine
2928 4805 3116 4877 patre;
3151 4799 3278 4871 quia
3307 4808 3514 4872 patrem

1926 4887 2106 4945 Deum
2146 4888 2487 4946 habebatin
2513 4887 2691 4955 caelis,
2749 4902 2911 4960 quem
2957 4902 3153 4961 negare
3195 4900 3307 4945 non
3354 4902 3514 4946 vene-

2000 5079 2122 5153 (98)
2157 5075 2555 5153 EademRom.
2578 5072 3205 5153 edit.,gternistratores,
3228 5072 3458 5153 emenda
3485 5092 3513 5153 e

1927 5145 2040 5209 vat.
2075 5145 2196 5209 cod.
2247 5148 2384 5205 terni
2409 5152 2684 5203 stratores.
2735 5145 2834 5203 Est
2860 5154 3039 5203 autem
3073 5150 3296 5217 strator,
3342 5148 3390 5202 is
3418 5145 3513 5217 qui

1970 5221 2197 5293 rincipis
2221 5236 2421 5293 equum
2456 5218 2731 5293 insternit,
2761 5227 2815 5293 et
2842 5233 3208 5293 conscpnsuro
3235 5215 3508 5293 admovet.

1970 5242 2197 5293 rmCIpls
2221 5242 2421 5292 Οῐμιιιιι]
2456 5242 2731 5286 ιιιδιυῐιιιι,
2761 5242 2815 5274 ει
2842 5242 3206 5275 θυιιδυυιιδυιυ
3235 5242 3508 5273 ειυωυνυι.

1924 5242 2114 5351 Kihilo
2143 5299 2324 5347 autem
2346 5288 2898 5360 incommodiusiReg.
2922 5287 3043 5345 cod.
3073 5285 3208 5360 ter-ni
3234 5291 3512 5360 stratores;

1930 5364 2111 5438 iidem
2133 5362 2405 5433 siquidem
2433 5366 2687 5438 stratores
2717 5355 3004 5438 dicuntur,
3054 5357 3167 5438 qui.
3196 5362 3249 5411 et
3292 5355 3510 5438 lictores

1924 5428 2390 5507 apparitoresque,
2435 5448 2469 5488 a
2514 5430 2714 5504 quibus
2742 5430 2952 5486 scilicet
2992 5428 3259 5499 quispiam
3296 5428 3510 5479 sistitur

1924 5504 2071 5560 apud
2100 5504 2328 5560 indices.

1961 5522 2071 5577 pua
2094 5522 2328 5575 Juuices.

2002 5576 2119 5645 (99)
2158 5574 2359 5629 Eadem
2390 5575 2547 5631 Rom.
2580 5572 2739 5645 edit.,
2775 5566 3077 5645 melioribus
3106 5561 3410 5645 delectetur.

2027 5578 2119 5645 99)
2158 5578 2359 5629 Eadem
2390 5578 2547 5631 Rom.
2580 5578 2739 5639 edit.,
2775 5578 3077 5643 melioribus
3106 5578 3410 5643 delectatur.

2002 5578 2083 5715 (1)
2124 5645 2328 5699 Eadem
2359 5645 2515 5700 Rom.
2540 5644 2697 5715 edit.,
2716 5638 2954 5713 spiritali
2968 5630 3375 5693 ανειιηιειάαιαν
3397 5647 3503 5690 om-

1926 5714 2018 5770 nis
2037 5714 2445 5788 cencupiscentia
2472 5714 2660 5770 cultro.
