4070 6186
578 360 681 424 559

1634 355 1728 412 AD
1768 352 1999 412 OPERA
2036 354 2093 409 S.
2123 342 2451 409 AMBROSII
2488 340 2863 407 APPENDIX.

3777 338 3881 406 560

585 495 691 555 rat,
719 490 783 541 ut
811 497 883 540 ex
911 480 1024 537 alio
1054 485 1388 535 nasceretur.
1430 477 1656 547 Propter
1690 476 2013 531 sententiam
2043 490 2171 545 ergo
2202 481 2254 537 Α
2282 474 2477 540 minis;
2515 473 2644 545 quia
2670 473 2738 529 ab
2766 489 2852 537 eo,
2883 486 2995 527 non
3022 469 3090 526 de
3116 484 3180 525 eo
3211 467 3353 524 facta
3379 475 3481 525 est.
3549 470 3697 527 Deus
3731 473 3879 531 enim

585 574 713 632 Evae
745 569 992 641 virginis,
1069 583 1231 639 quam
1278 573 1399 638 post
1443 569 1726 636 peccatum
1764 563 1980 634 excepit
2023 562 2178 633 (Gen.

603 677 688 727 ιιι,
721 656 836 729 16),
865 670 986 728 qua
1013 670 1141 712 cum
1174 651 1500 709 immortalis
1530 659 1690 719 esset,
1720 658 1842 722 post
1871 658 2183 721 transgres-

587 748 801 804 sionem
820 744 1011 801 eﬁ'ecta
1040 742 1289 799 mortalis
1312 748 1412 807 est,
1436 741 1550 811 ipse
1580 756 1675 811 per
1699 738 1973 810 virginem
2002 737 2179 793 venit:

582 841 638 890 et
659 833 802 892 sicut
828 848 924 906 per
951 830 1222 902 virginem
1290 842 1435 883 mors
1475 827 1755 883 dominata
1792 834 1910 893 est;
1964 825 2043 881 ita
2084 840 2181 897 per

587 924 824 983 Mariam
862 920 1147 992 Virginem
1178 917 1331 975 venit
1360 917 1473 985 ille,
1524 918 1619 990 qui
1647 924 1879 973 mortem
1910 916 2175 972 vinceret.

600 1012 827 1069 Occasio
856 1009 1051 1066 mortis
1092 1009 1333 1080 ingressa
1360 1023 1456 1079 per
1485 1007 1694 1078 lignum
1731 1015 1831 1073 est,
1875 1005 1968 1061 sed
2002 1012 2177 1061 morte

597 1096 821 1155 Domini
850 1114 945 1169 per
976 1098 1185 1168 lignum
1224 1095 1448 1150 exclusa
1492 1101 1613 1149 est:
1666 1093 1865 1149 mulier
1902 1093 1969 1148 de
2009 1094 2175 1148 latere

593 1184 702 1241 viri
731 1185 1057 1241 dormientis
1087 1182 1350 1254 producta
1380 1189 1460 1237 est
1490 1182 1645 1253 (Gen.
1678 1196 1741 1248 ιι,
1763 1180 1855 1250 22)
1883 1180 2176 1247 ;similiter

590 1280 772 1328 autem
800 1279 854 1327 et
879 1270 1124 1328 Ecclesia
1146 1271 1213 1325 de
1248 1272 1412 1325 latere
1436 1268 1641 1326 Christi
1664 1269 1723 1323 in
1744 1285 1905 1324 cruce
1936 1283 2033 1340 per
2056 1283 2173 1339 pas-

592 1359 802 1416 sionem
849 1365 903 1413 et
948 1373 1195 1429 soporem
1245 1357 1436 1414 mortis
1464 1357 1697 1412 formata
1739 1362 1839 1412 est.
1889 1356 1976 1410 Ex
2007 1355 2175 1411 latere

590 1445 702 1502 viri
731 1446 965 1503 formata
991 1455 1071 1504 est
1100 1446 1340 1512 femina;
1367 1452 1421 1502 et
1451 1445 1575 1501 ideo
1599 1445 1657 1500 in
1685 1445 1849 1501 latere
1869 1443 2174 1515 percutitur

590 1533 877 1602 Dominus,
910 1541 973 1590 ut
1001 1549 1100 1606 pro
1128 1534 1358 1590 muliere
1386 1533 1475 1588 vir
1505 1534 1764 1605 patiatur,
1804 1549 1874 1588 ex
1900 1532 2060 1603 cujus
2099 1532 2174 1586 la-

590 1629 703 1678 tere
730 1621 965 1678 formata
989 1629 1089 1690 est,
1114 1638 1233 1695 quae
1263 1637 1387 1679 eum
1416 1622 1587 1678 suasit
1620 1621 1725 1693 (2).
1742 1619 1848 1677 Sed
1866 1620 2169 1689 videamus,

587 1709 719 1782 quia
746 1711 899 1767 locus
926 1710 1158 1781 expetit,
1203 1708 1316 1781 jam
1346 1709 1479 1782 quid
1512 1708 1786 1765 hareticis
1828 1707 2174 1781 responden-

2293 562 2593 618 invisibilis
2620 570 2721 629 est,
2744 560 3205 634 incorruptibilis,
3234 559 3695 632 impenetrabilis,
3729 563 3876 620 inco-

2292 644 2651 721 inquinabilis
2674 650 2778 721 (8),
2796 650 2890 722 qui
2920 649 3072 705 nulla
3099 664 3171 705 ex
3193 655 3347 721 parte
3374 651 3655 721 corrumpi
3676 659 3875 723 potest,

2292 746 2347 794 et
2386 738 2475 794 cui
2504 740 2658 795 nulla
2695 755 2764 794 ex
2805 748 2956 811 parte
2985 738 3172 796 noceri
3198 745 3413 811 potest:
3463 738 3648 795 anima
3686 750 3871 799 autem

2290 826 2552 896 hominis,
2606 844 2726 901 quae
2754 830 2899 884 Deus
2928 844 3040 885 non
3068 836 3170 896 est,
3217 826 3424 899 peccati
3457 843 3628 898 capax
3670 838 3775 899 est,
3825 837 3878 888 et

2289 915 2349 971 in
2375 933 2621 972 aerumna
2649 925 2918 985 versatur,
2963 924 3018 972 et
3045 916 3104 971 in
3136 915 3432 972 falsitatem
3456 916 3701 986 ducitur,
3748 927 3878 976 ten-

2287 1013 2458 1075 tatur,
2479 1014 2731 1074 czecatur,
2757 1004 3140 1071 conturbatur,
3171 1005 3546 1076 corrumpitur
3576 1007 3684 1078 (9),
3707 1009 3875 1080 capti-

2287 1102 2486 1161 vatur;
2510 1101 2565 1149 et
2593 1093 2717 1149 ideo
2748 1093 2954 1149 virtute
2992 1092 3203 1164 indiget
3232 1091 3561 1149 liberatoris.
3586 1094 3715 1151 Haec
3746 1111 3873 1166 ergo

2290 1182 2522 1238 mutatio
2550 1182 2765 1251 animae,
2814 1182 2931 1237 haec
2959 1181 3194 1237 varietas
3222 1180 3463 1237 ostendit
3493 1181 3633 1236 mihi
3683 1181 3873 1238 mani-

2285 1270 2418 1326 feste
2464 1270 2608 1341 quod
2655 1268 2837 1323 anima
2878 1267 3123 1323 hominis
3163 1282 3264 1322 nec
3309 1267 3476 1335 Deus,
3527 1284 3629 1324 nec
3655 1267 3724 1324 de
3756 1268 3874 1340 ejus

2286 1359 2593 1415 substantia
2619 1359 2729 1426 sit;
2784 1373 2910 1413 nam
2958 1358 3004 1412 si
3047 1356 3232 1412 anima
3276 1354 3520 1413 hominis
3566 1356 3876 1415 substantia

2284 1448 2383 1505 Dei
2412 1456 2514 1517 est,
2534 1448 2835 1505 secundum
2862 1447 2988 1502 illos
3015 1446 3110 1518 qui
3142 1445 3250 1501 hoc
3276 1444 3491 1516 dicunt,
3512 1450 3872 1505 contristatur

2284 1536 2590 1593 substantia
2628 1536 2750 1605 Dei,
2803 1534 3077 1607 decipitur
3106 1533 3412 1590 substantia
3460 1536 3579 1604 Dei,
3635 1546 3872 1594 caecatur

2282 1623 2589 1680 substantia
2622 1622 2746 1690 Dei,
2795 1622 3173 1692 corrumpitur
3227 1621 3344 1693 (10)
3397 1621 3703 1679 substantia
3738 1624 3863 1693 Dei,

2281 1711 2590 1783 captivatur
2627 1710 2931 1767 substantia
2965 1709 3102 1775 Dei;
3151 1715 3207 1764 et
3249 1708 3409 1765 modo
3453 1708 3756 1779 judicatur,
3812 1718 3870 1768 et

584 1795 717 1859 dum
746 1797 837 1865 sit,
886 1797 981 1870 qui
1011 1798 1251 1853 animam
1281 1797 1415 1853 Adae
1455 1804 1548 1853 aut
1578 1797 1884 1869 portionem
1932 1795 2032 1853 Dei
2059 1811 2173 1852 esse
2198 1819 2244 1879 Β
2284 1798 2341 1854 in
2369 1798 2459 1855 die
2480 1797 2679 1868 judicii
2709 1812 2872 1854 carne
2901 1802 3149 1869 suscepta
3177 1810 3305 1853 cum
3334 1794 3545 1853 diabolo
3572 1796 3629 1852 in
3650 1803 3869 1855 aeterno

586 1885 905 1953 volunt,aut
918 1892 1043 1941 ante
1055 1901 1179 1941 eum
1199 1884 1591 1957 factam,quam
1608 1884 1726 1957 ejus
1741 1884 2016 1956 corpusde
2032 1892 2175 1939 terra
2283 1886 2408 1958 igne
2436 1885 2790 1942 damnabitur
2820 1885 2937 1957 (11)
2961 1902 2974 1940 :
3017 1882 3162 1956 quod
3194 1899 3358 1957 quam
3384 1883 3456 1939 sit
3482 1882 3735 1955 impium,
3768 1884 3891 1956 qui?

582 1971 880 2044 ﬁngeretur
904 1991 916 2029 :
967 1974 1114 2046 quod
1141 1990 1366 2045 prorsus
1390 1974 1632 2030 alienum
1681 1989 1713 2027 a
1742 1971 1850 2028 ﬁde
1879 1971 2170 2040 catholica,

586 2067 644 2117 et
659 2068 978 2118 extraneum
1000 2070 1100 2118 est.
1131 2061 1407 2134 Scriptum
1430 2077 1671 2134 namque
1699 2069 1780 2117 est
1801 2061 1932 2133 quia
1975 2084 1993 2107 ι
2020 2061 2177 2133 plas-

585 2149 759 2206 mavit
777 2151 921 2206 Deus
940 2149 1219 2205 hominem
1241 2150 1307 2207 de
1330 2150 1464 2205 limo
1483 2157 1642 2206 teme
1658 2149 2090 2221 (3)(Gen.n,7),-
2114 2154 2169 2205 et

596 2261 617 2285 ε
646 2246 768 2310 post
795 2238 1209 2310 plasmationem
1242 2238 1544 2295 insuﬂlavit
1563 2239 1621 2295 in
1642 2255 1705 2293 eo
1727 2238 1984 2311 spiritum
2005 2237 2170 2305 vitze;

583 2334 639 2383 et
661 2325 840 2384 factus
858 2335 939 2384 est
957 2326 1124 2382 homo
1146 2325 1205 2381 in
1225 2326 1461 2382 animam
1485 2326 1764 2381 viventem
1790 2325 1955 2395 (Ibid.
1972 2331 2025 2380 et
2038 2326 2165 2395 Sap.

584 2430 682 2483 xv,
717 2415 830 2486 11).
867 2439 888 2465 ι
946 2414 1105 2482 Quod
1134 2414 1211 2470 ita
1240 2430 1356 2471 esse
1384 2414 1516 2469 Evae
1548 2412 1797 2469 mulieris
1832 2428 1943 2468 non
1981 2412 2174 2470 edocet

585 2503 919 2573 exemplum,
938 2519 1059 2575 quae
1092 2519 1218 2559 cum
1248 2502 1316 2558 de
1343 2509 1494 2559 costa
1521 2502 1654 2558 Adae
1675 2501 1733 2557 in
1754 2502 2041 2557 mulierem
2063 2501 2172 2557 for-

585 2595 731 2644 mata
781 2596 940 2658 esset,
989 2598 1177 2661 postea
1220 2589 1460 2645 animam
1508 2605 1540 2644 a
1587 2590 1702 2644 Deo
1748 2589 1991 2660 accepit;
2049 2604 2175 2662 quae

586 2681 883 2740 creationis
909 2682 1089 2740 forma
1115 2699 1287 2756 usque
1315 2682 1384 2738 ad
1402 2682 1569 2738 ﬁnem
1590 2682 1785 2738 mundi
1806 2681 1865 2737 in
1885 2681 2044 2738 nobis
2063 2697 2173 2737 ser-

585 2780 766 2842 vatur,
806 2772 950 2829 sicut
976 2773 1143 2830 Isaias
1172 2772 1438 2845 propheta
1465 2779 1698 2829 testatur
1725 2771 1945 2828 dicens:
2017 2795 2036 2819 ι
2063 2770 2170 2839 Qui

577 2864 779 2920 format
805 2861 1061 2935 spiritum
1090 2861 1335 2918 hominis
1362 2862 1421 2916 in
1451 2878 1515 2917 eo
1555 2861 1690 2931 (Isa.
1722 2875 1877 2928 κων,
1911 2861 1969 2931 2)
1994 2879 2007 2929 ;
2029 2884 2048 2908 ι
2114 2868 2172 2918 et

579 2950 759 3007 David
814 2949 937 3020 (4):
1009 2949 1163 3016 «Qui
1213 2949 1378 3004 ﬁnxit
1422 2949 1706 3019 sigillatim
1766 2948 1931 3004 corda
1981 2964 2169 3030 eorum

584 3037 760 3107 (Psal.
793 3051 1014 3103 xxxvu,
1061 3035 1175 3107 i5).
1205 3059 1225 3083 ν
1291 3036 1437 3106 Ergo
1468 3036 1768 3093 secundum
1803 3042 1914 3091 tam
1943 3036 2171 3094 evidens

2281 1990 2473 2031 sanum
2505 1974 2664 2046 sapit,
2711 1973 2992 2046 intelligit.
3044 1972 3254 2030 Clamat
3284 1972 3400 2044 ipse
3426 1971 3696 2028 Dominus
3724 1987 3867 2044 apo-

2280 2065 2449 2122 stolos
2495 2080 2623 2121 suos
2660 2064 2996 2132 confortans,
3033 2076 3098 2118 ac
3132 2061 3306 2118 dicit:
3374 2083 3394 2107 ι
3438 2059 3618 2117 Nolite
3663 2060 3860 2117 timere

2281 2169 2372 2209 eos
2401 2151 2496 2225 qui
2524 2151 2783 2209 occidunt
2812 2165 3030 2223 corpus,
3078 2148 3318 2204 animam
3347 2155 3528 2204 autem
3568 2164 3684 2205 non
3723 2164 3889 2231 pos-3

2280 2247 2409 2297 sunt
2437 2240 2721 2306 occidere;
2766 2238 2861 2295 sed
2912 2253 3038 2294 eum
3079 2238 3271 2293 timete
3305 2236 3400 2309 qui
3431 2244 3609 2309 potest
3652 2244 3706 2294 et
3745 2235 3888 2294 θοι-⁵

2280 2345 2426 2385 mam
2474 2335 2528 2385 et
2571 2344 2768 2400 corpus
2814 2326 3039 2399 perdere
3090 2326 3148 2382 in
3201 2324 3501 2397 gehennam
3560 2325 3771 2395 (Matth.
3801 2342 3859 2395 x,

2279 2418 2395 2489 28).
2427 2442 2446 2466 ι
2503 2415 2782 2490 Numquid
2824 2414 3125 2472 secundum
3169 2414 3304 2470 istos
3335 2428 3589 2481 vesanos,
3635 2420 3698 2468 ut
3741 2411 3884 2483 jam)

2280 2506 2488 2561 dictum
2519 2515 2620 2574 est,
2668 2504 2974 2577 portionem
3001 2513 3096 2561 aut
3120 2512 3371 2560 naturam
3396 2518 3549 2559 suam
3592 2503 3739 2559 Deus
3758 2502 3860 2573 ju—

2279 2594 2483 2652 dicabit
2502 2594 2531 2650 ?
2574 2592 2754 2650 Absit.
2786 2593 2859 2649 Et
2888 2592 3013 2648 ideo
3042 2591 3099 2647 in
3129 2591 3264 2663 ipsis
3290 2590 3630 2664 corporibus,
3655 2589 3857 2663 quibus

2279 2683 2395 2738 nati
2443 2698 2652 2750 sumus,
2704 2690 2758 2738 et
2794 2697 2864 2736 ex
2906 2680 3106 2752 quibus
3145 2680 3341 2736 animaa
3385 2688 3583 2737 nostra
3628 2695 3856 2752 egressa

2278 2773 2482 2829 mortui
2513 2787 2719 2839 sumus,
2770 2771 2829 2826 in
2862 2770 2995 2842 ipsis
3024 2778 3147 2843 post
3174 2769 3627 2827 resurrectionem
3656 2768 3882 2826 animae

2277 2867 2502 2927 nostrae,
2552 2860 2666 2914 Deo
2692 2857 2944 2930 jubente,
2994 2857 3311 2926 introeunt;
3361 2864 3416 2913 et
3453 2863 3762 2929 resurgunt,
3809 2857 3856 2912 si

2276 2949 2421 3004 bona
2452 2947 2696 3004 fecerunt
2728 2946 2868 3019 (12),
2900 2946 2958 3001 in
2988 2945 3441 3003 resurrectionem
3471 2944 3601 3001 vitae
3622 2944 3691 3001 ad
3721 2945 3856 3017 glo-

2281 3037 2416 3091 riam
2450 3035 2602 3106 regni
2630 3032 2893 3091 coelorum
2924 3032 3366 3105 percipiendam:
3416 3032 3463 3088 si
3496 3039 3680 3089 autem
3710 3032 3881 3107 malaf

586 3122 671 3194 (5)
693 3121 1029 3194 exemplum,
1048 3137 1150 3180 nec
1179 3122 1331 3195 prior
1358 3131 1439 3179 est
1476 3123 1660 3180 anima
1687 3139 1935 3196 corpore,
1960 3140 2063 3182 nec
2080 3141 2172 3181 an-
2196 3159 2243 3219 Ο
2280 3129 2526 3193 egerunt,
2553 3122 2610 3177 in
2640 3122 3093 3179 resurrectionem
3117 3120 3317 3192 judicii
3344 3128 3397 3176 et
3425 3119 3781 3192 opprobrium
3804 3114 3880 3177 et’

583 3217 672 3267 tea
698 3208 941 3277 condita,
964 3225 1064 3267 nec
1092 3224 1163 3266 ex
1189 3210 1290 3267 Dei
1316 3211 1644 3280 substantia,
1676 3227 1778 3269 nec
1805 3213 1863 3268 in
1892 3213 2169 3286 corporeis
2199 3208 2242 3219 “
2278 3210 2663 3267 confusionem
2692 3210 3100 3281 sempiternam.
3145 3208 3303 3276 Quod
3332 3208 3410 3264 ita
3436 3210 3682 3264 futurum
3709 3223 3881 3286 com-_'

582 3304 747 3370 atqw
774 3297 1245 3355 irrationabilibus
1276 3300 1559 3368 creaturis,
1583 3307 1645 3356 ut
1673 3299 1918 3357 haeretici
1947 3302 2164 3370 volunt,

585 3385 766 3441 multo
793 3391 920 3442 ante
944 3384 1057 3457 jam
1089 3395 1333 3460 tempore
1365 3387 1551 3443 nescio
1594 3387 1693 3444 ubi
1730 3388 1898 3445 fuisse
1924 3403 2167 3446 conver-

578 3478 717 3538 sata,
747 3470 894 3541 quod
925 3472 1070 3528 unde
1098 3474 1351 3545 probent,
1384 3490 1496 3529 non
1523 3474 1745 3531 habent.

659 3562 809 3620 334
835 3559 1063 3616 CAPUT
1099 3562 1301 3617 XVIII.
1333 3590 1403 3602 —
1421 3561 1683 3628 Quotidie
1710 3579 1837 3635 ergo
1863 3566 2009 3622 Deus
2037 3580 2166 3622 ma-

573 3653 792 3725 iestatis
828 3656 887 3710 in
915 3655 1198 3726 plasmatis
1228 3654 1341 3726 jam
1383 3656 1706 3727 corporibus
1746 3659 1956 3716 animas
2005 3661 2160 3730 facit,

579 3746 636 3797 et
663 3741 936 3811 immittit,
988 3742 1129 3798 sicut
1154 3742 1368 3815 Moyses
1407 3743 1687 3816 legislator
1732 3744 1800 3802 de
1838 3747 2163 3806 mulieribus

578 3829 987 3902 praegnantibus
1016 3836 1281 3898 testatur;
1315 3846 1434 3903 quae
1464 3832 1785 3903 formatum,
1813 3842 1908 3890 aut
1926 3835 2159 3893 necdum

577 3916 874 3975 formatum
891 3917 1155 3975 infantem
1179 3917 1383 3975 habent
1406 3919 1487 3991 (6)
1513 3920 1717 3993 (Exod.
1739 3939 1858 3992 xxi,
1883 3922 1951 3980 23
1971 3932 2023 3980 et
2038 3924 2155 3997 24).

583 4005 742 4074 Quod
771 4006 849 4064 ita
877 4023 994 4065 esse
1019 4007 1339 4080 comprobat
1366 4009 1638 4066 Dominus
1665 4009 1854 4067 dicens
1879 4030 1890 4067 :
1957 4036 1974 4059 ι
2002 4012 2162 4070 Pater

579 4110 735 4153 meus
760 4110 933 4170 usque
958 4095 1122 4152 modo
1153 4104 1431 4171 operatur,
1453 4104 1508 4152 et
1526 4114 1625 4168 ego
1645 4114 1842 4170 operor
1863 4099 1945 4169 (7)
1975 4100 2157 4170 (Joan.

577 4202 636 4256 ν,
671 4187 785 4259 17).
816 4210 837 4235 ι
879 4184 1032 4243 Sicut
1061 4202 1191 4258 ergo
1209 4185 1442 4258 impium
1464 4193 1547 4243 est
1566 4186 1806 4243 animam
1832 4187 2071 4245 hominis
2090 4188 2160 4245 de

577 4273 889 4330 substantia
914 4275 1036 4339 Dei,
1066 4275 1153 4329 vel
1185 4273 1425 4329 animam
1454 4290 1524 4329 ex
1554 4274 1737 4331 anima
1763 4274 1874 4332 dici
1906 4293 1919 4331 :
1953 4276 2029 4332 ita
2056 4277 2159 4334 im-

577 4357 732 4431 pium
770 4368 854 4416 est
893 4359 1074 4417 dicere
1106 4362 1254 4433 quod
1297 4369 1424 4418 ante
1452 4362 1868 4433 plasmationem
1913 4366 2160 4437 corporis

577 4447 719 4503 facta
740 4447 847 4515 sit;
867 4464 994 4504 cum
1025 4448 1139 4519 ipse
1172 4450 1347 4505 Adam
1378 4452 1697 4522 proclamet,
1736 4452 1958 4510 dicens:
2002 4477 2022 4501 ι
2042 4454 2159 4513 Hoc

578 4549 729 4592 nunc
782 4550 845 4590 os
884 4549 955 4589 ex
991 4534 1205 4591 ossibus
1241 4539 1399 4604 meis,
1454 4547 1510 4594 et
1553 4555 1678 4594 caro
1723 4539 1793 4595 de
1836 4556 1998 4596 carne
2042 4556 2163 4598 mea

579 4621 737 4695 (Gen.
770 4639 831 4692 ιι,
860 4620 976 4696 23).
998 4646 1017 4671 ι
1050 4622 1223 4680 Aliud
1250 4640 1377 4696 ergo
1404 4631 1486 4681 est
1503 4627 1669 4695 Deus,
1690 4627 1841 4684 aliud
1860 4629 2043 4686 anima
2061 4629 2157 4687 ho-

655 4790 741 4933 fil

682 4862 715 4918 3

582 4937 747 4987 terra.

653 5001 738 5074 (4)
768 5002 983 5080 Eadem
1010 5006 1168 5080 Rom.
1188 5078 1196 5080 ν
1216 5007 1374 5074 edit.,
1411 5007 1559 5080 sicut
1584 5010 1792 5080 sapiens
1820 5010 2040 5080 impium
2061 5024 2158 5080 re-

776 4792 935 4868 gam.
965 4794 1122 4868 edit.,
1154 4794 1422 4868 suasitad
1450 4796 1930 4868 transgressionem.

2187 4500 2239 4560 D

2276 3298 2473 3372 probat
2498 3298 2692 3355 beatus
2716 3297 3036 3369 Apostolus,
3063 3298 3284 3353 dicens:
3345 3320 3365 3345 ι
3390 3295 3593 3352 Omnes
3619 3310 3720 3351 nos
3746 3284 3881 3372 ina-ff

2278 3371 2530 3443 nifestari
2561 3393 2779 3458 oportet
2813 3393 2937 3441 ante
2974 3385 3218 3441 tribunal
3247 3382 3473 3452 Christi,
3519 3391 3582 3439 ut
3627 3371 3883 3455 recipiat5

2273 3476 2655 3548 unusquisque
2684 3475 2905 3547 propria
2930 3473 3175 3547 corporis
3202 3474 3309 3541 sui,
3341 3481 3503 3545 prout
3529 3472 3713 3544 gessit,
3738 3472 3856 3528 sive

2272 3562 2501 3657 bonum,
2550 3564 2667 3621 sive
2693 3565 2898 3657 malum
2955 3564 3055 3657 (ΙΙ.
3085 3562 3209 3619 Cor.
3253 3578 3311 3657 v,
3363 3562 3482 3657 10).
3524 3560 3676 3617 Tunc
3704 3560 3883 3657 enim‘

2273 3650 2575 3708 secundum
2608 3650 2933 3707 vaticinium
2954 3649 3105 3706 Isaiae
3121 3648 3400 3721 prophetae
3423 3648 3558 3719 (Isa.
3585 3663 3745 3715 xxxv,
3767 3647 3881 3729 2),:

2271 3740 2426 3796 nulla
2442 3740 2549 3797 erit
2575 3739 2868 3797 diversitas
2896 3740 3040 3796 inter
3068 3739 3308 3796 nobilem
3338 3746 3393 3795 et
3423 3737 3743 3810 ignobilem,
3766 3752 3852 3795 sa-
3877 3772 3882 3780 -

2270 3830 2544 3887 cerdotem
2574 3838 2629 3886 et
2656 3827 2858 3886 laicum
2892 3826 3031 3900 (13),
3065 3842 3286 3883 servum
3315 3834 3369 3882 et
3397 3823 3697 3891 dominum,
3729 3839 3855 3880 an-

2269 3916 2453 3973 cillam
2484 3925 2539 3973 et
2569 3916 2848 3973 dominam
2869 3914 3006 3987 ejus,
3031 3914 3260 3971 divitem
3289 3922 3343 3970 et
3365 3927 3672 3985 pauperem,
3695 3910 3853 3968 fene-

2268 4011 2505 4061 ratorem
2534 4003 2650 4077 (14)
2680 4011 2736 4059 et
2762 4019 2886 4059 eum
2923 4002 3017 4075 qui
3047 4017 3151 4058 tere
3178 4000 3448 4074 premitur
3473 4000 3672 4066 alieno,
3706 3998 3879 4054 inter.

2268 4100 2539 4149 ementem
2567 4098 2623 4147 et
2649 4090 2974 4147 vendentem
3024 4090 3135 4162 (Ita
3164 4088 3382 4144 Hieron.
3440 4086 3498 4140 in
3525 4085 3697 4141 eumd.
3751 4086 3851 4142 loc.

2266 4180 2429 4251 Isa.).
2485 4178 2687 4235 Omnes
2714 4193 2842 4250 ergo
2883 4192 2954 4234 ex
2994 4191 3150 4249 mque
3178 4173 3403 4231 stabunt
3448 4181 3575 4229 ante
3602 4172 3855 4230 tribunal

2268 4266 2494 4336 Christi,
2545 4281 2647 4323 nec
2674 4265 2781 4322 erit
2810 4279 3161 4338 personarum
3193 4261 3438 4336 acceptio
3475 4261 3619 4335 apud
3646 4262 3849 4317 Deum.

2264 4356 2425 4425 Quod
2458 4364 2513 4412 et
2558 4362 2782 4412 sanctus
2825 4354 2927 4411 Joh
2974 4354 3169 4411 iisdem
3218 4351 3614 4426 prapemodum
3665 4349 3856 4406 verbis

2265 4443 2558 4499 annuntiat
2585 4442 2809 4499 dicens:
2874 4465 2893 4489 ι
2921 4439 3130 4497 Parvus
3157 4446 3213 4496 et
3241 4453 3470 4509 magnus
3498 4437 3578 4492 ibi
3607 4445 3759 4503 sunt,
3787 4444 3848 4493 et

2268 4548 2459 4589 servus
2484 4541 2565 4589 est
2592 4533 2732 4590 liber
2767 4548 2800 4587 a
2827 4531 3055 4588 domino
3091 4545 3192 4588 suo
3241 4530 3362 4601 (Job
3394 4544 3479 4597 ιιι,
3525 4528 3638 4600 19).
3689 4551 3709 4574 ιι
3777 4526 3855 4584 Et

2265 4621 2516 4678 Salvator
2542 4621 2602 4677 in
2630 4619 2950 4692 Evangelia,
3004 4620 3097 4678 cui
3134 4633 3297 4676 omne
3317 4615 3593 4688 judicium
3622 4622 3853 4688 propter

2340 4794 2421 4874 (7)
2461 4792 2662 4874 Eadem
2699 4793 2859 4874 Boni.
2907 4790 3066 4874 edit.,
3104 4806 3316 4874 cperam
3368 4788 3504 4874 Non
3528 4788 3685 4874 sane!
3728 4802 3856 4874 πρῖε

778 4863 983 4920 Eadem
1038 4856 1197 4937 Rom.
1251 4866 1408 4935 edit.,
1463 4856 1734 4938 putesnam
1780 4868 2034 4940 accipiens
2094 4868 2159 4925 de
2264 4856 2549 4940 inspiravit
2592 4864 2661 4940 in
2687 4862 2875 4932 faciem
2914 4856 3158 4918 hominis
3184 4859 3514 4932 spiraculum
3558 4857 3704 4926 vitae,
3760 4856 3861 4912 sed

2265 4934 2504 5008 quotidie
2523 4934 2768 5008 inspirat.

2339 5005 2422 5086 (8)
2448 4996 2672 5086 Eadem.
2693 5005 2851 5086 lium:
2881 5002 3037 5083 edit.,
3068 5000 3418 5086 impeccabilis
3444 5002 3519 5054 est
3551 5002 3602 5053 et
3628 4996 3855 5068 iuraui.

583 5071 803 5149 darg'uit
826 5090 847 5138 ;
871 5075 1148 5149 Quoniam
1177 5071 1442 5147 ignoravit
1468 5077 1562 5147 qui
1586 5071 1745 5149 finxit
1770 5096 1841 5147 se,
1870 5071 1919 5134 et
1944 5079 2036 5149 qui
2061 5079 2157 5132 in-
2266 5071 2410 5149 bilis,
2437 5074 2777 5149 impassibilis
2803 5079 2851 5128 et
2879 5071 3361 5149 incoinquinabilis.

468 5198 475 5201 _
579 5143 809 5223 spirapit
860 5145 947 5223 illi
978 5143 1399 5223 animarumquae-
1422 5143 1690 5219 operatur,
1736 5143 1836 5220 qui
1872 5143 2160 5223 insufﬂauit

579 5214 829 5297 spiritum
858 5214 1091 5297 qualern.
1125 5218 1199 5272 Et
1224 5214 1553 5297 Dacidhetc.

600 5284 605 5285 7
653 5284 738 5357 (5)
777 5284 983 5340 Eadem
1026 5285 1183 5342 Rom.
1223 5286 1379 5354 edit.,
1408 5284 1573 5357 juxta
1602 5290 1892 5347 testimonia
1920 5290 2156 5347 veritatis

581 5360 688 5411 tam
718 5356 994 5411 evidentia.

650 5425 734 5551 (6’)
774 5426 979 5482 Eadem
1009 5425 1166 5483 Rom.
1207 5424 1367 5506 edit.,
1395 5428 1470 5483 Et
1498 5426 1752 5497 infundit.
1787 5430 1928 5486 Unde
1952 5431 2154 5501 Moyses

650 5503 848 5551 nsator
895 5496 1114 5551 damnat
1161 5503 1498 5551 nercutientes
1553 5500 1823 5551 mulierem
1875 5501 1934 5551 in
1982 5508 2154 5551 ventre

577 5493 848 5564 legislator
895 5496 1114 5552 damnat
1157 5499 1498 5564 percutientes
1553 5493 1823 5554 {mulierem
1875 5501 1934 5555 in
1982 5493 2155 5557 ventre

575 5563 861 5641 habentem,
903 5568 1111 5641 dicens:
1152 5563 1210 5624 Si
1250 5573 1421 5622 autem
1450 5567 1617 5636 fuerit
1651 5571 1953 5641 ﬁguratum,
2009 5572 2155 5630 dabit

574 5633 808 5691 animam
831 5633 936 5708 pro
956 5639 1157 5709 anima,
1187 5641 1396 5694 oculum
1418 5633 1522 5709 pro
1548 5633 1715 5696 oculo”.

2362 5137 2420 5215 9')
2459 5137 2660 5201 Eadem
2691 5146 2847 5215 Rom.
2880 5143 3036 5215 edit.,
3063 5137 3147 5198 _de
3179 5149 3278 5215 est,
3311 5137 3703 5215 corrumpitur.

2366 5207 2454 5282 10)
2494 5216 2695 5270 Eadem
2740 5214 2898 5270 Rom.
2948 5207 3104 5281 edit.,
3144 5212 3353 5282 patitur
3379 5207 3676 5282 substantia
3722 5207 3866 5267 Dei.

2366 5278 2453 5350 11)
2494 5284 2697 5341 Eadem
2727 5285 2884 5341 Rom.
2915 5278 3299 5350 edit.,‘poterit
3320 5278 3592 5335 damnari.

2367 5349 2454 5421 12)
2495 5355 2698 5412 Eadem
2726 5356 2884 5411 Rom.
2905 5349 3064 5420 edit.,
3093 5349 3166 5407 Et
3190 5352 3378 5421 quibus
3403 5349 3596 5404 anima:
3620 5355 3873 5419 nostra,

2261 5422 2367 5485 Deo
2386 5422 2618 5496 jubente,
2647 5427 2870 5490 intrant,
2900 5428 3188 5496 resurgent,
3220 5422 3266 5476 si
3286 5422 3443 5496 bona,
3471 5426 3584 5496 etc.

2335 5491 2447 5567 (13)
2490 5497 2689 5553 Eadem
2721 5498 2876 5552 Rom.
2926 5491 3083 5567 edit.,
3106 5492 3445 5567 _sacerdotem
3476 5491 3875 5567 etpopulun}-

2335 5499 2427 5567 (13
2490 5498 2689 5553 Eadem
2721 5498 2876 5552 Rom.
2926 5498 3083 5561 edit.,
3133 5498 3445 5547 sacerdotem
3486 5498 3537 5543 et
3558 5498 3875 5560 populum-

2335 5498 2452 5640 (Ili)
2492 5568 2694 5625 Eadem
2723 5568 2880 5625 Rom.
2912 5563 3068 5631 edit.,
3091 5562 3411 5634 fenerantem
3439 5566 3489 5614 et
3515 5556 3675 5629 fenus
3694 5561 3887 5615 acci—

2258 5640 2505 5713 pientem.

2336 5148 2358 5427 ἓ
