4064 6178
239 331 340 394 561

1387 321 1483 377 DE
1519 321 1892 378 TRINITATE
1930 319 2358 378 TRAC'I‘ATUS.

3405 328 3513 388 562

238 456 531 535 gloriosam
561 449 870 524 passionem
888 448 1133 506 hominis
1153 448 1390 522 suscepti
1414 448 1677 504 traditum
1716 456 1815 515 est,
1848 451 1895 507 A
1928 448 2086 514 male,
2140 457 2321 518 surget
2376 464 2573 521 corpus
2602 452 2887 522 spirituale
2921 454 3080 525 (Ibid.
3114 456 3317 529 42-44).
3351 481 3371 506 ι
3413 458 3523 530 Isti.

238 549 403 622 pleno
434 556 690 601 sermone
723 546 974 607 testatur,
1010 539 1234 596 dicens:
1279 565 1296 587 ι
1323 537 1459 595 Cum
1488 537 1633 593 enim
1661 553 1819 593 vene-

242 636 314 693 rit
343 632 524 691 Filius
551 629 799 687 hominis
826 644 951 686 cum
980 628 1188 700 angelis
1220 627 1425 685 sanctis
1453 628 1511 682 in
1542 626 1819 698 majestate

236 722 412 780 Patris
452 718 560 787 sui,
608 726 746 774 tunc
771 714 961 772 reddet
999 715 1298 788 unicuique
1328 716 1628 771 secundum
1657 730 1820 787 opera

235 809 354 882 ejus
380 807 595 881 (Matth.
644 821 766 872 xvr,
816 803 932 874 27).
962 828 982 852 ι
1038 804 1166 860 Haec
1215 803 1401 859 omnia
1453 819 1578 874 ergo
1632 802 1818 858 futura

232 905 401 962 sunt;
432 894 563 968 quia
590 891 737 966 quod
762 890 1012 947 futurum
1042 898 1142 959 est,
1185 907 1280 963 per
1308 890 1599 963 prophetas
1626 888 1814 945 Domi-

234 1002 341 1045 nus
370 991 452 1041 est
484 984 719 1049 locutus,
749 980 845 1054 qui
875 978 1011 1036 dicit
1044 996 1056 1034 :
1089 1002 1108 1026 α
1136 980 1253 1052 Ego
1278 979 1518 1035 visiones
1548 977 1815 1049 multipli-

232 1075 379 1142 cavi,
420 1083 473 1129 et
524 1074 583 1129 in
647 1085 817 1128 manu
864 1068 1253 1142 prophetarum
1312 1068 1644 1125 assimilatus
1692 1083 1812 1124 sum

239 1164 391 1238 (Osce
415 1179 516 1231 xu,
550 1161 662 1232 10).
692 1185 712 1209 ι

308 1250 536 1309 CAPUT
573 1248 727 1307 XIX.
767 1278 839 1291 --
855 1247 941 1304 Ad
965 1247 1112 1321 quod
1132 1245 1527 1303 incarnationis
1546 1253 1813 1303 secretum

244 1357 408 1415 supra
434 1341 671 1413 scriptus
694 1338 962 1412 propheta
986 1338 1103 1409 (15)
1137 1338 1369 1393 miratur
1396 1352 1459 1393 ac
1485 1334 1622 1393 dicit
1652 1354 1664 1392 :
1715 1361 1735 1385 ι
1767 1338 1813 1392 Ο

236 1439 417 1488 custos
441 1429 577 1503 quid
606 1428 674 1486 de
698 1434 859 1485 nocte
882 1427 911 1483 7
964 1425 1099 1499 quid
1155 1424 1222 1481 de
1248 1432 1427 1492 nocte,
1459 1431 1641 1482 custos
1675 1424 1809 1495 (Isa.

232 1538 394 1589 xxxi,
428 1522 520 1593 11)
544 1520 572 1577 ?
608 1520 894 1577 Secretum
929 1533 1110 1573 meum
1141 1516 1301 1584 mihi,
1327 1524 1598 1572 secretum
1627 1531 1809 1573 meum

231 1610 390 1667 mihi.
424 1610 521 1667 Vae
552 1609 690 1665 mihi
732 1609 867 1680 (Isa.
900 1624 1060 1675 xxiv,
1094 1606 1208 1678 16).
1252 1606 1409 1674 Cum,
1455 1604 1637 1678 inquit
1677 1621 1811 1678 pro-

232 1699 418 1772 pheta,
451 1698 570 1755 haec
622 1696 894 1754 audissem
945 1697 1103 1769 (16);
1163 1694 1311 1767 quod
1362 1695 1620 1753 videlicet
1666 1695 1812 1751 Deus

1928 546 2057 593 sunt
2112 537 2257 593 enim
2314 546 2549 610 quatuor
2603 543 2825 600 ordines
2852 547 3291 613 resurrectionis,
3325 548 3419 619 qui
3450 547 3511 603 in

1929 624 2082 696 virga
2109 626 2204 680 illa
2231 628 2572 696 sacerdotali,
2605 646 2722 702 quae
2770 632 2829 687 in
2890 634 3239 691 tabernaculo
3281 633 3508 690 Domini

1928 711 2133 779 ﬂoruit,
2190 715 2638 787 praeﬁgurabatur
2692 720 2875 790 (Num.
2933 738 3074 789 xvu,
3123 724 3202 793 8).
3235 722 3327 777 Sic
3381 737 3509 793 ergo

1926 801 2306 872 accipiendum
2337 813 2417 859 est
2452 822 2505 858 ει
2527 804 2665 862 Caro
2693 816 2747 862 et
2776 810 2993 879 sanguis
3014 826 3241 882 regnum
3263 809 3361 865 Dei
3392 824 3504 864 non

1926 891 2350 961 possidebunt,»
2399 896 2674 967 quomodo
2724 897 2883 965 illud,
2944 900 3091 970 quod
3139 902 3508 958 comminatur

1924 983 2070 1037 Deus
2116 985 2318 1055 populo
2360 988 2654 1057 peccatori,
2704 988 2893 1045 dicens
2927 1006 2938 1043 :
2988 1015 3005 1036 ι
3044 991 3250 1047 Ponam
3279 995 3504 1062 coelum,

1925 1070 2069 1140 quod
2099 1088 2260 1142 super
2288 1089 2387 1127 vos
2433 1081 2535 1141 est,
2586 1091 2796 1130 aeneum
2823 1094 2836 1143 ;
2874 1086 2927 1133 et
2955 1086 3176 1148 terram,
3205 1095 3365 1151 quam
3397 1081 3505 1135 cal-

1923 1159 2080 1226 catis,
2113 1160 2343 1216 ferream
2379 1162 2567 1232 (Levit.
2609 1180 2768 1232 xxvr,
2803 1165 2915 1236 19),
2967 1191 2985 1212 ι
3025 1183 3136 1222 non
3192 1167 3341 1238 quod
3386 1168 3509 1222 ele-

1923 1259 2232 1308 mentorum
2261 1262 2455 1310 natura
2487 1265 2751 1325 mutetur,
2784 1258 2876 1313 sed
2915 1258 3060 1330 quod
3090 1276 3184 1331 per
3213 1277 3283 1314 ms
3320 1266 3374 1313 et
3403 1258 3506 1314 fer-

1924 1358 2046 1399 rum
2078 1360 2360 1415 pmnarum
2390 1346 2710 1417 magnitudo
2742 1356 3097 1405 monstretur.
3141 1349 3337 1405 Veram
3379 1365 3506 1419 ergo

1923 1432 2378 1489 resurrectionem
2400 1433 2643 1491 futuram
2666 1436 2723 1490 in
2747 1437 3039 1507 semetipso
3066 1437 3225 1493 nobis
3239 1436 3506 1493 Dominus

1923 1522 2174 1582 Christus
2205 1525 2598 1593 manifestavit,
2630 1528 2721 1598 qui
2755 1538 2877 1598 post
2909 1529 3080 1585 tertiae
3109 1528 3218 1584 diei
3270 1544 3504 1584 resurre-

1921 1611 2160 1669 ctionem
2193 1621 2356 1685 typos
2384 1615 2665 1669 clavorum
2696 1624 2750 1671 et
2782 1617 2980 1673 lanceae
3012 1617 3215 1672 vulnus
3266 1616 3503 1688 discipu-

1920 1700 1990 1757 lis
2017 1701 2400 1758 dubitantibus
2427 1704 2828 1759 demonstravit
2860 1706 3012 1776 (Luc.
3054 1722 3212 1773 xxiv,
3244 1704 3361 1773 40).

230 1788 536 1862 majestatis
566 1804 783 1845 carnem
813 1795 953 1845 esset
983 1786 1277 1844 induturus
1307 1793 1362 1841 et
1391 1785 1714 1842 vaticinium
1753 1783 1813 1840 in
1847 1788 1894 1849 B
1990 1788 2216 1847 CAPUT
2247 1792 2400 1847 XXI.
2429 1822 2499 1834 -—
2526 1794 2645 1848 Non
2676 1809 2803 1864 ergo
2836 1801 3251 1849 contemnamus
3283 1808 3503 1849 carnem

226 1894 352 1935 eum
403 1876 738 1949 explendum
793 1891 908 1932 esse
957 1875 1318 1947 prospicerem
1362 1890 1374 1929 :
1435 1874 1653 1930 locutus
1688 1889 1809 1930 sum

225 1966 371 2023 mihi
406 1965 626 2020 interno
661 1964 837 2022 cordis
864 1964 1087 2031 aﬂ‘ectu;
1121 1962 1250 2035 quia
1275 1978 1388 2019 non
1415 1978 1635 2034 possum
1663 1976 1812 2018 cun-

230 2062 325 2113 cta
355 2070 580 2111 narrare
608 2069 723 2126 quae
750 2069 932 2121 cerno;
962 2053 1131 2109 haeret
1162 2053 1350 2125 lingua
1376 2052 1626 2109 faucibus
1653 2052 1806 2121 meis,

232 2158 347 2199 vox
375 2141 568 2198 dolore
591 2157 653 2199 ac
683 2157 884 2214 pavore
910 2141 1302 2208 concluditur;
1335 2140 1479 2213 quod
1510 2148 1663 2197 tanta
1691 2156 1809 2213 my-

238 2231 406 2288 steria
424 2240 552 2288 ante
575 2232 764 2289 oculos
786 2239 1074 2289 versantur
1093 2247 1262 2288 meos.
1296 2229 1472 2288 Video
1501 2230 1647 2286 enim
1677 2246 1810 2303 pra;-

232 2320 431 2388 sentia,
464 2336 584 2393 quae
620 2320 807 2377 futura
833 2328 992 2388 sunt;
1041 2320 1292 2393 intelligo
1319 2319 1466 2393 quod
1494 2327 1680 2377 custos
1702 2319 1809 2375 Sa-

227 2411 535 2468 maritanus
561 2410 657 2467 ille
674 2418 757 2467 est
789 2409 929 2483 ejus,
959 2410 1053 2482 qui
1084 2410 1200 2483 (17)
1255 2410 1324 2466 de
1375 2410 1672 2465 Jerusalem
1701 2410 1808 2466 de-

227 2499 498 2557 scendens
526 2499 585 2555 in
625 2499 867 2568 Iericho,
923 2498 1122 2555 incidit
1172 2499 1230 2555 in
1285 2500 1522 2554 latrones
1554 2498 1703 2569 (Luc.
1744 2516 1805 2568 x,

228 2590 440 2661 30-35).
482 2589 588 2645 Iste
643 2597 726 2646 est
753 2595 939 2646 custos
970 2593 1116 2650 335
1146 2588 1233 2644 cui
1263 2588 1455 2644 beatus
1480 2587 1583 2645 Job
1611 2589 1755 2645 dixit
1788 2606 1801 2645 :

220 2708 256 2752 ,ο
290 2685 339 2743 Ο
365 2694 553 2742 custos
581 2685 890 2754 hominum,
914 2700 1079 2757 quare
1106 2683 1334 2756 posuisti
1364 2699 1451 2739 me
1470 2686 1803 2741 contrarium

231 2773 355 2843 tibi,
388 2781 443 2830 et
471 2774 648 2831 factus
673 2788 795 2830 sum
826 2772 1188 2845 mihimetipsi
1246 2772 1426 2844 gravis
1450 2772 1478 2828 ?
1533 2771 1642 2830 Cur
1693 2789 1805 2829 non

223 2863 381 2918 tollis
410 2868 693 2932 peccatum
740 2876 922 2917 meum
954 2861 1095 2933 (18),
1146 2869 1202 2916 et
1255 2875 1420 2932 quare
1465 2876 1573 2915 non
1627 2860 1807 2917 aufers

228 2949 582 3023 iniquitatem
621 2964 795 3005 meam
827 2949 948 3020 (Job
975 2966 1075 3016 vn,
1100 2942 1189 3015 20,
1224 2947 1315 3021 21)
1340 2948 1368 3005 ‘i
1395 2973 1413 2996 ι
1458 2948 1564 3004 Iste
1593 2956 1675 3003 est
1708 2964 1806 3003 cu-

222 3044 336 3094 stos
363 3037 462 3110 qui
488 3035 625 3093 dicit
654 3053 667 3091 :
709 3060 727 3084 ι
785 3036 960 3109 Super
1000 3036 1307 3093 custodiam
1354 3051 1530 3092 meam
1560 3051 1657 3107 ego
1686 3051 1804 3091 sum

1918 1888 2161 1936 nostram
2191 1882 2332 1938 male
2359 1888 2418 1936 et
2434 1883 2718 1939 luxuriose
2742 1882 3001 1950 vivendo,
3028 1883 3084 1938 in
3109 1899 3215 1956 qua
3234 1882 3504 1938 Dominus

1916 1967 2169 2027 Christus
2192 1976 2246 2024 et
2274 1977 2436 2025 natus
2463 1978 2517 2026 et
2545 1988 2733 2044 passus
2761 1978 2863 2038 est,
2914 1979 2967 2026 et
3006 1970 3335 2037 resurrexit;
3391 1985 3502 2025 non

1917 2058 2283 2131 despiciamus
2311 2062 2490 2117 lutum
2541 2064 2725 2119 carnis
2755 2070 2974 2131 nostrae,
3004 2064 3151 2135 quod
3189 2062 3247 2119 in
3279 2059 3501 2118 Domini

1918 2146 2127 2205 Christi
2151 2149 2430 2218 deitatem,
2455 2168 2575 2224 qua:
2603 2152 2747 2223 ignis
2774 2159 2875 2220 est,
2897 2158 3183 2208 excoctum
3215 2151 3273 2207 in
3310 2158 3501 2207 testam

1916 2237 2267 2309 purissimam
2303 2247 2491 2311 regnat
2528 2239 2588 2295 in
2635 2240 2808 2297 coelis.
2859 2239 3223 2306 Quaerendum
3255 2255 3382 2294 sane
3420 2245 3501 2294 est

1916 2343 2014 2386 cur
2041 2330 2339 2401 Apostolus
2363 2330 2568 2387 dixerit
2596 2348 2609 2385 :
2660 2355 2677 2379 ι
2706 2329 2925 2387 Etenim
2967 2332 3113 2387 Deus
3147 2338 3329 2385 noster
3359 2329 3502 2400 ignis

1915 2434 2242 2478 consumens
2271 2430 2352 2478 est
2377 2423 2560 2493 (Hebr.
2585 2439 2686 2490 χιι,
2719 2424 2811 2492 29)
2841 2440 2854 2488 ;
2888 2446 2907 2469 ›
2941 2423 3086 2479 Deus
3116 2420 3262 2478 enim
3294 2426 3497 2485 noster,

1915 2509 2010 2580 qui
2038 2509 2182 2580 ignis
2211 2510 2394 2579 vivus,
2428 2511 2652 2567 divinus
2709 2519 2763 2566 et
2815 2519 3052 2567 mternus
3099 2518 3200 2576 est,
3228 2525 3339 2565 non
3370 2510 3501 2563 istas

1915 2598 2169 2655 materias
2204 2600 2535 2670 corporales,
2582 2597 2677 2654 sed
2731 2599 3094 2655 conscientias
3149 2604 3495 2668 peccatorum

1914 2686 2210 2752 consumit,
2240 2693 2295 2740 et
2346 2685 2403 2739 in
2443 2684 2527 2740 sui
2569 2684 2833 2740 charitatc
2859 2685 3021 2740 corda
3049 2692 3235 2739 nostra
3263 2699 3499 2740 succen-

1914 2772 2015 2829 dit.
2048 2774 2120 2828 Et
2149 2772 2272 2829 ideo
2301 2773 2500 2843 angeli,
2534 2773 2628 2844 qui
2659 2772 2806 2843 pleni
2838 2779 2967 2826 sunt
2995 2770 3279 2838 charitate,
3309 2778 3362 2825 et
3391 2770 3497 2841 ipsi

1914 2861 2059 2933 ignis
2084 2862 2426 2934 appellantur
2458 2862 2631 2933 (Psat.
2660 2877 2774 2928 cm,
2812 2859 2891 2931 4).
2924 2859 3029 2916 Sed
3076 2868 3129 2915 et
3168 2859 3341 2915 sancti
3378 2861 3497 2931 qui-

1916 2966 2041 3023 que,
2070 2951 2161 3023 qui
2197 2950 2294 3005 illo
2342 2951 2466 3023 igne
2513 2950 2721 3006 accensi
2771 2957 2919 3016 sunt,
2964 2947 3033 3003 de
3074 2964 3181 3020 quo
3227 2948 3498 3005 Dominus

1915 3040 1993 3096 ait
2027 3058 2038 3095 :
2085 3063 2104 3087 ‹
2131 3041 2313 3112 Ignem
2344 3040 2473 3095 veni
2500 3040 2717 3095 mittere
2747 3039 2804 3094 in
2832 3046 3051 3107 terram,
3092 3045 3147 3094 et
3175 3054 3338 3111 quam
3368 3040 3495 3095 volo

217 3125 452 3198 jugiter,
482 3134 564 3183 tot
599 3125 794 3184 diebus
817 3133 872 3183 et
896 3126 1149 3184 noctibus
1178 3135 1326 3183 stans
1366 3126 1483 3198 (19)
1515 3126 1649 3195 (Isa.
1680 3142 1801 3194 χχι,
1839 3135 1882 3194 C
1913 3134 1975 3182 ut
2004 3127 2330 3183 accendatur
2360 3128 2477 3198 (20)
2512 3129 2662 3199 (Luc.
2713 3144 2817 3193 xu,
2867 3128 2959 3199 49)
2988 3129 3000 3183 ἓ
3059 3150 3079 3177 ›
3136 3136 3189 3185 et
3246 3127 3441 3185 iterum
3478 3144 3491 3182 :

215 3216 271 3287 8)
297 3233 313 3283 ;
350 3240 375 3265 ι
411 3223 465 3272 et
492 3214 560 3272 de
585 3231 694 3291 quo
720 3214 990 3288 Propheta
1016 3214 1153 3272 dicit
1182 3231 1195 3268 :
1237 3238 1256 3262 ι
1284 3216 1426 3272 Ecce
1462 3230 1573 3269 non
1601 3214 1804 3271 dormi-

216 3306 363 3362 tabit
396 3320 574 3378 neque
626 3304 936 3362 obdormiet
993 3304 1087 3377 qui
1139 3304 1380 3360 custodit
1433 3305 1597 3359 Israel
1628 3305 1799 3375 (Psal.

217 3410 354 3462 cxx,
380 3394 463 3464 4).
493 3418 512 3442 ι
555 3394 783 3466 Propter
805 3393 924 3451 haec
950 3409 1077 3466 ergo
1115 3391 1401 3459 vocabula,
1422 3393 1718 3464 prophetae,
1749 3400 1804 3449 et

214 3485 348 3555 quia
380 3492 792 3540 commutantur
817 3481 1017 3555 saepius
1063 3496 1305 3553 personae
1349 3481 1409 3537 in
1446 3482 1525 3537 eis
1553 3481 1803 3553 plurima;

214 3586 276 3627 ac
301 3571 602 3644 parabolae,
633 3571 853 3629 obscuri
886 3577 1034 3629 sunt.
1066 3568 1172 3628 Sed
1197 3585 1346 3626 nunc
1383 3568 1498 3641 jam
1545 3568 1613 3626 ad
1642 3569 1803 3626 ordi-

211 3675 340 3719 nem
387 3668 745 3717 revertamur.

280 3750 521 3809 CAPUT
546 3750 673 3808 XX.
697 3780 768 3795 —
785 3751 976 3809 Solent
1002 3749 1174 3824 igitur
1201 3748 1364 3806 nobis
1408 3748 1676 3817 haeretici,
1706 3750 1802 3822 qui

209 3838 403 3897 carnis
454 3847 654 3911 negant
690 3838 1171 3906 resurrectionem,
1204 3837 1345 3893 illud
1374 3835 1520 3892 beati
1551 3835 1801 3907 Apostoli

210 3926 601 3985 testimonium
629 3942 927 3999 opponere,
960 3942 1069 3999 quo
1094 3925 1233 3983 dicit
1258 3941 1270 3980 :
1292 3949 1311 3973 ι
1328 3923 1467 3982 Caro
1493 3931 1549 3980 et
1578 3938 1670 3977 san
1681 3922 1801 3995 guis

207 4030 452 4087 regnum
480 4014 580 4071 Dei
608 4029 723 4069 non
749 4014 1107 4084 possidebunt
1127 4013 1186 4084 (Ι
1213 4013 1338 4070 Cor.
1370 4028 1467 4080 xv,
1498 4011 1615 4083 50),
1649 4036 1668 4060 ι
1706 4027 1802 4068 re-

204 4103 457 4159 ticentes
507 4100 650 4156 illud
700 4100 920 4169 callide,
977 4099 1123 4172 quod
1176 4101 1440 4174 sequitur.
1472 4099 1609 4159 Cum
1652 4099 1801 4156 enim

202 4188 460 4249 dixisset
489 4203 503 4242 :
548 4210 569 4236 ι
596 4186 736 4246 Caro
764 4195 818 4243 et
846 4187 1067 4258 sanguis
1098 4203 1323 4260 regnum
1354 4188 1452 4245 Dei
1477 4205 1589 4246 non
1619 4188 1802 4261 possi—

207 4279 455 4345 debunt,
484 4300 506 4326 ι
550 4274 797 4347 sequitur
819 4292 883 4333 ac
909 4274 1047 4331 dicit
1079 4293 1091 4331 :
1139 4300 1159 4325 ι
1181 4276 1292 4333 Nec
1318 4278 1596 4349 corruptio
1624 4277 1801 4334 incor-

207 4367 494 4442 ruptelam
524 4364 829 4440 possidebit
864 4363 1077 4435 (Ibid).
1108 4387 1128 4411 ι
1172 4363 1299 4420 Haec
1324 4379 1450 4435 ergo
1477 4365 1623 4421 dicta
1648 4373 1797 4436 sunt,

1927 3239 1946 3264 ι
1971 3215 2094 3271 Sint
2124 3216 2299 3271 lumbi
2331 3216 2519 3287 vestri
2531 3217 2831 3287 praecincti,
2863 3224 2917 3272 et
2962 3217 3198 3273 lucernae
3244 3217 3497 3274 ardentes

1913 3301 1972 3358 in
2002 3303 2254 3359 manibus
2282 3304 2478 3359 vestris
2504 3282 2699 3373 I-(Ibid.
2761 3304 2876 3375 35).
2909 3328 2928 3352 ι
2973 3306 3051 3360 De
3105 3321 3213 3377 quo
3264 3313 3318 3359 et
3352 3305 3497 3375 Apo-

1912 3395 2086 3449 stolus
2116 3394 2230 3449 ait:
2285 3418 2303 3442 ι
2352 3392 2560 3465 Spiritu
2589 3394 2885 3460 ferventes,
2916 3394 3153 3449 Domino
3194 3393 3495 3449 servientes

1915 3483 2090 3553 (Rom.
2123 3498 2225 3551 χιι,
2260 3483 2371 3551 11).
2412 3508 2430 3531 ι
2474 3482 2616 3552 Ergo
2638 3481 2861 3537 divinus
2889 3497 3069 3537 sermo
3099 3481 3306 3553 ignitus
3334 3488 3415 3536 est
3438 3486 3493 3535 et

1912 3568 2148 3627 fervens.
2182 3571 2341 3637 Quod
2375 3571 2488 3643 ipse
2536 3570 2805 3627 Dominus
2843 3571 3163 3642 comprobat
3206 3570 3395 3627 dicens
3424 3569 3494 3625 ad

1911 3657 2198 3714 Jeremiam
2253 3659 2613 3731 prophetam:
2658 3682 2679 3705 ι
2735 3660 2877 3715 Ecce
2927 3658 3053 3714 dedi
3094 3658 3259 3714 verba
3289 3674 3406 3715 mea
3436 3658 3493 3714 in

1912 3761 2004 3802 ore
2038 3754 2134 3802 tuo
2172 3747 2313 3802 sicut
2344 3747 2523 3818 ignem
2558 3747 2772 3816 (Jerem.
2802 3764 2859 3815 ν,
2897 3747 3024 3817 14);
3055 3772 3073 3793 ι
3122 3764 3282 3820 quem
3313 3747 3492 3819 ignem

1911 3833 2057 3891 intra
2085 3850 2142 3890 se
2168 3834 2283 3906 ipse
2312 3834 2575 3907 propheta
2602 3842 2994 3891 exaestuantem
3016 3834 3256 3891 declarat
3283 3835 3487 3891 dicens:

1925 3945 1944 3969 ι
1990 3923 2322 3995 Factumque
2378 3930 2459 3979 est
2513 3923 2571 3979 in
2605 3923 2769 3979 corde
2799 3940 2920 3979 meo
2957 3925 3114 3996 quasi
3163 3925 3308 3995 ignis
3354 3940 3492 3979 exae-

1909 4018 2096 4069 stuans
2129 4012 2245 4082 (21)
2280 4011 2443 4083 (Ibid.
2472 4028 2569 4080 xx,
2600 4012 2680 4083 9).
2716 4037 2735 4061 ι
2777 4011 2934 4079 Quod
2973 4028 3098 4084 ergo
3127 4012 3337 4068 dictum
3374 4018 3486 4065 est:

1924 4122 1944 4147 ι
1972 4101 2119 4157 Deus
2154 4108 2339 4157 noster
2393 4099 2535 4173 ignis
2589 4116 2917 4158 consumens
2970 4108 3071 4168 est,
3112 4125 3132 4149 ι
3174 4099 3251 4155 ita
3279 4098 3489 4153 dictum

1911 4198 2013 4259 est,
2044 4205 2156 4246 non
2185 4206 2294 4263 quo
2313 4191 2459 4246 Deus
2475 4192 2570 4263 qui
2590 4190 2817 4261 spiritus
2846 4196 2945 4258 est,
2971 4188 3113 4260 ignis
3140 4187 3243 4254 sit;
3268 4187 3361 4243 sed
3382 4201 3491 4258 quo

1904 4278 2410 4352 justosilluminet,
2442 4279 2838 4335 sustinentibus
2891 4292 3022 4332 vero
3075 4291 3289 4349 pcenam
3346 4276 3489 4349 ignis

1910 4383 2025 4425 esse
2056 4368 2327 4425 videatur.
2357 4367 2484 4424 Haec
2510 4366 2577 4422 de
2613 4383 2676 4422 eo
2706 4366 2851 4439 quod
2872 4366 3083 4421 dictum
3115 4372 3196 4421 est
3233 4382 3244 4420 :
3290 4389 3309 4412 ι
3347 4368 3491 4423 Deus

208 4472 331 4514 non
386 4472 495 4529 quo
551 4455 827 4527 dispereat
881 4459 1080 4510 natura
1132 4466 1424 4523 corporum
1489 4462 1881 4539 sanctorum'D
1911 4464 2096 4513 noster
2123 4455 2265 4529 ignis
2290 4471 2619 4512 consumens
2646 4462 2747 4511 est.
2779 4479 2797 4503 ι
2846 4454 3004 4511 Nunc
3027 4455 3096 4511 ad
3129 4453 3379 4512 ordinem
3410 4470 3488 4512 re-

211 4556 562 4616 nostrorum,
590 4546 686 4604 sed
714 4562 822 4619 quo
850 4542 1233 4616 corruptivum
1266 4541 1371 4600 hoc
1395 4541 1588 4599 induat
1613 4545 1801 4603 incor-

212 4637 557 4709 ruptionem,
588 4636 733 4693 sicut
761 4633 905 4692 idem
926 4631 1248 4706 comprobat
1267 4631 1564 4705 Apostolus
1591 4632 1795 4691 dicens:

225 4751 247 4778 ι
276 4730 375 4787 Sic
399 4738 452 4786 et
478 4729 805 4788 resurrectio
834 4736 1216 4797 mortuorum;
1265 4728 1569 4785 seminatur
1597 4727 1656 4784 in
1686 4742 1800 4786 cor-

214 4818 502 4891 ruptione,
530 4825 714 4891 surget
742 4812 827 4874 ~in
872 4816 1330 4889 incorruptione:
1390 4816 1698 4873 seminatur
1743 4816 1800 4874 in

213 4904 590 4977 ignobilitate,
623 4912 807 4978 surget
836 4905 893 4961 in
926 4905 1100 4977 gloria
1131 4922 1144 4959 :
1193 4905 1496 4962 seminatur
1541 4905 1600 4961 in
1647 4904 1798 4961 infir-

213 4993 433 5062 mitate,
489 5001 677 5067 surget
706 4994 764 5050 in
792 4994 1001 5050 virtute
1036 5010 1049 5049 :
1096 4995 1399 5050 seminatur
1447 5009 1646 5063 corpus
1682 4993 1797 5048 ani-

287 5129 413 5203 (15)
468 5130 667 5203 Eadem
710 5130 870 5186 Rom.
904 5128 1061 5196 edit.,
1092 5136 1477 5186 sacramentum
1504 5143 1559 5183 se
1584 5140 1798 5199 vergens

210 5202 358 5257 alter
381 5202 653 5271 propheta.

289 5272 418 5345 (16)
446 5271 830 5345 EademRom.
863 5271 1205 5345 edit.,)quasi
1232 5271 1454 5339 diceret;
1514 5291 1630 5329 cum
1655 5290 1797 5345 pro-

206 5341 373 5412 pheta
400 5342 504 5396 hazc
530 5344 790 5413 audirem,
820 5344 958 5413 quod
986 5342 1236 5409 videlicet,
1266 5349 1368 5398 etc.

290 5413 411 5482 (17)
444 5412 641 5468 Eadem
676 5415 808 5471 Rom
821 5412 841 5468 ξ
858 5414 1015 5481 edit.,
1043 5414 1132 5469 ille
1160 5419 1254 5478 est,
1283 5414 1374 5482 qui
1402 5415 1628 5469 hominis
1648 5416 1795 5472 illius

211 5496 403 5554 curam
431 5484 553 5554 egit,
582 5485 694 5554 qui,
730 5492 834 5539 etc.

285 5553 409 5624 (18)
443 5553 602 5610 Rom;
631 5555 787 5623 edit.,
818 5555 1145 5609 contrarium
1178 5560 1323 5608 tuum
1343 5556 1371 5611 7
1398 5572 1510 5609 sum
1538 5563 1711 5612 autem
1739 5557 1797 5613 in

212 5626 260 5683 te
282 5626 458 5681 onus?
481 5627 557 5682 Et
591 5642 690 5682 cur
726 5642 833 5683 non
877 5625 1047 5697 fecisti
1100 5626 1399 5697 iniquitatis
1424 5643 1548 5682 mea:
1578 5628 1793 5684 oblivio-

1909 4554 2206 4603 vertemur.

1979 4643 2207 4702 CAPUT
2222 4643 2472 4700 XXII.—
2496 4642 2782 4712 Quomodo
2798 4659 2925 4717 ergo
2955 4644 3280 4700 resurrectio
3309 4641 3491 4700 carnis

1908 4741 2155 4806 negatur,
2178 4749 2304 4790 cum
2333 4733 2508 4790 multo
2538 4742 2663 4790 ante
2690 4750 2785 4805 per
2814 4733 3133 4805 prophetam
3164 4747 3231 4788 ex
3263 4747 3489 4803 persona

1908 4838 2007 4878 sua
2026 4822 2296 4879 Dominus
2310 4822 2561 4879 Christus
2589 4823 2795 4878 dixerit
2819 4839 2830 4876 :
2851 4846 2869 4868 ι
2891 4821 3028 4877 Caro
3059 4837 3178 4877 mea
3200 4820 3489 4893 requiescit

1907 4910 1967 4966 in
1994 4912 2275 4983 spe(Psat.
2303 4927 2396 4979 xv,
2419 4912 2477 4982 9)
2499 4929 2512 4977 ;
2534 4919 2622 4965 -et
2656 4911 2713 4965 in
2748 4911 2857 4966 alio
2888 4912 3026 4968 loco:
3048 4910 3206 4968 «Caro
3233 4909 3351 4981 ejus
3377 4925 3488 4966 non

1908 4998 2119 5054 videbit
2150 5000 2555 5073 corruptionem
2599 5000 2733 5071 (Isa.
2777 5016 2895 5068 LIII,
2927 5000 3025 5069 9);
3075 5024 3095 5048 ι
3138 5008 3192 5055 et
3239 4999 3484 5055 iterum:

1903 5147 2040 5199 nem,
2071 5139 2118 5186 et
2140 5132 2562 5203 puriﬁcationem
2577 5134 2774 5202 peccati
2804 5134 2949 5188 mei?

1980 5203 1999 5257 (
2009 5203 2096 5257 19)
2144 5203 2344 5257 Eadem
2386 5204 2543 5257 Rom.
2577 5202 2735 5257 edit..
2767 5204 2882 5257 steti
2928 5220 3023 5257 per
3053 5211 3214 5257 totum
3243 5202 3400 5257 diem.
3441 5206 3490 5253 et

1980 5203 2096 5272 (19)
2144 5203 2344 5259 Eadem
2386 5204 2543 5259 Rom.
2577 5203 2735 5270 edit.,
2767 5204 2882 5257 steti
2928 5220 3023 5274 per
3053 5211 3214 5259 totum
3243 5203 3400 5265 diem,
3441 5216 3467 5253 e

1906 5288 2063 5343 super
2092 5281 2265 5328 castra
2295 5274 2409 5327 steti
2449 5279 2551 5327 tota
2582 5281 2741 5329 nocte.

1904 5344 2095 5468 da(?.0)
2130 5345 2330 5400 Eadem
2364 5345 2514 5400 Rom.
2549 5344 2705 5412 edit.,
2738 5352 2785 5399 et
2809 5346 2937 5415 quid
2964 5347 3081 5400 volo
3104 5344 3207 5399 nisi
3232 5348 3287 5396 ut
3312 5356 3484 5395 accen-

2000 5432 2084 5470 ur.

2130 5486 2331 5542 Eadem
2364 5488 2521 5543 Rom.
2556 5486 2714 5552 edit.,
2746 5486 2943 5557 factum
2980 5494 3072 5553 est,
3112 5484 3301 5557 inquit,
3330 5481 3486 5553 quasi

1901 5556 2038 5629 ignis
2063 5558 2278 5624 ardens,
2305 5560 2607 5616 comburens
2636 5559 2692 5613 in
2730 5556 2929 5615 Ossibus
2958 5559 3100 5629 meis.
