4068 6188
529 270 636 333 863

1540 269 1635 325 AD
1674 268 1905 326 omna
1934 234 2374 329 slimanosn
2410 268 2789 329 APPENDIX.

545 431 567 456 ι
586 406 873 480 Sepultura
901 403 1017 475 ejus
1046 401 1260 460 sublata
1285 409 1367 458 est
1388 400 1507 473 (22)
1538 401 1699 468 (Ibid.
1732 402 1822 475 10)
1848 419 1862 467 ;
1898 428 1917 452 ι
1942 411 1997 460 et
2022 405 2119 460 ite-
2147 406 2198 465 Α
2224 405 2342 473 bor,
2375 405 2507 461 dum
2535 401 2977 460 manifestabitur
3001 401 3141 458 mihi
3169 404 3339 475 gloria
3369 414 3466 463 tua
3496 409 3677 479 (Psal.
3710 428 3813 486 tv,
3836 445 3851 451 -

532 512 654 555 rum
688 513 740 550 ει
760 493 831 548 Et
858 490 1070 548 videbit
1098 490 1279 546 omnis
1294 506 1433 575 Hcaro
1461 490 1698 546 salutare
1728 491 1828 547 Dei
1853 491 1989 563 (Isa.
2022 508 2117 560 XL,

532 585 615 657 ὅ),
646 608 664 631 ι
708 589 761 638 et
808 581 1006 638 iterum
1042 594 1056 635 :
1103 602 1124 629 ι
1152 579 1350 637 Veniet
1399 579 1581 636 omnis
1608 594 1753 648 caro,
1787 596 1906 652 quae
1933 581 2118 637 adora«

531 680 654 731 tura
681 678 763 728 est
791 670 849 726 in
880 676 1176 741 conspectu
1204 667 1427 724 Domini
1456 667 1578 740 (23)
1611 668 1747 741 (Isa.
1778 684 1934 737 xux,
1966 670 2107 739 23),»

533 761 591 819 id
613 768 716 830 est,
746 767 841 816 aut
872 760 931 815 in
959 759 1257 815 Jerusalem
1284 759 1514 826 caelesti,
1546 767 1641 816 aut
1690 758 1749 814 in
1796 759 1947 815 omni
1996 760 2120 815 loco

530 849 627 907 ubi
665 848 959 916 corruerit,
1000 853 1094 904 aut
1146 848 1357 920 sepulta
1405 847 1593 915 fuerit,
1648 848 1948 904 secundum
1978 848 2120 906 illud

529 937 780 1010 Apostoli
812 952 826 990 :
862 959 883 984 ι
905 935 1048 994 Volo
1075 937 1225 992 viros
1253 952 1411 992 orare
1438 935 1497 991 in
1524 936 1679 991 omni
1708 937 1848 1004 loco,
1875 936 2119 993 levantes

530 1046 725 1088 manus
755 1029 1024 1098 mun‘das;
1056 1053 1076 1078 ι
1119 1030 1166 1086 si
1205 1029 1351 1085 enim
1413 1031 1513 1098 sol,
1543 1037 1546 1040 ’
1571 1031 1668 1103 qui
1718 1039 1965 1088 creatura
2013 1039 2114 1100 est,

529 1118 620 1178 cui
650 1119 967 1193 praecipitur
998 1125 1068 1174 ut
1119 1116 1350 1182 oriatur,
1393 1117 1451 1172 in
1481 1118 1633 1173 omni
1676 1117 1809 1174 orbe
1846 1114 2129 1175 terrarum‘

463 1208 771 1292 ’videtur,
802 1223 867 1264 ac
916 1206 1098 1263 radios
1152 1222 1278 1262 suos
1333 1206 1623 1274 extendit;
1682 1213 1888 1280 quanto
1946 1207 2118 1280 magis

527 1304 742 1356 creator
766 1303 821 1351 et
848 1296 1196 1367 omnipotens
1222 1297 1365 1351 Deus
1395 1295 1453 1350 in
1487 1300 1632 1358 336
1676 1294 1829 1351 omni
1871 1296 2118 1353 creden-

529 1391 636 1451 dus
663 1400 745 1449 est
773 1394 1070 1449 consistere
1108 1392 1229 1448 loco
1260 1391 1377 1464 (24)
1401 1392 1430 1448 ?
1455 1391 1557 1449 Cui
1613 1390 1887 1464 Propheta
1932 1391 2069 1450 dicit
2100 1411 2113 1450 :

541 1507 564 1534 ι
592 1485 712 1553 Quo
736 1483 829 1539 ibo
853 1498 885 1538 a
908 1482 1048 1538 facie
1077 1483 1214 1539 tua?
1260 1481 1317 1539 Si
1365 1481 1696 1539 descendero
1724 1480 1782 1537 in
1812 1481 2114 1549 infernum,

527 1572 658 1630 ades
685 1573 859 1645 (Psal.
904 1589 1173 1642 cxxxvur,
1205 1573 1236 1629 7
1263 1578 1314 1627 et
1338 1571 1421 1643 8),
1455 1595 1474 1621 ι
1519 1579 1574 1629 et
1618 1580 1832 1629 caetera.
1881 1571 1939 1628 Si
1988 1587 2115 1645 ergo

529 1662 714 1720 omnis
749 1676 874 1718 caro
905 1660 1197 1717 adoratura
1224 1669 1306 1717 est
1345 1660 1663 1730 Dominum,
1696 1668 1751 1717 et
1782 1677 1812 1717 e
1839 1661 2116 1718 contrario

2234 494 2345 566 15).
2383 518 2401 543 ι
2442 496 2743 566 Resurgent
2770 508 2899 566 ergo
2934 507 3163 565 corpora
3208 501 3393 550 nostra
3436 495 3497 553 in
3546 506 3817 561 mternnm

2231 589 2323 637 aut
2347 581 2413 637 ad
2443 582 2670 653 gloriam
2706 589 2802 638 aut
2841 596 3056 654 pmnam
3088 597 3345 638 mansura
3372 585 3536 655 (Dan.
3580 605 3688 657 xu,
3734 592 3814 663 2).

2232 670 2399 742 Cujus
2427 677 2590 726 testes
2617 677 2745 726 sunt
2770 668 2921 726 Elias
2944 678 2998 726 et
3024 670 3272 739 Henoch,
3294 671 3390 745 qui
3417 689 3514 745 per
3539 684 3624 734 tot
3647 680 3814 739 series
3914 686 3923 697 '

2229 772 2499 814 annorum
2526 759 2603 814 ita
2624 773 2796 832 usque
2818 759 2887 815 ad
2915 758 3217 817 secundum
3247 760 3549 820 adventum
3579 766 3809 827 Domini

2229 848 2431 907 Christi
2452 856 2789 919 permanent.
2821 846 2977 915 Quod
3009 848 3084 902 ita
3123 862 3238 903 esse
3265 850 3587 921 comprobat
3609 852 3807 916 beatus

2226 936 2330 993 Job
2353 935 2540 993 dicens
2570 953 2583 992 :
2629 962 2647 985 ε
2671 936 2795 993 Scio
2823 935 2952 1008 quia
2987 934 3318 1007 Redemptor
3366 953 3521 995 meus
3558 941 3726 1012 vivit,
3757 954 3809 1004 et

2229 1024 2287 1079 in
2326 1024 2626 1082 novissimo
2655 1025 2743 1081 die
2772 1025 2840 1081 de
2866 1032 3014 1081 terra
3048 1032 3394 1083 surrecturus
3419 1044 3571 1097 sum;
3613 1040 3668 1088 et
3696 1049 3812 1091 rur-

2228 1130 2320 1171 sus
2348 1114 2727 1170 circumdabor
2756 1113 2894 1184 pelle
2925 1130 3065 1181 mea,
3088 1120 3142 1169 et
3162 1115 3221 1170 in
3241 1130 3405 1173 carne
3452 1132 3575 1175 mea
3607 1121 3808 1180 videbo

2236 1202 2430 1257 Deum.
2462 1200 2716 1273 Reposita
2744 1210 2825 1257 est
2853 1200 2970 1258 hac
2996 1217 3118 1274 spes
3147 1218 3267 1258 mea
3302 1203 3361 1259 in
3386 1204 3513 1260 sinu
3545 1206 3665 1280 (26)
3691 1226 3806 1267 meo

2232 1290 2351 1361 (Job
2384 1306 2504 1359 xxx,
2549 1290 2620 1347 25
2649 1297 2697 1345 et
2735 1290 2850 1361 27).
2903 1315 2923 1340 ι
2974 1290 3314 1348 Erubescant
3362 1307 3492 1365 ergo
3538 1295 3805 1369 heretici,

2228 1375 2323 1450 qui
2358 1379 2566 1433 aerium
2617 1385 2711 1435 aut
2747 1377 3151 1449 phantasticum
3194 1394 3394 1450 corpus
3437 1388 3536 1438 aut
3579 1384 3808 1446 Domini

2226 1465 2413 1536 luisse,
2438 1475 2532 1523 aut
2551 1468 3048 1540 metempsychosin
3068 1468 3434 1528 mentiuntur.

2296 1556 2523 1615 CAPUT
2551 1558 2756 1615 XXIV.
2787 1588 2859 1602 --
2891 1557 3034 1615 Satis
3066 1574 3125 1615 re
3167 1574 3297 1616 vera
3344 1559 3574 1633 impium
3616 1570 3703 1620 est
3750 1572 3807 1623 et

2225 1643 2513 1718 injustum,
2543 1654 2608 1703 ut
2631 1646 2752 1715 Job,
2783 1646 2877 1720 qui
2900 1646 3076 1704 oculis
3101 1646 3214 1703 suis
3246 1647 3469 1705 vulnera
3495 1652 3800 1722 conspexit

526 1753 805 1813 cadavera
834 1752 1080 1808 virorum
1109 1751 1205 1825 qui
1248 1751 1591 1824 praevaricati
1639 1759 1767 1809 sunt
1816 1751 1876 1807 in
1920 1752 2106 1821 Deum,

2223 1751 2341 1805 sua,
2384 1744 2441 1791 et
2483 1735 2802 1809 putredines
2844 1750 2909 1793 ac
2945 1750 3159 1793 vermes
3199 1737 3441 1809 corporis
3481 1739 3563 1795 sui
3608 1740 3807 1796 mani-

528 1844 747 1902 aeternis
773 1843 1061 1901 tradentur
1089 1841 1409 1913 ardoribus;
1460 1844 1520 1900 in
1564 1849 1855 1915 utramque
1902 1850 2111 1916 partem

526 1948 658 1991 vera
681 1933 863 1992 carnis
891 1934 997 1990 erit
1025 1933 1373 1989 resurrectio.
1407 1931 1479 1988 Et
1517 1931 1641 1988 ideo
1668 1948 1769 1989 nec
1796 1931 1865 1989 ad
1911 1933 2112 1989 dexte—

526 2036 664 2093 ram,
690 2039 791 2081 nec
823 2022 893 2079 ad
923 2020 1203 2078 sinistram
1247 2021 1315 2077 ab
1355 2020 1461 2078 hac
1507 2028 1696 2078 sancta
1740 2029 1795 2077 et
1842 2020 2112 2079 catholica

526 2108 636 2167 ﬁde
667 2110 1057 2167 declinandum
1088 2110 1249 2167 nobis
1280 2117 1382 2179 est,
1422 2109 1481 2166 id
1505 2116 1586 2166 est
1614 2116 1677 2165 ut
1703 2125 1804 2166 nec
1826 2108 2108 2180 judaicum

526 2215 630 2257 nec
681 2198 1001 2257 haereticum
1054 2215 1294 2256 errorem
1342 2215 1663 2271 sequamur;
1712 2214 1944 2271 quorum
1990 2197 2109 2267 alii,

526 2290 623 2364 qui
651 2290 896 2347 carnales
928 2297 1077 2357 sunt,
1120 2290 1264 2345 solas
1290 2289 1532 2361 diligunt
1556 2303 1779 2354 carnes;
1810 2288 1905 2343 alii
1934 2288 2109 2359 ingra-

524 2378 572 2436 ti
591 2374 983 2435 beneﬁciorum
1013 2375 1113 2432 Dei
1142 2374 1344 2431 habere
1383 2375 1708 2445 detrectant,
1737 2375 1884 2449 quod
1910 2375 2111 2432 Domi-

523 2482 631 2524 nus
678 2466 832 2523 Jesus
883 2464 1135 2523 Christus
1173 2470 1228 2520 et
1266 2470 1426 2520 natus
1469 2463 1685 2533 habuit,
1728 2471 1784 2520 et
1826 2478 2109 2537 resurgens

524 2553 766 2629 possidet
793 2553 853 2610 in
902 2560 1189 2609 aeternum.
1240 2551 1367 2609 Haec
1399 2559 1481 2608 est
1519 2553 1667 2608 enim
1705 2567 1837 2609 vera
1872 2568 2106 2609 resurre-

524 2644 657 2713 ctio,
689 2658 813 2716 quae
843 2642 923 2699 sic
948 2642 1179 2715 gloriam
1207 2642 1362 2699 carni
1392 2641 1611 2712 tribuit,
1641 2650 1704 2698 ut
1746 2658 1858 2698 non
1899 2642 2108 2699 auferat

522 2732 830 2802 veritatem,
867 2732 1010 2788 sicut
1032 2730 1146 2802 jam
1178 2729 1388 2788 dictum
1436 2738 1536 2801 est,
1580 2730 1718 2788 dicit
1763 2731 2102 2805 Apostolus:

535 2844 556 2870 ι
577 2820 947 2893 Corruptibile
964 2820 1070 2876 hoc
1088 2819 1280 2875 induet
1295 2820 1785 2892 incorruptionem,
1808 2829 1862 2877 et
1879 2820 2107 2877 mortale

521 2904 631 2965 hoc
673 2907 866 2965 induet
908 2906 1382 2963 immortalitatem
1414 2908 1474 2976 (Ι
1502 2908 1628 2964 Cor.
1672 2925 1770 2976 xv,
1811 2908 1944 2980 53);
1985 2931 2004 2957 ι
2055 2917 2110 2965 et

522 2995 724 3055 iterum
759 3012 829 3052 τα
852 2996 1121 3053 Nolumus
1164 2995 1334 3067 igitur
1359 2997 1608 3069 spoliari,
1650 3024 1669 3048 ι
1722 3000 1957 3056 subaudi
1995 3017 2107 3057 car-

2221 1826 2327 1882 bus
2353 1825 2599 1898 palpavit
2625 1825 2740 1881 suis
2769 1823 2890 1897 (Job
2919 1840 3021 1892 vn,
3044 1824 3128 1896 5),
3157 1824 3215 1881 in
3244 1824 3411 1882 aliam
3450 1825 3659 1884 dicatur
3707 1838 3808 1888 aut

2222 1930 2439 1973 carnem
2480 1923 2576 1972 aut
2599 1914 2838 1971 animam
2863 1928 3159 1986 resurgere.
3189 1914 3347 1982 Quod
3375 1931 3502 1987 ergo
3545 1915 3614 1974 de
3646 1916 3809 1978 beato

2222 2009 2324 2066 Job
2360 2010 2623 2077 diximus,
2675 2008 2783 2068 hoc
2816 2006 2882 2065 de
2928 2009 3110 2077 Petro,
3151 2008 3257 2066 hoc
3293 2008 3361 2065 de
3398 2010 3590 2079 Paulo,
3635 2019 3692 2068 et
3736 2012 3803 2071 de

2222 2097 2480 2154 omnibus
2520 2097 2723 2154 sanctis
2767 2096 2860 2170 qui
2914 2095 3148 2152 diversis
3206 2112 3305 2169 pro
3350 2099 3465 2154 Deo
3517 2103 3808 2159 tormentis

2222 2186 2433 2243 animas
2460 2195 2778 2257 posuerunt.
2826 2185 3105 2254 Quatritur
3135 2201 3265 2244 sane
3308 2187 3559 2246 illusorie
3587 2207 3619 2247 a
3647 2192 3805 2249 nobis

2220 2273 2290 2331 ab
2318 2273 2611 2344 haereticis,
2642 2281 2831 2331 utrum
2869 2273 2929 2330 in
2968 2274 3366 2333 resurrectione
3407 2276 3700 2335 diversitas
3726 2295 3803 2335 se-

2219 2377 2327 2429 xus
2354 2363 2444 2430 sit,
2475 2362 2533 2418 id
2561 2369 2644 2418 est
2668 2371 2723 2420 et
2763 2363 2983 2419 feminas
3021 2379 3148 2423 cum
3180 2365 3318 2421 viris
3345 2375 3631 2438 resurgant
3662 2368 3799 2441 (27),

2219 2451 2530 2525 ignorantes
2554 2452 2684 2510 caeci
2715 2452 2834 2525 (28)
2881 2452 3212 2510 sententiam
3254 2453 3480 2511 Domini
3518 2456 3755 2515 dicentis
3784 2474 3798 2515 :

2230 2562 2250 2588 ι
2278 2541 2485 2613 Regina
2509 2540 2700 2599 Austri
2727 2550 2912 2613 surget
2940 2542 3001 2597 in
3023 2541 3239 2614 judicio
3268 2559 3395 2602 cum
3423 2545 3562 2602 viris
3583 2561 3801 2618 genera-

2218 2629 2388 2686 tionis
2415 2628 2602 2702 bujus,
2651 2636 2707 2687 et
2745 2629 3137 2688 condemnabit
3172 2647 3264 2688 eos
3294 2633 3445 2704 (Duc.
3493 2651 3572 2704 xi,
3618 2634 3735 2706 31).
3768 2660 3788 2687 ι

2218 2717 2322 2776 Ubi
2350 2734 2478 2791 ergo
2504 2732 2635 2774 vera
2666 2734 2812 2787 caro,
2851 2719 2929 2776 ibi
2956 2719 3248 2778 diversitas
3280 2736 3445 2779 sexus
3474 2729 3592 2791 est;
3622 2731 3678 2779 et
3706 2723 3799 2781 ubi

2218 2806 2510 2865 diversitas
2555 2822 2740 2876 sexus,
2787 2805 2869 2864 ibi
2908 2807 3144 2865 Joannes
3187 2809 3421 2868 Joannes
3462 2819 3544 2868 est
3573 2811 3721 2884 (29),
3748 2821 3803 2868 et

2217 2895 2387 2953 Maria
2414 2895 2587 2952 Maria
2623 2903 2729 2953 est.
2757 2894 2901 2953 Vera
2936 2911 3064 2969 ergo
3096 2897 3279 2955 carnis
3329 2900 3657 2957 resurrectio
3682 2902 3801 2959 sine

2218 2983 2473 3055 operibus
2502 2984 2681 3042 carnis
2708 2984 2841 3052 erit;
2894 2985 3025 3058 quia
3049 2986 3196 3044 sicut
3223 2987 3440 3046 Veritas
3465 2989 3543 3046 ait
3574 3006 3589 3046 :
3631 3012 3654 3038 ι
3699 2992 3800 3048 Ne-

521 3099 627 3154 ne;
696 3108 716 3134 ι
753 3084 847 3142 sed
889 3084 1211 3158 superindui
1254 3084 1538 3158 cupientes
1590 3087 1824 3158 gloriam
1877 3104 1996 3161 quae
2043 3089 2106 3145 de

2219 3084 2323 3142 que
2349 3073 2578 3142 nubent,
2608 3087 2785 3145 neque
2814 3087 3014 3130 uxores
3046 3074 3337 3147 accipient,
3376 3076 3473 3135 sed
3521 3086 3688 3136 erunt
3723 3080 3800 3135 si-

521 3177 660 3234 ccelo
684 3184 766 3234 est
795 3175 914 3249 (25)
942 3195 955 3244 ;
986 3201 1007 3226 ι
1045 3184 1100 3233 et
1119 3176 1316 3233 iterum
1345 3192 1358 3231 :
1398 3201 1417 3225 ι
1446 3177 1516 3234 Ut
1545 3177 1733 3233 vestiti
1760 3186 1813 3234 et
1837 3195 1949 3235 non
1972 3180 2107 3237 nudi

518 3265 872 3324 inveniamur
900 3265 992 3338 (ΙΙ
1009 3265 1135 3323 Cor.
1165 3282 1223 3334 v,
1254 3264 1338 3339 2),
1364 3273 1427 3321 ut
1458 3264 1751 3323 devoretur
1781 3268 1926 3341 quod
1956 3285 2103 3327 mor-

519 3355 629 3416 tale
653 3363 755 3426 est,
786 3372 818 3413 a
844 3353 960 3411 vita
990 3354 1152 3427 (Ibid.
1200 3353 1254 3424 3,
1302 3352 1382 3425 4).
1415 3377 1435 3402 ι
1480 3353 1652 3412 Nemo
1694 3372 1821 3429 ergo
1862 3358 2104 3430 superin-

518 3443 728 3513 duitur,
754 3442 864 3500 nisi
893 3442 988 3516 qui
1016 3449 1142 3499 ante
1170 3443 1404 3500 vestitus
1432 3450 1513 3499 est
1540 3462 1554 3510 ;
1585 3443 1727 3501 sicut
1757 3455 1811 3502 et
1838 3447 2106 3505 Dominus

517 3545 726 3608 noster,
758 3538 853 3610 qui
886 3538 945 3592 in
978 3544 1167 3593 monte
1199 3537 1615 3609 transﬁguratus
1651 3546 1733 3594 est
1761 3538 1819 3594 in
1851 3541 2102 3613 gloriam,

519 3633 659 3685 tunc
680 3625 902 3699 quando
942 3626 1169 3697 Moysen
1212 3634 1266 3682 et
1293 3626 1472 3682 Eliam
1513 3626 1581 3683 ad
1606 3627 1983 3686 testimonium
2012 3645 2103 3687 ex-

516 3711 703 3774 hibuit
729 3730 890 3771 suum
923 3715 1134 3786 (Matth.
1160 3730 1304 3785 xvu,
1337 3715 1395 3787 3)
1421 3734 1436 3783 ;
1472 3715 1631 3789 cujus
1654 3732 1765 3773 non
1786 3719 1966 3774 solum
1986 3733 2102 3776 ves-

515 3803 767 3874 timenta,
802 3803 897 3861 sed
926 3810 980 3860 et
1006 3803 1173 3861 facies
1204 3804 1449 3878 fulgebat
1495 3811 1558 3862 ut
1604 3806 1725 3874 sol;
1778 3805 1875 3862 ubi
1920 3815 2101 3864 autem

514 3895 683 3955 facies
719 3897 1062 3965 nominatur,
1092 3896 1306 3953 aestimo
1341 3896 1489 3971 quod
1526 3903 1582 3953 et
1621 3904 1820 3957 caetera
1862 3897 2104 3955 membra

512 3993 805 4060 conspecta
828 3985 958 4043 sint.

582 4073 813 4133 CAPUT
840 4072 1044 4132 XXIII.
1066 4100 1138 4116 —
1154 4072 1242 4131 Ad
1268 4072 1410 4131 hanc
1430 4072 1607 4147 igitur
1630 4071 2096 4151 clariﬁcationem,

506 4163 643 4237 justi
697 4181 888 4223 omnes
950 4164 1009 4221 in
1068 4163 1469 4221 resurrectione
1539 4164 2097 4236 transformabantur,

511 4251 777 4325 probante
797 4253 905 4311 hoc
925 4254 1132 4310 Joanne
1151 4253 1488 4326 evangelista
1513 4268 1577 4309 ac
1608 4252 1826 4310 dicente
1857 4268 1869 4310 :
1909 4276 1927 4301 ι
1960 4254 2098 4313 Cha-

511 4338 737 4409 rissimi,
767 4339 873 4396 ﬁlii
909 4339 1009 4396 Dei
1039 4356 1249 4410 sumus,
1281 4348 1335 4398 et
1381 4341 1625 4398 nondum
1673 4342 1926 4414 apparuit
1965 4341 2097 4416 quid

2216 3166 2311 3216 cut
2342 3160 2520 3231 angeli
2558 3159 2619 3215 in
2655 3159 2791 3217 coelo
2840 3159 3057 3231 (Matth.
3087 3176 3230 3231 xm,
3269 3162 3386 3235 30).
3416 3189 3437 3215 ι
3477 3164 3799 3226 Similitndo

2216 3260 2344 3320 ergo
2374 3249 2534 3304 nobis
2558 3248 2802 3321 angelica
2824 3249 3189 3320 promittitur,
3212 3267 3325 3309 non
3347 3252 3659 3312 substantia
3686 3272 3799 3314 car-

2215 3337 2302 3392 nis
2327 3345 2590 3408 negatur;
2624 3336 2842 3410 quando
2871 3340 3021 3396 enim
3050 3339 3254 3396 dicitur
3285 3343 3538 3415 :«Neque
3562 3344 3798 3414 nubent,

2214 3438 2389 3496 neque
2417 3424 2695 3481 nubentur
2721 3442 2735 3493 ;
2769 3449 2789 3475 ι
2834 3425 2902 3482 de
2934 3426 3024 3485 his
3050 3426 3257 3485 dicitur
3298 3431 3392 3502 qui
3439 3440 3673 3503 possunt
3703 3448 3797 3490 nu-

2213 3511 2361 3581 bere,
2395 3520 2451 3568 et
2476 3519 2659 3570 tamen
2685 3529 2796 3571 non
2817 3514 3049 3575 nubent.
3077 3516 3137 3574 Si
3161 3518 3305 3574 enim
3336 3517 3429 3578 hic
3460 3520 3520 3577 in
3551 3520 3660 3577 ista
3684 3522 3799 3579 vita

2213 3618 2334 3675 quae
2358 3603 2588 3659 tentatio
2615 3610 2697 3659 est
2727 3604 2844 3678 (30)
2890 3621 3054 3678 super
3098 3615 3325 3671 terram,
3362 3608 3528 3667 multi
3574 3619 3799 3685 propter

2210 3706 2445 3765 regnum
2500 3692 2765 3750 caelorum
2812 3693 3131 3768 semetipsos
3184 3702 3504 3767 castrantes,
3551 3712 3667 3755 non
3697 3716 3796 3757 nu-

2210 3791 2381 3859 bunt;
2417 3800 2610 3850 etnon
2660 3793 2840 3849 solum
2894 3792 3026 3862 viri,
3067 3792 3162 3850 sed
3197 3794 3363 3851 etiam
3392 3795 3629 3863 feminae,
3660 3795 3793 3866 hoc,

2209 3880 2431 3940 Christo
2453 3880 2704 3953 juvante,
2744 3882 2957 3940 faciunt
2987 3898 3000 3938 :
3030 3889 3237 3956 quanto
3266 3883 3440 3956 magis
3465 3882 3570 3940 hoc
3594 3882 3658 3940 in
3694 3885 3797 3941 illa

2207 3973 2365 4030 beata
2392 3973 2508 4029 vita
2534 3989 2646 4030 non
2675 3972 2924 4032 dicamus
2949 3974 3089 4044 ﬁeri,
3117 3975 3211 4031 sed
3245 3974 3363 4048 (3i)
3407 3988 3508 4035 nec
3548 3976 3794 4049 cogitare

2208 4061 2431 4119 licebit!
2488 4061 2836 4121 Catholicam
2882 4077 3010 4137 ergo
3053 4071 3108 4122 et
3133 4070 3344 4122 rectum
3383 4072 3467 4122 est
3492 4074 3793 4140 utrumque

2207 4166 2399 4209 sexum
2428 4151 2488 4208 in
2517 4152 2699 4209 carnis
2740 4154 3139 4212 resurrectione
3166 4153 3287 4224 sine
3317 4171 3483 4213 sexus
3532 4157 3793 4230 operibus

2205 4239 2455 4301 conﬁteri
2487 4256 2500 4296 :
2532 4256 2679 4311 cum,
2706 4248 2769 4299 ut
2815 4242 2929 4315 jam
2975 4243 3187 4300 dictum
3236 4252 3338 4313 est,
3369 4245 3561 4304 adhuc
3594 4246 3656 4302 in
3688 4246 3790 4303 hac

2205 4330 2321 4387 vita
2346 4329 2510 4403 positi
2539 4329 2783 4388 nitamur
2807 4348 2933 4390 cum
2964 4332 3064 4391 Dei
3083 4332 3358 4405 adjutorio
3384 4350 3554 4408 opera
3574 4335 3783 4404 carnis,

510 4427 735 4484 erimus.
784 4426 1001 4485 Scimus
1041 4429 1172 4501 quia
1211 4444 1335 4486 cum
1396 4431 1727 4503 apparuerit,
1777 4431 1985 4489 similes
2045 4436 2095 4491 ei
2125 4460 2174 4520 D
2203 4435 2324 4494 qum
2367 4428 2557 4478 contra
2612 4423 2867 4496 Spiritum
2925 4423 3287 4495 οοηοιιΡίεοίίι
3339 4439 3451 4481 non
3511 4423 3783 4497 ίωριθΐθὶ

508 4516 715 4574 erimus
744 4517 803 4589 (Ι
820 4517 979 4573 Joan.
1010 4532 1094 4585 m,
1125 4517 1205 4589 2).
1239 4542 1258 4566 ι
1300 4518 1371 4573 Et
1390 4518 1576 4590 justus
1601 4519 1738 4576 dicit
1768 4538 1779 4575 ε
1808 4543 1827 4568 ι
1858 4521 1972 4596 Ego
2001 4538 2092 4581 au-

506 4612 618 4664 tem
647 4623 775 4666 cum
796 4605 1019 4682 justitia
1043 4606 1312 4681 apparebo
1340 4607 1398 4665 in
1437 4616 1732 4684 conspectu
1760 4619 1894 4682 tuo;
1935 4614 2091 4672 satia-

579 4750 953 4830 (22)-Eadem
980 4751 1138 4830 130m.
1172 4750 1344 4830 edit.,
1384 4753 1514 4810 Erit
1545 4753 1604 4811 in
1631 4769 1768 4827 pace
1816 4760 2091 4830 sepultura

506 4821 640 4890 ejus,
670 4821 853 4879 ablata
884 4829 957 4877 est
985 4823 1048 4877 de
1073 4823 1260 4880 medio.

577 4893 694 4973 (23)
736 4894 938 4973 Eadem
983 4894 1140 4973 Rom.
1185 4893 1344 4973 edit_.,
1392 4901 1467 4973 ut_
1488 4897 1675 4956 adoret
1715 4899 1774 4956 in
1819 4908 2088 4973 conspectu

502 4978 614 5019 meo
646 4964 703 5018 in
722 4964 1037 5033 Jerusalem,
1070 4967 1163 5021 hoc
1189 4974 1263 5021 est
1289 4964 1345 5021 in
1373 4969 1515 5025 ccelo.

576 5035 693 5116 (24)
728 5035 930 5116 Eadem
957 5036 1114 5116 Rom.
1146 5037 1303 5105 edit.,
1335 5054 1537 5095 omnem
1563 5040 1876 5097 credendum
1899 5049 1977 5098 est
1995 5060 2083 5116 pe-

500 5112 713 5178 netrare
728 5113 778 5178 et
799 5108 1017 5178 implere
1040 5109 1227 5164 locum.

572 5175 690 5250 (25)
722 5175 925 5250 Eadem
960 5179 1115 5235 Rom.
1151 5179 1309 5248 edit.,
1338 5197 1454 5250 qua:
1476 5182 1537 5238 de
1568 5183 1676 5239 Deo
1704 5186 1796 5238 est.

573 5247 941 5325 (26)‘Eadem
993 5251 1150 5325 Ilum.
1197 5247 1360 5318 edit.,
1390 5254 1505 5308 Scio
1544 5255 1683 5323 quod
1726 5259 1949 5309 alemus
1986 5263 2079 5325 est,

496 5318 593 5389 qui
637 5318 833 5374 scivere
869 5336 947 5396 me
996 5320 1153 5396 debet,
1184 5338 1342 5396 super
1358 5318 1567 5396 Alerrani
1596 5325 1848 5380 suscitare
1892 5318 2081 5396 pelleni

495 5405 684 5461 meam,
723 5407 838 5461 quia
864 5392 1050 5445 tolerat
1078 5390 1202 5446 ἠως.
1243 5394 1289 5447 Α
1347 5394 1570 5449 Domino
1615 5396 1752 5449 enim
1803 5390 1907 5451 hwé
1952 5398 2081 5455 mihi

499 5460 900 5533 confecta:_sunt
920 5478 941 5524 ;
986 5477 1103 5529 qua:
1152 5479 1238 5533 ego
1286 5466 1519 5521 conscius
1555 5482 1692 5533 sum,
1736 5484 1853 5533 quae
1897 5472 2079 5526 oculus

495 5545 639 5584 meus
666 5531 817 5597 vidit,
850 5536 1027 5585 etnon
1059 5531 1223 5598 alius,
1255 5536 1432 5591 omnia
1468 5542 1641 5593 autem
1667 5531 1799 5594 mihi
1826 5555 2077 5596 consum-

495 5606 642 5655 mata
668 5606 791 5655 sunt
814 5600 872 5656 in
889 5603 1011 5659 sinu
1034 5619 1163 5660 meo.

2201 4516 2463 4592 probante
2491 4516 2597 4577 hoc
2633 4516 2898 4592 Apostolo
2930 4533 2995 4577 ac
3023 4519 3241 4578 dicente
3270 4536 3286 4577 :
3330 4542 3351 4570 ι
3389 4519 3504 4578 Vos
3532 4519 3590 4575 in
3620 4531 3784 4576 carne

2200 4625 2312 4668 non
2349 4611 2501 4682 estis,
2539 4608 2634 4667 sed
2665 4610 2723 4667 in
2752 4610 2951 4684 spiritu
2978 4611 3156 4684 (Rom.
3183 4626 3306 4682 vni,
3337 4611 3436 4685 9);
3469 4635 3492 4662 ι
3532 4610 3784 4684 negando

2271 4755 2388 4827 (27)
2418 4753 2618 4810 Eadem
2644 4754 2804 4812 Rom.
2825 4752 2984 4825 edit.,
3008 4771 3083 4813 an
3108 4753 3322 4828 feminae
3345 4771 3384 4813 a
3422 4754 3558 4812 uiris
3595 4752 3779 4811 distin-

2197 4831 2291 4883 cta:
2308 4832 2613 4897 resurgant.

2196 4894 2626 5024 αρνξῗῗιὲοῗέάθω
2648 4897 2807 4957 Rm"-
2839 4896 2998 4968 θείη»
3025 4897 3290 4972 moram
3308 4897 3533 4973 peram,
3560 4912 3673 4955 non
3698 4894 3776 4952 οε.

2232 4975 2317 5024 ent
2330 4975 2469 5024 elect.

2270 5041 2386 5113 (29)
2418 5039 2621 5113 Eadem
2652 5042 2810 5097 Rom.
2840 5040 3009 5113 edit.,.
3030 5041 3177 5113 Ergo
3220 5039 3297 5097 ibi
3339 5041 3467 5113 erit,
3491 5040 3770 5113 diuersitas

2195 5111 2372 5174 sexus.
2400 5112 2503 5167 Nec
2532 5112 2746 5179 mirum,
2776 5112 2907 5182 quia
2938 5112 3029 5168 ubi
3054 5111 3178 5169 vera
3210 5128 3357 5181 caro,
3395 5111 3471 5169 ibi
3500 5111 3774 5182 (distinctio

2192 5185 2543 5245 membrorum
2574 5189 2622 5248 et
2638 5181 3005 5253 personarum.
3043 5184 3140 5242 Ubi
3174 5201 3297 5242 vero
3326 5183 3452 5240 talis
3478 5181 3769 5249 distinctio,

2191 5257 2264 5317 ibi
2284 5254 2471 5324 procul
2500 5253 2657 5308 dubio
2672 5254 2920 5311 Joannes.

2257 5323 2372 5397 (30)
2403 5325 2606 5380 Eadem
2635 5326 2793 5384 Rom.
2821 5326 2978 5394 edit.,
3011 5325 3306 5383 miserabili
3331 5325 3461 5396 vita,
3482 5339 3603 5396 qua
3620 5323 3775 5397 pira-

2189 5396 2376 5451 terium
2407 5402 2498 5451 est.

2261 5466 2376 5540 (ill)
2397 5538 2407 5540 _
2427 5465 2630 5523 Eadem
2684 5468 2841 5540 Rom.
2876 5467 3034 5537 edit.,
3075 5475 3271 5540 quanto
3298 5469 3474 5526 minus
3501 5465 3637 5524 talia
3663 5467 3773 5524 haec

2185 5538 2248 5590 in
2272 5538 2372 5593 illa
2392 5538 2539 5595 beata
2568 5540 2677 5594 vita
2705 5539 2893 5595 nedum
2919 5540 3057 5613 ﬁeri,
3081 5538 3187 5612 sed,
3216 5548 3322 5601 etc.
