4068 6188
252 274 377 335 565.

1391 268 1485 328 DE
1522 267 1895 326 ΤΒΙΝΙΤΑΤΕ
1933 266 2377 345 TRACTATUSa

3420 280 3550 349 διδ.

250 398 397 472 enim
430 396 541 469 (32)
574 411 665 453 eos
696 395 756 453 in
785 410 968 463 carne,
996 409 1135 469 quos
1161 395 1219 454 in
1249 410 1410 454 carne
1444 411 1559 453 esse
1595 402 1824 452 consta-
1860 396 1913 458 A
1940 393 2211 449 conclusit
2232 394 2557 453 sententiam
2573 414 2748 469 suam,
2771 399 2973 459 dicens:
2998 401 3108 461 cSic
3124 409 3524 469 etresurrectio

247 486 359 559 bat,
391 500 500 543 non
529 483 714 541 carnis
760 482 1147 555 substantiam,
1190 483 1283 543 sed
1316 489 1460 550 337
1489 490 1727 557 peccata,
1777 481 1834 542 id

247 591 328 640 est
356 597 517 655 opera
542 580 751 649 carnis,
796 580 857 637 in
886 580 967 638 eis
995 579 1312 640 damnavit:
1345 589 1401 641 et
1440 583 1674 641 iterum:
1713 604 1733 631 ι
1762 580 1835 640 Ut

247 668 605 729 absorbeatur
623 666 772 740 quod
802 669 1031 727 mortale
1055 678 1159 738 est,
1184 686 1217 729 a
1244 670 1360 729 vita
1389 671 1478 744 (ΙΙ
1504 672 1625 730 Cor.
1650 687 1704 739 v,
1720 669 1779 741 4)
1801 692 1821 723 ο

247 762 395 836 quia,
473 761 606 822 licet
667 760 905 819 exterior
982 760 1150 823 homo
1207 769 1391 821 noster
1463 760 1835 833 corrumpitur

250 849 350 909 sed
378 855 678 908 renovatur
706 847 938 909 interior
969 847 1087 921 (33)
1113 867 1128 918 ;
1150 849 1296 922 quod
1317 858 1499 908 tamen
1529 865 1639 908 non
1657 849 1835 909 solum

242 938 303 997 in
334 954 503 1010 regno
539 937 827 1006 caelorum,
855 945 910 997 et
936 937 1286 1011 baptismate,
1318 938 1411 996 sed
1440 938 1605 996 etiam
1635 938 1689 995 in
1711 954 1836 1010 pos-

242 1026 563 1087 nitentibus
583 1025 832 1100 quotidie
874 1026 995 1085 ﬁeri
1025 1026 1362 1092 noverimus,
1393 1027 1450 1082 in
1480 1026 1678 1099 quibus
1704 1041 1834 1085 car—

243 1116 335 1174 nis
386 1115 647 1177 interitus
691 1115 759 1174 ad
789 1115 1097 1187 profectum
1128 1115 1273 1174 cedit
1323 1116 1683 1187 spiritualem.
1730 1113 1832 1175 Cui

244 1219 376 1273 ergo
401 1218 503 1261 nec
547 1218 710 1275 opera
750 1202 931 1261 carnis
972 1210 1152 1269 erunt,
1186 1216 1286 1260 nec
1328 1210 1620 1275 augmenta
1651 1217 1833 1259 mem-

242 1290 496 1359 brorum,
525 1308 624 1351 nec
650 1292 878 1363 capillus
905 1291 1099 1349 crescit
1126 1298 1221 1347 aut
1249 1291 1449 1364 unguis
1476 1309 1491 1358 ;
1547 1290 1676 1364 quia
1703 1307 1833 1351 οἰησ-

244 1395 346 1436 nes
374 1380 430 1437 in
459 1379 640 1436 virum
670 1379 972 1451 perfectum
1020 1378 1237 1450 (Ep/aes.
1268 1394 1347 1447 Iv,
1390 1377 1503 1450 13),
1536 1378 1630 1451 qui
1660 1377 1832 1441 Chri-

242 1474 362 1523 stus
384 1474 486 1535 est,
518 1482 862 1538 resurgemus
884 1466 1024 1538 (34).
1057 1465 1120 1524 Si
1152 1466 1300 1527 enim
1330 1466 1586 1526 Patribus
1616 1467 1676 1524 in
1703 1482 1832 1527 ere-

244 1573 336 1613 mo
364 1556 722 1630 quadraginta
747 1557 910 1617 annis
938 1572 1051 1617 non
1070 1556 1285 1630 capilli,
1314 1573 1430 1617 non
1457 1573 1665 1631 ungues
1692 1574 1723 1615 c
1749 1572 1830 1617 re-

243 1654 462 1713 verunt,
494 1652 592 1702 aut
618 1645 949 1704 vestimenta
975 1655 1072 1704 aut
1100 1645 1467 1705 calceamenta
1492 1647 1683 1706 attrita
1701 1653 1833 1705 sunt

1942 490 2307 542 mortuorum.
2336 506 2357 532 ι
2400 482 2556 555 Quod
2585 495 2646 548 ut
2697 488 2774 548 ita
2817 491 2987 567 possit
3035 491 3289 567 intelligi,
3322 504 3548 559 nostrae-
3590 540 3601 546 ς

1941 569 2276 630 conditionis
2317 588 2436 649 quae
2482 572 2597 647 (41)
2636 574 2693 635 in
2741 576 2845 637 hoc
2899 580 3098 636 saeculo
3134 580 3213 651 fit,
3252 586 3539 659 ponamus

1946 659 2216 749 exempla.
2250 660 2437 721 Infans
2456 661 2602 722 enim
2621 679 2744 723 cum
2769 664 2825 719 in
2847 682 3076 742 puerum
3108 670 3360 742 creverit,
3391 690 3525 749 puer

1920 761 2074 807 vero
2102 747 2161 809 in
2185 748 2470 823 juvenem,
2500 751 2731 828 juvenis
2750 764 2930 811 autem
2960 756 3018 814 in
3049 757 3325 830 virum,et
3353 747 3439 817 vir
3469 763 3527 823 in

1943 850 2149 906 senem,
2193 854 2533 916 nequaquam
2587 856 2681 916 per
2728 840 2967 916 singulas
3011 851 3193 907 aetates
3222 847 3384 922 perit,
3433 849 3527 909 sed

1942 939 2153 1000 semper
2179 925 2322 983 idem
2354 936 2452 1002 est,
2490 930 2581 1007 qui
2620 929 2747 989 fuit.
2786 930 3053 989 Paulatim
3084 948 3210 1009 ergo
3254 934 3347 994 hic
3374 945 3526 1011 tetas,

1941 1029 2054 1072 non
2078 1014 2203 1102 (42)
2232 1023 2411 1073 autem
2445 1028 2640 1075 natura
2669 1020 2829 1096 perit.
2862 1021 2926 1080 In
2970 1020 3068 1080 illa
3094 1030 3274 1079 autem
3303 1025 3527 1085 Jerusa-

1941 1103 2047 1157 lem
2094 1104 2324 1175 ctelesti,
2376 1105 2470 1162 ubi
2498 1108 2581 1163 sol
2633 1106 2735 1167 iste
2770 1124 2832 1165 ac
2861 1108 2991 1168 luna
3028 1113 3339 1186 septuplum
3369 1114 3543 1173 luce—'

1940 1189 2112 1262 bunt,
2145 1191 2491 1250 diversitates
2522 1211 2632 1251 non
2666 1202 2827 1252 erunt
2856 1204 3112 1266 aetatum;
3149 1200 3226 1256 ibi
3255 1201 3404 1261 enim
3428 1206 3543 1263 nec'

1941 1279 2145 1367 infans,
2178 1296 2285 1339 nec
2315 1298 2503 1355 senex,
2535 1299 2637 1341 nec
2654 1300 2856 1360 parvus
2884 1285 3008 1353 erit,
3040 1287 3134 1364 qui
3161 1304 3274 1349 non
3305 1289 3529 1367 impleat

1941 1366 2058 1424 dies
2090 1385 2237 1438 suos,
2269 1378 2457 1444 utpote
2497 1371 2645 1430 illius
2674 1372 3110 1444 resurrectionis,
3139 1383 3192 1431 et
3219 1376 3279 1433 in
3309 1366 3527 1435 mensu-

1951 1471 2066 1513 ram
2098 1459 2383 1529 perveniat
2430 1460 2608 1520 aetatis
2655 1462 3016 1538 plenitudinis
3058 1464 3283 1539 Christi,
3332 1476 3394 1528 ut
3425 1485 3527 1527 nec

1939 1541 2121 1601 desint
2150 1545 2317 1603 alicui
2348 1562 2618 1617 annorum
2647 1551 2842 1623 spatia,
2858 1567 2957 1608 nec
2984 1553 3281 1629 supersint.
3327 1556 3389 1616 In
3431 1558 3528 1614 illo

1939 1646 2064 1707 ergo
2092 1639 2354 1709 tempore,
2410 1651 2537 1694 cum
2584 1645 2714 1694 mtas
2746 1639 2913 1700 fuerit
2952 1648 3061 1700 una
3097 1649 3444 1717 cunctorum,
3473 1653 3527 1701 et

247 1734 424 1806 (Deut.
452 1749 615 1804 xxix,
644 1735 704 1806 5)
734 1752 749 1803 ;
782 1734 890 1792 hoc
933 1734 994 1793 in
1021 1750 1191 1808 regno
1219 1736 1503 1804 caelorum,
1534 1734 1630 1793 ubi
1658 1734 1827 1794 aufu-

1939 1730 2159 1780 sanctus
2186 1731 2239 1780 et
2287 1733 2540 1801 peccator
2576 1735 2737 1784 erunt
2756 1728 2927 1786 simili
2958 1733 3361 1791 resurrectione
3392 1750 3529 1811 per-

243 1822 354 1895 giet
379 1822 560 1891 dolor,
591 1829 647 1879 et
676 1824 933 1895 gemitus,
963 1830 1019 1882 et
1047 1824 1292 1894 tristitia,
1324 1823 1494 1897 quati
1524 1839 1686 1899 quam
1711 1824 1828 1883 im-

242 1912 399 1985 pium
428 1912 524 1981 sit,
553 1913 771 1985 sapiens
799 1914 971 1973 lector
999 1912 1263 1986 intelligit
1292 1914 1430 1986 (35).

317 2018 545 2077 CAPUT
566 2018 747 2076 XXV.
780 2048 848 2065 -
873 2019 978 2077 Sed
998 2028 1191 2077 contra
1205 2020 1346 2076 hanc
1366 2029 1478 2077 tam
1488 2035 1693 2090 veram,
1715 2028 1829 2081 tam

240 2109 461 2167 ﬁrmam
519 2110 849 2178 doctrinam,
905 2116 962 2166 et
1023 2118 1138 2166 tam
1194 2111 1341 2169 clara
1392 2110 1721 2169 documenta
1774 2117 1832 2168 et

242 2198 399 2255 omni
423 2198 629 2256 virtute
675 2196 935 2265 subnixa,
964 2196 1145 2255 solent
1188 2196 1350 2258 nobis
1390 2198 1638 2256 haeretici
1686 2199 1827 2258 illud

241 2295 495 2367 Apostoli
518 2309 790 2367 opponere
813 2294 1066 2365 (Tertull.
1093 2293 1387 2350 deResurr.
1404 2309 1513 2350 cor.
1541 2293 1656 2365 59),
1680 2294 1829 2368 quod

241 2383 360 2440 ait:
424 2384 580 2441 «Non
609 2384 791 2440 omnis
838 2398 963 2440 caro
1009 2381 1199 2439 eadem
1243 2398 1390 2450 caro,
1419 2383 1513 2442 sed
1556 2383 1664 2443 alia
1699 2399 1826 2442 caro

242 2470 511 2541 hominis,
556 2471 665 2528 alia
703 2471 935 2546 pecoris,
984 2472 1092 2527 alia
1120 2471 1432 2539 volucrum,
1460 2481 1516 2529 et
1557 2480 1750 2530 caetera
1770 2474 1827 2546 (Ι

248 2561 377 2619 Cor.
398 2576 496 2630 xv,
520 2559 745 2633 39-42);
776 2583 796 2609 ι
837 2576 952 2617 non
978 2560 1349 2632 intelligentes
1378 2561 1566 2618 miseri
1606 2562 1824 2621 beatum

242 2650 567 2724 Apostolum
605 2648 847 2721 corporis
875 2649 982 2706 hoc
1018 2649 1247 2717 honore,
1287 2664 1399 2706 non
1428 2651 1639 2722 generis
1657 2650 1825 2707 diffe—

245 2740 426 2797 rentia
448 2739 560 2812 (36)
576 2739 806 2797 dixisse.
844 2764 863 2788 ι
889 2738 1015 2796 Alia
1046 2740 1152 2811 (est
1173 2741 1325 2813 ergo)
1356 2756 1484 2796 caro
1507 2739 1767 2808 hominis,
1790 2764 1810 2790 ι

246 2831 308 2889 id
337 2839 435 2901 est,
467 2832 610 2889 servi
637 2832 757 2900 Dei,
823 2832 970 2889 «alia
1018 2834 1252 2906 pecoris,
1277 2856 1298 2883 ι
1342 2831 1401 2889 id
1439 2840 1540 2901 est,
1592 2832 1821 2903 ethnici,

246 2929 302 2977 et
329 2920 646 2994 peccatoris,
677 2929 840 2995 atque
886 2920 1151 2989 haeretici,
1183 2920 1279 2993 qui
1317 2943 1338 2969 ι
1364 2937 1490 2980 cum
1518 2922 1578 2978 in
1614 2920 1826 2981 honore

246 3020 403 3080 esset,
426 3035 445 3059 ι
489 3011 750 3084 sanguine
789 3008 995 3067 Christi
1042 3008 1357 3080 redemptus
1385 3018 1547 3083 atque
1580 3011 1826 3067 honora-

1941 1814 2088 1885 fecti,
2152 1830 2252 1874 nec
2299 1816 2443 1875 inter
2488 1830 2545 1874 se
2592 1816 2886 1875 variabunt
2930 1826 3175 1893 tempore
3224 1820 3382 1898 (43);
3433 1814 3529 1881 sed
3580 1834 3587 1837 ‘

1940 1904 2080 1963 alius
2110 1906 2177 1964 ad
2212 1907 2434 1979 praemia
2462 1913 2683 1978 mterna,
2714 1916 2770 1965 et
2806 1908 2863 1967 in
2893 1909 3212 1983 centuplum
3256 1910 3401 1969 bona
3430 1929 3527 1971 re-

1941 1992 2214 2069 cipienda,
2248 1995 2389 2051 alius
2405 1992 2474 2051 ad
2495 1994 2763 2070 supplicia
2778 1995 3117 2072 pertrahitur
3142 2005 3364 2058 eterna.
3384 1999 3522 2059 Cum

1942 2098 2070 2157 ergo
2097 2084 2156 2140 in
2180 2099 2375 2158 genere
2402 2082 2642 2141 humano
2662 2084 2822 2143 aliter
2849 2091 2906 2142 et
2932 2084 3093 2147 aliter
3113 2097 3408 2146 nascantur
3429 2088 3525 2147 ho-

1942 2171 2140 2242 mines,
2173 2173 2231 2231 in
2248 2172 2429 2233 carnis
2444 2171 2843 2230 resurrectione
2876 2188 2987 2232 una
3014 2175 3272 2233 omnibus
3300 2186 3353 2236 et
3366 2179 3518 2237 simi-

1941 2259 2009 2319 lis
2022 2261 2126 2317 erit
2161 2263 2484 2321 resurrectio
2515 2262 2634 2337 (44)
2661 2281 2674 2319 :
2705 2263 2866 2320 aliter
2893 2264 3040 2323 enim
3058 2264 3232 2325 Adam
3264 2264 3526 2345 (Genf‘u,

1941 2347 2018 2423 7),
2042 2349 2201 2409 aliter
2226 2351 2346 2410 Eva
2374 2350 2539 2425 (Ibid.
2558 2351 2677 2426 22),
2702 2351 2861 2410 aliter
2881 2350 3018 2413 Cain
3037 2360 3093 2411 et
3106 2353 3242 2412 Abel
3267 2354 3420 2429 (Gen.
3444 2375 3525 2435 tv,

1939 2441 1994 2511 1,
2019 2441 2099 2514 2),
2130 2449 2185 2500 et
2214 2460 2404 2504 omnes
2425 2444 2680 2503 homines
2710 2447 2826 2504 nati
2851 2455 2982 2506 sunt
3010 2455 3171 2523 atque
3190 2459 3524 2524 nascuntur;

1938 2533 2097 2590 aliter
2141 2540 2323 2594 autem
2370 2534 2537 2592 homo
2582 2536 2835 2596 Christus
2861 2538 3038 2612 Jesus,
3086 2539 3182 2614 qui
3215 2547 3297 2599 est
3324 2540 3526 2599 media-

1939 2632 2028 2685 tor
2049 2628 2149 2686 Dei
2179 2636 2233 2686 et
2260 2627 2548 2685 hominum
2582 2630 2642 2704 (Ι
2673 2629 2806 2689 Tim.
2835 2648 2899 2701 II,
2928 2631 3013 2704 ὅ),
3035 2640 3195 2693 natus
3235 2640 3336 2693 est.
3369 2635 3526 2703 Licet

1939 2731 2067 2787 ergo
2108 2714 2343 2775 diversis
2363 2714 2607 2776 exordiis
2646 2717 2814 2778 homo
2861 2726 3136 2791 nascatur,
3179 2737 3290 2782 una
3334 2730 3520 2787 tamen

1939 2807 2187 2868 hominis
2247 2814 2446 2867 natura
2500 2823 2613 2867 non
2659 2807 2844 2867 diﬁ‘ert
2902 2812 3299 2873 resurrectione
3345 2817 3527 2880 carnis

1938 2897 2302 2972 omniumque
2322 2896 2734 2957 membrorum:
2768 2912 2888 2970 qua
2931 2899 3116 2960 omnia
3144 2901 3390 2967 membra
3416 2920 3528 2972 una

1937 2986 2161 3048 Domini
2188 2986 2462 3045 sententia
2489 2986 2837 3046 declarantur
2878 2986 2995 3061 (45)
3026 3004 3152 3050 cum
3181 2989 3249 3052 de
3281 2991 3382 3053 illo
3411 2993 3525 3057 110-,

244 3109 355 3170 tus,
390 3074 421 3148 ’κ
442 3115 552 3156 non
588 3074 907 3161 “intellexit,
946 3096 1043 3152 sed
1078 3074 1423 3169 comparatus
1443 3074 1523 3154 est
1554 3098 1824 3171 jumentis

1938 3079 2094 3171 mine
2109 3080 2442 3171 loqueretur,
2473 3077 2571 3171 qui
2584 3092 2700 3171 non
2722 3075 2917 3136 habuit
2932 3087 3144 3171 vestem
3164 3080 3278 3171 (46)
3306 3074 3523 3161 nupua;

246 3185 656 3261 insipientibus,
684 3194 738 3241 et
766 3182 967 3241 similis
987 3183 1163 3241 factus
1178 3193 1258 3241 est
1287 3184 1398 3239 illis
1434 3185 1604 3255 (Psal.
1627 3203 1822 3256 XLVIII,

248 3280 364 3351 13),
396 3302 416 3325 ι
449 3306 521 3319 -
562 3299 582 3325 ι
605 3276 732 3331 Alia
759 3275 1069 3343 volucrum,
1091 3298 1111 3324 ι
1156 3274 1211 3331 id
1258 3281 1343 3330 est
1376 3284 1701 3349 martyrum,
1730 3280 1825 3351 qui

246 3368 318 3424 ad
347 3365 591 3423 caelestia
614 3362 810 3437 pennis
829 3362 1066 3436 Spiritus
1092 3363 1267 3420 sancti
1288 3363 1535 3422 subvecti
1568 3383 1823 3425 conscen-

248 3453 409 3511 dunt.
447 3477 465 3501 ι
491 3453 614 3509 Alia
646 3452 900 3525 piscium,
924 3476 944 3500 ι
986 3450 1044 3508 id
1071 3458 1172 3521 est,
1204 3454 1299 3525 qui
1344 3461 1465 3526 post
1522 3454 1820 3514 Salvatoris

243 3541 505 3616 baptismi
576 3557 769 3615 aquam
812 3547 1164 3597 assumuntur
1223 3541 1363 3613 (37).
1436 3565 1455 3591 ε
1485 3543 1609 3599 Alia
1653 3546 1825 3617 gloria

242 3632 397 3700 solis,
428 3655 448 3680 ι
492 3631 549 3688 id
586 3637 669 3687 est
714 3629 958 3688 Christi:
996 3630 1144 3686 «alia
1171 3630 1345 3703 gloria
1392 3633 1556 3702 lunai,
1580 3658 1600 3683 ι
1656 3634 1713 3691 id
1741 3643 1823 3693 est

241 3721 502 3779 Ecclesia
526 3739 539 3778 :
584 3743 604 3769 ι
624 3726 679 3777 et
703 3720 808 3777 alia
837 3720 1011 3793 gloria
1038 3721 1345 3790 stellarum,
1367 3745 1387 3770 ι
1430 3722 1488 3778 id
1518 3730 1619 3793 est,
1652 3725 1819 3782 semi-

242 3811 330 3867 nis
356 3811 613 3880 Ahrahze,
659 3817 714 3867 et
740 3826 928 3868 eorum
973 3811 1067 3884 qui
1116 3827 1171 3867 se
1195 3826 1292 3884 per
1340 3811 1527 3881 ﬁdem,
1570 3821 1625 3870 et
1663 3831 1826 3887 opera

241 3898 387 3957 bona
414 3899 558 3956 ﬁlios
603 3899 720 3972 ejus
766 3899 1063 3956 ostendunt
1112 3899 1231 3973 (38)
1262 3918 1276 3956 :
1341 3922 1361 3950 ι
1391 3903 1551 3958 stella
1577 3904 1725 3959 enim
1755 3904 1825 3962 ab

243 3990 400 4045 stella
453 3988 637 4046 diﬂ‘ert
684 3989 743 4044 in
794 3988 1027 4060 gloria”
1087 3988 1144 4044 id
1188 3995 1289 4055 est,
1326 3992 1559 4063 apostoli
1605 4001 1659 4048 et
1686 4010 1826 4065 pro-

243 4077 421 4150 pheta:
476 4078 583 4146 illi,
641 4076 737 4150 qui
800 4077 1094 4148 cupierunt
1141 4077 1258 4149 (39)
1308 4078 1495 4136 videre
1543 4088 1596 4137 et
1632 4082 1824 4140 audire

243 4165 557 4234 Christum;
613 4166 705 4221 isti
748 4174 928 4221 autem
999 4165 1094 4238 qui
1128 4165 1384 4223 viderunt
1430 4175 1482 4224 et
1533 4170 1827 4228 audierunt

242 4270 392 4324 eum,
446 4261 500 4312 et
546 4268 773 4326 corpora
817 4252 1075 4320 cmiestia,
1146 4260 1199 4309 et
1239 4270 1467 4325 corpora
1525 4260 1821 4330 terrestria,

243 4345 305 4403 id
341 4354 443 4416 est,
490 4345 931 4404 Christianorum
956 4352 1011 4399 et
1039 4342 1351 4399 Iudaeorum
1377 4346 1515 4417 (40).
1545 4349 1825 4409 Postremo

1935 3169 2039 3229 lem
2075 3169 2289 3241 (Matth.
2338 3184 2483 3236 χιιι,
2516 3168 2631 3243 ii),
2676 3182 2777 3227 nec
2822 3167 3064 3230 servavit
3108 3168 3249 3233 illud
3279 3173 3521 3236 manda.

1933 3270 2089 3323 tum:
2163 3261 2318 3319 Omni
2367 3266 2592 3333 tempore
2654 3260 2855 3321 munda
2912 3260 3020 3320 sint
3068 3262 3368 3324 vestimenta
3419 3271 3513 3326 tua

1937 3353 2135 3426 (Eccle.
2158 3366 2240 3421 rx,
2271 3350 2331 3422 8)
2357 3368 2374 3421 ε
2407 3365 2569 3425 quem
2599 3349 2855 3409 manibus
2882 3349 3221 3429 pedibusque
3252 3353 3521 3417 constrin-

1934 3446 1987 3519 gi
2006 3444 2173 3518 jussit
2198 3452 2254 3504 et
2300 3443 2528 3513 auferri,
2568 3458 2638 3505 ne
2679 3442 3023 3506 recumberet
3051 3442 3110 3504 in
3137 3445 3421 3520 convivio,
3453 3461 3523 3509 ne

1934 3536 2145 3595 sederet
2192 3536 2251 3596 in
2280 3534 2443 3605 solio,
2493 3549 2566 3597 ne
2604 3540 2774 3595 staret
2821 3532 2891 3594 ad
2931 3533 3213 3595 dexteram
3257 3534 3394 3595 Dei:
3426 3535 3521 3601 sed

1934 3629 2083 3689 mitti
2111 3628 2171 3688 in
2216 3625 2521 3700 gehennam
2550 3625 2715 3699 ignis,
2755 3624 2852 3688 ubi
2892 3632 2975 3687 est
3003 3624 3165 3687 ﬂetus
3210 3627 3521 3705 oculorum.

1935 3732 1990 3782 et
2002 3722 2207 3780 stridor
2220 3720 2473 3781 dentium
2496 3720 2683 3794 (Geni.
2707 3720 2939 3785 Tertull.
2953 3722 2993 3785 l.
3013 3720 3092 3785 Do
3108 3738 3317 3787 νοτηινγ.
3341 3739 3521 3794 eam.

1933 3827 2052 3886 cap.
2097 3812 2213 3885 35).
3512 3834 3525 3847 ι

2004 3900 2233 3963 CAPUT
2262 3900 2469 3961 XXVI.
2499 3930 2570 3947 -
2586 3903 2756 3963 Porro
2783 3899 2851 3961 de
2870 3898 3087 3973 capillis
3114 3900 3319 3963 nostris
3345 3899 3521 3965 dubi-

1932 3999 2050 4049 tare
2077 3991 2210 4048 satis
2256 3991 2492 4064 impium
2539 3998 2642 4060 est,
2670 4005 2811 4063 quos
2850 3991 2997 4052 838
3042 3987 3314 4050 Dominus
3340 3986 3521 4049 diuus-

1935 4095 2170 4143 meratos
2212 4102 2327 4147 esse
2352 4086 2626 4159 signiﬁcat
2654 4084 2867 4156 (Matth.
2898 4099 2958 4152 ι,
2989 4082 3103 4153 30).
3135 4083 3363 4140 Frustra
3390 4096 3520 4154 ergo

1935 4174 2226 4242 numerati,
2249 4182 2381 4231 sunt
2407 4175 2454 4232 si
2485 4171 2779 4247 aliquando
2808 4169 3041 4242 perituri
3072 4177 3203 4226 sunt
3232 4186 3249 4236 ;
3291 4167 3388 4229 sed
3408 4183 3521 4230 non

1934 4269 2185 4335 pereunt,
2221 4264 2351 4335 quia
2378 4263 2436 4317 in
2466 4258 2887 4317 similitudinem
2914 4254 3137 4316 Domini
3164 4254 3369 4316 Christi
3391 4274 3518 4321 cum

1935 4349 2192 4406 omnibus
2241 4348 2504 4409 membris
2538 4345 2898 4404 resurrecturi
2936 4358 3144 4402 sumus.
3187 4344 3246 4402 Si
3274 4345 3422 4404 enim
3450 4345 3515 4405 in

244 4444 448 4504 autem,
480 4444 543 4491 ut
582 4432 831 4490 omnium
889 4430 1348 4489 resurrectionem
1376 4436 1705 4508 ostenderet,
1741 4441 1821 4501 sic
1846 4445 1898 4511 1)
1926 4441 2092 4498 istum
2132 4439 2315 4513 ignem
2347 4438 2729 4511 temporalem,
2763 4434 2857 4511 qui
2900 4447 3064 4493 omne
3089 4431 3237 4508 quod
3290 4431 3513 4506 accipit,

319 4536 436 4612 (32)
467 4534 667 4590 Eadem
692 4535 849 4590 Rom.
877 4531 1035 4612 edit.,
1066 4532 1144 4612 Et
1166 4531 1361 4612 iterum
1384 4548 1397 4588 :
1424 4535 1828 4612 Ergo,fratres,

248 4603 499 4664 debitores
527 4621 704 4661 sumus
742 4622 847 4659 non
876 4603 1055 4669 carni,
1085 4609 1146 4657 ut
1171 4603 1452 4659 secundum
1498 4603 1707 4664 carnem
1735 4603 1831 4665 ei;

249 4677 911 4757 camus;geg_ando_enim,
944 4684 1049 4757 etc.
1127 4748 1195 4757 _‘
1266 4748 1277 4757 _
1359 4742 1376 4757 ‘

320 4751 435 4823 (33)
490 4746 692 4805 Eadem
721 4748 878 4805 Rom.
930 4746 1088 4817 edit.,
1114 4748 1342 4805 interior
1359 4746 1545 4805 'tamen
1569 4749 1633 4806 de
1663 4750 1748 4811 die
1771 4752 1832 4809 in

248 4821 384 4877 diem
411 4821 713 4877 renovatur.

321 4892 437 4965 (34)
467 4892 667 4948 Eadem
698 4890 855 4946 Rom.
886 4887 1043 4958 edit.,
1073 4894 1121 4943 et
1139 4888 1198 4943 in
1217 4906 1519 4949 mensuram
1541 4894 1826 4967 plenitudi-

247 4965 331 5019 nis
356 4980 468 5032 ejus
494 4975 841 5033 resurgemus.

321 5029 437 5108 (33)
474 5029 675 5108 Eadem
693 5033 881 5108 Rom,
918 5029 1089 5108 edit.,.
1129 5031 1430 5108 hujusmodi
1458 5042 1770 5108 quieruntur
1798 5040 1827 5095 Ρ

249 5107 375 5184 Ηοιτ⁴
388 5101 546 5184 quam
569 5101 793 5184 impiuln
817 5101 906 5170 sit,
944 5101 1115 5184 fidelis
1140 5104 1358 5184 quisque
1386 5101 1648 5176 intelligit.

324 5125 361 5161 ηε
384 5124 546 5235 ἔπαυε
574 5124 793 5176 impium
817 5124 906 5170 su,
944 5124 1115 5183 poem
1140 5124 1358 5184 quisque
1386 5124 1648 5176 inmugit.

324 5180 441 5254 (37)
474 5176 677 5254 Eadem
728 5175 884 5254 Rom.
918 5172 1230 5254 811“quth
1257 5174 1331 5254 ibi
1355 5183 1663 5254 sequuntur,
1721 5195 1827 5254 non

250 5244 589 5321 intelligent“
635 5246 865 5321 homines
914 5244 1127 5321 perditi
1168 5245 1370 5299 beatum
1416 5244 1736 5321 Apostolum
1766 5252 1826 5305 de

250 5315 510 5396 corporis
531 5318 761 5396 [inmani
811 5315 1062 5389 dignitate
1089 5315 1146 5372 in
1194 5315 1585 5387 resurrectione,
1619 5336 1720 5374 non
1766 5322 1826 5377 de

252 5390 428 5451 car'nis
455 5390 772 5463 differentia,
804 5396 907 5445 etc.

323 5465 439 5537 (37)
476 5459 680 5537 Eadem
709 5459 1033 5537 Rom.edit.,
1063 5460 1155 5531 qui
1177 5476 1275 5533 per
1294 5461 1550 5516 salutaris
1579 5462 1825 5533 baptismi

257 5531 449 5610 aquom
472 5536 548 5610 qd
566 5535 818 5610 pwles_tem
848 5531 1010 5610 vitqm
1040 5531 1404 5610 assumuntur.

328 5607 445 5679 (38)
472 5605 675 5661 Eadem
702 5603 860 5661 Rom.
892 5600 1051 5673 edit.,
1085 5602 1144 5658 in
1173 5601 1312 5675 ﬁlios
1338 5602 1451 5674 ejus
1488 5610 1818 5677 cooptantur.

2011 4539 2127 4617 (39)
2160 4538 2365 4617 Eadem
2380 4538 2537 4617 Rom.
2560 4534 2720 4617 edit.,
2740 4534 2799 4589 in
2818 4531 3088 4617 claritate,
3117 4536 3178 4587 ut
3220 4530 3453 4607 apostoli
3482 4545 3520 4587 ο

1932 4611 2222 4686 propis“:-
2254 4609 2363 4686 ,Ιειί
2389 4609 2519 4686 quia
2554 4609 2850 4686 cupitum
2881 4612 2990 4686 0.“:
3064 4674 3076 4686 .
3260 4672 3271 4684 .
3392 4672 3403 4685 .

2012 4676 2128 4754 (40)
2160 4681 2371 4754 Eadem,
2397 4676 2416 4680 “
2434 4682 2592 4754 Rom.
2616 4676 2784 4754 edit.,
2805 4682 2927 4754 sunt
2956 4676 3193 4754 denique,
3234 4676 3522 4754 inquinet

1937 4747 2429 4881 emaciatam,
2460 4750 2517 4808 id
2552 4755 2627 4807 est
2657 4747 3105 4815 Christianorum.
3132 4749 3181 4806 at
3227 4747 3521 4811 “rrum,

1937 4825 1977 4881 Ι
2092 4840 2267 4881 orum.

2799 5011 2933 5088 «EE
2944 5011 3091 5085 ’eiiii
3126 5029 3185 5084 in
3214 5029 3296 5085 his
3327 5032 3515 5089 MM-

1935 5108 2310 5185 mu:t_a_tionibus
2332 5108 2599 5185 variatur,
2628 5122 2755 5185 non,
2783 5112 2889 5161 etc.
2968 5172 3005 5185 η
3304 5169 3314 5180 ⁸
3477 5113 3543 5185 “7

2034 5181 2102 5237 43
2176 5180 2379 5235 Eadem
2418 5172 2770 5243 Rom.'edit.,
2800 5190 2919 5247 ergo
2948 5172 3123 5233 dim...
3173 5185 3267 5250 nec
3293 5172 3432 5229 inter
3469 5180 3523 5220 88

2009 5182 2125 5323 £44;
2154 5252 2355 5307 Eadem
2388 5252 2543 5307 Rom.
2576 5246 2733 5315 edit.,
2763 5252 2971 5302 natura!
3007 5245 3321 5313 resumpho.

1935 5324 2220 5378 variabunt
2246 5329 2488 5394 tempore,
2508 5337 2599 5375 nec
2615 5324 2781 5394 (ratam.
3072 5383 3082 5394 _
3364 5392 3385 5394 Α
3404 5392 3425 5394 Α
3442 5375 3455 5388 ,

2008 5394 2123 5465 (44)
2148 5390 2370 5449 Eadem.
2398 5394 2559 5465 Rom.
2584 5390 2740 5457 edit.,
2758 5404 2896 5465 Anam
2940 5390 3108 5442 omnis
3132 5397 3280 5450 caro,
3307 5392 3512 5441 ονηησατ

1934 5460 2294 5537 ᾳαρᾉηἱεηιὸνᾳ
2314 5464 2490 5537 eadem
2516 5460 2881 5537 unaqueforc.
2994 5525 3025 5537 η

2006 5535 2118 5606 (46)
2169 5535 2374 5591 Eadem
2432 5536 2590 5592 Rom.
2632 5525 2815 5601 ‘edi't.,
2874 5525 3182 5599 nuptialem,
3235 5536 3354 5595 qua
3405 5533 3518 5587 una

1934 5613 2069 5675 erat,
2106 5613 2212 5664 etc.
3088 5644 3091 5647 Α
