4070 6186
557 282 666 346 567

1568 282 1664 339 AD
1703 242 1935 340 orum
1971 281 2028 339 s.
2064 283 2394 342 AMBROSII
2428 282 2804 343 APPENDIX.
2847 251 2863 274 ί

3719 286 3826 348 568

559 413 818 481 absumit,
848 411 1197 485 omnipotens
1229 411 1376 466 Deus
1403 409 1705 480 potentiam
1753 423 1906 462 suam
1938 407 1997 463 in
2022 409 2138 464 tri-
2164 412 2216 471 Α
2242 423 2330 463 me
2357 407 2600 464 tunicam
2647 423 2844 477 meam,
2888 407 3163 480 quomodo
3209 406 3404 464 induar
3432 407 3585 466 illam
3617 411 3646 467 ‘2
3696 413 3768 468 La
3808 415 3826 471 i

556 504 663 564 bus
689 502 872 576 pueris
918 499 1178 566 ostendit,
1229 499 1326 572 qui
1371 497 1430 554 in
1467 498 1684 553 camino
1727 495 1870 568 ignis
1897 496 2139 556 ardentis

557 597 788 668 capillos
831 610 1020 651 eorum
1062 593 1297 650 intactos
1350 587 1652 646 reservavit
1681 588 1848 659 (Dan.
1881 606 1965 657 III,
2001 589 2132 662 50);

557 683 619 741 in
648 683 1043 741 resurrectione
1072 682 1301 756 capillos
1347 688 1562 736 nostros
1588 695 1700 735 non
1732 677 2082 736 resuscitabit
2110 679 2139 734 ἵ

556 772 922 832 Resuscitabit
969 776 1128 848 plane
1183 774 1302 828 sine
1350 770 1534 844 aliquo
1581 777 1872 842 augmento
1920 770 2007 825 vel
2033 767 2140 826 de-

555 868 839 926 trimento.
883 869 1046 925 Nulla
1083 884 1210 940 ergo
1248 866 1306 921 in
1351 864 1747 922 resurrectione
1794 870 2137 919 mortuorum

527 940 535 1034 ξ
556 956 793 1014 varietas
815 965 910 1013 aut
939 956 1248 1013 differentia
1268 955 1372 1010 erit
1405 954 1542 1024 (47),
1588 953 1731 1009 sicut
1754 968 1901 1008 nunc
1929 952 2139 1024 fragilis

527 1037 618 1104 ‘in
646 1045 805 1101 nobis
838 1053 918 1101 est
943 1045 1125 1101 carnis
1155 1044 1468 1110 inﬁrmitas,
1511 1058 1630 1114 quae
1661 1041 1745 1098 sui
1777 1041 1959 1097 oneris
1995 1043 2137 1099 mole

511 1123 525 1202 ,5
553 1133 904 1206 deprimitur,
949 1150 1067 1206 quae
1112 1133 1349 1199 fucatur,
1393 1129 1628 1186 foedatur
1693 1129 1832 1200 (48),
1882 1137 2134 1200 caecatur,

554 1225 872 1298 injuriatur,
921 1226 1258 1291 vulneratur,
1310 1230 1552 1289 sanatur,
1609 1217 1862 1287 moritur,
1897 1235 2137 1276 corrum-

553 1315 729 1388 pitur,
756 1321 809 1369 et
830 1313 887 1368 in
907 1322 1107 1369 terram
1127 1329 1190 1369 ac
1206 1314 1485 1384 pulverem
1524 1317 1844 1374 revocatur;
1878 1315 1930 1364 et
1955 1315 2137 1364 tamen

554 1409 678 1474 post
708 1401 824 1458 haec
854 1400 1039 1456 omnia
1067 1400 1124 1455 in
1177 1399 1265 1454 die
1307 1398 1505 1470 judicii
1537 1397 1595 1452 in
1650 1396 1918 1468 simplicis
1965 1395 2138 1467 gloria

552 1489 722 1563 primi
750 1488 882 1545 Adae
927 1497 1090 1561 atque
1117 1487 1342 1544 secundi
1392 1485 1779 1543 reformabitur
1811 1485 1948 1556 (49).
1995 1484 2138 1541 Vera

554 1594 682 1650 ergo
726 1578 784 1634 in
825 1593 987 1634 carne
1034 1577 1358 1632 resurrectio
1421 1581 1786 1640 mortuorum,
1848 1581 2009 1645 atque
2055 1574 2135 1629 di-

552 1667 784 1725 versitas
839 1684 1002 1723 sexus
1029 1666 1135 1721 erit
1163 1666 1280 1721 sine
1309 1680 1468 1735 opere
1515 1662 1698 1721 carnis
1727 1669 1780 1718 et
1808 1663 2090 1734 sanguinis
2117 1680 2130 1720 :

2246 495 2406 568 pedes
2433 513 2600 566 meos,
2615 497 2888 569 quomodo
2911 495 3212 569 inquinabo
3235 495 3359 553 illos
3387 497 3573 568 (Cant.
3602 499 3725 572 v,3)
3748 502 3776 560 ?
3795 528 3812 549 .

2319 584 2545 641 CAPUT
2576 586 2806 643 XXVII.
2838 617 2909 627 —
2938 586 3090 642 Hanc
3117 600 3243 656 ergo
3291 585 3598 658 majestalis
3627 608 3691 648 ac
3721 610 3830 665 po-

2247 673 2431 728 tentias
2469 684 2639 731 artem
2695 676 2832 746 (54),
2885 675 2941 730 id
2977 683 3078 742 est,
3126 675 3580 732 resurrectionem
3627 679 3828 752 ﬁgulus

2249 759 2342 816 ille
2372 762 2521 828 facit,
2553 763 2647 835 qui
2682 779 2776 833 per
2804 764 3092 818 Jeremiam
3115 763 3431 834 prophetam
3464 764 3532 820 ad
3563 770 3826 840 populum

2250 848 2496 921 loquitur
2545 859 2907 921 peccatorem,
2959 851 3145 906 dicens
3185 869 3196 907 :
3282 876 3301 900 ι
3346 852 3628 926 Numquid
3685 858 3829 916 sicut

2248 938 2448 1010 ﬁgulus
2491 938 2614 1006 iste,
2663 955 2772 994 non
2820 945 3007 1010 potero
3038 955 3134 995 vos
3162 939 3457 998 reformare
3487 958 3550 999 ac
3579 945 3828 1005 redinte-

2249 1042 2419 1099 grare,
2477 1025 2673 1082 domus
2730 1028 2890 1082 Israel
2924 1028 3040 1098 (55)
3077 1027 3290 1098 (Jerem.
3322 1045 3486 1097 xvur,
3516 1032 3575 1102 6)
3609 1033 3674 1088 ἳ»
3721 1035 3827 1102 Qui

2247 1115 2410 1172 etiam
2459 1115 2600 1172 hanc
2647 1115 2952 1171 mirabilem
3002 1117 3300 1188 majestatis
3349 1135 3460 1175 suae
3504 1137 3725 1193 operam
3769 1125 3826 1180 in

2249 1219 2414 1258 manu
2443 1204 2620 1275 Moysi
2673 1203 2932 1272 ostendit,
2981 1221 3144 1276 quam
3192 1205 3248 1259 in
3279 1207 3512 1264 candore
3560 1221 3824 1268 mutatam

2248 1289 2502 1364 deinceps
2538 1293 2710 1349 colori
2756 1293 2871 1364 (56)
2920 1293 3154 1365 pristino
3200 1294 3438 1350 restituit
3489 1299 3696 1369 (Exod.
3746 1318 3821 1369 iv,

2247 1379 2281 1436 6
2325 1387 2374 1435 et
2400 1381 2477 1452 7).
2523 1380 2629 1436 Sed
2678 1390 2730 1437 et
2790 1382 2968 1452 ipsum
3016 1383 3432 1440 resurrectionis
3489 1388 3824 1446 vocabulum

2247 1483 2428 1544 aperte
2475 1473 2764 1544 signiﬁcat,
2810 1491 2920 1529 non
2951 1475 3101 1530 aliud
3129 1475 3288 1543 mori,
3320 1486 3374 1532 et
3401 1477 3552 1533 aliud
3583 1483 3825 1537 resusci-

2245 1562 2370 1616 tari.
2409 1561 2565 1628 Quod
2595 1579 2721 1634 ergo
2756 1564 2814 1618 in
2853 1564 3078 1619 homine
3135 1565 3385 1633 moritur,
3432 1567 3535 1624 hoc
3563 1577 3617 1624 et
3646 1570 3824 1628 viviﬁ-

2245 1658 2417 1708 catur.
2470 1652 2552 1707 lta
2593 1667 2721 1724 ergo
2767 1651 3069 1708 secundum
3101 1653 3549 1709 resurrectionem
3582 1666 3824 1714 mortuo-

565 1755 812 1823 «Veniet,
843 1756 919 1810 ait
964 1754 1250 1822 Dominus,
1307 1754 1460 1821 hora,
1514 1752 1570 1808 in
1601 1769 1707 1824 qua
1734 1768 1922 1807 omnes
1951 1753 2044 1825 qui
2074 1752 2133 1808 in
2166 1759 2212 1819 B
2243 1757 2365 1796 Tum
2395 1756 2497 1797 nec
2523 1756 2650 1798 cum
2679 1749 2841 1808 61⁸1⁵³1,
2877 1742 3090 1812 ignorat
3123 1743 3262 1813 (⁵7)ι
3297 1743 3622 1801 vulneratus
3665 1747 3821 1802 deni-

552 1841 927 1899 monumentis
954 1849 1101 1910 sunt,
1133 1840 1359 1897 audient
1386 1857 1576 1898 vocem
1624 1840 1752 1896 Filii
1779 1839 1898 1908 Dei,
1931 1848 1984 1896 et
2013 1857 2135 1912 pro-

553 1931 747 1990 cedent
771 1933 950 2003 (Joan.
982 1951 1039 2000 v,
1067 1932 1155 1999 28,
1181 1932 1295 2003 29).
1321 1958 1340 1981 ι
1381 1931 1626 1987 Audierit
1654 1948 1780 2002 ergo
1801 1931 2049 2000 auribus,
2083 1938 2136 1987 et

551 2019 848 2093 procedent
895 2019 1144 2092 pedibus,
1171 2021 1315 2075 sicut
1341 2020 1575 2075 Lazarus
1604 2019 1784 2090 (Joan.
1818 2036 1898 2087 χι,
1933 2019 2049 2090 44),
2083 2026 2136 2074 et

553 2123 744 2165 omnes
773 2124 908 2180 quos
935 2109 1185 2164 Salvator
1211 2106 1524 2175 suscitavit,
1556 2107 1660 2178 ipsi
1694 2123 1820 2178 ergo
1841 2107 2136 2179 procedent

552 2195 622 2252 de
651 2197 1042 2266 monumentis,
1075 2197 1174 2270 qui
1204 2197 1262 2253 in
1319 2196 1694 2252 monumentis
1722 2197 1864 2253 illati
1895 2197 2132 2253 fuerant.

551 2285 753 2344 Veniet
803 2301 929 2356 ergo
981 2285 1161 2342 omnis
1189 2301 1314 2341 caro
1361 2302 1474 2342 non
1521 2286 1699 2341 solum
1747 2284 1814 2340 de
1844 2293 2006 2354 terra,
2039 2287 2134 2342 sed

552 2376 719 2432 etiam
741 2374 806 2430 de
830 2376 986 2444 mari,
1011 2384 1066 2432 et
1093 2375 1160 2431 de
1185 2374 1539 2442 ﬂuminibus;
1565 2382 1628 2430 ut
1648 2373 1872 2430 videant
1899 2374 2134 2431 salutare

549 2471 652 2526 Dei
686 2471 938 2540 (Tertull.
969 2471 1008 2526 l.
1035 2471 1114 2526 De
1135 2487 1340 2526 resurr.
1374 2486 1547 2536 earn.,
1573 2487 1693 2542 cap.
1715 2469 1830 2540 31).
1853 2469 2136 2526 Mandabit

553 2557 702 2614 enim
748 2558 990 2630 piscibus
1037 2574 1100 2614 ac
1127 2557 1450 2612 ﬂuminibus
1477 2558 1643 2612 maris
1675 2559 1813 2628 (50),
1861 2565 1914 2612 et
1942 2557 2135 2614 bestiis

551 2651 732 2713 terrae,
783 2653 838 2700 et
886 2643 1204 2700 volatilibus
1257 2645 1420 2712 cceli;
1481 2652 1535 2700 et
1579 2644 1906 2700 eructabunt
1934 2662 2052 2700 ossa
2082 2654 2136 2701 et

552 2747 744 2790 carnes
783 2733 1032 2788 omnium
1086 2741 1466 2800 mortuorum;
1526 2740 1589 2788 ut
1614 2740 1921 2803 resurgant,
1951 2734 2046 2788 alii
2079 2734 2135 2789 in

551 2820 727 2877 vitam
752 2829 1032 2886 aeternam,
1064 2820 1159 2875 alii
1199 2821 1257 2876 in
1286 2819 1642 2892 opprobrium
1673 2828 1726 2875 et
1755 2821 2133 2877 confusionem

551 2909 962 2981 sempiternam.
995 2909 1150 2965 Tunc
1173 2908 1440 2964 videbunt
1461 2907 1598 2980 justi
1631 2909 1927 2980 impiorum
1949 2925 2136 2980 paenas

554 3005 717 3069 atque
773 2996 1086 3062 cruciatus;
1137 2993 1396 3066 quoniam
1461 3017 1480 3040 ι
1510 2995 1712 3074 vermis
1771 3011 1960 3051 eorum
2025 3012 2135 3052 non

555 3085 821 3141 morietur
849 3095 902 3141 et
932 3084 1073 3157 ignis
1105 3101 1293 3141 eorum
1323 3101 1435 3140 non
1461 3085 1862 3156 exstinguetur,
1892 3096 1946 3143 et
1973 3095 2134 3142 erunt
2167 3105 2217 3167 ρ

555 3174 618 3231 in
647 3182 866 3247 aspectu
909 3175 1059 3230 omni
1089 3175 1240 3232 carni
1267 3175 1400 3246 (Isa.
1441 3191 1592 3241 LXVI,
1623 3175 1738 3245 24).
1763 3201 1781 3224 ι
1841 3175 1981 3241 Quia
2009 3193 2134 3248 ergo

551 3263 838 3322 verissime
893 3264 1034 3320 hanc
1083 3263 1348 3321 habemus
1392 3280 1563 3336 spem,
1613 3265 1755 3321 sicut
1781 3265 2134 3322 exhibuimus

551 3351 800 3409 membra
829 3361 1014 3409 nostra
1059 3353 1314 3408 famulari
1353 3352 1741 3422 immunditiae,
1772 3361 1825 3408 et
1854 3354 2133 3426 iniquitati

551 3440 623 3498 ad
652 3441 1021 3514 iniquitatem,
1053 3441 1131 3498 ita
1148 3441 1506 3499 exhibeamus
1533 3458 1595 3497 ea
1625 3442 1877 3497 famulari
1903 3442 2132 3513 justitiaa

544 3527 614 3583 in
663 3528 1149 3585 sanctiﬁcationem
1196 3529 1325 3584 vitas
1381 3531 1555 3600 (Rom.
1581 3546 1656 3597 v1,
1688 3529 1779 3600 29)
1808 3547 1820 3584 :
1852 3537 1914 3585 ut
1943 3547 2132 3586 resur-

552 3622 739 3686 gentes
767 3632 797 3670 a
823 3618 1075 3684 mortuis,
1106 3617 1164 3671 in
1191 3618 1436 3672 novitate
1474 3617 1600 3673 vitae
1625 3617 1966 3674 ambulemus
1989 3621 2130 3691 (51),

550 3707 616 3757 ut
644 3701 760 3757 vita
801 3702 1042 3758 nominis
1069 3703 1193 3758 Jesu
1241 3704 1622 3758 manifestetur
1670 3704 1728 3758 in
1755 3721 1917 3760 carne
1947 3714 2132 3761 nostra

550 3788 773 3843 mortali
802 3796 1022 3860 propter
1064 3789 1330 3862 Spiritum
1361 3791 1477 3863 ejus
1518 3790 1855 3848 habitantem
1886 3793 1943 3847 in
1974 3794 2131 3850 nobis

550 3875 646 3950 (II
668 3877 897 3943 Cor.1v,
935 3879 1038 3944 10;
1067 3881 1218 3935 Rom.
1249 3897 1370 3949 VIII,
1401 3882 1512 3951 11).
1551 3883 1766 3937 Iustum
1799 3899 1926 3954 ergo
1954 3891 2054 3950 est,
2077 3891 2130 3937 et

546 3978 681 4022 vere
700 3963 932 4037 justum,
960 3973 1023 4022 ut
1052 3967 1146 4039 qui
1169 3983 1380 4039 semper
1410 3968 1888 4026 mortiﬁcationem
1923 3970 2129 4027 Christi

545 4054 611 4114 in
634 4071 860 4127 corpore
887 4064 1075 4112 nostro
1104 4056 1569 4126 circumtulimus,
1617 4060 1731 4114 vita
1761 4075 1975 4132 quoque
2014 4060 2130 4130 ejus

543 4142 610 4200 in
660 4159 884 4216 corpore
933 4153 1120 4200 nostro
1184 4144 1563 4201 manifestetur
1617 4147 1705 4216 (ΙΙ
1746 4146 1868 4202 Cor.
1903 4164 1979 4214 ιν,
2014 4147 2126 4218 12).

561 4254 584 4280 ι
610 4233 916 4303 Spoliantes
947 4233 1122 4305 (ergo)
1149 4250 1270 4302 nos,
1299 4235 1442 4290 sicut
1469 4233 1606 4291 dicit
1639 4234 1954 4306 Apostolus,
1985 4243 2128 4290 vete-

546 4329 664 4372 rem
710 4319 993 4376 hominem
1032 4336 1157 4376 cum
1213 4320 1425 4378 actibus
1475 4320 1589 4377 suis
1619 4320 1934 4391 (Colossm,
1985 4322 2064 4393 9),
2097 4345 2116 4369 ι

546 4405 749 4461 erroris
780 4408 1026 4463 tunicam
1054 4423 1118 4463 ac
1145 4409 1351 4480 peccati
1376 4409 1492 4481 (52)
1526 4425 1636 4465 non
1657 4409 2032 4482 requiramus;
2067 4420 2129 4467 ut

546 4505 769 4560 novam,
799 4493 896 4565 qui
927 4492 1176 4550 Christus
1195 4505 1295 4563 est,
1329 4496 1621 4552 induamus
1653 4497 1769 4568 ('53)
1803 4498 2020 4568 (Ephes.
2048 4515 2126 4565 1v,

544 4577 666 4651 24),
693 4579 973 4636 imitantes
999 4596 1252 4652 sponsam
1283 4583 1402 4653 ejus
1430 4584 1708 4641 dicentem
1721 4594 1916 4642 nocte:
1953 4585 2120 4642 cExui

643 4720 736 4794 47)
767 4723 926 4794 Rom.
961 4721 1118 4794 edit.,
1144 4729 1239 4779 aut
1259 4723 1546 4794 deperditio
1577 4725 1696 4783 erit.

643 4791 736 4865 48)
766 4793 898 4865 Reg.
928 4793 1074 4865 cod_.,
1108 4811 1223 4864 qua:
1260 4791 1501 4865 fugatur,
1531 4798 1766 4853 sedatur.

641 4861 733 4933 49)
765 4861 929 4943 Rom.-
979 4861 1136 4943 edit.,
1198 4861 1285 4922 sed
1318 4861 1384 4943 in
1434 4861 1515 4923 die
1551 4867 1748 4943 iudicii
1774 4868 1834 4943 in
1878 4869 2108 4943 simplici

541 4938 741 5060 δηὲιᾶἷινα
762 4935 930 5004 primi
952 4935 1104 4998 Αάω,
1130 4943 1283 5007 atque
1307 4937 1365 4993 in
1405 4935 1614 4992 secundi
1643 4938 1818 5008 gloria
1847 4935 2121 5006 reforma-

655 5021 706 5060 r.

600 5011 706 5061 tur.

637 5075 731 5215 5οζ
761 5073 962 5130 Eadem
981 5077 1138 5133 Rom.
1157 5078 1314 5144 edit.,
1329 5077 1556 5148 piscibus
1572 5077 1736 5132 maris
1755 5083 1801 5131 et
1817 5078 2112 5147 ﬂuminum.

638 5146 698 5202 51
764 5146 967 5200 Eadem
1015 5148 1170 5202 Rom.
1223 5148 1378 5215 edit.,
1437 5155 1515 5214 ut,
1572 5155 1618 5202 et
1660 5148 1717 5200 in
1745 5149 1971 5202 novitate
1998 5150 2112 5204 vita:

638 5146 730 5215 51)
764 5146 967 5200 Eadem
1015 5148 1170 5202 Rom.
1223 5146 1378 5215 edit.,
1437 5155 1515 5214 ut,
1572 5155 1618 5202 et
1660 5148 1717 5200 in
1745 5149 1971 5202 novitate
1998 5150 2117 5204 vitea

539 5217 884 5286 ambulantes,
934 5217 1134 5272 vita....
1166 5219 1221 5272 in
1252 5220 1419 5285 nobis,
1471 5226 1517 5272 et
1564 5225 1884 5286 resurgentes
1912 5236 1947 5273 a
1978 5236 2112 5272 moro

540 5291 666 5361 tuis,
691 5290 750 5344 in
768 5290 881 5359 ejus
902 5289 1181 5360 imaginem
1202 5308 1236 5344 a
1269 5290 1510 5344 claritate
1533 5289 1589 5342 in
1617 5289 1912 5343 claritatem
1943 5295 2113 5346 trans—

530 5362 851 5426 formentur.

636 5433 730 5502 52)
763 5431 965 5488 Eadem
984 5432 1140 5488 Rom.
1172 5430 1328 5502 edit.,
1355 5429 1552 5502 peccati
1574 5430 1825 5502 pallium.

636 5434 706 5491 52
763 5433 965 5488 Eadem
984 5433 1140 5488 Rom.
1172 5433 1328 5498 edit.,
1355 5433 1552 5502 peccati
1574 5433 1825 5500 pallium.

635 5505 705 5560 53
755 5503 958 5559 Eadem
988 5503 1145 5558 Rom.
1173 5500 1330 5570 edit.,
1357 5502 1638 5557 induamus
1666 5501 1942 5556 hominem.

635 5433 730 5648 54E
755 5574 963 5632 Eadem
990 5573 1148 5634 Rom.
1175 5572 1334 5646 edit.,
1360 5575 1469 5632 Hoc
1496 5589 1682 5647 ergo...
1712 5572 1942 5648 opiﬁciui

632 5572 727 5648 54)
755 5574 963 5632 Eadem
990 5573 1148 5634 Rom.
1175 5572 1334 5646 edit.,
1360 5575 1469 5632 Hoc
1496 5589 1682 5647 ergo...
1712 5572 2000 5649 opiﬁcium.

2244 1844 2348 1901 que
2382 1829 2476 1883 ille
2525 1830 2726 1885 teneris
2778 1829 3231 1886 Hierichuntinus
3285 1838 3432 1887 totus
3483 1833 3714 1889 refertur
3751 1835 3820 1890 ad

2245 1917 2543 1984 stabulum,
2578 1925 2631 1972 et
2678 1916 3004 1973 delictorum
3033 1918 3202 1989 plagae
3238 1935 3334 1990 per
3359 1919 3669 1976 miserentis
3697 1939 3824 1993 gra-

2246 2004 2379 2061 tiam
2463 2003 2874 2060 immortalitate
2957 2013 3218 2060 sanantur
3291 2007 3443 2077 (Luc.
3501 2025 3560 2078 x,
3618 2009 3822 2080 30.35).

2245 2092 2537 2165 Prophetia
2564 2109 2713 2166 ergo,
2746 2110 2866 2166 quae
2905 2093 3176 2166 pendebat
3211 2095 3327 2166 (58)
3359 2112 3486 2153 vere
3515 2098 3573 2152 in
3603 2099 3826 2154 Domini

2246 2185 2452 2243 Christi
2483 2201 2642 2242 carne
2668 2187 2938 2258 completa
2985 2195 3087 2252 est,
3125 2203 3287 2260 quam
3324 2188 3563 2260 Spiritus
3609 2198 3825 2246 sanctus

2245 2289 2346 2329 nos
2391 2274 2618 2346 cupiens
2669 2275 2896 2332 edocere
2924 2275 3140 2332 locutus
3168 2284 3281 2342 est;
3312 2277 3390 2332 ait
3417 2278 3565 2333 enim
3597 2296 3609 2334 :
3650 2302 3669 2325 ι
3697 2278 3824 2345 Quae

2244 2368 2325 2416 est
2354 2360 2458 2416 ista
2486 2378 2606 2434 qua:
2652 2363 2898 2418 ascendit
2931 2364 3199 2432 dealbata,
3247 2364 3490 2421 innitens
3526 2381 3691 2438 supra
3722 2366 3823 2422 fra-

2246 2452 2477 2507 truelem
2512 2468 2694 2520 suum,
2725 2460 2778 2508 et
2803 2453 3016 2509 deliciis
3046 2454 3274 2510 aﬂluens
3303 2455 3489 2526 (Cant.
3519 2473 3644 2523 vm,
3672 2457 3808 2526 5)?-

2245 2540 2315 2594 Et
2343 2539 2541 2596 iterum
2569 2559 2581 2596 :
2629 2565 2647 2587 ι
2674 2542 2972 2598 Fratruelis
3020 2559 3172 2598 meus
3202 2543 3466 2599 candidus
3489 2552 3542 2599 et
3571 2545 3827 2600 rubicun-

2245 2629 2347 2685 dus
2380 2631 2560 2700 (Cant.
2594 2648 2648 2698 v,
2676 2631 2787 2701 10).
2821 2658 2838 2680 ι
2882 2632 3239 2690 Rubicundus
3269 2634 3437 2705 igitur
3467 2653 3534 2690 ex
3565 2636 3828 2692 incarna-

2245 2719 2417 2785 tione,
2461 2718 2728 2774 candidus
2775 2729 2955 2776 autem
2986 2739 3055 2776 ex
3083 2722 3393 2779 divinitate.
3423 2722 3579 2790 Quod
3606 2724 3680 2780 ita
3709 2742 3826 2781 esse

2245 2809 2560 2879 comprobat
2613 2809 2804 2866 beatus
2850 2811 3083 2867 Joannes
3122 2813 3489 2885 Evangelista,
3517 2830 3642 2869 cum
3685 2814 3828 2871 dicit

2247 2896 2374 2968 quia
2402 2912 2573 2968 equus
2629 2914 2791 2969 super
2831 2915 2992 2972 quem
3050 2900 3270 2956 sedebat
3298 2900 3584 2968 Dominus,
3621 2903 3824 2958 rubens

2245 2993 2359 3039 erat
2391 2985 2578 3055 (Apoc.
2612 3003 2688 3053 vr,
2712 2985 2792 3057 4),
2820 3003 3016 3058 corpus
3035 2987 3242 3044 scilicet
3272 2995 3541 3054 sanctum,
3574 2990 3719 3061 quod
3754 3007 3824 3045 ex

2245 3079 2430 3127 sancta
2461 3072 2686 3144 Virgine
2712 3077 3023 3146 assumpsit.
3047 3074 3148 3132 Cui
3179 3075 3234 3130 in
3265 3081 3408 3138 339
3429 3077 3578 3131 oculis
3622 3093 3827 3133 ascen—

2245 3167 2396 3223 denti
2447 3167 2686 3224 dicitur:
2753 3193 2772 3216 ι
2795 3170 2926 3237 Quis
2978 3180 3060 3227 est
3089 3171 3192 3229 iste
3212 3173 3305 3244 qui
3361 3173 3514 3228 venit
3547 3172 3613 3228 de
3643 3173 3823 3230 Edom

2244 3255 2433 3314 tinctis
2475 3259 2719 3315 vestibus
2765 3259 2830 3316 de
2861 3260 3069 3328 Cosra;
3120 3270 3214 3318 et:
3249 3263 3423 3329 Quare
3471 3264 3698 3320 rubrum
3743 3274 3827 3321 est

2243 3346 2632 3401 vestimentum
2669 3357 2823 3402 tuum
2855 3359 2907 3406 et
2963 3349 3283 3406 indumenta
3307 3358 3403 3406 tua
3431 3352 3584 3424 quasi
3611 3354 3822 3410 calcan-

2243 3432 2383 3488 tium
2431 3432 2490 3488 in
2539 3435 2798 3490 torculari
2855 3437 2971 3507 (59)
3008 3439 3142 3506 (Isa.
3195 3454 3350 3506 LXIII,
3389 3441 3437 3508 1,
3470 3440 3576 3510 2)?
3649 3451 3705 3498 et
3742 3451 3825 3500 est

2243 3536 2467 3576 sensus:
2502 3521 2635 3589 Quis
2680 3531 2759 3578 est
2789 3523 2890 3579 iste
2947 3525 3041 3596 qui
3095 3526 3336 3582 ascendit
3384 3544 3414 3583 e
3469 3536 3629 3597 terra,
3660 3531 3824 3602 cujus

2242 3610 2567 3666 vestimenta
2585 3614 2848 3684 sanguine
2870 3623 3222 3687 suntaspersa
3242 3616 3269 3672 ?
3298 3618 3442 3674 Illud
3470 3629 3648 3676 autem
3669 3621 3823 3693 quod

2242 3697 2299 3753 in
2354 3699 2613 3755 Zacharia
2664 3701 2928 3773 propheta
2984 3703 3206 3770 dicitur,
3266 3706 3396 3777 quia
3449 3709 3823 3780 sequebantur

2241 3800 2362 3840 eum
2409 3788 2533 3858 equi
2585 3789 2861 3844 variorum
2907 3791 3152 3846 colorum
3187 3794 3379 3863 (Zach.
3413 3811 3452 3862 ι,
3482 3795 3558 3864 8),
3593 3795 3648 3848 id
3706 3805 3819 3862 est,

2241 3875 2335 3946 qui
2366 3877 2453 3929 vel
2484 3876 2542 3931 in
2562 3877 2827 3948 martyrio
2848 3877 3022 3946 rubri,
3054 3880 3141 3934 vel
3171 3881 3410 3937 sturnini
3441 3881 3495 3936 in
3522 3883 3732 3951 volatu,
3761 3885 3823 3940 id

2239 3968 2320 4016 est
2347 3963 2487 4017 varii
2543 3963 2601 4018 in
2635 3965 2954 4033 virtutibus,
3003 3966 3091 4022 vel
3132 3969 3352 4024 candidi
3397 3969 3453 4024 in
3500 3969 3821 4040 virginitate

2241 4059 2632 4106 monstrantur.
2688 4053 2844 4119 Quod
2879 4061 3061 4109 autem
3115 4071 3286 4126 equus
3324 4057 3425 4113 iste
3450 4058 3624 4126 rufus,
3657 4061 3821 4118 albus

2239 4135 2418 4193 denuo
2441 4154 2473 4192 a
2505 4145 2692 4193 sancto
2720 4140 2926 4195 Joanne
2971 4141 3300 4198 describitur
3332 4143 3519 4215 (Apoc.
3551 4163 3671 4214 xxx,
3701 4149 3817 4218 11),

2239 4225 2522 4294 divinitas,
2578 4227 2957 4284 immortalitas
3015 4229 3130 4300 (60)
3194 4239 3248 4286 et
3301 4232 3640 4304 incorruptio
3697 4236 3819 4306 ejus

2239 4315 2565 4371 ostenditur.
2625 4317 2696 4371 Et
2755 4316 2878 4373 ideo
2936 4333 3144 4386 omnes,
3204 4321 3298 4393 qui
3327 4337 3451 4377 eum
3487 4332 3816 4394 sequuntur,

2237 4403 2486 4459 candidis
2541 4420 2650 4459 non
2681 4405 2859 4461 solum
2910 4413 3144 4462 utuntur
3198 4408 3462 4477 vestibus,
3506 4410 3600 4466 sed
3645 4413 3816 4470 etiam

2237 4493 2393 4564 equis
2417 4493 2606 4549 sedent
2637 4494 2799 4564 (Ibid.
2834 4494 2948 4565 14),
2981 4495 3314 4568 incorruptis
3343 4498 3603 4555 videlicet
3629 4508 3684 4555 et
3715 4501 3819 4556 im-

2235 4582 2559 4638 mortalibus
2584 4583 2924 4655 corporibus.
2963 4585 3034 4639 Et
3063 4585 3187 4641 ideo
3222 4585 3368 4644 hunc
3398 4603 3587 4643 omnes
3613 4591 3816 4659 sancti,

2307 4730 2433 4807 (55)
2456 4729 2658 4807 Eadem
2682 4731 2851 4786 ‘Rom.
2881 4729 3040 4797 edit.,
3071 4729 3242 4800 facere
3271 4747 3380 4800 vos,
3415 4732 3599 4788 domus
3612 4736 3818 4807 Israel,

2232 4801 2358 4855 dicit
2390 4802 2665 4854 Dominus.

2303 4871 2418 4944 (56)
2451 4871 2653 4944 Eadem
2683 4871 2838 4944 Rom.
2871 4870 3440 4944 edit.,potentiam.....
3460 4874 3821 4944 quandoqui-

2228 4940 2343 4994 dem
2371 4940 2427 4994 in
2481 4943 2635 5011 lepra:
2685 4942 2963 4996 candorem
3018 4941 3288 5011 confestim
3332 4940 3488 4998 illam
3533 4940 3768 4998 mutarit
3802 4962 3816 5000 :

2225 5028 2350 5065 mox
2378 5012 2562 5080 colori,
2602 5021 2704 5069 etc.

2298 5084 2415 5154 (57)
2449 5085 2648 5139 Eadem
2680 5086 2835 5140 Rom.
2859 5083 3016 5152 edit.,
3046 5083 3103 5137 id
3124 5085 3263 5152 quod
3289 5091 3424 5151 erat,
3453 5086 3700 5154 resurgit,

2297 5155 2412 5224 (58)
2447 5155 2647 5210 Eadem
2697 5156 2852 5210 Rom.
2913 5155 3069 5222 edit.,
3114 5155 3509 5210 Hiericuntinus
3555 5157 3650 5209 ille
3679 5172 3828 5208 con—

2227 5225 2369 5279 tinuo
2416 5225 2591 5294 fertur
2619 5225 2688 5279 ad
2740 5226 3116 5281 stabulum.....
3165 5243 3264 5295 per
3293 5225 3625 5280 Samaritani
3661 5225 3825 5279 illius

2220 5297 2449 5366 gratiam
2475 5296 2873 5351 miserentis.....
2905 5312 3153 5366 suspensa
3176 5295 3450 5365 pendebat.

2295 5367 2411 5436 (59)
2444 5366 2644 5421 Eadem
2676 5367 2830 5421 Rom.
2858 5364 3016 5427 edit.,
3046 5364 3231 5432 fulvor
3260 5365 3557 5436 vestiumde
3583 5364 3770 5420 Bosra
3788 5369 3823 5424 ?

2221 5446 2274 5494 et
2297 5435 2311 5490 :’
2346 5439 2520 5501 Quare
2569 5443 2655 5489 tua
2705 5437 2872 5490 rubra
2918 5437 3242 5502 vestimenta,
3273 5441 3324 5489 et
3348 5435 3656 5490 indumenta
3713 5443 3823 5493 tua

2218 5507 2372 5578 quasi
2399 5507 2584 5578 calcati
2617 5507 2897 5578 torcularis
2923 5508 2951 5578 ξ

2290 5577 2407 5652 (60)
2439 5577 2641 5634 Eadem
2673 5577 2829 5636 Rom.
2885 5574 3043 5644 edit.,
3073 5574 3370 5634 divinitatis
3398 5576 3816 5638 immortalitas.
