4064 6178
1380 215 1477 277 DE
1513 214 1702 277 TRINI
1717 211 1887 274 ΓΑΤΕ
1925 212 2354 272 TBACTATUS.

3385 218 3494 280 870

225 365 341 438 ip”
363 361 617 434 iuvante,
648 352 940 412 imitamur
982 345 1148 422 milia
1175 345 1501 438 vestimenta
1549 360 1647 438 sua
1687 359 1798 399 non
1828 346 1880 406 Α
1979 337 2207 438 CAPUT
2239 339 2444 397 XXIX.
2475 370 2545 382 —
2574 340 2727 399 Sicut
2756 358 2884 415 ergo
2910 359 3094 400 veram
3125 359 3345 401 carnem
3373 345 3495 399 Do-

224 433 605 524 coinquinant,
659 459 724 501 ac
776 438 1041 512 virgines,
1091 434 1282 524 gratia
1316 434 1490 506 ipsius
1541 433 1800 501 donante,

226 517 563 621 permanent.
592 536 666 592 Et
711 532 834 590 ideo
875 530 935 586 in
989 527 1128 584 albis
1164 517 1428 593 vestibus,
1477 530 1538 579 ut
1594 521 1804 578 dictum

226 615 322 702 est,
350 637 519 688 erunt
546 631 836 699 sequentes
861 635 1062 693 agnum
1085 618 1203 692 (61)
1227 615 1323 690 qui
1349 615 1482 673 tulit
1521 619 1803 688 peccatum

221 721 434 783 mundi.

287 877 520 942 CAPUT
543 870 801 932 XXVIII.
832 897 902 912 —-
932 865 1134 923 Totum
1164 881 1291 937 ergo
1319 863 1622 928 hominem,
1661 857 1811 914 sicut

237 974 452 1032 dictum
483 975 583 1035 est,
623 961 799 1020 Filius
830 957 931 1016 Dei
965 956 1202 1028 suscepit
1244 971 1312 1011 ex
1346 953 1592 1025 Virgine,
1629 956 1806 1005 totum

222 1074 498 1144 integrum
545 1057 916 1122 resuscitabit,
967 1054 1026 1110 id
1054 1061 1155 1122 est,
1203 1054 1443 1109 animam
1489 1058 1544 1105 et
1588 1066 1804 1120 corpus,

224 1137 530 1231 adiniplens
551 1147 878 1210 sententiam
910 1159 1088 1210 suam,
1111 1141 1240 1214 quia
1266 1140 1343 1196 ait
1367 1157 1378 1194 :
1413 1164 1431 1187 ι
1448 1140 1620 1196 Omne
1650 1156 1755 1211 quo
1777 1137 1816 1195 d

227 1247 376 1306 dedit
421 1241 561 1298 mihi
606 1240 784 1305 Pater,
834 1252 946 1292 non
987 1233 1209 1307 perdam
1257 1249 1326 1288 ex
1356 1248 1420 1287 eo
1457 1231 1804 1302 quidquam;

231 1337 322 1395 sed
352 1351 449 1407 ego
477 1325 818 1388 resuscitabo
848 1323 986 1379 illud
1036 1322 1093 1376 in
1124 1319 1427 1376 novissimo
1476 1319 1566 1374 die
1625 1319 1804 1389 (Joan.

227 1445 302 1494 νι,
335 1425 463 1495 39):
491 1446 510 1469 ›
568 1416 716 1492 quod
744 1414 955 1470 dictum
1002 1420 1113 1467 tam
1142 1409 1210 1464 de
1254 1425 1310 1464 se
1339 1423 1500 1495 quam
1531 1407 1598 1462 de
1628 1422 1808 1462 mem-

228 1515 341 1571 bris
370 1494 486 1568 suis
514 1507 817 1564 Dominum
855 1500 1134 1559 Christum
1176 1496 1381 1554 dixisse
1425 1494 1805 1566 intelligimus,

228 1603 320 1676 qui
371 1617 474 1656 suo
521 1605 576 1654 et
627 1592 1000 1650 membrorum
1051 1604 1275 1643 suorum
1324 1601 1418 1640 ore
1454 1584 1514 1639 in
1553 1583 1809 1639 omnibus

227 1672 435 1748 sanctis
482 1685 730 1758 loquitur
773 1679 953 1735 libris.
1005 1677 1215 1775 Clamat
1262 1689 1389 1773 ergo
1436 1672 1503 1775 ad
1542 1674 1716 1728 Deum
1757 1680 1812 1728 ct
1839 1715 1886 1775 B

227 1787 398 1852 caput
426 1778 485 1832 in
526 1788 768 1843 corpore,
813 1777 868 1825 et
908 1782 1106 1838 corpus
1138 1765 1196 1820 in
1226 1763 1423 1835 capite,
1465 1762 1572 1819 hoc
1615 1770 1716 1829 est,
1761 1768 1815 1816 et

229 1850 486 1926 Ecclesia
514 1863 574 1919 in
602 1860 836 1924 Christo,
882 1865 937 1912 et
980 1853 1232 1912 Christus
1259 1852 1318 1906 in
1362 1850 1647 1916 Ecclesia;
1688 1850 1816 1921 quia

239 1958 300 2013 in
333 1953 492 2010 nullo
521 1948 760 2005 membra
805 1962 836 2000 a
864 1944 1060 2016 capite,
1084 1957 1260 2013 neque
1291 1948 1453 2012 caput
1482 1948 1758 2011 separatur
1784 1956 1812 1996 a

237 2041 524 2101 membris.
560 2039 710 2093 Tunc
755 2051 880 2106 ergo
909 2031 1179 2088 videbunt
1203 2045 1326 2086 eum
1356 2028 1651 2084 adversarii
1679 2027 1814 2099 ejus,

231 2133 326 2208 qui
374 2146 498 2187 eum
531 2130 994 2198 compunxerunt,
1028 2130 1082 2177 et
1109 2120 1485 2177 clamaverunt
1515 2135 1528 2174 :
1593 2140 1611 2162 ι
1641 2116 1812 2184 Tolle,

227 2206 386 2288 tolle,
417 2214 675 2286 cruciﬁge
719 2227 844 2268 eum
880 2210 1059 2282 (Joan.
1094 2224 1212 2273 xix,
1246 2207 1359 2278 15).
1400 2230 1418 2253 ι
1461 2206 1614 2261 Tunc
1641 2219 1815 2275 ange-

231 2311 416 2367 lorum
461 2303 790 2362 vaticinium
839 2296 1302 2370 comprobabitur,
1339 2295 1434 2366 qui
1471 2292 1816 2365 stupentibus

232 2396 500 2473 apostolis
527 2393 829 2450 dixerunt:
879 2414 896 2436 ι
929 2386 1054 2444 Viri
1076 2385 1311 2448 Galilaei,
1341 2383 1473 2454 quid
1499 2383 1652 2438 statis
1679 2381 1818 2453 aspi-

228 2469 439 2547 cientes
471 2484 531 2539 in
560 2482 758 2539 coelum
779 2479 808 2535 ?
854 2476 946 2534 Sic
987 2473 1190 2540 veniet,
1235 2471 1694 2544 quemadmodum
1723 2469 1820 2526 vi-

231 2577 397 2634 distis
425 2588 550 2629 eum
584 2576 805 2627 euntem
836 2565 895 2620 in
926 2562 1128 2622 coelum
1155 2561 1297 2632 (Act.
1320 2577 1361 2628 ι,
1393 2561 1503 2631 11).
1533 2585 1550 2606 ι
1585 2561 1655 2615 Et
1692 2575 1818 2613 sane

229 2667 336 2725 hoc
397 2657 755 2736 quaerendum
805 2662 886 2711 est
951 2660 1140 2711 utrum
1190 2658 1312 2724 post
1367 2648 1819 2732 resurrectionem

233 2750 540 2814 comessuri
568 2743 1024 2816 sumns(Tertnll.
1047 2741 1124 2797 De
1142 2756 1349 2796 resurr.
1367 2755 1539 2804 cam,
1561 2753 1678 2808 cap.
1702 2736 1819 2804 60),

232 2861 294 2902 ac
322 2837 564 2898 bibituri
587 2836 643 2892 in
673 2849 840 2907 regno
873 2830 1156 2895 caelorum,
1175 2828 1317 2884 sicut
1339 2835 1392 2882 et
1417 2825 1684 2881 Dominus
1699 2830 1823 2896 post

230 2927 722 2991 resurrectionem,
775 2927 838 2977 ut
881 2934 1072 2975 verum
1120 2933 1316 2989 corpus
1361 2913 1689 2979 ostenderet,
1720 2927 1823 2966 co—

229 3020 415 3079 medit
463 3032 526 3072 ac
573 3012 737 3078 bibit,
776 3009 920 3066 sicut
966 3007 1200 3062 Lazarus
1256 3005 1435 3074 (Joan.
1483 3019 1566 3068 χι,
1604 3000 1719 3072 44),
1769 3007 1823 3055 et

225 3105 422 3169 caeteri
474 3118 611 3176 quos
644 3096 950 3156 suscitavit.
983 3092 1234 3152 Comedit
1265 3108 1391 3163 ergo
1447 3089 1734 3156 Dominus,
1760 3095 1822 3142 ut

230 3197 535 3256 veritatem
565 3187 810 3262 corporis
854 3184 1165 3242 ostenderet
1213 3182 1363 3252 (Luc.
1401 3195 1563 3245 xxiv,
1601 3177 1717 3246 43),
1769 3181 1824 3230 et

222 3286 560 3345 dubitantes
589 3277 861 3352 apostolos
892 3272 1266 3335 conﬁrmaret,
1298 3267 1393 3341 qui
1423 3283 1545 3323 eum
1569 3263 1822 3336 spiritum

225 3393 290 3434 ac
323 3373 664 3448 phantasma
709 3363 1011 3439 putabant:
1062 3357 1300 3418 comedit
1341 3357 1550 3423 favum,
1590 3361 1651 3408 ut
1689 3366 1824 3424 pro-

225 3442 487 3540 phetiam
529 3458 804 3529 impleret,
850 3467 970 3525 quas
1016 3465 1085 3504 ex
1127 3461 1357 3520 persona
1402 3444 1520 3517 ejus
1582 3442 1826 3515 loquitur

226 3532 467 3612 dicens:
514 3571 536 3596 ι
589 3541 814 3604 Comedi
865 3541 1055 3597 favum
1109 3536 1226 3608 (62)
1280 3551 1405 3592 cum
1457 3532 1617 3588 melle
1665 3546 1822 3597 meo;

226 3640 537 3708 comedim,
558 3635 744 3702 amici,
768 3643 820 3690 et
849 3625 1408 3696 inebriamini,vicini
1428 3625 1609 3695 (Cant,
1629 3639 1684 3690 v,
1710 3621 1813 3692 1).»

225 3733 315 3792 Ob
350 3730 500 3786 hanc
529 3740 656 3798 ergo
684 3720 1048 3794 prophetiam,
1081 3725 1136 3773 et
1183 3730 1375 3770 verum
1412 3728 1608 3783 corpus
1642 3709 1827 3764 mani-

224 3815 556 3878 festandum
596 3817 719 3883 post
765 3805 1222 3866 resurrectionem
1272 3799 1514 3858 comedit
1560 3798 1830 3854 Dominus

222 3925 295 3965 ac
353 3902 525 3966 bibit,
569 3896 830 3968 probante
885 3895 992 3952 hoc
1035 3894 1195 3950 beato
1243 3891 1403 3946 Petro
1445 3886 1712 3959 apostolo,
1769 3899 1834 3941 ac

227 3994 472 4049 dicente
505 3983 622 4054 (63)
657 3997 670 4035 :
718 4005 736 4028 ι
761 3981 930 4036 Nobis
977 3989 1156 4035 autem
1187 3977 1566 4033 manifestatus
1595 3980 1697 4040 est,
1737 3972 1833 4044 qui

228 4073 714 4139 manducavimus
733 4086 795 4126 ac
819 4068 1064 4124 bibimus
1092 4083 1216 4123 cum
1237 4083 1321 4134 eo,
1351 4074 1637 4137 postquam
1658 4077 1832 4117 resur-

227 4164 397 4228 rexit
425 4178 457 4217 a
496 4156 729 4215 mortuis
760 4156 900 4226 (Act.
933 4170 992 4222 χ,
1021 4153 1108 4221 40,
1141 4153 1255 4224 hi).
1287 4178 1308 4201 ι
1344 4153 1511 4208 Nobis
1559 4167 1684 4221 ergo
1715 4155 1832 4222 post

233 4247 714 4316 resurrectionem
758 4243 913 4300 cibus
944 4241 1133 4308 Verbi,
1164 4248 1219 4295 et
1253 4239 1391 4294 visio
1419 4240 1539 4307 Dei,
1569 4247 1621 4294 et
1648 4237 1837 4293 laudes

233 4343 391 4416 ejus,
443 4345 498 4395 et
543 4333 768 4391 alleluia
807 4336 994 4398 erunt,
1051 4335 1106 4383 et
1151 4327 1250 4382 illa
1296 4350 1314 4372 ι
1344 4342 1460 4397 quae
1514 4342 1612 4382 nec
1645 4327 1838 4382 oculus

235 4411 416 4494 vidit,
448 4439 553 4480 nec
582 4421 729 4479 auris
758 4418 998 4486 audivit,
1029 4432 1132 4473 nec
1163 4415 1222 4470 in
1253 4429 1348 4470 cor
1376 4411 1614 4468 hominis
1642 4429 1838 4470 ascen-

239 4518 475 4582 derunt,
505 4527 626 4584 quae
656 4505 981 4582 praeparavit
1010 4507 1154 4562 Deus
1177 4499 1536 4573 diligentibus
1555 4515 1610 4554 se
1638 4499 1693 4569 (Ι
1713 4499 1837 4556 Cor.

237 4624 308 4674 ιι,
340 4603 428 4673 9).
461 4624 480 4648 ι
521 4598 642 4654 Non
677 4613 803 4670 ergo
831 4603 959 4668 post
1002 4592 1460 4650 resurrectionem
1497 4586 1841 4642 manducan-

237 4693 388 4752 dum
444 4685 604 4742 nobis
643 4701 705 4742 ac
758 4681 1059 4739 bibendum
1115 4687 1218 4749 est,
1267 4694 1369 4736 nec
1425 4677 1743 4746 incorrupta
1787 4682 1839 4729 et

242 4775 594 4840 immortalia
637 4787 865 4844 corpora
901 4769 1176 4827 alimoniis
1214 4765 1564 4823 sustentanda
1612 4761 1841 4820 terrenis

240 4873 421 4926 sunt:
475 4861 722 4934 alioquin
763 4857 858 4914 ubi
905 4856 1035 4922 cibi,
1075 4862 1375 4926 sequuntur
1419 4861 1474 4907 et
1537 4851 1736 4920 morbi,
1787 4857 1842 4906 et

238 4962 450 5015 cetera
478 4967 598 5023 quae
629 4948 690 5003 in
723 4947 828 5002 hoc
863 4944 1060 4999 saeculo
1090 4939 1446 5013 perpetimur.

321 5049 445 5122 (61)
482 5045 686 5122 [ladem
715 5044 874 5122 130m.
917 5038 1073 5122 edit.,
1101 5051 1403 5109 quocunque
1433 5033 1575 5122 ierit.

353 5109 444 5189 62)
484 5117 689 5189 Eadem
718 5115 878 5189 βοαὶ.
917 5109 1289 5189 edit.,}ganem
1321 5121 1516 5189 uicum,

353 5125 444 5189 62)
484 5125 689 5174 Eadem
722 5125 878 5170 Hom.
917 5125 1074 5176 edit.,
1103 5125 1289 5179 panem
1321 5125 1516 5159 meum.

323 5125 450 5265 E63)
487 5188 692 5244 Eadem
718 5186 874 5241 Rom.
899 5180 1058 5249 edit.,
1079 5181 1230 5236 Hunc
1243 5175 1513 5232 suscitavit
1537 5192 1574 5229 α
1595 5173 1838 5241 mortuis,

245 5270 450 5390 “C(64)
490 5328 696 5388 Eadem
726 5328 881 5383 Rom.
913 5321 1070 5389 edit.,
1108 5319 1335 5389 Cleopha
1360 5319 1660 5390 etAmaon.

357 5332 426 5390 64
490 5332 696 5388 Eadem
726 5332 881 5383 Rom.
913 5332 1070 5389 edit.,
1108 5332 1335 5389 Uteopna
1360 5332 1408 5372 et
1430 5332 1660 5372 Antaon.

328 5332 450 5478 ξβό)
491 5400 696 5460 Eadem
727 5399 883 5454 Rom.
915 5392 1070 5460 edit.,
1098 5391 1312 5447 dubium
1341 5388 1443 5443 erit
1465 5387 1604 5458 quod
1634 5383 1843 5440 transi-

245 5481 451 5629 "‘26)
488 5540 701 5626 Eadem.
718 5539 878 5598 Rom.
905 5534 1061 5605 edit.,
1086 5539 1135 5591 et
1156 5535 1444 5611 peccatores
1473 5528 1584 5600 ejus
1603 5526 1842 5584 inimicos

1916 428 2101 486 minus
2132 433 2392 505 suscepit,
2424 442 2478 488 et
2508 449 2633 489 vere
2662 451 2850 506 passus
2878 442 2978 502 est,
3019 443 3073 490 et
3112 450 3240 490 vere
3262 447 3496 490 resurre-

1915 520 2022 588 xit,
2071 529 2125 576 et
2169 539 2295 578 vere
2343 533 2463 596 post
2509 526 2964 582 resurrectionem
3013 542 3208 582 manus
3252 534 3306 581 et
3354 525 3498 580 latus

1917 613 2157 671 ostendit
2184 615 2469 689 discipulis
2501 618 2681 690 (Joan.
2713 636 2811 687 xx,
2830 619 2930 687 27;
2957 620 3088 685 Luc,
3104 635 3264 685 xxxv,
3286 617 3402 687 60);
3422 617 3499 672 ita

1917 710 1971 757 et
1994 719 2119 759 vere
2147 706 2523 775 manducavit,
2549 724 2673 763 vere
2694 708 2924 779 pedibus
2944 707 3268 774 ambulavit,
3293 715 3347 762 et
3365 720 3498 762 vera

1918 789 2104 863 lingua
2141 811 2267 851 cum
2296 797 2554 853 omnibus
2588 798 2848 869 apostolis
2870 805 2924 853 et
2946 814 3068 854 cum
3107 796 3346 868 Cleopha
3377 794 3495 865 (64)

1919 884 2134 942 locutus
2161 895 2262 954 est,
2296 897 2350 944 et
2378 907 2510 945 vero
2538 892 2728 946 cubitu
2758 907 2884 947 cum
2915 891 2993 946 eis
3023 891 3082 945 in
3120 907 3273 946 coena
3302 889 3498 943 discu—

1919 971 2040 1028 buit
2086 982 2140 1029 et
2176 976 2321 1031 veris
2361 978 2614 1032 manibus
2657 979 2864 1049 accepit
2895 995 3087 1049 panem
3131 986 3184 1033 et
3212 973 3496 1033 benedixit

1920 1077 1981 1116 ac
2012 1063 2170 1132 fregit
2219 1074 2272 1120 et
2302 1067 2547 1136 porrexit
2589 1066 2722 1120 illis.
2771 1066 2930 1132 Quod
2983 1074 3163 1122 autem
3223 1082 3291 1120 ex
3322 1063 3498 1120 oculis

1921 1163 2109 1205 eorum
2166 1162 2384 1222 repente
2429 1153 2673 1220 evanuit,
2719 1153 2923 1208 divinae
2953 1153 3176 1208 virtutis
3231 1152 3355 1218 fuit,
3386 1166 3497 1206 non

1920 1239 2127 1294 umbrae
2154 1248 2246 1295 aut
2273 1241 2704 1312 phantasmatis:
2753 1242 3001 1314 alioquin
3031 1252 3084 1298 et
3142 1251 3266 1296 ante
3297 1241 3495 1310 passio-

1921 1342 2044 1382 nem
2067 1345 2190 1384 cum
2209 1330 2532 1399 tenuissent,
2553 1338 2606 1386 et
2621 1330 2942 1386 eduxissent
2961 1347 3084 1386 eum
3120 1330 3186 1386 de
3211 1327 3494 1393 Nazareth,

1920 1427 1982 1474 ut
2017 1420 2418 1491 praecipitarent
2433 1437 2557 1476 eum
2589 1421 2656 1477 de
2676 1421 2970 1493 supercilio
3001 1419 3203 1475 montis
3235 1417 3384 1488 (Luc.
3418 1432 3497 1482 ιν,

1921 1507 2011 1578 29)
2053 1524 2216 1578 super
2258 1525 2419 1581 quem
2466 1509 2662 1565 civitas
2691 1525 2879 1564 eorum
2910 1508 3084 1580 posita
3108 1515 3257 1572 erat;
3292 1503 3500 1561 transi-

1920 1595 2002 1651 vit
2034 1596 2150 1666 (65)
2184 1612 2278 1666 per
2312 1597 2556 1652 medium
2606 1613 2818 1665 eorum,
2863 1597 2920 1651 id
2949 1605 3048 1664 est,
3095 1597 3276 1666 lapsus
3321 1601 3404 1649 est
3432 1590 3499 1647 de

1921 1682 2173 1738 manibus
2197 1700 2407 1740 eorum.
2433 1687 2546 1740 Aut
2575 1685 2846 1756 numquid
2884 1700 3103 1740 carnem
3135 1698 3245 1737 non
3281 1679 3496 1745 habuit,

1922 1774 2016 1846 qui
2063 1773 2337 1846 ﬂagellum
2380 1775 2446 1831 de
2499 1776 2631 1831 fune
2661 1775 2810 1843 fecit,
2843 1784 2896 1831 et
2925 1790 3114 1830 omnes
3156 1772 3411 1828 inimiccs
3439 1787 3502 1828 ac

1922 1874 2294 1937 persecutores
2341 1883 2468 1921 suos
2513 1865 2579 1921 de
2619 1867 2822 1937 templo
2870 1863 3179 1921 eliminavit
3227 1863 3406 1934 (Joan.
3439 1877 3499 1928 ιι,

1925 1955 2049 2025 15)?
2077 1954 2173 2009 ubi
2199 1955 2380 2010 omnis
2409 1955 2720 2010 divinitatis
2746 1955 2862 2025 (66)
2885 1955 3001 2025 ejus
3022 1954 3264 2026 potentia
3283 1952 3500 2008 claruit.

1923 2042 2068 2100 Illud
2123 2049 2303 2099 autem
2360 2041 2506 2114 quod
2567 2049 2688 2114 post
2743 2044 3196 2097 resurrectionem
3237 2046 3380 2101 340
3436 2037 3503 2093 ad

1923 2138 2223 2211 discipulos
2279 2139 2478 2194 clausis
2527 2137 2801 2210 ingressus
2849 2145 2930 2192 est
2965 2137 3152 2207 januis
3191 2137 3372 2207 (Joan.
3404 2150 3501 2202 xx,

1924 2228 2041 2298 26),
2075 2226 2318 2299 ejusdem
2349 2228 2575 2283 virtutis
2619 2226 2748 2294 fuit,
2788 2225 2947 2297 cujus
2975 2235 3027 2281 et
3070 2241 3138 2280 ex
3181 2225 3354 2280 oculis
3381 2239 3503 2277 eva-

1923 2333 2162 2373 nescere.
2211 2318 2417 2374 Dicunt
2454 2317 2601 2372 enim
2643 2315 2895 2371 homines
2936 2315 3122 2371 saeculi
3170 2314 3331 2369 istius
3359 2314 3504 2385 quod

1925 2405 2250 2477 Apollonius
2300 2421 2509 2477 magus,
2539 2422 2665 2462 cum
2696 2412 2823 2460 ante
2865 2403 3243 2460 Domitianum
3273 2401 3504 2471 impera-

1930 2500 2103 2549 torem
2136 2493 2196 2549 in
2245 2493 2571 2550 consistorio
2624 2499 2810 2560 staret,
2864 2500 3084 2563 repente
3137 2505 3246 2545 non
3277 2503 3506 2558 compa-

1925 2591 2124 2646 ruisset
2169 2588 2454 2660 (Philostr.
2503 2590 2684 2643 Lemn.
2729 2588 2825 2643 lib.
2848 2603 2971 2654 VIII,
2999 2602 3117 2656 cap.
3149 2585 3215 2651 2;
3259 2585 3503 2640 Lactant.

1927 2677 2004 2732 De
2032 2677 2197 2732 instit.
2223 2678 2260 2731 l.
2295 2695 2350 2743 v,
2383 2692 2431 2731 c.
2474 2675 2553 2745 3).
2596 2676 2723 2731 Haec
2749 2684 2932 2730 tamen
2963 2689 3064 2728 nos
3099 2673 3364 2738 diximus,
3397 2687 3506 2726 non

1929 2781 2036 2837 quo
2054 2781 2310 2837 magnum
2324 2764 2570 2820 daemone
2587 2762 2853 2835 repletum
2877 2762 3114 2818 Domino
3130 2760 3348 2818 Christo
3363 2774 3507 2814 com-

1930 2872 2201 2929 paremus,
2239 2854 2334 2911 sed
2365 2862 2427 2909 ut
2457 2853 2838 2908 haereticorum
2870 2851 3141 2906 insaniam
3184 2850 3509 2906 confutare-

1932 2961 2072 3000 mus.
2104 2942 2262 3010 Quod
2297 2958 2423 3014 ergo
2489 2958 2647 3013 mago
2688 2940 2838 3007 licet,
2878 2940 2925 2994 si
2970 2947 3150 2994 tamen
3188 2953 3378 2993 verum
3407 2945 3508 3006 est,

1853 3055 1897 3115 ρ
1932 3033 2169 3090 Domino
2225 3046 2336 3085 non
2381 3029 2549 3085 licet?
2603 3030 2878 3100 Lynceus,
2932 3035 2996 3082 ut
3050 3025 3248 3082 fabulae
3303 3026 3508 3092 ferunt,

1931 3125 2152 3182 videbat
2203 3133 2353 3180 trans
2409 3123 2669 3194 parietem
2717 3122 2885 3192 (Plin,
2923 3123 2962 3177 l.
3015 3137 3139 3188 vm,
3195 3122 3322 3178 Nat.
3371 3122 3508 3176 Hist.

1933 3232 2052 3286 cap.
2106 3214 2198 3285 8):
2232 3213 2502 3269 Dominus
2554 3209 2754 3268 clausis
2805 3210 2981 3276 ostiis,
3030 3208 3137 3264 nisi
3194 3209 3514 3279 phantasma

1932 3303 2122 3369 fuerit,
2162 3302 2365 3357 intrare
2399 3314 2511 3356 non
2541 3298 2795 3371 poterat?
2815 3298 2909 3370 qui
2937 3306 3081 3354 certe
3109 3305 3161 3352 et
3189 3304 3314 3351 ante
3340 3311 3514 3351 resur-

1934 3397 2232 3452 rectionem
2270 3391 2509 3464 pendulo
2551 3407 2713 3462 super
2757 3405 2904 3446 mare
2949 3387 3255 3444 ambulavit
3300 3387 3514 3442 incessu

1939 3486 2150 3559 (Matth.
2200 3501 2319 3552 XIV,
2350 3482 2464 3552 26),
2510 3487 2565 3536 et
2610 3480 2717 3536 hoc
2761 3480 2940 3551 ipsum
2979 3479 3228 3550 apostolo
3283 3475 3518 3550 praebuit

1936 3578 2117 3644 Petro,
2144 3576 2238 3648 qui
2268 3590 2394 3631 cum
2436 3573 2543 3628 ﬁde
2572 3588 2733 3644 super
2761 3588 2929 3644 aquas
2955 3571 3282 3639 ambularet,
3313 3567 3520 3624 infide-

1939 3671 2091 3726 litate
2130 3674 2317 3740 postea
2357 3665 2527 3737 mergi
2575 3664 2740 3734 coepit
2771 3663 2933 3734 (Ibid.
2962 3663 3052 3730 29,
3097 3662 3215 3733 30),
3259 3660 3366 3716 nisi
3400 3661 3516 3728 (67)

1939 3774 2063 3816 eum
2093 3755 2257 3812 citius
2286 3753 2511 3809 dextera
2538 3751 2761 3808 Domini
2789 3749 3151 3806 continuisset
3186 3748 3434 3821 (Hieron.
3464 3748 3522 3800 in

1939 3849 2050 3906 Isa.
2083 3844 2184 3900 sub
2213 3842 2309 3898 lin.
2334 3861 2347 3908 ;
2378 3843 2511 3898 item
2537 3842 2594 3896 in
2621 3857 2739 3911 cap.
2773 3856 2931 3906 xxxv,
2959 3839 3196 3909 Matth).
3229 3838 3442 3909 Aquilae
3469 3844 3523 3891 et

1941 3936 2191 3995 vultures
2230 3933 2595 3990 transmarina
2654 3930 2900 3986 sentiunt
2946 3928 3242 3983 cadavera:
3275 3926 3522 3980 Salvator

1943 4029 2217 4104 apostolos
2248 4041 2396 4092 suos,
2447 4023 2555 4079 nisi
2611 4021 2750 4076 ostia
2792 4017 3082 4090 aperuerit,
3115 4031 3224 4071 non
3253 4013 3462 4070 videbit
3493 4015 3523 4071 ?

1943 4103 2011 4179 ad
2039 4127 2396 4194 postremum,
2428 4113 2577 4170 dicas
2623 4110 2790 4165 velim
2846 4106 2983 4161 mihi
3027 4105 3159 4178 quid
3206 4103 3382 4175 majus
3429 4105 3519 4172 sit,

1943 4221 2153 4272 tantam
2172 4217 2329 4265 terrae
2352 4200 2786 4276 magnitudinem
2809 4197 2985 4253 tribus
3014 4194 3317 4267 appendere
3336 4194 3525 4266 digitis

1947 4306 2081 4376 (Isa.
2113 4319 2206 4367 xu,
2239 4297 2354 4366 12),
2410 4300 2464 4348 et
2491 4304 2653 4362 super
2707 4302 2874 4358 aquas
2921 4285 3158 4340 incertas
3187 4284 3374 4339 librari
3409 4301 3423 4349 ;
3455 4299 3525 4338 an

1865 4395 1914 4454 D
1942 4371 2115 4452 Deum
2149 4390 2263 4462 (68)
2298 4401 2391 4458 per
2419 4384 2656 4438 clausam
2711 4384 3013 4432 creaturam
3044 4372 3276 4428 transire
3297 4372 3325 4427 ‘i
3357 4371 3528 4429 Crea—

1944 4484 2054 4541 tori
2086 4478 2230 4553 quod
2262 4475 2437 4546 majus
2468 4480 2549 4527 est
2577 4467 2796 4533 tribuis,
2829 4475 2882 4520 et
2922 4463 3068 4536 quod
3099 4463 3282 4517 minus
3309 4462 3528 4518 calum—

1947 4551 2120 4630 niaris
2150 4568 2288 4641 (69).
2339 4565 2529 4619 Petrus
2574 4557 2873 4631 apostolus,
2926 4561 2989 4608 ut
3013 4551 3128 4622 jam
3185 4552 3395 4607 dictum
3423 4557 3524 4617 est,

1949 4679 2110 4736 super
2158 4675 2323 4732 aquas
2380 4651 2685 4711 ambulavit
2713 4655 2766 4704 et
2797 4645 2947 4718 gravi
3004 4652 3058 4698 et
3091 4642 3270 4698 solido
3312 4640 3528 4712 corpori

1950 4733 2132 4809 mollis
2161 4749 2327 4815 unda,
2378 4745 2486 4800 nisi
2526 4738 2809 4814 paululum
2853 4733 3176 4801 dubitasset,
3208 4748 3319 4787 non
3346 4747 3532 4788 cesse-

1949 4847 2032 4896 rat
2064 4838 2274 4911 (Matth.
2302 4851 2421 4900 xiv,
2453 4831 2541 4896 29,
2573 4827 2697 4898 30):
2731 4832 2785 4880 et
2834 4831 2896 4879 tu
2949 4823 3122 4877 Deum
3154 4817 3527 4888 calumniaris,

1951 4909 2117 5004 quare
2158 4925 2358 4984 clausis
2387 4924 2662 4993 ingressus
2707 4914 2779 4970 sit
2821 4912 3023 4969 ostiis?
3068 4909 3361 4966 Paululum
3402 4919 3532 4978 ergo

1950 5030 2021 5085 ad
2040 5044 2268 5082 unum...
2301 5024 2389 5077 ubi
2410 5018 2645 5074 omnibus
2665 5012 2989 5085 divinitatis,
3014 5019 3118 5085 etc.
3187 5075 3197 5085 .

2024 5079 2389 5170 (677)77Eadem
2448 5093 2603 5170 Rom.
2663 5085 2818 5170 edit.,
2847 5079 3339 5170 'ﬁdeiu

1949 5145 2418 5240 aquo-slamhuldre
2441 5145 2606 5231 erepit,
2661 5145 2940 5235 {tuendam
2972 5145 3097 5204 mox
3142 5145 3339 5199 labente
3369 5145 3531 5212 mergi

1949 5226 2119 5311 ὸὼρὶι,
2149 5235 2380 5311 etmergi
2403 5226 2683 5311 Pati-(isset,
2697 5226 2826 5311 nisi,
2870 5232 2974 5311 etc;

2601 5285 2759 5364 edit.,
2787 5285 3528 5381 pugilloqupeitdffeiaitucgt

1951 5357 2373 5450 1αῆᾇῆιῆῖᾶ
2399 5357 2566 5446 aqua;
2592 5357 2755 5426 manu
2787 5357 3281 5432 'et'rupesi’statera
3315 5357 3530 5425 metiri;

1949 5453 2231 5515 anDeum,
2264 5457 2368 5504 etc.
2647 5510 2682 5515 __
2783 5507 2794 5515 ,
2845 5505 2865 5515 ,
2907 5503 2916 5513 .
2995 5501 3006 5512 .

2025 5505 2142 5596 (69)
2169 5505 2375 5577 Eadem
2403 5517 2563 5583 nom.
2598 5510 2754 5578 edit.,
2773 5505 3052 5583 inliciaris.
