4070 6186
549 273 652 343 tm

1571 276 1665 331 AD
1708 276 1940 334 OPERA
1978 276 2035 335 S.
2077 275 2410 337 AMBROSII
2448 275 2826 340 APPENDIX.

3717 288 3832 356 διε

549 399 684 458 ﬁdes
712 397 856 456 Petri
885 397 1160 488 dubitavit
1183 406 1236 455 et
1260 399 1448 455 statim
1470 406 1722 457 naturam
1748 418 1900 458 suam
1932 418 2129 474 corpus
2157 406 2207 464 Α
2236 413 2493 476 gnoscant
2525 415 2576 463 te
2632 423 2802 463 unum
2859 413 2917 464 et
2947 421 3140 464 verum
3183 408 3380 481 Deum,
3411 417 3465 472 et
3509 428 3673 488 quem
3708 417 3829 475 mi-

547 488 812 560 agnovit;
845 496 906 544 ut
943 503 1042 543 nos
1071 486 1335 546 sciremus
1380 505 1541 561 super
1589 505 1754 562 aquas
1798 505 1910 548 non
1940 505 2135 563 corpus

548 581 853 641 ambulasse
875 579 1016 652 (70),
1046 579 1142 638 sed
1168 580 1355 640 ﬁdem.

617 715 846 774 CAPUT
878 715 1059 772 XXX.
1090 746 1161 760 —
1186 715 1312 774 Noli
1351 713 1420 772 ad
1443 715 1717 787 judicium
1747 722 1904 774 tuum
1932 723 2133 789 poten-

545 805 680 862 tiam
718 805 942 861 Domini
989 821 1269 877 magorum
1320 805 1612 877 praestigiis
1653 812 1745 862 aut
1784 821 1996 880 aequare
2039 812 2133 862 aut

547 896 860 954 inferiorem
911 896 1132 962 facere;
1193 903 1255 951 ut
1310 895 1566 952 videatur
1609 896 1778 953 fuisse
1838 895 1983 969 quod
2021 911 2131 952 non

545 984 671 1056 fuit,
706 993 766 1040 ut
815 990 1038 1058 putetur
1078 981 1378 1040 comedisse
1426 983 1545 1040 sine
1577 984 1853 1052 dentibus,
1908 983 2131 1056 fregisse

544 1091 736 1148 panem
789 1074 908 1130 sine
942 1072 1217 1141 manibus,
1245 1073 1552 1129 ambulasse
1581 1073 1698 1128 sine
1745 1072 1992 1144 pedibus,
2037 1073 2131 1128 lo—

545 1172 701 1222 cutus
747 1163 915 1219 fuisse
959 1162 1077 1218 sine
1129 1161 1333 1234 lingua,
1392 1169 1486 1217 aut
1523 1161 1719 1232 capite,
1772 1162 1914 1216 latus
1961 1176 2129 1216 mon-

543 1259 737 1310 strasse
795 1252 911 1307 sine
972 1266 1218 1323 corpore.
1275 1250 1346 1305 Et
1418 1250 1693 1322 quomodo
1767 1249 1968 1322 inquit,
2020 1265 2129 1305 non

542 1340 940 1414 cognoscebant
967 1355 1092 1396 eum
1125 1339 1182 1394 in
1229 1338 1424 1396 itinere
1456 1341 1500 1394 si
1533 1339 1713 1410 ipsum
1743 1337 1974 1394 habebat
1999 1354 2129 1394 cor-

541 1447 643 1506 pus
690 1432 838 1504 quod
890 1436 1015 1486 ante
1063 1428 1314 1485 habuit?
1363 1429 1527 1484 Erras
1579 1429 1726 1484 enim
1783 1436 1837 1484 et
1891 1429 2124 1484 multum

541 1535 707 1588 erras,
773 1521 868 1592 qui
951 1534 1062 1574 non
1117 1517 1272 1573 audis
1337 1517 1741 1591 Evangelistam
1798 1516 2122 1573 dicentem:

555 1631 575 1658 ι
603 1607 742 1676 Quia
769 1606 914 1664 oculi
958 1621 1146 1662 eorum
1186 1605 1534 1672 tenebantur,
1584 1623 1652 1663 ne
1688 1622 1812 1663 eum
1861 1621 2126 1678 agnosce-

540 1706 663 1756 rent
694 1697 844 1768 (Luc.
877 1710 1035 1762 xxiv,
1063 1693 1208 1765 16);»
1251 1702 1304 1749 et
1323 1694 1482 1764 paulo
1512 1703 1635 1766 post
1660 1714 1672 1751 :
1717 1718 1737 1742 ι
1767 1695 1957 1766 Aperti
1975 1702 2122 1762 sunt,

541 1787 742 1860 inquit,
765 1785 912 1842 oculi
933 1800 1143 1852 eorum,
1167 1792 1219 1838 et
1243 1791 1619 1854 cognoverunt
1637 1798 1760 1838 eum
1782 1783 1942 1854 (Ibid.
1969 1782 2108 1854 31).»

537 1874 817 1947 Numquid
860 1873 918 1928 in
958 1880 1171 1928 tantum
1201 1871 1454 1943 desipies,
1498 1880 1562 1928 ut
1602 1887 1726 1928 eum
1755 1873 1924 1928 alium
1957 1871 2122 1928 fuisse

539 1961 708 2030 dicas,
737 1959 956 2033 quando
984 1959 1448 2034 cognoscebatur;
1482 1967 1536 2016 et
1564 1961 1733 2016 alium
1763 1960 1980 2034 quando
2010 1976 2120 2017 non

537 2049 1013 2123 cognoscebatur?
1063 2051 1134 2106 Et
1180 2057 1323 2107 certe
1380 2064 1525 2105 unus
1576 2058 1738 2121 atque
1793 2049 1938 2106 idem
1985 2058 2116 2106 erat.

537 2137 872 2212 Cognoscere
887 2155 1014 2212 ergo
1044 2146 1098 2195 et
1122 2154 1232 2196 non
1263 2153 1586 2210 cognoscere
1611 2137 1918 2195 videntium
1949 2137 2122 2195 oculis

537 2228 666 2298 fuit,
699 2244 812 2284 non
851 2227 969 2300 ejus
1012 2228 1109 2302 qui
1154 2228 1466 2295 videbatur,
1502 2235 1565 2282 ut
1592 2227 1916 2283 vaticinium
1946 2227 2120 2286 sancti

537 2317 782 2374 Jeremiae
807 2318 1192 2389 compleretur,
1227 2331 1335 2388 quo
1373 2315 1450 2370 ait
1475 2332 1487 2371 :
1536 2337 1555 2362 -
1584 2314 1761 2383 Quare
1792 2315 1934 2371 sicut
1961 2316 2120 2373 colo-

536 2424 641 2466 nus
670 2409 887 2464 futurus
931 2414 1014 2463 est
1045 2408 1103 2462 in
1146 2414 1308 2466 terra.
1347 2413 1400 2462 et
1429 2405 1572 2462 sicut
1612 2406 1699 2460 vir
1742 2405 2024 2463 declinans
2050 2407 2118 2463 ad

537 2496 868 2555 manendum
897 2495 1012 2568 (71)
1043 2495 1256 2566 (Jerem.
1279 2511 1399 2562 xxv,
1429 2495 1486 2566 8)
1513 2493 1542 2549 ‘i
1562 2518 1582 2543 ι
1625 2495 1870 2568 Denique
1897 2503 1959 2551 ut
1980 2496 2120 2553 scias

537 2604 798 2656 errorem,
855 2587 951 2659 qui
1001 2584 1318 2641 versabatur
1375 2583 1433 2639 in
1490 2584 1690 2653 medio,
1723 2602 1834 2642 non
1875 2587 2118 2659 corporis

535 2677 782 2744 Domini,
816 2675 909 2732 sed
951 2676 1236 2732 oculorum
1271 2673 1439 2730 fuisse
1467 2673 1812 2730 clausorum:
1863 2697 1882 2722 ι
1927 2676 2118 2748 Aperti

534 2774 664 2823 sunt
700 2764 847 2822 oculi
899 2779 1086 2821 eorum
1138 2764 1218 2836 (et
1271 2761 1426 2832 mox)
1476 2770 1850 2833 cognoverunt
1889 2778 2033 2820 eum.
2083 2788 2104 2813 ι

535 2853 672 2914 Nam
701 2861 755 2910 et
793 2854 962 2910 Maria
991 2851 1303 2924 Magdalene
1335 2850 1580 2924 quandiu
1625 2851 1815 2906 vivum
1846 2853 2117 2924 quaerebat

535 2942 680 3000 inter
707 2950 954 2998 mortuos
1002 2941 1153 3012 (Luc.
1185 2955 1343 3006 xxrv,
1370 2939 1440 3009 5),
1486 2953 1597 2994 non
1638 2940 1995 3011 cognoscebat
2020 2943 2117 2998 Je-

532 3046 653 3090 sum
687 3032 866 3104 (Joan.
901 3045 995 3098 xx,
1029 3029 1159 3101 i6);
1195 3035 1250 3084 at
1273 3027 1366 3083 ubi
1396 3043 1521 3084 cum
1564 3029 1806 3100 agnovit,
1841 3045 1968 3085 mox
2000 3033 2116 3087 Do—

2243 493 2382 564 sisti,
2429 495 2611 554 Iesum
2658 496 2938 556 Christum
2991 498 3172 572 (Joan.
3219 517 3362 572 xvu,
3393 502 3473 575 3).
3522 527 3542 552 ι
3585 505 3827 577 Dignum

2242 601 2367 657 ergo
2410 593 2513 654 est,
2559 594 2614 642 et
2656 585 2788 645 satis
2821 586 3071 659 dignum,
3108 596 3170 647 ut
3209 604 3335 647 caro
3381 590 3624 652 hominis
3671 597 3827 656 caelis

2241 671 2552 741 inferretur,
2598 672 2755 746 cujus
2784 673 3058 732 habitator
3094 677 3241 734 Deus
3269 693 3384 734 esse
3411 679 3671 754 dignatus
3698 692 3780 742 est
3807 704 3821 748 :

2240 774 2340 815 nec
2372 765 2548 830 potest
2578 759 2754 815 videri
2787 759 3068 817 hominem
3107 771 3297 819 contra
3329 767 3587 823 meritum
3616 770 3825 830 factum

2240 861 2354 902 esse
2385 846 2619 902 incolam
2649 847 2798 915 coeli,
2829 846 2989 919 cujus
3017 849 3266 918 vaginam
3313 867 3425 907 non
3456 863 3534 910 est
3562 855 3823 929 dedigna-

2237 938 2329 990 tus
2373 934 2629 1007 Spiritus,
2673 935 2769 1007 qui
2811 935 2956 993 Deus
3001 943 3084 995 est
3123 937 3262 1008 (74).
3292 939 3506 999 Iustum
3557 960 3684 1018 ergo
3714 949 3823 1006 fuit

2239 1030 2302 1080 ut
2327 1039 2526 1095 corpus
2564 1024 2622 1080 in
2667 1039 2777 1096 quo
2822 1025 2965 1083 Deus
3011 1024 3309 1086 habitando
3350 1036 3552 1090 terram
3595 1034 3820 1094 visitare

2239 1114 2492 1188 dignatus
2521 1124 2623 1185 est,
2679 1131 2775 1188 per
2822 1117 2970 1191 quod
3002 1117 3273 1192 particeps
3300 1123 3472 1178 nostri
3512 1122 3688 1183 factus
3716 1137 3818 1201 est,

2238 1206 2306 1266 ad
2355 1205 2820 1264 immortalitatem
2869 1209 3208 1280 perduceret,
3275 1219 3328 1269 et
3388 1212 3448 1269 in
3506 1217 3821 1276 coelestibus

2237 1295 2552 1355 collocaret.
2584 1294 2686 1352 Ubi
2715 1312 2842 1368 ergo
2878 1297 2977 1354 Dei
3017 1296 3284 1355 habitatio
3313 1315 3428 1359 esse
3457 1303 3671 1376 debuit,
3710 1308 3817 1366 nisi

2237 1384 2296 1444 in
2334 1400 2500 1456 regno
2527 1390 2664 1449 841
2692 1384 2837 1443 Dei?
2866 1385 2963 1442 ubi
2994 1395 3175 1445 autem
3207 1403 3434 1460 regnum
3463 1393 3584 1463 Dei,
3617 1397 3724 1454 nisi
3754 1399 3819 1457 in

2235 1482 2389 1538 caelis
2442 1481 2539 1539 ubi
2591 1489 2645 1539 et
2691 1497 2791 1540 nos
2838 1497 3050 1551 omnes,
3080 1483 3200 1554 ipso
3249 1483 3489 1546 donante
3545 1499 3702 1568 atque
3727 1495 3817 1566 ju-

2234 1578 2420 1640 vante,
2460 1578 2594 1629 tunc
2631 1571 2804 1628 futuri
2833 1586 3043 1639 sumus,
3098 1593 3118 1619 ι
3165 1572 3388 1643 quando
3433 1583 3815 1652 corruptivum

2235 1659 2340 1720 hoc
2385 1663 2629 1719 induerit
2672 1663 3161 1736 incorruptionem,
3207 1671 3261 1721 et
3294 1670 3517 1728 mortale
3563 1672 3670 1732 hoc
3714 1675 3818 1732 in-

2155 1764 2202 1828 B
2235 1748 2416 1808 duerit
2445 1752 2915 1811 immortalitatem
2947 1755 3006 1825 (Ι
3033 1755 3156 1812 Cor.
3191 1772 3286 1826 xv,
3316 1759 3440 1830 53);
3474 1783 3495 1811 ι
3534 1769 3596 1818 ut
3623 1766 3814 1822 omnis

2230 1854 2357 1898 caro
2403 1839 2589 1896 videat
2634 1841 2870 1900 salutare
2900 1843 2998 1900 Dei
3031 1846 3164 1914 (Isa.
3197 1862 3289 1916 χι,
3319 1848 3402 1918 5),
3458 1856 3512 1906 et
3555 1863 3812 1922 agnoscat

2229 1928 2376 2001 quod
2396 1928 2705 2002 redemptor
2729 1937 2892 2004 atque
2921 1933 3158 1989 salvator
3188 1934 3284 1991 ille
3309 1936 3399 2004 sit,
3451 1939 3546 2010 qui
3573 1940 3815 2001 luctatus

2230 2023 2310 2072 est
2337 2033 2462 2074 cum
2492 2017 2655 2074 Jacob
2688 2018 2844 2090 (Gen.
2879 2036 3058 2089 xxxn,
3087 2021 3202 2093 24),
3227 2024 3321 2096 qui
3353 2024 3534 2083 virtus
3560 2037 3614 2084 et
3641 2033 3816 2088 auxi-

2230 2105 2393 2163 liator
2438 2107 2544 2163 fuit
2581 2107 2686 2180 ipsi
2735 2109 2918 2179 Iacob,
2957 2111 3052 2184 qui
3101 2112 3159 2167 in
3201 2114 3451 2186 passione
3500 2119 3815 2179 voluntaria

2228 2205 2529 2269 superatus,
2585 2197 2731 2271 quod
2792 2200 2889 2256 illa
2945 2202 3092 2259 lucta
3141 2203 3544 2277 praeﬁgurabat,
3587 2211 3811 2269 cruciﬁ-

2229 2293 2412 2356 gentes
2461 2301 2518 2341 se
2547 2285 2890 2345 benediceret
2946 2291 3088 2361 (75),
3122 2299 3282 2364 atque
3333 2309 3434 2366 pro
3483 2295 3563 2354 eis
3606 2308 3802 2369 oraret,

2227 2373 2448 2431 dicens:
2498 2400 2515 2423 ι
2546 2375 2722 2444 Pater,
2755 2377 2975 2449 ignosce
3011 2379 3110 2448 eis,
3149 2397 3260 2437 non
3286 2383 3433 2439 enim
3465 2386 3647 2443 sciunt
3673 2389 3810 2460 quid

2227 2461 2436 2521 faciunt
2468 2467 2617 2537 (Luc.
2639 2482 2802 2534 xxm,
2833 2467 2946 2540 35),
2979 2493 2998 2516 ι
3041 2471 3374 2529 conﬁrmans
3393 2481 3449 2530 et
3474 2473 3633 2543 illud,
3657 2478 3806 2548 quod

2226 2567 2322 2625 per
2348 2555 2523 2610 David
2565 2563 2691 2613 ante
2729 2557 3097 2629 praedixerat:
3143 2583 3163 2608 ι
3205 2563 3348 2618 Dum
3394 2567 3798 2638 appropinqua-

2226 2650 2348 2697 rent
2393 2643 2553 2712 mihi,
2594 2646 2687 2717 qui
2732 2646 2963 2704 edebant
3011 2663 3200 2705 carnes
3245 2667 3409 2720 meas,
3469 2670 3568 2726 ego
3620 2666 3808 2713 autem

2225 2733 2443 2790 orabam
2475 2736 2590 2808 (76)
2638 2737 2810 2808 (Psal.
2842 2753 2999 2805 xxvr,
3047 2739 3116 2807 2;
3151 2755 3302 2809 cvm,
3337 2743 3410 2814 4).
3443 2769 3461 2793 ι
3507 2745 3643 2802 Caro
3673 2763 3807 2820 ergo

2226 2820 2413 2891 Verbi,
2444 2840 2555 2880 non
2611 2824 2853 2881 Verbum
2901 2826 3120 2884 editur:
3171 2845 3315 2898 caro,
3357 2848 3468 2888 non
3511 2835 3674 2902 Deus,
3707 2837 3809 2908 qui

2226 2916 2450 2988 spiritus
2489 2924 2587 2986 est,
2633 2918 2957 2975 comeditur.
2994 2919 3106 2976 Vos
3155 2936 3260 2987 me,
3293 2921 3388 2990 ait,
3422 2935 3808 2997 persequentes

2223 3003 2555 3076 ﬂagellastis,
2595 3023 2692 3064 vos
2719 3008 2916 3065 faciem
2965 3024 3142 3064 meam
3188 3012 3537 3082 conspuistis,
3571 3029 3665 3068 vos
3716 3030 3810 3071 me

539 3100 753 3178 minum
781 3100 1103 3177 conﬁtetur.
1127 3120 1191 3174 In
1221 3117 1349 3174 navi
1385 3117 1548 3173 etiam
1575 3133 1685 3174 una
1712 3118 1967 3175 omnibus
1992 3121 2114 3178 dis-

2223 3100 2576 3158 crucifixistis
2610 3117 2622 3156 :
2669 3118 2767 3174 ego
2796 3117 2893 3158 vos
2941 3110 3124 3159 tamen
3170 3103 3238 3158 ad
3270 3106 3644 3176 pmnitentiam
3680 3123 3808 3178 pro-

530 3210 732 3282 cipulis
769 3209 984 3282 positis,
1039 3207 1192 3263 Jesus
1240 3207 1415 3263 stabat
1443 3207 1502 3262 in
1534 3207 1740 3277 littore,
1772 3210 1982 3265 cateris
2007 3226 2114 3268 au-

529 3305 641 3357 tem
673 3316 784 3356 non
814 3297 1271 3371 cognoscentibus
1325 3312 1472 3354 eum.
1504 3297 1740 3353 Joannes
1764 3298 1914 3370 prior
1940 3316 2115 3373 agno-

528 3391 612 3448 vit
643 3391 783 3463 (72),
807 3399 860 3447 et
888 3389 1034 3446 dixit
1060 3405 1072 3444 :
1118 3411 1138 3436 ι
1169 3387 1441 3446 Dominus
1467 3395 1549 3444 est
1576 3389 1750 3458 (Joan.
1781 3403 1901 3456 XXI,
1935 3389 1991 3460 7)
2025 3405 2039 3455 ;
2077 3412 2098 3438 ι

527 3479 762 3538 Decebat
816 3495 1026 3545 revera,
1075 3485 1129 3533 et
1184 3478 1315 3534 satis
1375 3493 1676 3547 congruum
1723 3486 1858 3545 erat,
1896 3484 1959 3533 ut
2003 3478 2111 3534 vir-

528 3566 728 3636 ginitas
779 3567 1050 3636 virginale
1123 3566 1278 3634 prius
1327 3571 1638 3634 agnosceret
1691 3581 1904 3635 corpus.
1961 3565 2109 3624 Idem

527 3668 655 3726 ergo
672 3661 808 3721 erat,
838 3661 893 3708 et
924 3668 1036 3708 non
1065 3652 1210 3707 idem
1235 3653 1304 3708 ab
1328 3652 1586 3709 omnibus
1611 3651 1916 3709 videbatur.

594 3821 822 3880 CAPUT
863 3821 1071 3879 XXXI.
1116 3850 1188 3867 —
1217 3822 1521 3897 Statimque
1551 3823 1885 3898 subjungens
1911 3826 2107 3886 Evan-

524 3911 736 3988 gelista,
781 3912 963 3970 dicit:
1037 3935 1056 3961 ι
1083 3911 1154 3968 Et
1211 3929 1372 3970 nemo
1427 3913 1660 3972 audebat
1694 3931 1818 3973 eum
1873 3917 2107 3990 amplius

522 4003 877 4075 interrogare.
935 4001 1018 4058 Tu
1075 4001 1198 4074 quis
1245 4018 1301 4058 es
1354 4003 1471 4074 (73)
1524 4006 1704 4076 (Joan.
1740 4023 1860 4075 xxr,
1895 4009 1983 4079 12)
2017 4010 2091 4067 ἳι

519 4090 660 4160 Quia
696 4097 976 4148 vescentes
1005 4089 1212 4163 pariter
1259 4105 1322 4147 ac
1350 4089 1601 4150 bibentes
1641 4108 1766 4150 cum
1815 4110 1900 4164 eo,
1930 4095 2103 4153 homi-

519 4195 643 4238 nem
677 4197 865 4240 verum
909 4196 972 4238 ac
1013 4181 1187 4237 Deum
1233 4179 1496 4239 videbant
1526 4199 1542 4250 ;
1581 4198 1692 4240 non
1739 4190 1921 4242 tamen
1958 4187 2103 4261 quod

518 4271 657 4329 alter
683 4275 850 4340 Deus,
882 4272 1022 4328 alter
1050 4270 1218 4328 homo
1243 4278 1421 4329 esset:
1465 4273 1560 4332 sed
1589 4289 1732 4332 unus
1767 4283 1928 4348 atque
1958 4276 2101 4334 idem

517 4369 656 4418 esset
711 4363 888 4418 Filius
915 4363 1015 4418 Dei
1067 4368 1121 4418 et
1160 4361 1335 4420 Filius
1363 4361 1640 4433 hominis;
1681 4369 2102 4439 cognoscebatur

2221 3205 2395 3246 voco:
2441 3213 2460 3236 ι
2486 3191 2623 3247 Nolo
2653 3193 2799 3248 enim
2842 3203 3072 3250 mortem
3115 3196 3431 3266 peccatoris,
3463 3197 3552 3253 sed
3586 3206 3808 3257 tantum

2221 3286 2284 3335 ut
2335 3288 2659 3352 revertatur,
2718 3290 2772 3338 et
2824 3283 2975 3338 vivat
3019 3286 3135 3357 (77)
3171 3287 3385 3356 (Ezech.
3435 3303 3594 3354 xvm,
3623 3289 3738 3360 32).
3769 3316 3790 3340 ι

2222 3369 2377 3438 Quod
2410 3372 2485 3427 ita
2519 3389 2632 3428 esse
2660 3374 2975 3448 comprobat
3003 3375 3193 3430 beatus
3222 3377 3535 3447 Apostolus,
3565 3379 3752 3436 dicens
3789 3397 3805 3438 :

2235 3483 2254 3508 ι
2277 3462 2349 3518 Et
2394 3479 2490 3519 vos
2522 3479 2646 3521 cum
2677 3467 2867 3522 essetis
2896 3467 3193 3538 aliquando
3242 3469 3462 3524 alienati
3494 3477 3545 3525 et
3583 3471 3809 3528 inimici

2219 3573 2380 3616 sensu
2407 3560 2587 3618 carnis
2632 3569 2824 3618 vestrae
2863 3562 2920 3618 in
2949 3562 3204 3637 operibus
3231 3563 3393 3620 malis
3422 3565 3808 3625 reconciliavit

2217 3663 2317 3708 vos
2345 3651 2403 3706 in
2431 3667 2654 3726 corpore
2682 3652 2864 3712 carnis
2889 3669 2998 3712 suae
3028 3669 3123 3729 per
3151 3662 3382 3710 mortem
3407 3655 3522 3728 (78)
3559 3657 3790 3728 (Coloss.

2217 3758 2259 3811 ι,
2281 3742 2367 3812 21,
2401 3744 2515 3816 22).
2547 3768 2565 3792 ι

2287 3835 2512 3894 CAPUT
2539 3834 2772 3893 XXXII.
2831 3863 2902 3878 —
2957 3833 3100 3892 Illud
3129 3841 3310 3891 autem
3340 3835 3486 3911 quod
3523 3835 3804 3911 objiciunt

2214 3925 2421 3984 dixisse
2481 3925 2850 3998 Apostolum:
2905 3948 2924 3972 ι
2953 3924 3062 3994 Qui
3091 3935 3270 3983 autem
3321 3926 3379 3982 in
3431 3943 3591 3984 carne
3642 3939 3798 3998 sunt,

2212 4015 2324 4073 Deo
2373 4015 2581 4087 placere
2627 4029 2737 4072 non
2783 4022 3010 4087 possunt
3059 4016 3233 4087 (Rom.
3283 4031 3404 4083 vm,
3456 4016 3551 4088 8);
3600 4040 3619 4065 ι
3677 4017 3800 4074 haec

2213 4105 2359 4163 dicta
2388 4112 2536 4173 sunt,
2568 4121 2679 4162 non
2709 4121 2815 4179 quo
2853 4105 3033 4163 carnis
3064 4112 3257 4162 natura
3286 4105 3591 4173 damnetur,
3635 4107 3800 4178 cujus

2212 4193 2465 4253 conditor
2510 4194 2656 4250 Deus
2706 4201 2806 4258 est,
2855 4202 2907 4249 et
2951 4194 3012 4251 in
3056 4210 3162 4267 qua
3209 4195 3432 4267 plurimi
3477 4204 3797 4253 sanctorum

2210 4285 2532 4358 placuerunt
2559 4283 2693 4349 Deo,
2725 4290 2778 4339 et
2817 4291 3042 4355 regnant
3071 4299 3196 4341 cum
3216 4284 3446 4342 ‘Christo
3482 4303 3493 4340 :
3548 4286 3640 4342 sed
3681 4303 3796 4358 quo

2209 4391 2400 4433 sensus
2445 4382 2499 4432 et
2540 4390 2702 4450 opera
2738 4377 2916 4432 carnis
2955 4377 3322 4449 repudiantur
3359 4378 3609 4448 (Tertull.
3639 4379 3675 4432 l.
3708 4378 3798 4434 De

515 4450 663 4539 enim
694 4457 754 4539 ut
782 4449 968 4539 homo,
995 4449 1328 4539 adorabatur
1348 4462 1409 4510 ut
1429 4455 1594 4523 Deus,
1625 4458 1904 4528 complens
1931 4459 2089 4530 illud,
2122 4472 2170 4532 1)
2204 4481 2376 4527 resur.
2408 4480 2563 4522 corn.
2595 4480 2714 4538 cap.
2746 4463 2860 4538 46).
2893 4465 3028 4526 Cum
3077 4483 3202 4539 ergo
3250 4467 3424 4524 lutum
3459 4467 3639 4526 carnis
3677 4483 3796 4523 no—

516 4537 660 4611 quod
707 4537 787 4593 eis
833 4538 951 4609 ipse
987 4536 1258 4595 Dominus
1305 4539 1637 4610 imprecatus
1679 4545 1875 4616 fuerat,
1911 4547 2096 4608 dicens

514 4628 583 4685 ad
610 4628 824 4683 Patrem
854 4643 867 4683 :
920 4648 941 4678 ι
968 4625 1096 4683 Haec
1151 4633 1232 4683 est
1259 4635 1440 4686 autem
1489 4633 1605 4690 vita
1645 4641 1863 4705 aeterna,
1905 4646 1968 4696 ut
1995 4655 2098 4699 co-

586 4749 703 4891 (70)
733 4751 890 4807 Rom.
923 4751 1079 4819 edit.,
1113 4768 1216 4806 non
1238 4752 1469 4834 pondere
1495 4771 1704 4827 corpus.

613 4821 674 4875 71
730 4823 958 4890 Desunt,
992 4822 1051 4877 in
1097 4823 1235 4879 Ron.
1268 4824 1424 4891 edit.,
1461 4828 1637 4891 Quare
1663 4828 1704 4891 fc

613 4821 701 4891 71)
730 4823 958 4898 Desunt,
992 4822 1051 4877 in
1097 4821 1424 4898 Rom—edit.,
1461 4821 1637 4894 Quare
1663 4828 1838 4898 factus
1860 4848 1912 4889 es
1963 4835 2095 4890 sicut

510 4891 713 4974 advena
741 4893 799 4947 in
826 4899 1009 4974 Aterra,
1039 4898 1088 4950 et
1114 4897 1268 4963 quasi
1312 4891 1556 4968 indigena
1601 4891 1856 4957 diuertens
1903 4905 1972 4959 ad
2001 4906 2093 4959 di-

509 4965 802 5019 versorium
824 4965 853 5020 ?

583 5035 699 5174 (72)
728 5035 883 5090 Rom.
918 5033 1092 5101 Edit.,
1122 5034 1263 5113 inter
1288 5037 1430 5090 vivos
1451 5039 1682 5106 agnovit,
1714 5041 1879 5106 illico,
1909 5049 2010 5097 etc.

611 5105 675 5160 73
733 5105 934 5160 Eadem
963 5104 1120 5158 Rom.
1155 5103 1310 5172 edit.,
1355 5109 1429 5162 Et
1456 5123 1603 5162 nemo
1658 5109 2010 5166 discumbentii

611 5103 699 5172 73)
733 5105 934 5160 Eadem
963 5104 1120 5158 Rom.
1155 5103 1310 5172 edit.,
1355 5109 1429 5162 Et
1456 5103 1603 5162 nemo
1658 5103 2089 5167 discumbentium

507 5174 731 5253 (iu-debat
761 5192 877 5230 eum
913 5174 1263 5253 interrogare.
1324 5177 1401 5232 Tu
1429 5177 1546 5248 quis
1573 5195 1624 5233 es
1653 5181 1681 5235 ?
1711 5181 1922 5238 scientes
1950 5184 2089 5253 quod

507 5245 764 5301 Dominus
789 5253 880 5313 est,
906 5247 1000 5300 hoc
1024 5252 1116 5311 est,
1139 5245 1283 5315 quia,
1315 5255 1416 5303 etc.

581 5317 932 5392 (7711)AEadem
970 5318 1127 5372 Rom.
1177 5315 1336 5386 edit.,
1363 5318 1515 5388 cuius
1541 5320 1918 5392 regionem....,
1946 5324 2087 5381 Deus

505 5393 581 5441 est
599 5389 857 5445 habitare.

579 5460 694 5529 (75)
736 5460 936 5516 Eadem
996 5458 1154 5514 Rom.
1212 5458 1369 5527 edit.,
1426 5466 1702 5529 superatus
1731 5465 1789 5519 in
1838 5464 1938 5522 illa
1996 5468 2087 5522 lu-

508 5530 1037 5647 :3,etprwﬁgurabat
1099 5530 1239 5601 quod
1305 5531 1655 5604 cruciﬁgentes
1708 5550 1762 5589 se
1820 5537 2086 5594 benedice-

590 5636 604 5647 .
669 5615 716 5647 c-

504 5606 604 5661 ret,
614 5606 716 5653 etc.
1190 5649 1194 5653 .

2204 4564 2348 4624 strae,
2395 4563 2456 4611 ut
2498 4553 2613 4627 jam
2642 4553 2850 4612 dictum
2897 4564 2998 4627 est,
3029 4557 3409 4633 spiritualibus
3437 4559 3628 4633 pennis
3659 4577 3701 4614 ρ’
3727 4575 3793 4619 ω

2201 4643 2555 4705 subvectione
2594 4646 2910 4718 angelorum
2959 4647 3226 4705 volaverit
3273 4647 3390 4720 (79)
3441 4647 3508 4706 ad
3557 4649 3790 4721 coelum,

2275 4761 2401 4834 (76)
2430 4759 2653 4834 Eadem.
2703 4763 2858 4820 Rom.
2909 4765 3065 4834 edit.,

2201 4832 2335 4912 rent,
2369 4832 2704 4912 detrahebant
2730 4836 2894 4892 mihi:
2935 4832 3057 4906 Ego
3077 4843 3249 4892 autem
3283 4837 3500 4895 orabam
3527 4854 3550 4902 ;
3608 4832 3777 4910 quasi

2201 4904 2390 4976 diceret
2411 4903 2563 4976 .'_Vos
2591 4920 2668 4958 me
2698 4903 3077 4976 persequentes,
3109 4916 3213 4964 etc.

2275 4972 2390 5052 (77)
2421 4973 2622 5052 Eadem
2681 4972 3360 5052 Rom—edit.,:qnoniam
3385 4978 3638 5050 scriptum
3679 4986 3785 5049 est,

2200 5046 2325 5113 quia
2371 5059 2475 5097 non
2517 5046 2634 5101 volo
2679 5054 2895 5104 mortem
2939 5046 3229 5120 morientis,
3275 5051 3362 5106 sed
3409 5056 3469 5106 ut
3486 5046 3788 5108 ‘oonvertal

2197 5121 2306 5180 tur,
2336 5123 2438 5169 etc.

2272 5187 2385 5266 (78)
2420 5187 2481 5240 In
2511 5186 2695 5266 eadem
2736 5190 2893 5249 Rom.
2944 5192 3104 5265 edit.,
3134 5192 3508 5266 subjungitur,
3541 5197 3602 5250 ut
3630 5193 3786 5249 eriti-

2196 5256 2333 5312 beret
2352 5275 2442 5314 vos
2471 5265 2690 5315 sanctos.

2270 5328 2385 5401 (79)
2426 5329 2646 5405 Eadem
2680 5333 2832 5389 Rom.
2868 5334 3026 5403 edit.,
3083 5337 3137 5390 in
3185 5342 3365 5392 testam
3411 5331 3578 5405 fuerit
3623 5352 3787 5392 excoo

2195 5403 2350 5467 clum,
2382 5401 2471 5454 ubi
2513 5402 2664 5481 prius
2716 5405 2867 5481 gravi
2913 5401 3245 5481 premebatur
3291 5401 3529 5481 pondere
3570 5408 3626 5462 in
3665 5415 3788 5481 ter-

2193 5485 2344 5556 ram,
2365 5477 2581 5542 acceptis
2600 5477 2792 5556 peririis
2819 5479 3004 5546 gratim
3027 5477 3429 5556 spiritalis—cum
3449 5479 3783 5536 subvectione

2194 5543 2499 5613 angelorum
2526 5545 2738 5616 volabit,
2775 5543 2877 5606 etc.

3147 4766 3250 4821 Pro
3308 4781 3363 4821 eo
3393 4771 3452 4822 ut
3492 4782 3572 4822 me
3597 4765 3792 4834 dilige-
