4068 6188
254 346 360 403 573

1382 335 1477 392 DE
1514 329 1888 392 TBINITATE
1926 327 2014 384 TR
2023 326 2355 385 ACTATUS.

3421 328 3531 388 δη

255 460 334 532 ibi
379 485 564 526 verum
593 476 649 526 et
674 465 964 540 paciﬁcum
1008 480 1120 522 suae
1149 460 1342 522 salutis
1370 461 1620 518 obsidem
1657 457 1825 518 habet
1860 454 1912 512 A
1940 453 2081 508 alius
2111 469 2206 524 per
2241 451 2483 523 inopiam
2535 460 2588 508 et
2638 451 3015 509 inﬁrmitatem
3061 453 3326 524 corporis,
3382 453 3532 510 alius

254 563 310 621 in
357 569 644 626 aeternum,
699 555 768 612 ad
832 571 992 628 quem
1068 578 1088 604 ι
1151 553 1426 625 rapiemur
1482 553 1542 611 in
1599 552 1839 610 nubibus

252 650 468 710 obviam
519 646 741 705 Christo
781 646 839 700 in
884 659 1008 700 aera
1053 645 1111 716 (Ι
1151 643 1328 701 Thess.
1358 659 1435 710 iv,
1468 641 1584 712 16),
1612 665 1632 688 ι
1698 641 1841 698 sicut

248 741 412 798 Isaias
457 735 724 809 propheta
765 740 993 791 testatur
1036 732 1250 790 dicens:
1303 755 1324 780 ι
1374 731 1548 803 Super
1584 731 1844 787 humeros

249 830 534 895 tollentur,
591 833 645 882 et
697 822 1062 896 portabuntur
1117 821 1234 894 (80)
1290 820 1361 877 ad
1414 822 1533 878 loca
1579 835 1674 875 sua
1705 820 1839 889 (Isa.

246 934 405 986 LxVi,
455 917 547 986 12)
591 933 606 982 ;
655 920 708 970 et
752 913 998 969 iterum:
1066 933 1086 959 ι
1124 909 1231 977 Qui
1285 918 1415 966 sunt
1469 908 1584 977 isti,
1640 908 1735 981 qui
1781 915 1844 964 ut

244 1007 423 1066 nubes
471 1003 681 1070 volant,
711 1009 765 1058 et
811 1000 966 1074 quasi
1010 997 1284 1056 columbae
1314 996 1382 1053 ad
1429 997 1691 1053 fenestras
1719 1010 1843 1052 suas

248 1097 389 1170 (Isa.
420 1111 513 1163 1.x,
556 1093 615 1164 8)
653 1093 681 1148 ‘l
728 1116 748 1140 ι
807 1089 864 1147 id
902 1097 1003 1156 est,
1051 1087 1121 1143 ad
1169 1086 1478 1143 mansiones
1519 1084 1839 1141 meritorum

245 1199 498 1250 suorum,
528 1179 596 1237 de
638 1178 837 1252 quibus
881 1175 1150 1232 Dominus
1178 1173 1348 1231 dicit:
1396 1196 1414 1221 ι
1459 1174 1646 1231 Multae
1675 1188 1840 1229 man-

245 1274 432 1330 siones
459 1276 588 1328 sunt
610 1268 754 1340 apud
783 1268 995 1322 Patrem
1025 1280 1208 1321 meum
1239 1265 1420 1336 (Joan.
1455 1279 1575 1329 xxv,
1610 1263 1688 1332 2);
1723 1287 1743 1311 ι
1785 1269 1840 1319 et

246 1361 495 1417 iterum:
544 1382 562 1405 ι
611 1358 677 1411 Ει
724 1355 996 1412 adducent
1045 1369 1232 1409 omnes
1275 1353 1472 1408 fratres
1513 1361 1726 1408 vestros
1770 1351 1839 1409 de

243 1447 464 1504 cunctis
506 1445 760 1517 gentibus
805 1442 863 1498 in
894 1443 1192 1498 Jerusalem
1243 1441 1301 1495 in
1349 1441 1524 1512 equis,
1556 1447 1610 1496 et
1649 1440 1835 1509 mulis,

244 1544 298 1592 et
330 1533 632 1608 quadrigis,
659 1542 713 1588 et
751 1532 1012 1599 carrucis,
1041 1539 1093 1586 et
1124 1529 1351 1590 lecticis,
1399 1528 1536 1584 dicit
1565 1529 1837 1584 Dominus

244 1628 393 1681 Deus
445 1623 561 1692 (81)
606 1623 738 1692 (Isa.
788 1637 943 1684 var,
971 1619 1088 1689 20).
1131 1643 1149 1668 ›
1199 1616 1355 1685 Quod
1393 1634 1461 1673 ne
1483 1616 1648 1673 alicui
1697 1618 1838 1673 forte

249 1712 483 1770 dubium
511 1709 765 1766 videatur
805 1706 1089 1763 hominem
1119 1705 1176 1761 in
1207 1721 1434 1776 corpore
1464 1705 1570 1761 isto
1599 1705 1836 1776 positum

1948 562 2042 618 per
2068 544 2294 603 divitias
2307 553 2362 601 et
2388 543 2676 601 sanitatem
2696 543 2959 615 corporis.
2992 542 3120 609 Quas
3139 549 3322 600 tamen
3343 544 3530 602 omnia

1948 651 2048 694 nec
2102 649 2319 692 summa
2361 633 2525 701 bona,
2558 647 2661 690 nec
2711 648 2922 690 summa
2965 633 3109 688 mala
3136 640 3301 688 sunt:
3371 650 3531 690 aum-

1950 743 2100 784 mum
2165 727 2312 782 enim
2376 724 2582 781 malum
2640 740 2785 782 mors
2833 732 3035 782 aeterna
3087 731 3189 792 est,
3263 731 3318 780 et
3373 739 3532 780 sum-

1951 833 2102 872 mum
2129 815 2336 872 bonum
2369 814 2485 869 vita
2511 821 2712 870 aeterna
2741 821 2841 870 est.
2871 815 2980 870 Ista
3005 831 3133 886 ergo
3165 813 3375 881 omnia,
3411 829 3533 884 quae

1950 906 2064 962 vita
2123 905 2440 962 mortalium
2503 902 2688 970 habet,
2742 901 2922 959 media
2961 910 3126 968 sunt:
3183 903 3240 959 in
3299 911 3534 972 utroque

1949 994 2095 1054 enim
2126 993 2355 1062 tentatio
2395 999 2512 1049 est:
2567 993 2852 1064 plerosque
2906 989 3054 1046 enim
3084 1005 3220 1062 quos
3248 1006 3350 1046 nec
3401 992 3536 1047 ino~

1949 1085 2038 1160 pia
2083 1099 2186 1141 nec
2223 1081 2516 1139 infirmitas
2564 1081 2745 1156 fregit,
2800 1083 2945 1142 342
2987 1079 3150 1152 fregit
3203 1081 3425 1146 sanitas,
3483 1087 3536 1135 et

1947 1183 2307 1254 exstinguunt
2329 1179 2561 1236 divitia.
2591 1179 2723 1246 Quae
2746 1177 3067 1250 comprobat
3097 1177 3535 1251 sapientissimus

1948 1273 2225 1340 Salomon,
2261 1270 2449 1328 dicens
2499 1269 2569 1326 ad
2603 1267 2942 1325 Dominum:
2980 1291 2998 1316 ι
3025 1268 3263 1324 Divitias
3306 1275 3360 1323 et
3390 1282 3536 1338 pan-

1947 1372 2210 1438 pertatem
2256 1379 2325 1419 ne
2368 1360 2582 1418 dederis
2642 1359 2801 1427 mihi,
2851 1359 3032 1415 tribue
3083 1369 3264 1416 autem
3317 1365 3530 1414 tantum

1947 1453 2123 1509 victui
2174 1467 2295 1508 meo
2340 1449 2645 1506 necessaria
2699 1449 2884 1519 (Prov.
2930 1463 3065 1514 xxx,
3108 1448 3202 1519 8);
3240 1472 3260 1497 ι
3299 1446 3529 1513 scilicet,

1947 1559 2016 1599 ne
2044 1541 2224 1597 autin
2278 1541 2390 1596 illis
2432 1540 2809 1608 extolleretur,
2839 1546 2933 1594 aut
2989 1539 3046 1594 in
3077 1538 3196 1593 istis
3244 1537 3402 1594 factis
3429 1555 3534 1610 pe—

1941 1629 2161 1701 jeraret,
2198 1636 2294 1684 aut
2338 1627 2756 1700 blasphemaret.
2809 1625 2966 1692 Quod
3015 1633 3196 1682 autem
3239 1625 3376 1694 haec,
3412 1643 3534 1698 quas

1948 1720 2128 1776 media
2204 1717 2473 1785 diximus,
2511 1717 2693 1772 aliena
2751 1716 2862 1771 sint
2898 1732 2930 1772 a
2984 1716 3162 1783 nobis,
3216 1716 3545 1789 comprobat"

245 1802 303 1858 in
351 1818 477 1859 ³6η
520 1817 676 1874 P0333
723 1799 975 1864 VOIim‘e:
1018 1795 1306 1851 conﬁrmat
1344 1793 1451 1850 hoc
1505 1794 1650 1850 idem
1679 1796 1837 1866 ΑΡΟ-
1867 1807 1912 1868 Β
1947 1809 2233 1876 Dominus,
2265 1807 2491 1863 dicens:
2539 1828 2556 1852 ε
2578 1804 2633 1861 Si
2665 1806 2721 1860 in
2751 1805 2932 1860 alieno
2969 1803 3158 1859 ﬁdeles
3187 1819 3298 1859 non
3329 1804 3529 1872 fuistis,

245 1891 426 1947 stolus
477 1889 708 1944 dicens:
755 1909 774 1933 ι
817 1884 950 1940 Fide
996 1882 1220 1939 Henoch
1272 1882 1567 1938 translatus
1621 1891 1718 1949 est,
1768 1900 1837 1938 ne

243 1978 467 2033 videret
497 1984 727 2032 mortem
775 1973 957 2038 (Hebr.
1012 1988 1090 2038 XI,
1124 1972 1256 2042 5),-»
1292 1987 1417 2026 nam
1473 1978 1525 2025 et
1565 1970 1715 2026 Elias
1779 1971 1838 2026 in

248 2081 485 2136 corpore
539 2064 645 2119 isto
694 2061 921 2134 positus,
971 2059 1025 2115 in
1056 2076 1163 2133 quo
1213 2076 1361 2116 nunc
1389 2076 1559 2133 usque
1587 2069 1668 2116 est
1699 2061 1837 2132 (82),

243 2169 416 2210 curru
466 2153 643 2224 igneo,
699 2149 757 2205 id
803 2157 885 2204 est
933 2149 1249 2220 angelorum
1310 2149 1686 2217 subvectione,
1747 2151 1846 2223 qui

245 2251 376 2299 sunt
423 2241 648 2312 spiritus
689 2248 743 2296 et
790 2237 1008 2294 ﬂamma
1060 2239 1220 2310 ignis,
1264 2238 1359 2309 qui
1394 2239 1603 2294 faciunt
1631 2240 1842 2295 volun-

243 2338 416 2387 tatem
449 2331 571 2398 Dei,
601 2330 754 2402 quasi
797 2344 966 2401 usque
1015 2327 1083 2384 ad
1125 2328 1322 2384 ccelum
1361 2334 1546 2398 raptus
1581 2328 1695 2400 (83)
1740 2329 1849 2401 (IV

245 2425 370 2493 Reg.
423 2423 644 2494 11,11):
702 2429 756 2478 et
801 2421 1057 2478 Habacuc
1108 2421 1374 2493 propheta
1428 2420 1495 2476 de
1544 2421 1729 2478 Iudaea
1782 2423 1840 2480 in

247 2513 562 2572 Chaldaeam
610 2512 678 2568 ab
729 2513 921 2583 angelo
981 2510 1178 2567 ductus
1223 2519 1277 2567 et
1332 2511 1587 2568 reductus
1652 2522 1734 2569 est
1783 2514 1840 2569 in

248 2609 534 2658 momento
567 2600 826 2672 temporis
857 2600 1018 2670 (Dan.
1049 2616 1169 2668 xrv,
1201 2601 1315 2671 35):
1350 2608 1403 2655 et
1424 2601 1537 2672 ipse
1567 2603 1842 2672 apostolus

247 2690 453 2746 Paulus
473 2698 657 2761 raptus
677 2697 948 2761 estusque
967 2690 1035 2746 ad
1059 2690 1280 2746 tertium
1303 2691 1502 2746 caelum
1524 2698 1577 2747 et
1607 2690 1662 2746 in
1692 2707 1842 2762 para-

253 2781 438 2838 disum
471 2781 559 2842 (II
593 2780 700 2835 Cor
726 2780 973 2850 x1134);
1002 2787 1056 2834 et
1077 2779 1202 2834 inde
1233 2779 1579 2836 reductusest
1605 2781 1662 2836 in
1684 2798 1840 2836 mun-

260 2869 394 2926 dum
414 2869 553 2940 (84).
580 2869 648 2926 Ut
669 2877 848 2924 autem
871 2869 1214 2925 manifestius
1233 2871 1436 2924 clareat
1461 2868 1715 2923 vehicula
1742 2870 1844 2924 ista

254 2965 569 3015 sanctorum
623 2958 848 3029 spiritus
876 2974 1012 3024 esse,
1047 2957 1102 3012 id
1159 2965 1240 3012 est
1267 2958 1486 3027 angelos
1538 2956 1657 3022 Dei,
1688 2956 1846 3014 docet

250 3064 353 3104 nos
381 3048 694 3118 exemplum
727 3047 900 3102 sancti
929 3045 1169 3116 Philippi
1196 3046 1364 3100 unius
1392 3061 1460 3099 ex
1492 3045 1608 3114 (85)
1641 3053 1844 3115 septem

1947 1897 2093 1972 quod
2122 1905 2364 1953 vestrum
2396 1903 2498 1963 est,
2541 1894 2668 1967 quis
2697 1892 2850 1949 dabit
2900 1893 3060 1950 vobis
3091 1893 3241 1964 (Luc.
3272 1908 3390 1959 xvr,
3428 1891 3528 1959 l2;

1948 1987 2140 2043 Ambr.
2173 1986 2211 2041 l.
2240 2002 2319 2040 vn
2348 1984 2405 2039 in
2427 1984 2554 2039 Luc.
2579 1983 2680 2038 sub
2707 1982 2803 2036 ﬁn.
2839 1999 2852 2043 ;
2886 1982 3022 2037 Ibid.
3057 1982 3094 2037 l.
3127 1997 3247 2046 vm,
3278 1995 3337 2038 n.
3363 1979 3518 2050 85).»

1950 2075 2161 2132 Alienas
2204 2090 2330 2145 ergo
2376 2087 2405 2127 a
2436 2071 2593 2126 nobis
2641 2080 2770 2126 sunt
2805 2071 3039 2138 divitias,
3081 2071 3209 2143 quia
3237 2079 3391 2124 extra
3421 2084 3534 2124 no—

1952 2171 2118 2219 stram
2177 2168 2427 2216 naturam
2475 2167 2638 2223 sunt;
2699 2172 2873 2229 neque
2902 2157 3049 2213 enim
3103 2156 3389 2212 nobiscum
3420 2171 3528 2211 na-

1953 2261 2202 2318 scuntur,
2264 2257 2358 2304 aut
2407 2254 2710 2303 transeunt.
2760 2247 2832 2301 Et
2862 2246 2984 2302 ideo
3014 2245 3128 2300 haec
3160 2245 3393 2302 scientes
3419 2261 3532 2302 non

1953 2343 2255 2398 serviamus
2293 2338 2506 2405 alienis,
2542 2337 2636 2409 qui
2685 2336 2900 2391 nullum
2928 2337 3100 2391 Deum
3133 2334 3330 2390 habere
3358 2334 3533 2390 debe-

1952 2449 2094 2497 mus,
2151 2430 2260 2486 nisi
2307 2427 2608 2486 Christum.
2663 2426 2913 2497 Hospites
2936 2441 3064 2496 ergo
3115 2440 3304 2480 sumus
3348 2439 3531 2480 rerum

1952 2530 2261 2578 nostrarum
2290 2561 2305 2586 ,
2360 2515 2629 2590 quidquid
2685 2516 2829 2569 enim
2877 2513 2942 2568 de
2973 2513 3171 2570 saeculo
3200 2521 3300 2580 est,
3335 2513 3390 2568 in
3423 2529 3533 2568 sae-

1951 2613 2076 2668 culo
2105 2615 2382 2670 remanet;
2432 2615 2486 2661 et
2528 2601 2797 2675 quidquid
2833 2601 3107 2656 haeredum
3155 2602 3533 2672 conquirimus

1952 2701 2131 2766 nobis,
2167 2698 2483 2769 perdimus;
2529 2693 2658 2765 quia
2705 2689 2990 2745 nobiscum
3043 2704 3153 2746 non
3213 2689 3384 2756 aliud,
3427 2689 3534 2745 nisi

1953 2802 2046 2850 aut
2082 2792 2226 2845 bona
2248 2793 2341 2841 aut
2367 2783 2508 2836 mala
2540 2796 2703 2851 opera
2732 2785 3028 2850 portamus.
3073 2777 3194 2832 Non
3225 2793 3351 2849 ergo
3379 2779 3534 2834 malas

1954 2887 2081 2938 sunt
2106 2875 2336 2939 divitiae,
2367 2870 2466 2926 sed
2507 2869 2648 2924 male
2679 2866 2959 2922 utentibus
2995 2868 3148 2922 malae
3200 2876 3354 2932 sunt;
3405 2868 3534 2940 quia,

1954 2971 2097 3026 bona
2143 2981 2262 3037 quae
2309 2963 2450 3017 Deus
2517 2958 2663 3025 fecit,
2716 2956 2859 3011 bona
2899 2963 3027 3011 sunt
3081 2956 3258 3012 valde.
3313 2956 3383 3013 Et
3412 2957 3534 3014 ideo

1956 3053 2266 3130 philosophi
2284 3048 2474 3105 mundi
2496 3047 2659 3104 istius
2677 3061 2784 3100 non
2802 3044 2994 3102 dicunt
3012 3062 3287 3101 summum
3300 3045 3530 3117 bonum,

252 3152 414 3210 quem
489 3135 715 3207 Spiritus
770 3131 994 3189 Domini
1061 3131 1128 3186 de
1181 3131 1322 3187 Gaza
1371 3132 1607 3203 rapiens;
1654 3132 1836 3188 Sllbilo
1868 3166 1912 3226 ρ
1947 3148 2052 3210 nisi
2073 3159 2278 3215 pacem,
2303 3140 2641 3194 honestatem
2663 3145 2824 3207 atque
2844 3136 3204 3201 virtutem;et
3253 3152 3531 3193 summum

249 3227 435 3297 posuit
477 3224 536 3278 in
589 3226 822 3276 Azotum
881 3221 995 3289 (86)
1049 3221 1188 3290 (Act.
1249 3239 1372 3288 VIII,
1418 3222 1504 3290 39,
1535 3223 1648 3292 40).
1680 3225 1840 3280 Εηιι-

251 3314 484 3370 cleatius
527 3309 666 3376 haec,
697 3317 750 3366 et
795 3309 1140 3365 membratim
1186 3312 1588 3382 quodammodo
1628 3314 1840 3371 articu-

253 3401 520 3472 latimque
579 3405 838 3465 scrutata,
904 3407 1169 3469 quantum
1237 3400 1594 3457 intentionem
1664 3419 1839 3458 meam

253 3488 523 3544 Dominus
579 3486 836 3558 adjuvare
904 3486 1160 3558 dignatus
1217 3497 1316 3555 est,
1351 3489 1498 3546 dicta
1543 3491 1838 3547 suﬂiciant.

254 3576 458 3632 Tamen
505 3593 572 3632 ne
616 3575 863 3631 omisisse
907 3576 1118 3648 aliquid
1159 3578 1464 3646 videamur,
1512 3580 1684 3650 ipsius
1723 3583 1841 3636 Do-

253 3666 393 3720 mini
443 3681 508 3721 ac
558 3665 856 3720 Salvatoris
917 3665 1092 3722 nostri
1147 3665 1426 3737 probanda
1463 3675 1591 3724 sunt
1618 3669 1838 3734 verbis;

253 3756 332 3812 ait
368 3755 516 3810 enim
558 3772 683 3812 cum
714 3755 782 3811 de
819 3772 946 3827 agro
993 3763 1046 3811 et
1094 3757 1283 3812 tritico
1315 3775 1377 3814 ac
1423 3758 1630 3816 zizauia
1661 3761 1842 3832 loque-

252 3853 407 3902 retur
455 3862 468 3900 :
514 3866 534 3891 ι
587 3846 648 3901 In
690 3845 1165 3902 consummatione
1236 3847 1381 3902 enim
1431 3849 1615 3904 saeculi
1664 3850 1844 3904 mittet

253 3934 415 3991 Pater
476 3950 631 3989 meus
685 3934 924 4003 angelos,
992 3933 1088 4005 qui
1146 3945 1400 4006 separent
1452 3936 1658 3991 zizania
1724 3937 1841 4008 (87)

259 4023 472 4094 (Matth.
516 4039 641 4089 xm,
671 4021 785 4091 41,)
815 4044 834 4069 ι
897 4020 954 4075 id
979 4027 1060 4076 est
1087 4031 1415 4093 peccatores,
1462 4048 1480 4070 ε
1518 4041 1549 4079 a
1577 4025 1779 4092 tritico,
1813 4047 1834 4074 ι

253 4109 364 4169 hoc
391 4120 475 4168 est
518 4127 550 4166 a
572 4109 756 4181 justis.
813 4109 910 4165 Isti
950 4118 1078 4165 sunt
1131 4112 1330 4182 angeli,
1370 4113 1465 4184 qui
1495 4114 1756 4169 Lazarum
1785 4113 1845 4170 in

257 4216 432 4272 agone
475 4199 816 4272 paupertatis
855 4198 1020 4254 simul
1073 4205 1128 4254 et
1177 4199 1513 4257 inﬁrmitatis
1558 4203 1846 4273 probatum

256 4290 312 4346 in
382 4291 564 4345 sinum
618 4306 682 4344 ac
731 4290 973 4360 requiem
1026 4291 1356 4345 sustulerent
1408 4291 1642 4348 Abrahae
1704 4293 1844 4365 (88).

259 4379 414 4450 (Luc.
448 4395 568 4445 xvr,
601 4377 717 4448 22).

324 4481 558 4579 CAPU’I‘
601 4482 859 4579 XXXIII.
909 4511 979 4522 —
1023 4479 1184 4548 Vere,
1223 4481 1366 4579 sicut
1418 4484 1685 4556 scriptum
1739 4496 1842 4556 est,
1876 4521 1925 4579 Β

271 4595 291 4620 ο
319 4573 547 4644 probavi
571 4574 702 4628 tein
722 4573 938 4628 camino
958 4572 1291 4645 paupertatis
1317 4573 1450 4642 (Isa.
1480 4591 1675 4640 XLVIII,
1696 4576 1831 4646 10).»

258 4662 505 4718 Diversis
559 4678 687 4732 ergo
737 4662 915 4717 modis
971 4662 1274 4733 probantur
1327 4661 1600 4731 homines,
1654 4663 1711 4718 id
1740 4673 1839 4732 est,

333 4757 452 4830 (80)
500 4758 704 4814 Eadem
760 4758 917 4814 Rom.
958 4758 1137 4830 edit.,,
1161 4758 1333 4829 inquit
1392 4759 1743 4830 Apostolus...
1787 4759 1844 4812 in

262 4847 411 4898 aera,
469 4835 516 4884 et
558 4829 632 4884 sic
693 4845 890 4900 semper
937 4845 1053 4884 cum
1107 4829 1327 4883 Domino
1356 4832 1592 4900 erimus.
1653 4831 1729 4887 Et
1784 4835 1844 4884 ut

263 4901 508 4959 Isaias...
552 4899 998 4957 Parvuli’eorum
1050 4901 1110 4954 in
1161 4899 1388 4955 humeris
1412 4902 1772 4971 portabuntur
1798 4907 1846 4958 et

263 4987 423 5045 super
444 4990 612 5045 genua
647 4972 1072 5045 consolabuntur.

339 5040 461 5117 (81)
487 5043 699 5117 Eadem
754 5043 910 5117 Boni.
966 5040 1120 5117 edi_t.,
1157 5041 1287 5117 Cum
1306 5041 1492 5117 pullis.
1525 5043 1605 5117 Et
1630 5045 1840 5117 iterum.

263 5112 357 5172 Et'
389 5112 709 5170 adducent...
755 5112 986 5185 gentibus
1039 5113 1098 5185 in
1126 5113 1287 5182 equis,
1319 5119 1366 5167 et
1414 5114 1607 5178 rhedis,
1652 5115 1707 5167 in
1728 5132 1846 5169 cur-

265 5187 414 5242 ribus
466 5189 731 5242 mulorum
759 5184 885 5241 cum
941 5184 1261 5240 umbraculis
1314 5185 1370 5238 in
1423 5191 1656 5241 sanctam
1707 5186 1847 5240 civi-

267 5264 422 5313 tatem
451 5260 763 5316 Jerusalem.

340 5330 458 5399 (82)
500 5333 661 5387 Deest
714 5331 768 5385 in
805 5330 989 5386 eadem
1044 5329 1201 5386 Rom.
1261 5327 1417 5396 edit.,
1472 5329 1529 5382 in
1581 5344 1683 5398 quo
1708 5343 1846 5381 nunc

268 5416 428 5472 usque
456 5409 546 5458 est.

341 5469 457 5598 $83)
501 5475 635 5530 Rom
712 5473 866 5539 edit.,
921 5473 977 5526 in
1031 5471 1130 5527 illa
1175 5472 1508 5526 commotione
1569 5487 1730 5541 usque
1778 5469 1847 5524 ad

368 5561 450 5597 um
481 5552 779 5598 assum-ntus
803 5549 891 5598 est.
925 5553 1028 5598 etc.

272 5549 450 5598 certum
481 5552 779 5614 assumptus
803 5549 891 5608 est,
925 5553 1028 5600 etc.

343 5615 457 5686 (84)
501 5613 743 5670 Βερεῐίὶη
765 5614 946 5668 eadem
980 5616 1133 5670 Rom.
1165 5613 1322 5680 edit.,
1353 5614 1425 5668 Et
1463 5613 1580 5668 inde
1605 5613 1848 5668 reductus

273 5691 345 5736 est
371 5686 425 5737 in
452 5687 722 5739 mundum.

1949 3239 2156 3295 malum
2214 3246 2323 3286 non
2354 3233 2588 3300 ponunt,
2644 3225 2749 3279 nisi
2784 3224 3068 3292 malitiam,
3109 3225 3531 3294 inhonestatem,

1949 3324 2234 3384 avaritiam
2272 3325 2432 3391 atque
2479 3314 2896 3387 turpitudinem.
2947 3314 3208 3370 Omnium
3263 3330 3389 3387 ergo
3439 3315 3533 3371 bo-

1951 3430 2148 3473 norum
2209 3405 2559 3481 repromissio
2585 3420 2650 3461 ac
2699 3402 2987 3459 retributio
3019 3403 3133 3457 vita
3161 3411 3361 3458 eterna
3413 3409 3526 3460 est:

1952 3517 2006 3564 et
2076 3503 2325 3561 omnium
2387 3498 2658 3554 malorum
2724 3492 3079 3551 comminatio
3133 3507 3194 3549 ac
3246 3492 3534 3550 retributio

1953 3613 2102 3653 mors
2130 3591 2369 3650 secunda
2396 3595 2495 3644 est.

2027 3682 2253 3742 CAPUT
2292 3674 2551 3734 XXXIV.
2589 3701 2660 3714 --
2690 3672 2816 3728 Haec
2844 3669 2972 3727 licet
2999 3670 3338 3728 extrinsecus
3389 3671 3535 3730 dicta

1952 3773 2267 3836 videantur,
2299 3775 2481 3822 tamen
2510 3761 2813 3818 necessaria
2866 3759 3024 3816 nobis
3053 3767 3106 3815 et
3158 3761 3319 3817 utilia
3364 3770 3530 3820 sunt:

1953 3871 2006 3919 et
2037 3861 2158 3916 ideo
2201 3872 2350 3913 nunc
2397 3851 2558 3908 nobis
2597 3849 2663 3905 ad
2707 3848 2954 3904 ordinem
2998 3852 3381 3908 revertendum
3431 3861 3531 3909 est.

1955 3953 2091 4010 Cum
2123 3967 2251 4022 ergo
2281 3949 2460 4003 lutum
2491 3943 2671 4000 carnis
2703 3949 2923 4008 nostra},
2957 3947 3020 3995 ut
3047 3938 3160 4011 jam
3191 3940 3400 3997 dictum
3430 3949 3531 4010 est,

1955 4041 2012 4096 in
2041 4047 2232 4096 testam
2265 4037 2433 4092 fuerit
2461 4039 2748 4090 excoctum
2778 4037 2876 4098 ;ut
2902 4045 3020 4102 quae
3051 4029 3203 4099 prius
3223 4030 3373 4100 gravi
3405 4044 3536 4099 pon-

1955 4128 2081 4186 dere
2110 4125 2457 4200 premebatur
2490 4123 2548 4178 in
2576 4129 2801 4186 terram,
2858 4117 3094 4187 acceptis
3127 4116 3320 4185 pennis
3351 4117 3535 4185 gratias

1957 4217 2258 4291 spiritualis
2312 4229 2438 4270 cum
2487 4207 2844 4266 subvectione
2901 4203 3215 4273 angelorum
3270 4204 3420 4258 volet
3470 4203 3538 4261 ad

1955 4289 2176 4372 coelum,
2206 4302 2284 4357 ibi
2318 4314 2512 4356 verum
2552 4303 2606 4350 et
2660 4291 2950 4364 paciﬁcum
2981 4305 3092 4344 suae
3137 4289 3326 4346 salutis
3380 4291 3538 4348 obsi-

1956 4393 2077 4448 dem
2106 4392 2270 4447 habet
2299 4390 2356 4443 in
2387 4395 2672 4442 aeternum.
2705 4379 2849 4447 Quid
2885 4387 2994 4434 tam
3026 4377 3228 4447 verius,
3261 4386 3374 4436 tam
3413 4397 3538 4438 ma-

1956 4481 2228 4544 nifestius,
2261 4484 2372 4530 tam
2423 4471 2663 4528 lucidius
2709 4466 2948 4523 inveniri
2978 4467 3201 4538 potest?
3241 4467 3441 4524 Tamen
3470 4487 3538 4527 ne

1955 4567 2165 4640 aliquid
2187 4565 2434 4620 omisisse
2461 4559 2767 4626 videamur,
2825 4556 3008 4628 accipe
3035 4556 3413 4626 plenissimum
3443 4565 3538 4617 ‘at-

1953 4671 2059 4730 que
2089 4653 2467 4710 ﬁrmissimum
2522 4648 2691 4720 hujus
2736 4645 2850 4719 spei
2880 4653 3079 4700 nostrae
3109 4646 3405 4716 specimen,
3445 4649 3538 4704 ali-

2026 4757 2142 4828 (85)
2175 4756 2301 4812 Vat.
2352 4750 2497 4818 cod.,
2541 4749 2677 4828 decet
2720 4763 2817 4802 nos
2845 4746 3138 4828 axem-plum
3194 4747 3362 4828 sancti
3395 4749 3542 4828 Phi}

1956 4815 2087 4900 lippi
2126 4815 2295 4882 unum
2347 4839 2414 4879 ea:
2467 4815 2656 4892 septem
2707 4834 2919 4890 ponere.
2979 4815 3136 4875 Rom.
3168 4815 3327 4883 edit.,
3392 4820 3542 4875 liceat

1952 4902 2490 4987 θπῗέἶθυξζηξθιθῖιε.
2578 4965 2627 4987 ρ--
2704 4963 2910 4987 Α--ι.,...
3001 4960 3228 4987 n-..:,.....
3276 4962 3378 4987 ι..-
3428 4961 3446 4987 .-

2025 4960 2534 5044 (86)Ro'm.Aedit.,
2574 4965 2633 5044 in
2685 4963 2935 5044 Azotum:
2992 4960 3228 5044 Denique
3271 4962 3378 5044 haec
3426 4961 3540 5044 ipsa

1952 5032 2168 5100 Do‘mn'ti
2218 5057 2280 5097 ac
2333 5032 2627 5096 Salvatbris
2677 5034 2848 5090 nostri
2900 5033 3187 5106 ﬁrmantur
3216 5032 3387 5088 verbis
3410 5051 3430 5097 ;
3465 5032 3543 5087 ait

1954 5117 2109 5181 enim,
2141 5122 2246 5170 etc.

2027 5173 2142 5256 (87)
2179 5183 2379 5239 Eadem
2410 5182 2567 5238 Rom.
2600 5177 2784 5256 edit._,__
2806 5176 2989 5256 mittet,
3021 5175 3214 5246 inquit,
3243 5173 3418 5254 Filius
3449 5175 3536 5226 ho-

1952 5245 2367 5325 miiiis'angelos
2387 5267 2530 5318 suos,
2588 5256 2636 5304 et
2657 5249 2988 5325 colligeiitde
3038 5263 3195 5318 regno
3260 5245 3373 5313 ejus
3432 5259 3537 5297 omo

1953 5328 2046 5383 nia
2075 5318 2348 5391 scandala,
2379 5331 2425 5378 et
2459 5318 3075 5394 διψιιναὸῖιηξΖίςαηίιι.⁵
3226 5393 3234 5394 7
3496 5383 3507 5394 η
3545 5375 3554 5382 _

2027 5398 2142 5469 (88)
2200 5387 2415 5469 Eadem
2489 5387 2642 5469 Rom.
2714 5391 2870 5457 edit.,
2936 5387 3075 5458 quod
3136 5393 3236 5469 “est
3284 5387 3533 5469 perennis

1956 5458 2222 5524 beatorum
2279 5467 2452 5538 gloria
2469 5483 2499 5538 ;7
2529 5465 2599 5519 ad
2641 5480 2799 5533 quam
2842 5476 2942 5538 ῃοξ
2997 5458 3174 5538 angeli
3221 5458 3387 5538 satiati
3415 5472 3530 5524 per.

1956 5541 2168 5604 ducant,
2229 5529 2318 5593 ubi
2373 5529 2614 5592 Christus
2647 5529 2776 5587 cum
2832 5531 3086 5604 Patreuet
3138 5529 3343 5604 Spiritu
3399 5543 3534 5580 san-

1958 5594 2035 5664 cto
2072 5594 2253 5681 reghat
2280 5611 2636 5681 maternum,
2693 5618 2862 5657 amen.
2923 5598 3130 5663 Quibus
3172 5594 3364 5651 verbis
3423 5607 3540 5653 tra-

1959 5678 2168 5736 ctatum
2192 5678 2420 5736 claudit.
