4070 6186
541 471 754 538 lisl'em,
785 471 858 529 de
905 472 1281 546 singularitate
1314 473 1608 542 famosum,
1641 484 1696 532 et
1721 475 1786 533 de
1816 473 2122 548 posteritate

540 566 956 621 monstrosum:
1013 564 1107 637 qui
1161 565 1524 638 semetipsum
1545 567 1790 624 libenter
1844 568 2121 633 funeraus,

540 652 784 710 naturali
829 653 936 710 ﬁne
956 652 1273 711 discindens
1335 663 1497 730 atque
1525 657 1876 726 succendens,
1934 658 2123 712 iterum

545 739 795 815 phmnix,
848 741 1049 798 iterum
1111 742 1231 817 ipsa
1258 754 1363 814 est,
1418 756 1472 804 et
1499 763 1610 804 nou
1639 748 1744 803 alia
1774 745 2014 816 (Tertull.
2045 742 2120 795 De

545 853 749 894 rerum
809 854 967 898 corn.
1012 858 1066 900 c.
1130 842 1242 910 i3;
1287 845 1496 902 Auctor
1539 845 1715 899 Const.
1769 843 1942 908 Apost.
1987 835 2024 888 Ι.
2055 850 2113 902 ν,

545 942 597 985 ο.
628 926 698 983 6:
755 925 960 1002 Cyrill.
996 932 1205 989 Catech.
1240 930 1344 996 18;
1376 932 1643 994 Lactant.,
1679 924 1858 980 Ambr.
1890 929 1943 975 et
1969 920 2113 993 alii).

547 1015 652 1076 Cui
709 1019 789 1074 rei
847 1019 1236 1077 documentum
1275 1018 1342 1072 ad
1395 1018 1505 1088 spei
1563 1021 1750 1068 nostra;
1779 1010 2116 1080 ﬁrmitatem,

550 1107 715 1165 etiam
767 1110 999 1180 Spiritus
1055 1115 1290 1171 sanctus,
1319 1105 1412 1174 qui
1441 1105 1581 1159 Deus
1605 1109 1703 1166 est,
1736 1101 1793 1156 in
1822 1102 2122 1174 Scripturis

550 1198 730 1270 posuit
757 1197 956 1249 sanctis
996 1193 1182 1248 dicens
1207 1210 1219 1246 :
1269 1215 1288 1237 ι
1316 1191 1387 1244 Et
1414 1188 1682 1244 ﬂorebunt
1712 1191 1866 1248 velut
1893 1191 2122 1263 phoenix

551 1286 681 1356 (Isa.
726 1295 900 1347 xxxv,
959 1280 1036 1350 1),
1087 1278 1192 1336 hoc
1218 1285 1318 1344 est,
1365 1276 1637 1334 ﬂorebunt
1685 1277 1753 1334 de
1798 1289 1993 1350 morte,
2055 1281 2123 1337 de

544 1370 729 1426 funere
758 1382 881 1436 suo,
913 1367 1058 1425 sicut
1087 1366 1308 1442 phoenix
1353 1373 1593 1437 resurget
1621 1366 1689 1423 de
1745 1369 1969 1439 pulvere
2001 1386 2120 1426 suo.

541 1455 598 1515 Si
625 1471 755 1529 ergo
784 1472 912 1515 caro
959 1459 1075 1514 avis
1125 1457 1190 1513 de
1229 1453 1502 1512 cineribus
1550 1455 1664 1511 suis
1711 1458 1964 1529 resurgit,
1996 1475 2122 1515 caro

544 1544 791 1606 hominis
824 1547 894 1606 de
935 1547 1208 1604 cineribus
1247 1544 1359 1601 suis
1398 1559 1510 1599 non
1565 1546 1866 1617 resurget?
1914 1547 1986 1603 Et
2025 1547 2123 1603 ubi

547 1645 650 1708 est,
681 1637 828 1713 quod
888 1637 1151 1694 Dominus
1176 1632 1428 1691 Christus
1458 1632 1649 1690 multis
1679 1635 1986 1706 passeribus
2014 1653 2122 1693 me-

1570 259 1677 315 AD
1715 258 1951 317 OPERA
1988 259 2045 316 S.
2099 261 2438 320 AMBROSH
2471 260 2837 317 APPENDIX.
3707 250 3805 307 576

545 393 647 441 tam
674 382 842 441 illum
880 381 1142 453 Orientis,
1169 380 1265 454 qui
1294 381 1528 455 phrenix
1587 385 1925 452 nominatur,
1959 399 2116 454 pecu-
2146 387 2196 444 A
2232 384 2583 440 succendistis
2614 383 2768 439 vobis
2800 383 2933 454 (Isa.
2968 383 3194 453 Ιι,11);ι

3235 390 3288 438 et
3319 383 3517 440 iterum
3544 399 3554 436 :
3606 409 3624 430 ε
3658 385 3804 444 Sicut

2230 471 2378 526 tinea
2405 473 2809 540 vestimentum,
2856 480 2908 528 et
2937 472 3139 528 vermis
3192 471 3427 527 comedit
3454 473 3692 543 lignum,
3734 475 3810 530 sic

2231 575 2428 614 mceror
2473 561 2752 617 excruciat
2780 579 2874 618 cor
2902 561 3010 616 viri
3058 563 3244 632 (Prov.
3277 576 3410 626 xxv,
3443 559 3559 630 20).
3597 586 3615 607 ι
3660 561 3812 634 Sicut

2229 647 2373 703 enim
2408 649 2578 704 animi
2610 650 2802 706 laetitia
2831 650 3104 706 interdum
3134 649 3378 719 corporis
3421 647 3637 703 dolores
3666 649 3810 704 miti-

2227 741 2334 804 gat,
2385 734 2463 792 sic
2515 736 2672 792 dolor
2695 736 2866 793 animi
2893 754 3088 809 corpus
3131 737 3391 808 deprimit
3419 745 3472 791 et
3508 739 3811 804 excruciat,

2227 821 2443 879 dicente
2472 825 2736 896 propheta
2766 842 2776 878 :
2825 850 2844 872 ι
2875 827 3105 882 Animus
3135 826 3372 897 gaudens
3402 833 3618 881 aetatem
3649 826 3813 882 ﬂori-

2227 909 2353 967 dam
2395 912 2545 981 facit,
2575 914 2799 985 spiritus
2827 914 2998 970 tristis
3037 915 3274 971 exsiccat
3303 931 3420 970 ossa
3453 916 3640 984 (Prov.
3669 933 3809 986 xvn,

2229 998 2345 1068 22).
2371 1024 2391 1047 ι
2432 999 2488 1056 Si
2535 1016 2660 1072 ergo
2689 1003 2904 1057 eveniat
2932 1010 2993 1057 ut
3021 1002 3087 1057 ad
3125 1003 3533 1073 aegrotationem
3559 1004 3806 1075 corporis

2231 1089 2448 1144 accedat
2478 1090 2649 1146 animi
2672 1092 2956 1162 aegritudo,
2990 1091 3301 1162 duplicatur
3333 1091 3647 1147 inﬁrmitas.
3689 1093 3814 1150 Haec

2234 1183 2411 1232 tamen
2443 1178 2520 1234 ita
2548 1179 2692 1235 dicta
2723 1188 2870 1247 sunt,
2922 1187 2982 1234 ut
3021 1195 3131 1235 non
3161 1187 3388 1250 negetur
3437 1181 3813 1251 praevaricato-

2234 1281 2353 1320 rum
2385 1275 2438 1321 et
2466 1269 2638 1322 Deum
2678 1268 2992 1338 negantium
3042 1276 3242 1323 aeterna
3271 1285 3384 1323 esse
3414 1270 3701 1340 supplicia,
3732 1270 3813 1325 di-

2232 1360 2388 1410 cente
2416 1355 2694 1426 Scriptura
2722 1373 2733 1411 :
2780 1381 2798 1403 ι
2829 1357 3095 1413 Dominus
3123 1356 3471 1428 omnipotens
3510 1358 3813 1414 vindicabit

2233 1439 2291 1495 in
2333 1441 2411 1497 eis
2459 1442 2514 1496 in
2547 1443 2693 1498 diem
2729 1443 2948 1516 judicii,
2997 1445 3124 1502 dare
3171 1444 3349 1516 ignem
3406 1455 3458 1502 et
3515 1464 3724 1503 vermes
3751 1432 3812 1502 iri

2233 1547 2418 1588 carnes
2473 1531 2755 1602 ipsorum;
2815 1543 2868 1590 et
2915 1535 3327 1597 comburentur,
3383 1541 3445 1590 ut
3488 1537 3724 1592 sentiant
3752 1537 3809 1592 in

2232 1628 2494 1678 aeternum
2546 1623 2751 1693 (Iudith
2780 1640 2897 1690 xvr,
2945 1623 3031 1689 20,
3064 1623 3178 1694 21).
3204 1648 3221 1670 ι
3264 1623 3418 1689 Quod
3446 1624 3518 1678 ita
3555 1624 3810 1680 futurum

550 1711 842 1785 ῃοτθέθεεε
868 1722 1281 1797 pronuntiavit?
1299 1722 1401 1779 Ubi
1421 1730 1504 1779 εει
1546 1731 1601 1780 ει
1623 1723 1784 1793 illud,
1803 1725 1948 1797 quod
1965 1725 2126 1781 nobis
2155 1727 2197 1786 Β
2232 1711 2499 1766 Dominus
2553 1719 2737 1768 noster
2763 1719 2924 1784 atque
2953 1712 3202 1768 Salvator
3239 1712 3535 1781 conﬁrmat,
3567 1713 3753 1768 dicens
3787 1731 3801 1769 :

546 1833 640 1890 per
699 1815 1021 1886 Prophetam
1079 1812 1350 1884 promisit,
1406 1812 1631 1870 dicens:
1705 1837 1726 1862 ι
1753 1815 2124 1873 Renovabitur

544 1905 683 1960 sicut
708 1901 906 1975 aquilae
929 1901 1192 1972 juventus
1230 1909 1325 1959 tua
1356 1901 1533 1972 (Psal,
1555 1917 1650 1971 cn,
1683 1902 1765 1974 5).
1803 1903 1926 1961 Vide
1951 1904 2123 1961 Babbi

544 1988 730 2048 Kimhi
758 1999 814 2047 et
840 1990 977 2046 alios
1023 1989 1252 2062 interpr.
1288 1988 1343 2044 in
1377 1988 1528 2046 hunc
1556 1989 1662 2047 loc.
1699 2007 1714 2056 ;
1745 1989 1876 2048 item
1906 1991 1965 2047 P.
2024 1993 2122 2047 Da-

544 2079 733 2148 miani,
791 2096 978 2152 opusc.
1039 2080 1127 2147 52,
1159 2096 1208 2136 c.
1261 2079 1382 2148 23;
1433 2077 1646 2137 Albert.
1701 2079 1841 2152 Mag.
1900 2081 1938 2135 l.
1981 2097 2123 2137 χχιιι

542 2167 619 2226 De
653 2166 873 2223 animat.
908 2185 924 2235 ;
979 2165 1202 2233 Gesner,
1235 2165 1464 2222 Aldrov.
1519 2172 1574 2221 et
1623 2165 1808 2237 alios).
1851 2190 1869 2215 ›
1941 2167 2121 2239 Cujus

541 2255 660 2312 avis
705 2262 951 2312 naturam
1007 2255 1148 2311 hanc
1210 2270 1330 2312 cese
1384 2255 1643 2312 tradunt:
1699 2271 1824 2311 cum
1855 2255 2003 2311 enim
2055 2256 2122 2312 ad

543 2361 810 2402 summam
882 2346 1096 2401 venerit
1165 2353 1522 2412 senectutem,
1561 2345 1765 2404 dicitur
1823 2347 2018 2405 tandiu
2065 2347 2122 2401 in

541 2446 662 2488 aera
691 2432 998 2501 sublimari,
1056 2441 1118 2489 ut
1148 2449 1320 2505 usque
1375 2433 1443 2490 ad
1472 2433 1644 2490 nubes
1681 2442 1736 2490 et
1776 2433 1956 2506 ignem
1992 2452 2125 2507 per—

542 2521 761 2577 veniat:
795 2536 902 2593 quo
931 2520 1056 2594 igne
1093 2529 1365 2590 contacta,
1424 2539 1553 2579 mox
1600 2539 1655 2579 se
1707 2523 1766 2580 in
1817 2523 2126 2580 secretissi—

543 2624 694 2666 mum
754 2608 961 2666 fontem
1016 2611 1352 2683 praecipitem
1409 2610 1564 2678 dans,
1595 2612 1758 2668 tertio
1793 2613 2019 2684 mergit;
2073 2620 2126 2668 et

545 2714 676 2756 mox
721 2696 788 2753 ad
835 2697 1083 2770 pristinas
1130 2697 1437 2772 juventutis
1493 2699 1638 2755 vires
1686 2707 1846 2771 atque
1891 2701 2123 2772 speciem

543 2791 850 2841 revocatur.
907 2787 1066 2854 Quod
1118 2787 1276 2845 nobis
1326 2787 1403 2844 ita
1431 2787 1678 2843 futurum
1740 2785 1930 2843 beatus
1985 2789 2123 2859 Apo-

543 2873 716 2929 stolus
745 2874 1020 2944 promisit,
1051 2874 1240 2930 dicens
1271 2891 1284 2930 :
1348 2896 1366 2919 ι
1398 2873 1835 2946 Uniuscujusque
1870 2875 2028 2947 quale
2057 2875 2126 2930 sit

540 2977 698 3034 opus,
733 2962 874 3034 ignis
914 2961 1168 3033 probavit
1225 2961 1283 3030 (Ι
1320 2959 1444 3016 Cor.
1475 2977 1558 3028 ιιι,
1594 2961 1706 3032 13).
1737 2985 1756 3010 ι
1798 2963 1942 3018 Aves
1975 2962 2122 3018 enim

2248 1822 2266 1844 ι
2295 1799 2366 1854 Et
2409 1809 2690 1871 resurgent
2741 1816 2928 1856 omnes
2971 1800 3037 1855 de
3074 1808 3229 1856 terrae
3259 1803 3499 1872 pulvere,
3539 1802 3633 1872 qui
3663 1801 3814 1856 bona

2234 1887 2499 1955 fecerunt,
2531 1889 2588 1943 in
2613 1890 3064 1946 resurrectionem
3089 1888 3288 1960 judicii
3337 1891 3515 1961 (Joan.
3548 1907 3605 1956 v,
3642 1889 3756 1960 20);
3780 1916 3799 1936 ι

2231 1987 2285 2034 et
2309 1977 2544 2032 iterum:
2589 1978 2699 2034 «Ite
2731 1979 2788 2032 in
2819 1978 2997 2049 ignem
3029 1986 3317 2047 aeternum,
3355 1978 3448 2052 qui
3480 1986 3814 2050 praeparatus

2233 2077 2315 2125 est
2343 2068 2560 2123 diabolo
2589 2077 2640 2122 et
2669 2070 2875 2141 angelis
2907 2069 3022 2140 ejus
3048 2071 3258 2141 (Matth.
3293 2086 3426 2136 xxv,
3449 2070 3482 2125 4
3503 2069 3595 2140 i);-
3646 2076 3697 2122 et
3720 2070 3812 2123 ite-

2235 2175 2358 2216 rum
2387 2159 2454 2215 de
2488 2159 2585 2214 illo
2616 2158 2711 2232 qui
2741 2167 2942 2214 vestem
2967 2175 3076 2214 non
3109 2158 3299 2214 habuit
3334 2159 3636 2230 nuptialem
3666 2156 3814 2211 dici-

2234 2256 2326 2304 tur
2354 2266 2366 2304 :
2415 2272 2434 2297 ‹
2483 2249 2680 2303 Tollite
2707 2264 2855 2316 eum,
2902 2255 2957 2303 et
3004 2248 3186 2318 ligatis
3215 2246 3464 2302 manibus
3495 2262 3557 2301 ac
3585 2243 3815 2316 pedibus

2234 2335 2372 2407 ejus,
2419 2335 2622 2392 mittite
2651 2352 2776 2392 eum
2808 2337 2865 2390 in
2913 2335 3160 2390 tenebras
3186 2334 3482 2390 exteriores
3514 2352 3527 2400 ;
3563 2333 3676 2387 illic
3709 2332 3814 2386 erit

2234 2425 2392 2481 ﬂetus
2445 2435 2498 2482 et
2526 2425 2728 2481 stridor
2770 2424 3017 2481 dentium
3051 2424 3259 2494 (Matth.
3292 2441 3429 2490 xxn,
3458 2423 3571 2493 13).
3605 2448 3622 2470 ι
3674 2420 3813 2476 Cum

2235 2531 2360 2585 ergo
2389 2522 2441 2568 et
2498 2531 2706 2583 manus,
2740 2523 2794 2570 et
2820 2514 3002 2587 pedes,
3033 2523 3087 2570 et
3117 2513 3294 2580 ﬂetus,
3324 2528 3393 2568 ex
3432 2511 3678 2568 tenebras
3707 2525 3816 2563 ex-

2234 2605 2478 2670 teriores,
2529 2621 2647 2676 quae
2719 2605 2787 2660 ad
2843 2605 3029 2660 oculos
3073 2603 3365 2676 pertinent,
3419 2609 3472 2656 et
3521 2599 3814 2654 stridorem

2235 2698 2483 2755 dentium
2530 2709 2562 2747 a
2610 2697 2756 2756 344
2800 2691 3034 2748 Domino
3076 2691 3135 2747 in
3187 2705 3348 2746 carne
3396 2688 3578 2744 futura
3621 2701 3817 2740 resur—

2235 2798 2476 2854 rectione
2522 2795 2805 2851 verissime
2861 2790 3269 2864 pronuntiatur,
3325 2785 3494 2840 miror
3547 2780 3813 2855 quosdam

2236 2883 2543 2953 haereticos,
2575 2884 2669 2957 qui
2699 2883 2905 2939 aerium
2947 2896 3162 2951 corpus,
3194 2884 3247 2933 et
3274 2873 3535 2948 paulatim
3569 2872 3627 2926 in
3652 2886 3817 2924 auras

2223 2983 2424 3031 tenues
2453 2971 2869 3029 dissolvendum
2916 2976 3037 3041 post
3068 2964 3515 3022 resurrectionem
3543 2965 3818 3015 conantur

543 3048 774 3106 diversae
807 3049 1048 3122 glutiunt
1095 3063 1278 3116 uvam,
1336 3047 1540 3104 olivam
1587 3057 1641 3104 et
1694 3055 1888 3104 caetera
1918 3066 2119 3122 poma;
2155 3078 2198 3139 ο
2234 3061 2599 3117 introducere,
2657 3059 2941 3127 Quomodo
2982 3071 3108 3127 ergo
3151 3060 3366 3109 sanctus
3421 3047 3816 3102 vestimentum

539 3147 594 3194 et
640 3148 762 3210 post
810 3137 1045 3194 nimium
1115 3137 1352 3193 calorem
1406 3151 1572 3207 grana
1613 3151 1800 3193 eorum
1848 3153 1944 3208 per
1990 3147 2118 3195 ster-

539 3241 668 3284 cora
723 3226 1050 3298 digerentes,
1081 3241 1300 3282 rursum
1352 3223 1513 3292 vites,
1546 3240 1762 3282 rursum
1793 3225 2013 3284 arbores
2041 3243 2124 3285 re-

540 3321 860 3370 nascuntur.
911 3313 969 3369 Si
1017 3329 1144 3387 ergo
1192 3313 1298 3372 hoc
1351 3331 1477 3373 aves
1505 3325 1726 3390 propter
1767 3324 1842 3385 te,
1902 3321 2015 3377 Deo
2037 3319 2122 3392 ju-

540 3400 723 3470 bente,
783 3399 1023 3468 faciunt;
1082 3401 1150 3458 de
1179 3409 1232 3459 te
1261 3405 1407 3460 Deus
1450 3415 1667 3476 propter
1686 3405 1848 3461 ﬁdem
1889 3415 1942 3462 et
1971 3409 2122 3463 retri-

541 3489 824 3546 butionem
850 3505 1004 3546 suam
1035 3506 1145 3546 non
1197 3492 1358 3548 faciet
1390 3493 1417 3548 ?
1446 3491 1616 3550 Crede
1645 3494 1781 3549 mihi
1813 3495 1942 3567 quia
1965 3496 2126 3554 faciet

541 3585 761 3650 propter
788 3578 1120 3649 promissum
1151 3594 1310 3634 suum
1337 3596 1349 3645 ;
1381 3595 1508 3635 cum
1539 3579 1686 3634 enim
1708 3579 1850 3635 nihil
1882 3597 2124 3640 essemus

541 3664 853 3738 aliquando,
908 3664 1119 3722 domini
1172 3663 1418 3720 omnium
1449 3674 1840 3734 creaturarum,
1867 3670 1980 3724 Deo
2007 3669 2124 3741 ipso

535 3754 782 3827 jubeute,
814 3756 942 3814 facti
975 3772 1183 3812 sumus.
1207 3754 1314 3820 Qui
1339 3769 1466 3826 ergo
1494 3755 1626 3812 fecit
1650 3773 1719 3813 ex
1745 3756 1946 3825 nihilo,
1977 3760 2124 3831 quod

542 3859 653 3901 non
683 3852 818 3914 erat,
866 3845 1065 3918 poterit
1117 3843 1318 3900 iterum
1374 3844 1549 3902 facere
1586 3844 1664 3914 id,
1723 3845 1871 3919 quod
1903 3854 2028 3904 ante
2055 3864 2126 3904 ex

542 3931 724 3990 nihilo
755 3933 972 3992 fecerat.

543 4039 774 4098 CAPUT
831 4037 1062 4096 XXXV.
1091 4067 1162 4080 --
1185 4037 1320 4094 Nam
1348 4036 1395 4094 si
1443 4053 1570 4096 caro
1613 4038 1876 4109 hominis,
1907 4049 1970 4097 ut
1996 4043 2127 4100 caci

542 4125 785 4185 haeretici
815 4126 1177 4196 mentiuntur,
1209 4142 1321 4184 non
1347 4135 1610 4200 resurget,
1648 4129 1924 4201 quomodo
1951 4132 2122 4190 Isaias

540 4213 749 4284 Spiritu
822 4213 922 4270 Dei
981 4215 1196 4288 plenus,
1244 4217 1339 4288 qui
1368 4232 1478 4273 non
1507 4225 1619 4273 tam
1648 4217 1932 4290 propheta,
1962 4237 2124 4292 quam

540 4299 874 4370 evangelista
927 4303 1193 4361 dicendus
1245 4312 1348 4374 est,
1400 4305 1574 4363 dicit:
1643 4330 1661 4354 ι
1695 4306 1892 4363 Veniet
1946 4309 2125 4365 omnis

2233 3153 2332 3209 Dei
2361 3160 2463 3220 est,
2489 3159 2543 3206 et
2572 3150 2806 3205 vestitur
2833 3147 3027 3204 salutis
3048 3151 3209 3216 atque
3245 3139 3447 3196 laetitiae
3474 3135 3664 3191 tunica
3689 3152 3703 3199 ;
3732 3133 3820 3188 sic

2231 3255 2262 3297 e
2287 3239 2563 3296 contrario
2602 3244 2869 3311 peccator,
2919 3232 3014 3308 qui
3049 3237 3228 3305 portat
3276 3228 3566 3300 imaginem
3609 3223 3818 3278 veteris

2233 3327 2473 3383 hominis
2517 3333 2680 3398 atque
2708 3324 2930 3390 terreni,
2961 3327 3199 3376 meretur
3233 3316 3458 3381 audire;
3499 3337 3519 3361 ι
3542 3313 3681 3368 Ecce
3713 3326 3819 3364 vos

2235 3432 2423 3471 omnes
2481 3413 2635 3487 quasi
2689 3413 3077 3469 vestimentum
3132 3415 3288 3462 vetus
3336 3406 3484 3460 tinea
3527 3398 3819 3457 devorabit

2237 3506 2370 3576 (Isa.
2427 3521 2499 3571 LI,
2553 3504 2635 3574 8.)
2680 3527 2700 3551 ι
2743 3503 2954 3558 Morum
2984 3515 3110 3570 ergo
3178 3495 3466 3552 diversitas
3528 3489 3694 3546 variis
3746 3487 3817 3543 in

2233 3591 2526 3662 Scripturis
2577 3590 2778 3648 sanctis
2825 3591 3071 3660 signatur
3117 3584 3453 3642 nominibus.
3500 3581 3652 3637 Sicut
3679 3593 3814 3647 ergo

2235 3682 2522 3738 diversitas
2568 3681 2822 3737 arborum
2868 3695 2933 3736 ac
3000 3676 3334 3732 musicorum
3395 3671 3451 3726 in
3515 3666 3817 3738 Scripturis

2234 3771 2440 3828 divinis
2491 3769 2861 3826 diversitatem
2921 3765 3192 3838 signiﬁcat
3240 3761 3425 3834 gratias
3467 3755 3811 3830 spiritualis;

2233 3859 2311 3916 ita
2337 3868 2392 3914 et
2420 3857 2708 3914 diversitas
2735 3857 2973 3912 ferarum
3004 3860 3164 3925 atque
3204 3847 3535 3922 serpentium
3561 3841 3817 3900 diversi—

2233 3953 2400 4004 tatem
2447 3945 2718 4018 signiﬁcat
2763 3951 3126 4016 peccatorum.
3179 3939 3309 4007 Quze
3363 3946 3544 3992 tamen
3589 3931 3818 4018 diversa

2237 4051 2430 4109 genera
2477 4017 2812 4091 musicorum
2865 4031 2987 4087 ideo
3044 4032 3187 4086 Deus
3218 4024 3516 4098 majestatis
3562 4022 3619 4076 in
3650 4017 3819 4073 libris

2234 4123 2442 4182 divinis
2457 4119 2727 4179 nominari
2743 4127 2796 4178 et
2814 4121 2892 4177 uti
2911 4118 3111 4186 voluit,
3134 4126 3195 4173 ut
3214 4115 3476 4188 populum
3494 4109 3816 4166 Judzeorum

2234 4213 2301 4270 de
2353 4211 2662 4269 carnalibus
2716 4207 2999 4269 sacriﬁciis
3042 4207 3312 4274 auferens,
3360 4203 3430 4260 ad
3457 4197 3732 4273 spiritales
3758 4205 3819 4253 et

2234 4296 2533 4358 laudabiles
2556 4299 2760 4356 hostias
2790 4299 3069 4355 invitaret.

539 4401 685 4482 caro,
717 4403 836 4482 quae
893 4389 1182 4448 adoratura
1209 4400 1291 4448 est
1345 4393 1402 4448 in
1431 4402 1728 4465 conspectu
1784 4397 2030 4465 Domini,
2061 4398 2119 4452 in
2148 4424 2197 4482 Β
2304 4389 2409 4446 Sed
2458 4405 2606 4444 nunc
2653 4387 2767 4459 jam
2825 4385 3256 4482 sufﬁciant-ista
3300 4398 3418 4455 quae
3455 4380 3604 4437 dicta
3630 4385 3814 4482 ‘sunti

539 4473 872 4543 Jerusalem;
909 4485 969 4533 ut
1022 4477 1205 4534 videat
1233 4480 1498 4536 cadavera
1550 4481 1834 4538 hominum
1882 4493 2122 4541 mortuo-

540 4579 684 4630 rum,
744 4563 838 4636 qui
868 4565 1206 4636 prmvaricati
1264 4575 1391 4623 sunt
1447 4569 1504 4623 in
1551 4570 1722 4624 Deum
1756 4569 1837 4640 (id
1893 4579 1994 4638 est,
2035 4575 2123 4630 vel

538 4651 775 4717 Iudaeos,
797 4653 883 4708 vel
916 4652 1135 4723 impios,
1175 4655 1262 4710 vel
1294 4656 1649 4729 peccatores),
1683 4659 1887 4715 vermis
1933 4677 2122 4717 eorum

539 4757 652 4798 non
686 4741 970 4809 morietur,
1002 4748 1056 4797 et
1081 4742 1222 4813 ignis
1252 4759 1440 4800 eorum
1498 4761 1610 4802 non
1639 4753 1785 4810 343
1815 4749 2124 4822 exstingue-

537 4844 633 4894 tur
685 4839 818 4909 (Isa.
875 4855 1027 4904 var,
1095 4836 1200 4908 24;
1263 4839 1487 4896 Hieron.
1539 4843 1597 4897 in
1639 4859 1756 4915 cap.
1816 4845 1916 4900 ult.
1969 4844 2122 4916 Isa.).

539 4925 714 4994 Quem
746 4941 987 4982 vermem
1020 4935 1114 4983 aut
1181 4928 1362 5000 ignem
1394 4931 1554 4986 multi
1583 4933 1970 4988 conscientiam
2007 4948 2125 5003 pec-

536 5022 806 5084 catorum,
871 5031 990 5086 quae
1040 5022 1288 5088 torqueat
1344 5016 1402 5071 in
1440 5019 1724 5090 suppliciis
1778 5020 2122 5089 constitutos,

543 5102 779 5175 intelligi
805 5103 1020 5173 volunt,
1037 5120 1203 5176 quare
1221 5105 1358 5161 vitio
1383 5125 1482 5162 suo
1515 5117 1674 5180 atque
1703 5117 1922 5180 peccato
1953 5117 2120 5177 tanto,

541 5192 823 5250 caruerint
869 5192 1036 5261 bono,
1080 5190 1241 5263 juxta
1291 5194 1430 5249 illud
1477 5195 1622 5267 quod
1687 5197 1950 5267 scriptum
2005 5204 2120 5254 est:

553 5303 576 5332 ι
609 5281 902 5343 Ambulate
923 5281 984 5339 in
1005 5281 1217 5341 lumine
1244 5282 1388 5355 ignis
1418 5285 1607 5360 vestri,
1637 5293 1690 5342 et
1717 5286 1935 5343 ﬂamma
1961 5303 2123 5363 quam

2232 4496 2538 4554 quanquam
2570 4495 2667 4550 pro
2717 4479 2795 4534 rei
2852 4475 3229 4548 magnitudine
3281 4487 3562 4544 nunquam
3598 4465 3819 4554 aliquid

2235 4553 2571 4626 sufﬁcienter
2617 4567 2685 4623 de
2717 4565 2896 4623 causis
2950 4572 3003 4620 et
3037 4563 3196 4620 rebus
3226 4559 3474 4633 superius
3512 4553 3817 4612 nominatis

2235 4657 2347 4714 dici
2399 4663 2594 4728 potest.
2651 4656 2722 4710 Et
2777 4654 2897 4709 ideo
2952 4660 3159 4719 sancta,
3191 4646 3518 4712 veneranda,
3549 4641 3819 4717 perfecta,

2235 4751 2397 4815 atque
2428 4740 2804 4813 inseparabilis
2832 4740 3090 4808 Trinitas,
3116 4756 3234 4812 quae
3263 4745 3378 4793 tota
3406 4733 3561 4791 nobis
3585 4730 3696 4786 ﬁde
3727 4744 3821 4783 co-

2235 4831 2365 4888 leris
2396 4837 2556 4900 atque
2606 4827 2866 4896 ador-aris,
2915 4836 3072 4884 tuum
3102 4837 3182 4883 est
3205 4827 3310 4884 hoc
3351 4841 3504 4898 opus,
3536 4819 3685 4895 quod
3715 4835 3822 4891 ego

2226 4933 2308 4980 ,ex
2337 4918 2556 4972 Patrum
2616 4917 2946 4972 famulorum
2975 4926 3193 4972 tuorum
3225 4915 3399 4982 libris,
3433 4923 3486 4969 te
3514 4911 3822 4984 adjuvante

2238 5013 2398 5078 atque
2455 5004 2819 5072 illuminante,
2874 5003 2942 5059 ad
3007 5002 3420 5060 aediﬁcationem
3483 5017 3660 5057 meam
3723 5017 3823 5057 ex-

2238 5103 2410 5175 cerpsi
2440 5121 2453 5169 ;
2486 5109 2686 5177 tuaque
2715 5103 2975 5175 perfectio
3003 5102 3072 5160 ad
3113 5104 3338 5176 gloriam
3364 5110 3417 5157 et
3454 5099 3673 5156 laudem
3703 5115 3822 5154 no-

2237 5195 2405 5251 minis
2441 5195 2524 5252 tui
2554 5210 2649 5268 per
2677 5194 2862 5250 omnia
2885 5195 3082 5256 saecula
3107 5194 3454 5254 saeculorum.
3483 5193 3677 5248 Amen.
