  <div class='ocr_page' id='page_1' title='image "/cluster/home/n/w/nwhite01/storage/ocr_20150623/17/hvd.32044096580436/294.png"; bbox 0 0 4064 6178; ppageno 0'>
   <div class='ocr_carea' id='block_1_1' title="bbox 237 197 3508 279">
    <p class='ocr_par' dir='ltr' id='par_1_1' title="bbox 237 197 3508 279">
     <span class='ocr_line' id='line_1_1' title="bbox 237 197 3508 279; baseline -0.006 -4"><span class='ocrx_word' id='word_1_1' title='bbox 237 216 336 279; x_wconf 79' lang='grc'>577</span> <span class='ocrx_word' id='word_1_2' title='bbox 1105 201 1201 261; x_wconf 88' lang='lat' dir='ltr'><strong>DE</strong></span> <span class='ocrx_word' id='word_1_3' title='bbox 1240 199 1402 260; x_wconf 87' lang='lat' dir='ltr'>FIDE</span> <span class='ocrx_word' id='word_1_4' title='bbox 1440 199 1719 261; x_wconf 80' lang='lat' dir='ltr'>CONTRA</span> <span class='ocrx_word' id='word_1_5' title='bbox 1758 197 2079 259; x_wconf 79' lang='lat' dir='ltr'>ARIANOS.</span> <span class='ocrx_word' id='word_1_6' title='bbox 2121 229 2190 240; x_wconf 94' lang='lat'><strong>—</strong></span> <span class='ocrx_word' id='word_1_7' title='bbox 2227 198 2640 258; x_wconf 87' lang='lat' dir='ltr'>ADMONITIO.</span> <span class='ocrx_word' id='word_1_8' title='bbox 3402 200 3508 256; x_wconf 80' lang='grc'>578</span> 
     </span>
    </p>
   </div>
   <div class='ocr_carea' id='block_1_2' title="bbox 255 313 3510 346">
    <p class='ocr_par' dir='ltr' id='par_1_2' title="bbox 255 313 3510 346">
     <span class='ocr_line' id='line_1_2' title="bbox 255 313 3510 346; baseline -0.002 0"><span class='ocrx_word' id='word_1_9' title='bbox 255 313 3510 346; x_wconf 56' lang='lat' dir='ltr'><em>W</em></span> 
     </span>
    </p>
   </div>
   <div class='ocr_carea' id='block_1_3' title="bbox 248 330 3512 362">
    <p class='ocr_par' dir='ltr' id='par_1_3' title="bbox 248 330 3512 362">
     <span class='ocr_line' id='line_1_3' title="bbox 248 330 3512 362; baseline -0.006 -8"><span class='ocrx_word' id='word_1_10' title='bbox 248 330 3512 362; x_wconf 53' lang='lat' dir='ltr'>ww</span> 
     </span>
    </p>
   </div>
   <div class='ocr_carea' id='block_1_4' title="bbox 673 436 3058 590">
    <p class='ocr_par' dir='ltr' id='par_1_4' title="bbox 673 436 3058 590">
     <span class='ocr_line' id='line_1_4' title="bbox 673 436 3058 590; baseline -0.004 -60"><span class='ocrx_word' id='word_1_11' title='bbox 673 446 786 530; x_wconf 89' lang='lat' dir='ltr'>IN</span> <span class='ocrx_word' id='word_1_12' title='bbox 880 441 1551 544; x_wconf 86' lang='lat' dir='ltr'>SEQUENTEM</span> <span class='ocrx_word' id='word_1_13' title='bbox 1633 437 2305 590; x_wconf 64' lang='lat' dir='ltr'>TRAETATUM</span> <span class='ocrx_word' id='word_1_14' title='bbox 2390 436 3058 525; x_wconf 80' lang='lat' dir='ltr'>ADMONITIO.</span> 
     </span>
    </p>
   </div>
   <div class='ocr_carea' id='block_1_5' title="bbox 306 637 3512 729">
    <p class='ocr_par' dir='ltr' id='par_1_5' title="bbox 306 637 3512 729">
     <span class='ocr_line' id='line_1_5' title="bbox 306 637 3512 729; baseline -0.007 -14"><span class='ocrx_word' id='word_1_15' title='bbox 306 659 426 716; x_wconf 86' lang='lat' dir='ltr'>Hoc</span> <span class='ocrx_word' id='word_1_16' title='bbox 455 665 614 729; x_wconf 88' lang='lat' dir='ltr'>opus,</span> <span class='ocrx_word' id='word_1_17' title='bbox 638 649 785 726; x_wconf 91' lang='lat' dir='ltr'>quod</span> <span class='ocrx_word' id='word_1_18' title='bbox 812 656 1006 706; x_wconf 86' lang='lat' dir='ltr'>contra</span> <span class='ocrx_word' id='word_1_19' title='bbox 1031 646 1528 720; x_wconf 89' lang='lat' dir='ltr'>manuscriptorum</span> <span class='ocrx_word' id='word_1_20' title='bbox 1551 653 1607 702; x_wconf 90' lang='lat' dir='ltr'>et</span> <span class='ocrx_word' id='word_1_21' title='bbox 1629 652 1874 703; x_wconf 86' lang='lat' dir='ltr'>veterum</span> <span class='ocrx_word' id='word_1_22' title='bbox 1891 645 2195 703; x_wconf 79' lang='lat' dir='ltr'>editionum</span> <span class='ocrx_word' id='word_1_23' title='bbox 2212 643 2374 702; x_wconf 87' lang='lat' dir='ltr'>ﬁdem</span> <span class='ocrx_word' id='word_1_24' title='bbox 2396 645 2628 702; x_wconf 81' lang='lat' dir='ltr'>Romani</span> <span class='ocrx_word' id='word_1_25' title='bbox 2661 644 3076 716; x_wconf 80' lang='lat' dir='ltr'>inscripserunt,</span> <span class='ocrx_word' id='word_1_26' title='bbox 3112 639 3188 696; x_wconf 85' lang='lat' dir='ltr'>De</span> <span class='ocrx_word' id='word_1_27' title='bbox 3213 638 3346 696; x_wconf 86' lang='lat' dir='ltr'>Filii</span> <span class='ocrx_word' id='word_1_28' title='bbox 3377 637 3512 694; x_wconf 85' lang='lat' dir='ltr'>divi-</span> 
     </span>
    </p>
   </div>
   <div class='ocr_carea' id='block_1_6' title="bbox 244 733 3527 810">
    <p class='ocr_par' dir='ltr' id='par_1_6' title="bbox 244 733 3527 810">
     <span class='ocr_line' id='line_1_6' title="bbox 244 733 3527 810; baseline -0.008 0"><span class='ocrx_word' id='word_1_29' title='bbox 244 753 405 810; x_wconf 84' lang='lat' dir='ltr'>nitate</span> <span class='ocrx_word' id='word_1_30' title='bbox 445 754 496 804; x_wconf 85' lang='lat' dir='ltr'>et</span> <span class='ocrx_word' id='word_1_31' title='bbox 522 740 1081 808; x_wconf 74' lang='lat' dir='ltr'>consubstantialitaw,</span> <span class='ocrx_word' id='word_1_32' title='bbox 1112 739 1398 796; x_wconf 88' lang='lat' dir='ltr'>conditum</span> <span class='ocrx_word' id='word_1_33' title='bbox 1429 737 1536 793; x_wconf 88' lang='lat' dir='ltr'>fuit</span> <span class='ocrx_word' id='word_1_34' title='bbox 1570 736 1833 794; x_wconf 87' lang='lat' dir='ltr'>adversus</span> <span class='ocrx_word' id='word_1_35' title='bbox 1859 751 1950 791; x_wconf 90' lang='lat' dir='ltr'>eos</span> <span class='ocrx_word' id='word_1_36' title='bbox 1987 735 2271 791; x_wconf 66' lang='lat' dir='ltr'>haereticos</span> <span class='ocrx_word' id='word_1_37' title='bbox 2299 733 2394 806; x_wconf 90' lang='lat' dir='ltr'>qui</span> <span class='ocrx_word' id='word_1_38' title='bbox 2422 750 2547 790; x_wconf 90' lang='lat' dir='ltr'>cum</span> <span class='ocrx_word' id='word_1_39' title='bbox 2580 733 2709 790; x_wconf 89' lang='lat' dir='ltr'>Filii</span> <span class='ocrx_word' id='word_1_40' title='bbox 2739 733 3103 790; x_wconf 79' lang='lat' dir='ltr'>substantiam</span> <span class='ocrx_word' id='word_1_41' title='bbox 3133 745 3259 787; x_wconf 90' lang='lat' dir='ltr'>cum</span> <span class='ocrx_word' id='word_1_42' title='bbox 3288 734 3527 802; x_wconf 89' lang='lat' dir='ltr'>paterna&#39;</span> 
     </span>
    </p>
   </div>
   <div class='ocr_carea' id='block_1_7' title="bbox 241 818 3514 910">
    <p class='ocr_par' dir='ltr' id='par_1_7' title="bbox 241 818 3514 910">
     <span class='ocr_line' id='line_1_7' title="bbox 241 818 3514 910; baseline -0.008 -12"><span class='ocrx_word' id='word_1_43' title='bbox 241 841 484 900; x_wconf 85' lang='lat' dir='ltr'>eamdem</span> <span class='ocrx_word' id='word_1_44' title='bbox 513 849 630 894; x_wconf 90' lang='lat' dir='ltr'>esse</span> <span class='ocrx_word' id='word_1_45' title='bbox 655 831 1055 899; x_wconf 82' lang='lat' dir='ltr'>inﬁciarentur,</span> <span class='ocrx_word' id='word_1_46' title='bbox 1082 834 1351 910; x_wconf 80' lang='grc' dir='ltr'>ὀμοοῦσιον</span> <span class='ocrx_word' id='word_1_47' title='bbox 1375 827 1556 895; x_wconf 91' lang='lat' dir='ltr'>illum,</span> <span class='ocrx_word' id='word_1_48' title='bbox 1589 826 1646 882; x_wconf 92' lang='lat' dir='ltr'>id</span> <span class='ocrx_word' id='word_1_49' title='bbox 1674 835 1755 883; x_wconf 88' lang='lat' dir='ltr'>est</span> <span class='ocrx_word' id='word_1_50' title='bbox 1785 825 2027 896; x_wconf 90' lang='lat' dir='ltr'><strong>ejusdem</strong></span> <span class='ocrx_word' id='word_1_51' title='bbox 2058 825 2590 893; x_wconf 71' lang='lat' dir='ltr'>substantiaa,dicere</span> <span class='ocrx_word' id='word_1_52' title='bbox 2620 823 3012 891; x_wconf 79' lang='lat' dir='ltr'>detrectabant;</span> <span class='ocrx_word' id='word_1_53' title='bbox 3046 819 3140 876; x_wconf 91' lang='lat' dir='ltr'>sed</span> <span class='ocrx_word' id='word_1_54' title='bbox 3174 818 3514 877; x_wconf 82' lang='lat' dir='ltr'>conabantur</span> 
     </span>
    </p>
   </div>
   <div class='ocr_carea' id='block_1_8' title="bbox 244 916 3515 1011">
    <p class='ocr_par' dir='ltr' id='par_1_8' title="bbox 244 916 3515 1011">
     <span class='ocr_line' id='line_1_8' title="bbox 244 916 3515 1011; baseline -0.008 -15"><span class='ocrx_word' id='word_1_55' title='bbox 244 938 498 996; x_wconf 83' lang='lat' dir='ltr'>inducere</span> <span class='ocrx_word' id='word_1_56' title='bbox 522 947 716 990; x_wconf 87' lang='lat' dir='ltr'>vocem</span> <span class='ocrx_word' id='word_1_57' title='bbox 747 936 1060 1011; x_wconf 79' lang='grc' dir='ltr'>ὁμοιοὺσιον,</span> <span class='ocrx_word' id='word_1_58' title='bbox 1092 929 1150 986; x_wconf 92' lang='lat' dir='ltr'>id</span> <span class='ocrx_word' id='word_1_59' title='bbox 1178 937 1261 986; x_wconf 90' lang='lat' dir='ltr'>est</span> <span class='ocrx_word' id='word_1_60' title='bbox 1289 926 1487 985; x_wconf 88' lang='lat' dir='ltr'>similis</span> <span class='ocrx_word' id='word_1_61' title='bbox 1515 924 1872 990; x_wconf 82' lang='lat' dir='ltr'>substantiae;</span> <span class='ocrx_word' id='word_1_62' title='bbox 1904 937 2030 979; x_wconf 91' lang='lat' dir='ltr'>cum</span> <span class='ocrx_word' id='word_1_63' title='bbox 2061 922 2282 979; x_wconf 82' lang='lat' dir='ltr'>interim</span> <span class='ocrx_word' id='word_1_64' title='bbox 2311 922 2715 979; x_wconf 90' lang='lat' dir='ltr'>amandandum</span> <span class='ocrx_word' id='word_1_65' title='bbox 2745 939 2778 978; x_wconf 94' lang='lat' dir='ltr'>a</span> <span class='ocrx_word' id='word_1_66' title='bbox 2818 919 3024 976; x_wconf 88' lang='lat' dir='ltr'>divinis</span> <span class='ocrx_word' id='word_1_67' title='bbox 3053 916 3373 976; x_wconf 85' lang='lat' dir='ltr'>substantiae</span> <span class='ocrx_word' id='word_1_68' title='bbox 3395 929 3515 970; x_wconf 83' lang='lat' dir='ltr'>ver-</span> 
     </span>
    </p>
   </div>
   <div class='ocr_carea' id='block_1_9' title="bbox 244 1013 3512 1104">
    <p class='ocr_par' dir='ltr' id='par_1_9' title="bbox 244 1013 3512 1104">
     <span class='ocr_line' id='line_1_9' title="bbox 244 1013 3512 1104; baseline -0.008 -14"><span class='ocrx_word' id='word_1_69' title='bbox 244 1034 394 1100; x_wconf 88' lang='lat' dir='ltr'>bum,</span> <span class='ocrx_word' id='word_1_70' title='bbox 451 1029 606 1104; x_wconf 90' lang='lat' dir='ltr'>quasi</span> <span class='ocrx_word' id='word_1_71' title='bbox 639 1027 810 1085; x_wconf 89' lang='lat' dir='ltr'>sacris</span> <span class='ocrx_word' id='word_1_72' title='bbox 856 1025 1068 1100; x_wconf 81' lang='lat' dir='ltr'>paginis</span> <span class='ocrx_word' id='word_1_73' title='bbox 1097 1025 1368 1098; x_wconf 86' lang='lat' dir='ltr'>ignotum,</span> <span class='ocrx_word' id='word_1_74' title='bbox 1410 1021 1822 1081; x_wconf 87' lang='lat' dir='ltr'>contenderent.</span> <span class='ocrx_word' id='word_1_75' title='bbox 1878 1020 1974 1076; x_wconf 89' lang='lat' dir='ltr'>His</span> <span class='ocrx_word' id='word_1_76' title='bbox 2021 1019 2368 1093; x_wconf 85' lang='lat' dir='ltr'>Epiphanius</span> <span class='ocrx_word' id='word_1_77' title='bbox 2420 1019 2638 1089; x_wconf 71' lang='lat' dir='ltr'>(haeres.</span> <span class='ocrx_word' id='word_1_78' title='bbox 2681 1018 2772 1090; x_wconf 76' lang='grc'>64)</span> <span class='ocrx_word' id='word_1_79' title='bbox 2813 1033 3016 1073; x_wconf 89' lang='lat' dir='ltr'>nomen</span> <span class='ocrx_word' id='word_1_80' title='bbox 3045 1013 3512 1071; x_wconf 89' lang='lat' dir='ltr'>Semiarianorum</span> 
     </span>
    </p>
   </div>
   <div class='ocr_carea' id='block_1_10' title="bbox 246 1099 3516 1189">
    <p class='ocr_par' dir='ltr' id='par_1_10' title="bbox 246 1099 3516 1189">
     <span class='ocr_line' id='line_1_10' title="bbox 246 1099 3516 1189; baseline -0.008 -11"><span class='ocrx_word' id='word_1_81' title='bbox 246 1121 482 1180; x_wconf 88' lang='lat' dir='ltr'>inditum</span> <span class='ocrx_word' id='word_1_82' title='bbox 506 1117 722 1176; x_wconf 86' lang='lat' dir='ltr'>scribit.</span> <span class='ocrx_word' id='word_1_83' title='bbox 756 1099 1081 1173; x_wconf 85' lang='lat' dir='ltr'>Ubicontra</span> <span class='ocrx_word' id='word_1_84' title='bbox 1100 1113 1320 1170; x_wconf 90' lang='lat' dir='ltr'>eosdem</span> <span class='ocrx_word' id='word_1_85' title='bbox 1352 1111 1752 1186; x_wconf 86' lang='lat' dir='ltr'>proscriptione</span> <span class='ocrx_word' id='word_1_86' title='bbox 1774 1109 1925 1167; x_wconf 84' lang='lat' dir='ltr'>vocis</span> <span class='ocrx_word' id='word_1_87' title='bbox 1948 1114 2213 1189; x_wconf 76' lang='grc' dir='ltr'>ὁμοοὺσιος</span> <span class='ocrx_word' id='word_1_88' title='bbox 2243 1108 2502 1164; x_wconf 86' lang='lat' dir='ltr'>Arianam</span> <span class='ocrx_word' id='word_1_89' title='bbox 2531 1108 2783 1163; x_wconf 85' lang='lat' dir='ltr'>haeresim</span> <span class='ocrx_word' id='word_1_90' title='bbox 2815 1106 2872 1160; x_wconf 91' lang='lat' dir='ltr'>in</span> <span class='ocrx_word' id='word_1_91' title='bbox 2904 1107 3176 1176; x_wconf 88' lang='lat' dir='ltr'>integrum</span> <span class='ocrx_word' id='word_1_92' title='bbox 3211 1099 3516 1156; x_wconf 87' lang='lat' dir='ltr'>restituen—</span> 
     </span>
    </p>
   </div>
   <div class='ocr_carea' id='block_1_11' title="bbox 248 1189 3515 1288">
    <p class='ocr_par' dir='ltr' id='par_1_11' title="bbox 248 1189 3515 1288">
     <span class='ocr_line' id='line_1_11' title="bbox 248 1189 3515 1288; baseline -0.008 -15"><span class='ocrx_word' id='word_1_93' title='bbox 248 1217 366 1274; x_wconf 86' lang='lat' dir='ltr'>dam</span> <span class='ocrx_word' id='word_1_94' title='bbox 411 1214 666 1288; x_wconf 87' lang='lat' dir='ltr'>patefecit</span> <span class='ocrx_word' id='word_1_95' title='bbox 709 1218 901 1270; x_wconf 89' lang='lat' dir='ltr'>auctor</span> <span class='ocrx_word' id='word_1_96' title='bbox 945 1211 1040 1268; x_wconf 90' lang='lat' dir='ltr'>hic</span> <span class='ocrx_word' id='word_1_97' title='bbox 1078 1219 1283 1279; x_wconf 90' lang='lat' dir='ltr'>noster,</span> <span class='ocrx_word' id='word_1_98' title='bbox 1323 1209 1636 1282; x_wconf 87' lang='lat' dir='ltr'>Filiumque</span> <span class='ocrx_word' id='word_1_99' title='bbox 1677 1209 1851 1264; x_wconf 92' lang='lat' dir='ltr'>Deum</span> <span class='ocrx_word' id='word_1_100' title='bbox 1896 1222 2010 1263; x_wconf 91' lang='lat' dir='ltr'>esse</span> <span class='ocrx_word' id='word_1_101' title='bbox 2037 1207 2262 1279; x_wconf 90' lang='lat' dir='ltr'>perinde</span> <span class='ocrx_word' id='word_1_102' title='bbox 2300 1222 2363 1263; x_wconf 91' lang='lat' dir='ltr'>ac</span> <span class='ocrx_word' id='word_1_103' title='bbox 2390 1207 2604 1262; x_wconf 89' lang='lat' dir='ltr'>Patrem</span> <span class='ocrx_word' id='word_1_104' title='bbox 2644 1201 3082 1278; x_wconf 77' lang='lat' dir='ltr'>demonstravit;</span> <span class='ocrx_word' id='word_1_105' title='bbox 3112 1195 3416 1254; x_wconf 88' lang='lat' dir='ltr'>rationibus</span> <span class='ocrx_word' id='word_1_106' title='bbox 3444 1189 3515 1247; x_wconf 91' lang='lat' dir='ltr'>ob</span> 
     </span>
    </p>
   </div>
   <div class='ocr_carea' id='block_1_12' title="bbox 252 1281 3516 1382">
    <p class='ocr_par' dir='ltr' id='par_1_12' title="bbox 252 1281 3516 1382">
     <span class='ocr_line' id='line_1_12' title="bbox 252 1281 3516 1382; baseline -0.009 -19"><span class='ocrx_word' id='word_1_107' title='bbox 252 1323 380 1380; x_wconf 89' lang='lat' dir='ltr'>quas</span> <span class='ocrx_word' id='word_1_108' title='bbox 410 1302 834 1377; x_wconf 81' lang='lat' dir='ltr'>expungendum</span> <span class='ocrx_word' id='word_1_109' title='bbox 865 1306 1135 1382; x_wconf 79' lang='grc' dir='ltr'>ὁμοοῦσιον</span> <span class='ocrx_word' id='word_1_110' title='bbox 1178 1281 1895 1373; x_wconf 20' lang='grc' dir='ltr'>ἁὶεριιιαῦαηιίαᾱνθτεειτὶἱ,</span> <span class='ocrx_word' id='word_1_111' title='bbox 1937 1294 2220 1352; x_wconf 83' lang='lat' dir='ltr'>satisfacit.</span> <span class='ocrx_word' id='word_1_112' title='bbox 2251 1295 2516 1351; x_wconf 91' lang='lat' dir='ltr'>Eamdem</span> <span class='ocrx_word' id='word_1_113' title='bbox 2550 1293 2694 1350; x_wconf 87' lang='lat' dir='ltr'>hanc</span> <span class='ocrx_word' id='word_1_114' title='bbox 2720 1308 2911 1349; x_wconf 90' lang='lat' dir='ltr'>vocem</span> <span class='ocrx_word' id='word_1_115' title='bbox 2942 1291 3000 1346; x_wconf 91' lang='lat' dir='ltr'>in</span> <span class='ocrx_word' id='word_1_116' title='bbox 3030 1288 3199 1345; x_wconf 89' lang='lat' dir='ltr'>sacris</span> <span class='ocrx_word' id='word_1_117' title='bbox 3231 1281 3516 1340; x_wconf 85' lang='lat' dir='ltr'>codicibus</span> 
     </span>
    </p>
   </div>
   <div class='ocr_carea' id='block_1_13' title="bbox 220 1379 3514 1482">
    <p class='ocr_par' dir='ltr' id='par_1_13' title="bbox 220 1379 3514 1482">
     <span class='ocr_line' id='line_1_13' title="bbox 220 1379 3514 1482; baseline -0.01 -19"><span class='ocrx_word' id='word_1_118' title='bbox 220 1405 513 1482; x_wconf 89' lang='lat' dir='ltr'>_contineri</span> <span class='ocrx_word' id='word_1_119' title='bbox 558 1399 839 1460; x_wconf 88' lang='lat' dir='ltr'>ostendit:</span> <span class='ocrx_word' id='word_1_120' title='bbox 883 1379 938 1457; x_wconf 82' lang='lat' dir='ltr'>et</span> <span class='ocrx_word' id='word_1_121' title='bbox 984 1399 1237 1473; x_wconf 83' lang='lat' dir='ltr'>quamvis</span> <span class='ocrx_word' id='word_1_122' title='bbox 1277 1413 1388 1454; x_wconf 92' lang='lat' dir='ltr'>non</span> <span class='ocrx_word' id='word_1_123' title='bbox 1431 1397 1592 1454; x_wconf 91' lang='lat' dir='ltr'>liceat</span> <span class='ocrx_word' id='word_1_124' title='bbox 1635 1395 1784 1451; x_wconf 88' lang='lat' dir='ltr'>illam</span> <span class='ocrx_word' id='word_1_125' title='bbox 1806 1391 2122 1450; x_wconf 81' lang='lat' dir='ltr'>substantiae</span> <span class='ocrx_word' id='word_1_126' title='bbox 2173 1393 2440 1449; x_wconf 90' lang='lat' dir='ltr'>unitatem</span> <span class='ocrx_word' id='word_1_127' title='bbox 2471 1391 2683 1466; x_wconf 88' lang='lat' dir='ltr'>liquido</span> <span class='ocrx_word' id='word_1_128' title='bbox 2713 1388 2999 1460; x_wconf 87' lang='lat' dir='ltr'>concipere</span> <span class='ocrx_word' id='word_1_129' title='bbox 3025 1394 3188 1457; x_wconf 88' lang='lat' dir='ltr'>atque</span> <span class='ocrx_word' id='word_1_130' title='bbox 3216 1379 3514 1482; x_wconf 55' lang='lat' dir='ltr'>explicare:</span> 
     </span>
    </p>
   </div>
   <div class='ocr_carea' id='block_1_14' title="bbox 247 1462 3516 1563">
    <p class='ocr_par' dir='ltr' id='par_1_14' title="bbox 247 1462 3516 1563">
     <span class='ocr_line' id='line_1_14' title="bbox 247 1462 3516 1563; baseline -0.01 -11"><span class='ocrx_word' id='word_1_131' title='bbox 247 1493 390 1552; x_wconf 90' lang='lat' dir='ltr'>baud</span> <span class='ocrx_word' id='word_1_132' title='bbox 432 1498 618 1549; x_wconf 88' lang='lat' dir='ltr'>tamen</span> <span class='ocrx_word' id='word_1_133' title='bbox 665 1496 950 1563; x_wconf 86' lang='lat' dir='ltr'>propterea</span> <span class='ocrx_word' id='word_1_134' title='bbox 1000 1462 1358 1560; x_wconf 71' lang='lat' dir='ltr'>respuendam</span> <span class='ocrx_word' id='word_1_135' title='bbox 1396 1484 1631 1558; x_wconf 89' lang='lat' dir='ltr'>probat;</span> <span class='ocrx_word' id='word_1_136' title='bbox 1665 1481 2106 1558; x_wconf 88' lang='lat' dir='ltr'>quandoquidem</span> <span class='ocrx_word' id='word_1_137' title='bbox 2137 1482 2197 1536; x_wconf 91' lang='lat' dir='ltr'>in</span> <span class='ocrx_word' id='word_1_138' title='bbox 2235 1462 2698 1552; x_wconf 52' lang='lat' dir='ltr'>creaturis,—quod</span> <span class='ocrx_word' id='word_1_139' title='bbox 2726 1479 2776 1534; x_wconf 90' lang='lat' dir='ltr'>ei</span> <span class='ocrx_word' id='word_1_140' title='bbox 2804 1473 3110 1546; x_wconf 90' lang='lat' dir='ltr'>comparari</span> <span class='ocrx_word' id='word_1_141' title='bbox 3144 1471 3342 1536; x_wconf 86' lang='lat' dir='ltr'>valeat,</span> <span class='ocrx_word' id='word_1_142' title='bbox 3371 1462 3516 1563; x_wconf 67' lang='lat' dir='ltr'>nihil</span> 
     </span>
    </p>
   </div>
   <div class='ocr_carea' id='block_1_15' title="bbox 246 1550 3518 1654">
    <p class='ocr_par' dir='ltr' id='par_1_15' title="bbox 246 1550 3518 1654">
     <span class='ocr_line' id='line_1_15' title="bbox 246 1550 3518 1654; baseline -0.01 -11"><span class='ocrx_word' id='word_1_143' title='bbox 246 1583 524 1650; x_wconf 87' lang='lat' dir='ltr'>occurrit;</span> <span class='ocrx_word' id='word_1_144' title='bbox 571 1589 627 1638; x_wconf 91' lang='lat' dir='ltr'>et</span> <span class='ocrx_word' id='word_1_145' title='bbox 666 1550 740 1638; x_wconf 72' lang='lat' dir='ltr'>ex</span> <span class='ocrx_word' id='word_1_146' title='bbox 767 1550 1172 1654; x_wconf 66' lang='lat' dir='ltr'>multiplicibus</span> <span class='ocrx_word' id='word_1_147' title='bbox 1209 1579 1323 1635; x_wconf 90' lang='lat' dir='ltr'>illis</span> <span class='ocrx_word' id='word_1_148' title='bbox 1351 1550 1696 1645; x_wconf 62' lang='lat' dir='ltr'>nominibus,</span> <span class='ocrx_word' id='word_1_149' title='bbox 1721 1592 1839 1649; x_wconf 90' lang='lat' dir='ltr'>quae</span> <span class='ocrx_word' id='word_1_150' title='bbox 1866 1550 1923 1630; x_wconf 75' lang='lat' dir='ltr'>in</span> <span class='ocrx_word' id='word_1_151' title='bbox 1952 1569 2249 1642; x_wconf 89' lang='lat' dir='ltr'>Scripturis</span> <span class='ocrx_word' id='word_1_152' title='bbox 2287 1569 2418 1640; x_wconf 91' lang='lat' dir='ltr'>ipsis</span> <span class='ocrx_word' id='word_1_153' title='bbox 2447 1550 2588 1625; x_wconf 75' lang='lat' dir='ltr'>Filid</span> <span class='ocrx_word' id='word_1_154' title='bbox 2626 1566 2969 1633; x_wconf 89' lang='lat' dir='ltr'>tribuuntur,</span> <span class='ocrx_word' id='word_1_155' title='bbox 2999 1563 3220 1620; x_wconf 90' lang='lat' dir='ltr'>nullum</span> <span class='ocrx_word' id='word_1_156' title='bbox 3248 1566 3330 1613; x_wconf 89' lang='lat' dir='ltr'>est</span> <span class='ocrx_word' id='word_1_157' title='bbox 3368 1550 3518 1628; x_wconf 89' lang='lat' dir='ltr'>quod</span> 
     </span>
    </p>
   </div>
   <div class='ocr_carea' id='block_1_16' title="bbox 243 1652 3518 1748">
    <p class='ocr_par' dir='ltr' id='par_1_16' title="bbox 243 1652 3518 1748">
     <span class='ocr_line' id='line_1_16' title="bbox 243 1652 3518 1748; baseline -0.01 -15"><span class='ocrx_word' id='word_1_158' title='bbox 243 1691 353 1735; x_wconf 89' lang='lat' dir='ltr'>non</span> <span class='ocrx_word' id='word_1_159' title='bbox 383 1671 571 1748; x_wconf 89' lang='lat' dir='ltr'>potius</span> <span class='ocrx_word' id='word_1_160' title='bbox 607 1671 812 1729; x_wconf 91' lang='lat' dir='ltr'>indicet</span> <span class='ocrx_word' id='word_1_161' title='bbox 839 1652 1079 1744; x_wconf 80' lang='lat' dir='ltr'>aliquam</span> <span class='ocrx_word' id='word_1_162' title='bbox 1108 1686 1138 1725; x_wconf 91' lang='lat' dir='ltr'>e</span> <span class='ocrx_word' id='word_1_163' title='bbox 1170 1668 1419 1742; x_wconf 85' lang='lat' dir='ltr'>mysticis</span> <span class='ocrx_word' id='word_1_164' title='bbox 1448 1666 1600 1724; x_wconf 91' lang='lat' dir='ltr'>illius</span> <span class='ocrx_word' id='word_1_165' title='bbox 1627 1667 2001 1739; x_wconf 85' lang='lat' dir='ltr'>qualitatibus,</span> <span class='ocrx_word' id='word_1_166' title='bbox 2031 1679 2193 1737; x_wconf 89' lang='lat' dir='ltr'>quam</span> <span class='ocrx_word' id='word_1_167' title='bbox 2222 1661 2496 1718; x_wconf 89' lang='lat' dir='ltr'>inﬁnitam</span> <span class='ocrx_word' id='word_1_168' title='bbox 2534 1667 2743 1715; x_wconf 72' lang='lat' dir='ltr'>naturae</span> <span class='ocrx_word' id='word_1_169' title='bbox 2769 1656 2973 1714; x_wconf 78' lang='lat' dir='ltr'>divinas</span> <span class='ocrx_word' id='word_1_170' title='bbox 3015 1652 3351 1725; x_wconf 87' lang='lat' dir='ltr'>majestatem</span> <span class='ocrx_word' id='word_1_171' title='bbox 3380 1659 3518 1718; x_wconf 88' lang='lat' dir='ltr'>ape-</span> 
     </span>
    </p>
   </div>
   <div class='ocr_carea' id='block_1_17' title="bbox 243 1740 3519 1835">
    <p class='ocr_par' dir='ltr' id='par_1_17' title="bbox 243 1740 3519 1835">
     <span class='ocr_line' id='line_1_17' title="bbox 243 1740 3519 1835; baseline -0.01 -13"><span class='ocrx_word' id='word_1_172' title='bbox 243 1766 370 1822; x_wconf 85' lang='lat' dir='ltr'>riat.</span> <span class='ocrx_word' id='word_1_173' title='bbox 419 1766 592 1820; x_wconf 89' lang='lat' dir='ltr'>Docet</span> <span class='ocrx_word' id='word_1_174' title='bbox 639 1740 1298 1835; x_wconf 42' lang='lat' dir='ltr'>postremo—distinctione</span> <span class='ocrx_word' id='word_1_175' title='bbox 1328 1772 1682 1830; x_wconf 89' lang='lat' dir='ltr'>personarum</span> <span class='ocrx_word' id='word_1_176' title='bbox 1713 1757 1938 1814; x_wconf 86' lang='lat' dir='ltr'>deorum</span> <span class='ocrx_word' id='word_1_177' title='bbox 1970 1769 2080 1808; x_wconf 90' lang='lat' dir='ltr'>non</span> <span class='ocrx_word' id='word_1_178' title='bbox 2112 1749 2302 1807; x_wconf 89' lang='lat' dir='ltr'>invehi</span> <span class='ocrx_word' id='word_1_179' title='bbox 2329 1748 2667 1822; x_wconf 88' lang='lat' dir='ltr'>pluritatem,</span> <span class='ocrx_word' id='word_1_180' title='bbox 2698 1762 2800 1802; x_wconf 90' lang='lat' dir='ltr'>nec</span> <span class='ocrx_word' id='word_1_181' title='bbox 2827 1744 2896 1801; x_wconf 90' lang='lat' dir='ltr'>de</span> <span class='ocrx_word' id='word_1_182' title='bbox 2924 1742 3078 1811; x_wconf 85' lang='lat' dir='ltr'>Filii,</span> <span class='ocrx_word' id='word_1_183' title='bbox 3116 1740 3280 1798; x_wconf 88' lang='lat' dir='ltr'>etiam</span> <span class='ocrx_word' id='word_1_184' title='bbox 3309 1751 3436 1792; x_wconf 91' lang='lat' dir='ltr'>cum</span> <span class='ocrx_word' id='word_1_185' title='bbox 3460 1745 3519 1788; x_wconf 87' lang='lat' dir='ltr'>se</span> 
     </span>
    </p>
   </div>
   <div class='ocr_carea' id='block_1_18' title="bbox 245 1837 2959 1923">
    <p class='ocr_par' dir='ltr' id='par_1_18' title="bbox 245 1837 2959 1923">
     <span class='ocr_line' id='line_1_18' title="bbox 245 1837 2959 1923; baseline -0.008 -13"><span class='ocrx_word' id='word_1_186' title='bbox 245 1850 697 1923; x_wconf 87' lang='lat' dir='ltr'>conspiciendum</span> <span class='ocrx_word' id='word_1_187' title='bbox 725 1847 960 1906; x_wconf 89' lang='lat' dir='ltr'>subinde</span> <span class='ocrx_word' id='word_1_188' title='bbox 984 1847 1258 1910; x_wconf 85' lang='lat' dir='ltr'>exhibuit,</span> <span class='ocrx_word' id='word_1_189' title='bbox 1292 1845 1674 1902; x_wconf 88' lang='lat' dir='ltr'>invisibilitate</span> <span class='ocrx_word' id='word_1_190' title='bbox 1705 1853 1802 1902; x_wconf 86' lang='lat' dir='ltr'>aut</span> <span class='ocrx_word' id='word_1_191' title='bbox 1831 1840 2276 1899; x_wconf 79' lang='lat' dir='ltr'>immutabilitate</span> <span class='ocrx_word' id='word_1_192' title='bbox 2300 1838 2600 1913; x_wconf 87' lang='lat' dir='ltr'>quidquam</span> <span class='ocrx_word' id='word_1_193' title='bbox 2629 1837 2959 1894; x_wconf 88' lang='lat' dir='ltr'>detractum.</span> 
     </span>
    </p>
   </div>
   <div class='ocr_carea' id='block_1_19' title="bbox 321 1913 3520 2009">
    <p class='ocr_par' dir='ltr' id='par_1_19' title="bbox 321 1913 3520 2009">
     <span class='ocr_line' id='line_1_19' title="bbox 321 1913 3520 2009; baseline -0.009 -11"><span class='ocrx_word' id='word_1_194' title='bbox 321 1913 526 1998; x_wconf 69' lang='lat' dir='ltr'>Exstat</span> <span class='ocrx_word' id='word_1_195' title='bbox 539 1939 627 1997; x_wconf 89' lang='lat' dir='ltr'>hic</span> <span class='ocrx_word' id='word_1_196' title='bbox 646 1939 787 1996; x_wconf 89' lang='lat' dir='ltr'>liber</span> <span class='ocrx_word' id='word_1_197' title='bbox 816 1939 962 1994; x_wconf 90' lang='lat' dir='ltr'>inter</span> <span class='ocrx_word' id='word_1_198' title='bbox 984 1935 1495 2009; x_wconf 87' lang='lat' dir='ltr'>GregoriiNazianz.</span> <span class='ocrx_word' id='word_1_199' title='bbox 1516 1935 1677 2006; x_wconf 89' lang='lat' dir='ltr'>(orat.</span> <span class='ocrx_word' id='word_1_200' title='bbox 1708 1935 1801 2006; x_wconf 78' lang='grc'>49)</span> <span class='ocrx_word' id='word_1_201' title='bbox 1833 1939 1888 1990; x_wconf 88' lang='lat' dir='ltr'>et</span> <span class='ocrx_word' id='word_1_202' title='bbox 1916 1931 2196 1988; x_wconf 87' lang='lat' dir='ltr'>Ambrosii</span> <span class='ocrx_word' id='word_1_203' title='bbox 2221 1929 2418 1999; x_wconf 90' lang='lat' dir='ltr'>nostri,</span> <span class='ocrx_word' id='word_1_204' title='bbox 2442 1945 2676 2002; x_wconf 90' lang='lat' dir='ltr'>quorum</span> <span class='ocrx_word' id='word_1_205' title='bbox 2705 1925 2925 1999; x_wconf 87' lang='lat' dir='ltr'>utrique</span> <span class='ocrx_word' id='word_1_206' title='bbox 2945 1913 3520 2009; x_wconf 77' lang='lat' dir='ltr'>ascribitur,evulgata</span> 
     </span>
    </p>
   </div>
   <div class='ocr_carea' id='block_1_20' title="bbox 256 2003 3524 2104">
    <p class='ocr_par' dir='ltr' id='par_1_20' title="bbox 256 2003 3524 2104">
     <span class='ocr_line' id='line_1_20' title="bbox 256 2003 3524 2104; baseline -0.009 -14"><span class='ocrx_word' id='word_1_207' title='bbox 256 2033 477 2104; x_wconf 87' lang='lat' dir='ltr'>Opera:</span> <span class='ocrx_word' id='word_1_208' title='bbox 524 2029 612 2088; x_wconf 91' lang='lat' dir='ltr'>sed</span> <span class='ocrx_word' id='word_1_209' title='bbox 660 2028 804 2100; x_wconf 88' lang='lat' dir='ltr'>apud</span> <span class='ocrx_word' id='word_1_210' title='bbox 833 2027 1070 2100; x_wconf 89' lang='lat' dir='ltr'>priorem</span> <span class='ocrx_word' id='word_1_211' title='bbox 1096 2003 1445 2098; x_wconf 63' lang='lat' dir='ltr'>praefatione,</span> <span class='ocrx_word' id='word_1_212' title='bbox 1473 2003 1579 2099; x_wconf 86' lang='lat' dir='ltr'>qua</span> <span class='ocrx_word' id='word_1_213' title='bbox 1606 2003 1790 2082; x_wconf 89' lang='lat' dir='ltr'>nescio</span> <span class='ocrx_word' id='word_1_214' title='bbox 1815 2024 1906 2081; x_wconf 92' lang='lat' dir='ltr'>cui</span> <span class='ocrx_word' id='word_1_215' title='bbox 1937 2022 2324 2079; x_wconf 87' lang='lat' dir='ltr'>obscuritatem</span> <span class='ocrx_word' id='word_1_216' title='bbox 2353 2029 2408 2078; x_wconf 92' lang='lat' dir='ltr'>et</span> <span class='ocrx_word' id='word_1_217' title='bbox 2434 2019 2848 2092; x_wconf 84' lang='lat' dir='ltr'>ambiguitatem</span> <span class='ocrx_word' id='word_1_218' title='bbox 2880 2016 2939 2072; x_wconf 91' lang='lat' dir='ltr'>in</span> <span class='ocrx_word' id='word_1_219' title='bbox 2965 2012 3156 2071; x_wconf 92' lang='lat' dir='ltr'>eodem</span> <span class='ocrx_word' id='word_1_220' title='bbox 3189 2006 3378 2065; x_wconf 89' lang='lat' dir='ltr'>libello</span> <span class='ocrx_word' id='word_1_221' title='bbox 3403 2003 3524 2062; x_wconf 82' lang='lat' dir='ltr'>cri-</span> 
     </span>
    </p>
   </div>
   <div class='ocr_carea' id='block_1_21' title="bbox 246 2116 3234 2193">
    <p class='ocr_par' dir='ltr' id='par_1_21' title="bbox 246 2116 3234 2193">
     <span class='ocr_line' id='line_1_21' title="bbox 246 2116 3234 2193; baseline -0.005 -12"><span class='ocrx_word' id='word_1_222' title='bbox 246 2120 488 2181; x_wconf 87' lang='lat' dir='ltr'>minanti</span> <span class='ocrx_word' id='word_1_223' title='bbox 508 2120 820 2192; x_wconf 88' lang='lat' dir='ltr'>respondet,</span> <span class='ocrx_word' id='word_1_224' title='bbox 858 2134 959 2176; x_wconf 90' lang='lat' dir='ltr'>nec</span> <span class='ocrx_word' id='word_1_225' title='bbox 987 2133 1100 2175; x_wconf 90' lang='lat' dir='ltr'>non</span> <span class='ocrx_word' id='word_1_226' title='bbox 1128 2116 1341 2190; x_wconf 89' lang='lat' dir='ltr'>adjecto</span> <span class='ocrx_word' id='word_1_227' title='bbox 1370 2116 1525 2174; x_wconf 86' lang='lat' dir='ltr'>brevi</span> <span class='ocrx_word' id='word_1_228' title='bbox 1554 2119 1767 2190; x_wconf 78' lang='lat' dir='ltr'>epilogo</span> <span class='ocrx_word' id='word_1_229' title='bbox 1797 2118 2142 2192; x_wconf 89' lang='lat' dir='ltr'>locupletior,</span> <span class='ocrx_word' id='word_1_230' title='bbox 2184 2121 2401 2193; x_wconf 89' lang='lat' dir='ltr'>qualem</span> <span class='ocrx_word' id='word_1_231' title='bbox 2422 2134 2523 2176; x_wconf 91' lang='lat' dir='ltr'>nos</span> <span class='ocrx_word' id='word_1_232' title='bbox 2551 2118 2733 2190; x_wconf 91' lang='lat' dir='ltr'>ipsum</span> <span class='ocrx_word' id='word_1_233' title='bbox 2763 2118 3234 2187; x_wconf 61' lang='lat' dir='ltr'>repraesentamus.</span> 
     </span>
    </p>
   </div>
   <div class='ocr_carea' id='block_1_22' title="bbox 314 2190 3525 2283">
    <p class='ocr_par' dir='ltr' id='par_1_22' title="bbox 314 2190 3525 2283">
     <span class='ocr_line' id='line_1_22' title="bbox 314 2190 3525 2283; baseline -0.007 -15"><span class='ocrx_word' id='word_1_234' title='bbox 314 2212 427 2280; x_wconf 89' lang='lat' dir='ltr'>Qui</span> <span class='ocrx_word' id='word_1_235' title='bbox 458 2190 720 2283; x_wconf 83' lang='lat' dir='ltr'>Gregorio</span> <span class='ocrx_word' id='word_1_236' title='bbox 750 2208 1002 2266; x_wconf 86' lang='lat' dir='ltr'>Nazianz.</span> <span class='ocrx_word' id='word_1_237' title='bbox 1033 2207 1349 2280; x_wconf 89' lang='lat' dir='ltr'>adjudicant</span> <span class='ocrx_word' id='word_1_238' title='bbox 1388 2207 1492 2265; x_wconf 89' lang='lat' dir='ltr'>hoc</span> <span class='ocrx_word' id='word_1_239' title='bbox 1513 2208 1868 2280; x_wconf 91' lang='lat' dir='ltr'>Opusculum,</span> <span class='ocrx_word' id='word_1_240' title='bbox 1901 2190 1960 2264; x_wconf 78' lang='lat' dir='ltr'>in</span> <span class='ocrx_word' id='word_1_241' title='bbox 1991 2209 2133 2266; x_wconf 90' lang='lat' dir='ltr'>hanc</span> <span class='ocrx_word' id='word_1_242' title='bbox 2160 2190 2475 2281; x_wconf 77' lang='lat' dir='ltr'>opinionem</span> <span class='ocrx_word' id='word_1_243' title='bbox 2494 2205 2790 2278; x_wconf 84' lang='lat' dir='ltr'>Augustini</span> <span class='ocrx_word' id='word_1_244' title='bbox 2814 2201 3161 2275; x_wconf 90' lang='lat' dir='ltr'>potissimum</span> <span class='ocrx_word' id='word_1_245' title='bbox 3200 2190 3525 2253; x_wconf 84' lang='lat' dir='ltr'>auctoritate</span> 
     </span>
    </p>
   </div>
   <div class='ocr_carea' id='block_1_23' title="bbox 243 2281 3526 2370">
    <p class='ocr_par' dir='ltr' id='par_1_23' title="bbox 243 2281 3526 2370">
     <span class='ocr_line' id='line_1_23' title="bbox 243 2281 3526 2370; baseline -0.008 -9"><span class='ocrx_word' id='word_1_246' title='bbox 243 2303 514 2361; x_wconf 90' lang='lat' dir='ltr'>adductos</span> <span class='ocrx_word' id='word_1_247' title='bbox 541 2281 772 2358; x_wconf 82' lang='lat' dir='ltr'>constat.</span> <span class='ocrx_word' id='word_1_248' title='bbox 804 2297 895 2355; x_wconf 93' lang='lat' dir='ltr'>Sic</span> <span class='ocrx_word' id='word_1_249' title='bbox 922 2311 1157 2370; x_wconf 89' lang='lat' dir='ltr'>namque</span> <span class='ocrx_word' id='word_1_250' title='bbox 1186 2296 1291 2368; x_wconf 88' lang='lat' dir='ltr'>ipsi</span> <span class='ocrx_word' id='word_1_251' title='bbox 1320 2297 1768 2368; x_wconf 86' lang='lat' dir='ltr'>interpretantur,</span> <span class='ocrx_word' id='word_1_252' title='bbox 1797 2294 1942 2367; x_wconf 84' lang='lat' dir='ltr'>quod</span> <span class='ocrx_word' id='word_1_253' title='bbox 1973 2297 2067 2352; x_wconf 90' lang='lat' dir='ltr'>ille</span> <span class='ocrx_word' id='word_1_254' title='bbox 2087 2296 2286 2354; x_wconf 87' lang='lat' dir='ltr'>tradit:</span> <span class='ocrx_word' id='word_1_255' title='bbox 2313 2295 2598 2368; x_wconf 83' lang='lat' dir='ltr'>Gregorius</span> <span class='ocrx_word' id='word_1_256' title='bbox 2627 2293 2783 2350; x_wconf 87' lang='lat' dir='ltr'>etiam</span> <span class='ocrx_word' id='word_1_257' title='bbox 2801 2295 3012 2348; x_wconf 85' lang='lat' dir='ltr'>sanctus</span> <span class='ocrx_word' id='word_1_258' title='bbox 3039 2287 3308 2360; x_wconf 83' lang='lat' dir='ltr'>episcopus</span> <span class='ocrx_word' id='word_1_259' title='bbox 3343 2281 3526 2340; x_wconf 84' lang='lat' dir='ltr'>Orien-</span> 
     </span>
    </p>
   </div>
   <div class='ocr_carea' id='block_1_24' title="bbox 246 2367 3529 2462">
    <p class='ocr_par' dir='ltr' id='par_1_24' title="bbox 246 2367 3529 2462">
     <span class='ocr_line' id='line_1_24' title="bbox 246 2367 3529 2462; baseline -0.008 -12"><span class='ocrx_word' id='word_1_260' title='bbox 246 2393 372 2450; x_wconf 68' lang='lat' dir='ltr'>tah&#39;s</span> <span class='ocrx_word' id='word_1_261' title='bbox 421 2388 749 2462; x_wconf 79' lang='lat' dir='ltr'>apertissime</span> <span class='ocrx_word' id='word_1_262' title='bbox 794 2387 922 2442; x_wconf 86' lang='lat' dir='ltr'>dicit</span> <span class='ocrx_word' id='word_1_263' title='bbox 965 2367 1134 2443; x_wconf 72' lang='lat' dir='ltr'>Deum</span> <span class='ocrx_word' id='word_1_264' title='bbox 1178 2390 1377 2441; x_wconf 85' lang='lat' dir='ltr'>natura</span> <span class='ocrx_word' id='word_1_265' title='bbox 1418 2385 1749 2452; x_wconf 75' lang='lat' dir='ltr'>inuisibilem,</span> <span class='ocrx_word' id='word_1_266' title='bbox 1798 2385 2008 2455; x_wconf 82' lang='lat' dir='ltr'>quando</span> <span class='ocrx_word' id='word_1_267' title='bbox 2052 2387 2305 2444; x_wconf 85' lang='lat' dir='ltr'>Patribus</span> <span class='ocrx_word' id='word_1_268' title='bbox 2351 2367 2631 2454; x_wconf 73' lang='lat' dir='ltr'>visusest,</span> <span class='ocrx_word' id='word_1_269' title='bbox 2662 2385 2795 2441; x_wconf 81' lang='lat' dir='ltr'>sicut</span> <span class='ocrx_word' id='word_1_270' title='bbox 2821 2380 2993 2453; x_wconf 81' lang='lat' dir='ltr'>Moysi</span> <span class='ocrx_word' id='word_1_271' title='bbox 3021 2393 3138 2434; x_wconf 82' lang='lat' dir='ltr'>cum</span> <span class='ocrx_word' id='word_1_272' title='bbox 3165 2392 3267 2446; x_wconf 89' lang='lat' dir='ltr'>quo</span> <span class='ocrx_word' id='word_1_273' title='bbox 3296 2367 3529 2442; x_wconf 83' lang='lat' dir='ltr'>faciead</span> 
     </span>
    </p>
   </div>
   <div class='ocr_carea' id='block_1_25' title="bbox 245 2457 3530 2552">
    <p class='ocr_par' dir='ltr' id='par_1_25' title="bbox 245 2457 3530 2552">
     <span class='ocr_line' id='line_1_25' title="bbox 245 2457 3530 2552; baseline -0.009 -14"><span class='ocrx_word' id='word_1_274' title='bbox 245 2457 799 2552; x_wconf 46' lang='lat' dir='ltr'>faciem—loquebatur,</span> <span class='ocrx_word' id='word_1_275' title='bbox 827 2474 1058 2546; x_wconf 80' lang='lat' dir='ltr'>alicujus</span> <span class='ocrx_word' id='word_1_276' title='bbox 1085 2475 1448 2546; x_wconf 82' lang='lat' dir='ltr'>conspicabilis</span> <span class='ocrx_word' id='word_1_277' title='bbox 1473 2476 1708 2531; x_wconf 73' lang='lat' dir='ltr'>materia:</span> <span class='ocrx_word' id='word_1_278' title='bbox 1736 2475 2074 2546; x_wconf 79' lang='lat' dir='ltr'>dispositione</span> <span class='ocrx_word' id='word_1_279' title='bbox 2100 2481 2391 2547; x_wconf 83' lang='lat' dir='ltr'>assumpta,</span> <span class='ocrx_word' id='word_1_280' title='bbox 2423 2476 2572 2530; x_wconf 86' lang='lat' dir='ltr'>salva</span> <span class='ocrx_word' id='word_1_281' title='bbox 2592 2489 2690 2528; x_wconf 86' lang='lat' dir='ltr'>sua</span> <span class='ocrx_word' id='word_1_282' title='bbox 2714 2469 3076 2527; x_wconf 82' lang='lat' dir='ltr'>ineisibilitate</span> <span class='ocrx_word' id='word_1_283' title='bbox 3102 2462 3275 2519; x_wconf 77' lang='lat' dir='ltr'>videri</span> <span class='ocrx_word' id='word_1_284' title='bbox 3295 2457 3530 2552; x_wconf 72' lang='lat' dir='ltr'>potuisse</span> 
     </span>
    </p>
   </div>
   <div class='ocr_carea' id='block_1_26' title="bbox 252 2543 3530 2642">
    <p class='ocr_par' dir='ltr' id='par_1_26' title="bbox 252 2543 3530 2642">
     <span class='ocr_line' id='line_1_26' title="bbox 252 2543 3530 2642; baseline -0.008 -16"><span class='ocrx_word' id='word_1_285' title='bbox 252 2543 464 2642; x_wconf 86' lang='lat' dir='ltr'>(Epist.</span> <span class='ocrx_word' id='word_1_286' title='bbox 515 2543 640 2635; x_wconf 56' lang='lat'>{48,</span> <span class='ocrx_word' id='word_1_287' title='bbox 683 2543 812 2621; x_wconf 84' lang='lat' dir='ltr'>nov.</span> <span class='ocrx_word' id='word_1_288' title='bbox 849 2543 983 2620; x_wconf 74' lang='lat' dir='ltr'>edit.</span> <span class='ocrx_word' id='word_1_289' title='bbox 1015 2578 1170 2620; x_wconf 89' lang='lat' dir='ltr'>num.</span> <span class='ocrx_word' id='word_1_290' title='bbox 1202 2543 1318 2635; x_wconf 67' lang='lat' dir='ltr'>iO).</span> <span class='ocrx_word' id='word_1_291' title='bbox 1354 2563 1746 2620; x_wconf 86' lang='lat' dir='ltr'>Verumtamen</span> <span class='ocrx_word' id='word_1_292' title='bbox 1775 2543 2071 2638; x_wconf 80' lang='lat' dir='ltr'>opponitur</span> <span class='ocrx_word' id='word_1_293' title='bbox 2097 2581 2130 2621; x_wconf 92' lang='lat' dir='ltr'>a</span> <span class='ocrx_word' id='word_1_294' title='bbox 2154 2543 2293 2620; x_wconf 76' lang='lat' dir='ltr'>viris</span> <span class='ocrx_word' id='word_1_295' title='bbox 2313 2563 2490 2621; x_wconf 92' lang='lat' dir='ltr'>doctis</span> <span class='ocrx_word' id='word_1_296' title='bbox 2512 2561 2716 2618; x_wconf 89' lang='lat' dir='ltr'>librum</span> <span class='ocrx_word' id='word_1_297' title='bbox 2750 2557 3002 2615; x_wconf 90' lang='lat' dir='ltr'>eumdem</span> <span class='ocrx_word' id='word_1_298' title='bbox 3033 2552 3215 2609; x_wconf 91' lang='lat' dir='ltr'>Latini</span> <span class='ocrx_word' id='word_1_299' title='bbox 3245 2543 3530 2642; x_wconf 75' lang='lat' dir='ltr'>scriptoris</span> 
     </span>
    </p>
   </div>
   <div class='ocr_carea' id='block_1_27' title="bbox 249 2633 3529 2732">
    <p class='ocr_par' dir='ltr' id='par_1_27' title="bbox 249 2633 3529 2732">
     <span class='ocr_line' id='line_1_27' title="bbox 249 2633 3529 2732; baseline -0.01 -12"><span class='ocrx_word' id='word_1_300' title='bbox 249 2633 429 2720; x_wconf 74' lang='lat' dir='ltr'>fetum</span> <span class='ocrx_word' id='word_1_301' title='bbox 476 2633 683 2723; x_wconf 87' lang='lat' dir='ltr'>evinci,</span> <span class='ocrx_word' id='word_1_302' title='bbox 714 2672 826 2713; x_wconf 90' lang='lat' dir='ltr'>non</span> <span class='ocrx_word' id='word_1_303' title='bbox 856 2655 1023 2713; x_wconf 91' lang='lat' dir='ltr'>modo</span> <span class='ocrx_word' id='word_1_304' title='bbox 1049 2655 1198 2728; x_wconf 91' lang='lat' dir='ltr'>quod</span> <span class='ocrx_word' id='word_1_305' title='bbox 1222 2633 1402 2712; x_wconf 87' lang='lat' dir='ltr'>versio</span> <span class='ocrx_word' id='word_1_306' title='bbox 1432 2662 1609 2724; x_wconf 90' lang='lat' dir='ltr'>vetus,</span> <span class='ocrx_word' id='word_1_307' title='bbox 1634 2671 1795 2732; x_wconf 81' lang='lat' dir='ltr'>quam</span> <span class='ocrx_word' id='word_1_308' title='bbox 1811 2633 2069 2712; x_wconf 62' lang='lat' dir='ltr'>italicam</span> <span class='ocrx_word' id='word_1_309' title='bbox 2097 2655 2367 2718; x_wconf 85' lang='lat' dir='ltr'>vocitant,</span> <span class='ocrx_word' id='word_1_310' title='bbox 2403 2650 2520 2709; x_wconf 92' lang='lat' dir='ltr'>illic</span> <span class='ocrx_word' id='word_1_311' title='bbox 2547 2649 2784 2715; x_wconf 88' lang='lat' dir='ltr'>citetur;</span> <span class='ocrx_word' id='word_1_312' title='bbox 2817 2645 2912 2702; x_wconf 91' lang='lat' dir='ltr'>sed</span> <span class='ocrx_word' id='word_1_313' title='bbox 2941 2644 3106 2700; x_wconf 85' lang='lat' dir='ltr'>etiam</span> <span class='ocrx_word' id='word_1_314' title='bbox 3141 2636 3290 2712; x_wconf 90' lang='lat' dir='ltr'>quod</span> <span class='ocrx_word' id='word_1_315' title='bbox 3323 2633 3529 2692; x_wconf 88' lang='lat' dir='ltr'>ibidem</span> 
     </span>
    </p>
   </div>
   <div class='ocr_carea' id='block_1_28' title="bbox 246 2728 3529 2826">
    <p class='ocr_par' dir='ltr' id='par_1_28' title="bbox 246 2728 3529 2826">
     <span class='ocr_line' id='line_1_28' title="bbox 246 2728 3529 2826; baseline -0.009 -19"><span class='ocrx_word' id='word_1_316' title='bbox 246 2755 397 2826; x_wconf 85' lang='lat' dir='ltr'>(cap.</span> <span class='ocrx_word' id='word_1_317' title='bbox 431 2747 491 2820; x_wconf 88' lang='lat'>6)</span> <span class='ocrx_word' id='word_1_318' title='bbox 525 2746 704 2815; x_wconf 70' lang='lat' dir='ltr'>isthze,</span> <span class='ocrx_word' id='word_1_319' title='bbox 745 2745 1028 2819; x_wconf 88' lang='lat' dir='ltr'>legantur:</span> <span class='ocrx_word' id='word_1_320' title='bbox 1070 2744 1227 2803; x_wconf 85' lang='lat' dir='ltr'>Ratio</span> <span class='ocrx_word' id='word_1_321' title='bbox 1255 2745 1495 2817; x_wconf 64' lang='lat' dir='ltr'>quaedam</span> <span class='ocrx_word' id='word_1_322' title='bbox 1521 2761 1636 2825; x_wconf 75' lang='lat' dir='ltr'>qua:</span> <span class='ocrx_word' id='word_1_323' title='bbox 1655 2728 1808 2816; x_wconf 85' lang='lat' dir='ltr'>apud</span> <span class='ocrx_word' id='word_1_324' title='bbox 1837 2745 2044 2803; x_wconf 71' lang='lat' dir='ltr'>Gnaeos</span> <span class='ocrx_word' id='word_1_325' title='bbox 2068 2748 2410 2816; x_wconf 76' lang='lat' dir='ltr'>nuncupatur</span> <span class='ocrx_word' id='word_1_326' title='bbox 2439 2747 2592 2822; x_wconf 78' lang='grc' dir='ltr'>λόγος</span> <span class='ocrx_word' id='word_1_327' title='bbox 2615 2757 2629 2808; x_wconf 89' lang='grc'><strong>;</strong></span> <span class='ocrx_word' id='word_1_328' title='bbox 2656 2747 2711 2795; x_wconf 90' lang='lat' dir='ltr'>et</span> <span class='ocrx_word' id='word_1_329' title='bbox 2740 2738 2872 2794; x_wconf 92' lang='lat' dir='ltr'>item</span> <span class='ocrx_word' id='word_1_330' title='bbox 2899 2735 3006 2791; x_wconf 87' lang='lat' dir='ltr'>alia</span> <span class='ocrx_word' id='word_1_331' title='bbox 3035 2733 3163 2789; x_wconf 90' lang='lat' dir='ltr'>illa:</span> <span class='ocrx_word' id='word_1_332' title='bbox 3205 2729 3280 2786; x_wconf 85' lang='lat' dir='ltr'>Et</span> <span class='ocrx_word' id='word_1_333' title='bbox 3314 2728 3406 2782; x_wconf 85' lang='lat' dir='ltr'>hoc</span> <span class='ocrx_word' id='word_1_334' title='bbox 3434 2729 3529 2826; x_wconf 63' lang='lat' dir='ltr'>est,</span> 
     </span>
    </p>
   </div>
   <div class='ocr_carea' id='block_1_29' title="bbox 243 2815 3531 2924">
    <p class='ocr_par' dir='ltr' id='par_1_29' title="bbox 243 2815 3531 2924">
     <span class='ocr_line' id='line_1_29' title="bbox 243 2815 3531 2924; baseline -0.01 -17"><span class='ocrx_word' id='word_1_335' title='bbox 243 2815 394 2921; x_wconf 50' lang='lat' dir='ltr'>quo-i1</span> <span class='ocrx_word' id='word_1_336' title='bbox 444 2815 617 2902; x_wconf 60' lang='grc' dir='ltr'><em>ἀνιεσὶ</em></span> <span class='ocrx_word' id='word_1_337' title='bbox 651 2815 923 2924; x_wconf 61' lang='lat' dir='ltr'>ducebam</span> <span class='ocrx_word' id='word_1_338' title='bbox 969 2815 1352 2913; x_wconf 13' lang='lat' dir='ltr'>appellant,ﬁid</span> <span class='ocrx_word' id='word_1_339' title='bbox 1396 2849 1487 2910; x_wconf 85' lang='lat' dir='ltr'>est,</span> <span class='ocrx_word' id='word_1_340' title='bbox 1529 2815 1652 2898; x_wconf 72' lang='lat' dir='ltr'>cum</span> <span class='ocrx_word' id='word_1_341' title='bbox 1675 2815 1780 2898; x_wconf 80' lang='lat' dir='ltr'>uno</span> <span class='ocrx_word' id='word_1_342' title='bbox 1817 2842 1968 2898; x_wconf 80' lang='lat' dir='ltr'>aliud</span> <span class='ocrx_word' id='word_1_343' title='bbox 1999 2842 2192 2914; x_wconf 88' lang='lat' dir='ltr'>ipsum.</span> <span class='ocrx_word' id='word_1_344' title='bbox 2225 2815 2322 2895; x_wconf 65' lang='lat' dir='ltr'>liis</span> <span class='ocrx_word' id='word_1_345' title='bbox 2349 2837 2488 2896; x_wconf 88' lang='lat' dir='ltr'>adde</span> <span class='ocrx_word' id='word_1_346' title='bbox 2511 2815 2697 2892; x_wconf 79' lang='lat' dir='ltr'>locum</span> <span class='ocrx_word' id='word_1_347' title='bbox 2733 2829 3026 2903; x_wconf 84' lang='lat' dir='ltr'>Augustini</span> <span class='ocrx_word' id='word_1_348' title='bbox 3057 2822 3250 2883; x_wconf 87' lang='lat' dir='ltr'>referri</span> <span class='ocrx_word' id='word_1_349' title='bbox 3277 2834 3432 2924; x_wconf 74' lang='lat' dir='ltr'>posse</span> <span class='ocrx_word' id='word_1_350' title='bbox 3462 2815 3531 2874; x_wconf 86' lang='lat' dir='ltr'>ad</span> 
     </span>
    </p>
   </div>
   <div class='ocr_carea' id='block_1_30' title="bbox 252 2915 3534 3012">
    <p class='ocr_par' dir='ltr' id='par_1_30' title="bbox 252 2915 3534 3012">
     <span class='ocr_line' id='line_1_30' title="bbox 252 2915 3534 3012; baseline -0.01 -10"><span class='ocrx_word' id='word_1_351' title='bbox 252 2915 644 3002; x_wconf 79' lang='lat' dir='ltr'>indubitatum</span> <span class='ocrx_word' id='word_1_352' title='bbox 681 2915 916 3012; x_wconf 73' lang='lat' dir='ltr'>aliquod</span> <span class='ocrx_word' id='word_1_353' title='bbox 966 2938 1214 3011; x_wconf 83' lang='lat' dir='ltr'>Gregorii</span> <span class='ocrx_word' id='word_1_354' title='bbox 1260 2936 1512 2995; x_wconf 89' lang='lat' dir='ltr'>Nazianz.</span> <span class='ocrx_word' id='word_1_355' title='bbox 1543 2938 1712 3010; x_wconf 89' lang='lat' dir='ltr'>Opus,</span> <span class='ocrx_word' id='word_1_356' title='bbox 1743 2945 1806 2994; x_wconf 90' lang='lat' dir='ltr'>ut</span> <span class='ocrx_word' id='word_1_357' title='bbox 1835 2945 1966 3010; x_wconf 88' lang='lat' dir='ltr'>puta</span> <span class='ocrx_word' id='word_1_358' title='bbox 2001 2938 2070 2995; x_wconf 90' lang='lat' dir='ltr'>ad</span> <span class='ocrx_word' id='word_1_359' title='bbox 2097 2936 2402 2993; x_wconf 88' lang='lat' dir='ltr'>orationem</span> <span class='ocrx_word' id='word_1_360' title='bbox 2429 2934 2518 3002; x_wconf 78' lang='grc'>34,</span> <span class='ocrx_word' id='word_1_361' title='bbox 2549 2931 2646 2989; x_wconf 92' lang='lat' dir='ltr'>ubi</span> <span class='ocrx_word' id='word_1_362' title='bbox 2667 2929 2855 2986; x_wconf 88' lang='lat' dir='ltr'>eadem</span> <span class='ocrx_word' id='word_1_363' title='bbox 2883 2929 3044 2999; x_wconf 90' lang='lat' dir='ltr'>plane</span> <span class='ocrx_word' id='word_1_364' title='bbox 3085 2917 3312 2978; x_wconf 89' lang='lat' dir='ltr'>materia</span> <span class='ocrx_word' id='word_1_365' title='bbox 3336 2915 3534 3012; x_wconf 77' lang='lat' dir='ltr'>discu-</span> 
     </span>
    </p>
   </div>
   <div class='ocr_carea' id='block_1_31' title="bbox 240 3001 3537 3106">
    <p class='ocr_par' dir='ltr' id='par_1_31' title="bbox 240 3001 3537 3106">
     <span class='ocr_line' id='line_1_31' title="bbox 240 3001 3537 3106; baseline -0.011 -14"><span class='ocrx_word' id='word_1_366' title='bbox 240 3037 418 3106; x_wconf 59' lang='lat' dir='ltr'>titur.</span> <span class='ocrx_word' id='word_1_367' title='bbox 459 3031 568 3088; x_wconf 88' lang='lat' dir='ltr'>Sed</span> <span class='ocrx_word' id='word_1_368' title='bbox 609 3031 752 3087; x_wconf 84' lang='lat' dir='ltr'>forte</span> <span class='ocrx_word' id='word_1_369' title='bbox 785 3001 867 3086; x_wconf 45' lang='lat' dir='ltr'>.ad</span> <span class='ocrx_word' id='word_1_370' title='bbox 912 3001 1151 3102; x_wconf 71' lang='lat' dir='ltr'>priorem</span> <span class='ocrx_word' id='word_1_371' title='bbox 1199 3027 1563 3099; x_wconf 91' lang='lat' dir='ltr'>objectionem</span> <span class='ocrx_word' id='word_1_372' title='bbox 1592 3001 1734 3101; x_wconf 55' lang='lat' dir='ltr'>quis</span> <span class='ocrx_word' id='word_1_373' title='bbox 1776 3001 2099 3100; x_wconf 74' lang='lat' dir='ltr'>respondeat</span> <span class='ocrx_word' id='word_1_374' title='bbox 2125 3024 2409 3092; x_wconf 86' lang='lat' dir='ltr'>Ruﬁnum,</span> <span class='ocrx_word' id='word_1_375' title='bbox 2440 3001 2602 3095; x_wconf 87' lang='lat' dir='ltr'>quem</span> <span class='ocrx_word' id='word_1_376' title='bbox 2637 3019 2756 3075; x_wconf 86' lang='lat' dir='ltr'>haec</span> <span class='ocrx_word' id='word_1_377' title='bbox 2783 3018 2961 3090; x_wconf 86' lang='lat' dir='ltr'>opella</span> <span class='ocrx_word' id='word_1_378' title='bbox 2991 3014 3354 3106; x_wconf 43' lang='lat' dir='ltr'>interpretem.</span> <span class='ocrx_word' id='word_1_379' title='bbox 3367 3001 3537 3105; x_wconf 75' lang='lat' dir='ltr'>refert</span> 
     </span>
    </p>
   </div>
   <div class='ocr_carea' id='block_1_32' title="bbox 243 3095 3536 3198">
    <p class='ocr_par' dir='ltr' id='par_1_32' title="bbox 243 3095 3536 3198">
     <span class='ocr_line' id='line_1_32' title="bbox 243 3095 3536 3198; baseline -0.01 -17"><span class='ocrx_word' id='word_1_380' title='bbox 243 3123 401 3198; x_wconf 87' lang='lat' dir='ltr'>apud</span> <span class='ocrx_word' id='word_1_381' title='bbox 456 3120 880 3188; x_wconf 88' lang='lat' dir='ltr'>Nazianzenum,</span> <span class='ocrx_word' id='word_1_382' title='bbox 940 3118 1183 3177; x_wconf 87' lang='lat' dir='ltr'>maxima</span> <span class='ocrx_word' id='word_1_383' title='bbox 1238 3119 1298 3174; x_wconf 92' lang='lat' dir='ltr'>in</span> <span class='ocrx_word' id='word_1_384' title='bbox 1344 3095 1644 3174; x_wconf 58' lang='lat' dir='ltr'>vertendis</span> <span class='ocrx_word' id='word_1_385' title='bbox 1667 3095 1883 3174; x_wconf 71' lang='lat' dir='ltr'>Graecis</span> <span class='ocrx_word' id='word_1_386' title='bbox 1916 3116 2139 3173; x_wconf 89' lang='lat' dir='ltr'>licentia</span> <span class='ocrx_word' id='word_1_387' title='bbox 2175 3114 2258 3170; x_wconf 93' lang='lat' dir='ltr'>uti</span> <span class='ocrx_word' id='word_1_388' title='bbox 2302 3113 2568 3178; x_wconf 88' lang='lat' dir='ltr'>solitum;</span> <span class='ocrx_word' id='word_1_389' title='bbox 2617 3107 2954 3182; x_wconf 89' lang='lat' dir='ltr'>proindeque</span> <span class='ocrx_word' id='word_1_390' title='bbox 2981 3101 3126 3159; x_wconf 90' lang='lat' dir='ltr'>nihil</span> <span class='ocrx_word' id='word_1_391' title='bbox 3156 3095 3382 3198; x_wconf 67' lang='lat' dir='ltr'>absurdi</span> <span class='ocrx_word' id='word_1_392' title='bbox 3410 3105 3536 3190; x_wconf 75' lang='lat' dir='ltr'>eum</span> 
     </span>
    </p>
   </div>
   <div class='ocr_carea' id='block_1_33' title="bbox 243 3177 3538 3283">
    <p class='ocr_par' dir='ltr' id='par_1_33' title="bbox 243 3177 3538 3283">
     <span class='ocr_line' id='line_1_33' title="bbox 245 3177 2881 3198; baseline -0.006 -3"><span class='ocrx_word' id='word_1_393' title='bbox 245 3177 303 3198; x_wconf 60' lang='grc' dir='ltr'>ηπ</span> <span class='ocrx_word' id='word_1_394' title='bbox 323 3177 382 3180; x_wconf 48' lang='grc' dir='ltr'>η</span> <span class='ocrx_word' id='word_1_395' title='bbox 457 3177 475 3179; x_wconf 51' lang='grc' dir='ltr'><em>ν</em></span> <span class='ocrx_word' id='word_1_396' title='bbox 580 3177 583 3178; x_wconf 48' lang='grc' dir='ltr'><em>ν</em></span> <span class='ocrx_word' id='word_1_397' title='bbox 864 3177 879 3188; x_wconf 60' lang='grc' dir='ltr'><em>ι</em></span> <span class='ocrx_word' id='word_1_398' title='bbox 2619 3177 2636 3182; x_wconf 87' lang='grc'><strong>,</strong></span> <span class='ocrx_word' id='word_1_399' title='bbox 2866 3177 2881 3178; x_wconf 56' lang='lat'><strong><em>,</em></strong></span> 
     </span>
     <span class='ocr_line' id='line_1_34' title="bbox 243 3177 3538 3283; baseline -0.011 -12"><span class='ocrx_word' id='word_1_400' title='bbox 243 3213 562 3279; x_wconf 84' lang='lat' dir='ltr'>dicturum,</span> <span class='ocrx_word' id='word_1_401' title='bbox 611 3209 708 3283; x_wconf 90' lang='lat' dir='ltr'>qui</span> <span class='ocrx_word' id='word_1_402' title='bbox 727 3261 730 3272; x_wconf 89' lang='grc'>,</span> <span class='ocrx_word' id='word_1_403' title='bbox 749 3209 818 3266; x_wconf 91' lang='lat' dir='ltr'>ab</span> <span class='ocrx_word' id='word_1_404' title='bbox 865 3207 986 3280; x_wconf 91' lang='lat' dir='ltr'>ipso</span> <span class='ocrx_word' id='word_1_405' title='bbox 1032 3207 1134 3264; x_wconf 87' lang='lat' dir='ltr'>hos</span> <span class='ocrx_word' id='word_1_406' title='bbox 1181 3206 1398 3274; x_wconf 75' lang='lat' dir='ltr'>eosdem</span> <span class='ocrx_word' id='word_1_407' title='bbox 1443 3207 1592 3263; x_wconf 92' lang='lat' dir='ltr'>locos</span> <span class='ocrx_word' id='word_1_408' title='bbox 1621 3223 1684 3262; x_wconf 89' lang='lat' dir='ltr'>ea</span> <span class='ocrx_word' id='word_1_409' title='bbox 1710 3206 2003 3263; x_wconf 87' lang='lat' dir='ltr'>verborum</span> <span class='ocrx_word' id='word_1_410' title='bbox 2035 3205 2211 3260; x_wconf 90' lang='lat' dir='ltr'>forma</span> <span class='ocrx_word' id='word_1_411' title='bbox 2238 3200 2482 3259; x_wconf 90' lang='lat' dir='ltr'>redditos</span> <span class='ocrx_word' id='word_1_412' title='bbox 2509 3215 2626 3256; x_wconf 90' lang='lat' dir='ltr'>esse</span> <span class='ocrx_word' id='word_1_413' title='bbox 2653 3191 3029 3260; x_wconf 81' lang='lat' dir='ltr'>aﬁirmaverit,</span> <span class='ocrx_word' id='word_1_414' title='bbox 3063 3202 3228 3262; x_wconf 90' lang='lat' dir='ltr'>quam</span> <span class='ocrx_word' id='word_1_415' title='bbox 3256 3182 3324 3241; x_wconf 88' lang='lat' dir='ltr'>ad</span> <span class='ocrx_word' id='word_1_416' title='bbox 3354 3177 3538 3283; x_wconf 73' lang='lat' dir='ltr'>Latini</span> 
     </span>
    </p>
   </div>
   <div class='ocr_carea' id='block_1_34' title="bbox 242 3269 3540 3373">
    <p class='ocr_par' dir='ltr' id='par_1_34' title="bbox 242 3269 3540 3373">
     <span class='ocr_line' id='line_1_35' title="bbox 242 3269 3540 3373; baseline -0.01 -14"><span class='ocrx_word' id='word_1_417' title='bbox 242 3300 482 3361; x_wconf 83' lang='lat' dir='ltr'>lectoris</span> <span class='ocrx_word' id='word_1_418' title='bbox 512 3305 733 3373; x_wconf 82' lang='lat' dir='ltr'>gustum</span> <span class='ocrx_word' id='word_1_419' title='bbox 782 3296 1136 3355; x_wconf 81' lang='lat' dir='ltr'>existimabat</span> <span class='ocrx_word' id='word_1_420' title='bbox 1171 3296 1345 3369; x_wconf 87' lang='lat' dir='ltr'>magis</span> <span class='ocrx_word' id='word_1_421' title='bbox 1370 3297 1834 3355; x_wconf 88' lang='lat' dir='ltr'>accommodatam</span> <span class='ocrx_word' id='word_1_422' title='bbox 1862 3312 1874 3351; x_wconf 91' lang='lat'>:</span> <span class='ocrx_word' id='word_1_423' title='bbox 1906 3291 2146 3352; x_wconf 89' lang='lat' dir='ltr'>secunda</span> <span class='ocrx_word' id='word_1_424' title='bbox 2173 3305 2305 3347; x_wconf 90' lang='lat' dir='ltr'>vero</span> <span class='ocrx_word' id='word_1_425' title='bbox 2331 3287 2548 3346; x_wconf 87' lang='lat' dir='ltr'>ratione</span> <span class='ocrx_word' id='word_1_426' title='bbox 2575 3285 2676 3342; x_wconf 90' lang='lat' dir='ltr'>vix</span> <span class='ocrx_word' id='word_1_427' title='bbox 2706 3282 3040 3348; x_wconf 87' lang='lat' dir='ltr'>movebitur,</span> <span class='ocrx_word' id='word_1_428' title='bbox 3074 3277 3170 3352; x_wconf 90' lang='lat' dir='ltr'>qui</span> <span class='ocrx_word' id='word_1_429' title='bbox 3198 3289 3325 3333; x_wconf 90' lang='lat' dir='ltr'>cum</span> <span class='ocrx_word' id='word_1_430' title='bbox 3354 3269 3540 3373; x_wconf 78' lang='lat' dir='ltr'>verbis</span> 
     </span>
    </p>
   </div>
   <div class='ocr_carea' id='block_1_35' title="bbox 241 3360 3541 3463">
    <p class='ocr_par' dir='ltr' id='par_1_35' title="bbox 241 3360 3541 3463">
     <span class='ocr_line' id='line_1_36' title="bbox 241 3360 3541 3463; baseline -0.009 -13"><span class='ocrx_word' id='word_1_431' title='bbox 241 3360 554 3463; x_wconf 76' lang='lat' dir='ltr'>Augustini</span> <span class='ocrx_word' id='word_1_432' title='bbox 598 3404 762 3461; x_wconf 89' lang='lat' dir='ltr'>supra</span> <span class='ocrx_word' id='word_1_433' title='bbox 810 3387 993 3443; x_wconf 89' lang='lat' dir='ltr'>citatis</span> <span class='ocrx_word' id='word_1_434' title='bbox 1033 3384 1186 3442; x_wconf 90' lang='lat' dir='ltr'>hunc</span> <span class='ocrx_word' id='word_1_435' title='bbox 1215 3360 1397 3442; x_wconf 71' lang='lat' dir='ltr'>locum</span> <span class='ocrx_word' id='word_1_436' title='bbox 1427 3385 1667 3441; x_wconf 88' lang='lat' dir='ltr'>auctoris</span> <span class='ocrx_word' id='word_1_437' title='bbox 1695 3383 1871 3441; x_wconf 90' lang='lat' dir='ltr'>nostri</span> <span class='ocrx_word' id='word_1_438' title='bbox 1901 3383 2291 3458; x_wconf 88' lang='lat' dir='ltr'>composuerit,</span> <span class='ocrx_word' id='word_1_439' title='bbox 2326 3383 2422 3439; x_wconf 86' lang='lat' dir='ltr'>ubi</span> <span class='ocrx_word' id='word_1_440' title='bbox 2451 3387 2574 3453; x_wconf 91' lang='lat' dir='ltr'>post</span> <span class='ocrx_word' id='word_1_441' title='bbox 2599 3379 2829 3433; x_wconf 91' lang='lat' dir='ltr'>allatum</span> <span class='ocrx_word' id='word_1_442' title='bbox 2861 3370 3068 3445; x_wconf 83' lang='lat' dir='ltr'>Moysis</span> <span class='ocrx_word' id='word_1_443' title='bbox 3104 3385 3230 3426; x_wconf 92' lang='lat' dir='ltr'>cum</span> <span class='ocrx_word' id='word_1_444' title='bbox 3257 3367 3371 3423; x_wconf 91' lang='lat' dir='ltr'>Deo</span> <span class='ocrx_word' id='word_1_445' title='bbox 3400 3360 3541 3460; x_wconf 78' lang='lat' dir='ltr'>facie</span> 
     </span>
    </p>
   </div>
   <div class='ocr_carea' id='block_1_36' title="bbox 239 3451 3543 3551">
    <p class='ocr_par' dir='ltr' id='par_1_36' title="bbox 239 3451 3543 3551">
     <span class='ocr_line' id='line_1_37' title="bbox 239 3451 3543 3551; baseline -0.01 -13"><span class='ocrx_word' id='word_1_446' title='bbox 239 3482 312 3538; x_wconf 87' lang='lat' dir='ltr'>ad</span> <span class='ocrx_word' id='word_1_447' title='bbox 341 3451 569 3534; x_wconf 53' lang='lat' dir='ltr'>Vfaciem</span> <span class='ocrx_word' id='word_1_448' title='bbox 616 3451 892 3551; x_wconf 80' lang='lat' dir='ltr'>loquentis</span> <span class='ocrx_word' id='word_1_449' title='bbox 942 3476 1256 3548; x_wconf 83' lang='lat' dir='ltr'>exemplum</span> <span class='ocrx_word' id='word_1_450' title='bbox 1305 3473 1524 3530; x_wconf 88' lang='lat' dir='ltr'>subdit:</span> <span class='ocrx_word' id='word_1_451' title='bbox 1572 3474 1649 3531; x_wconf 83' lang='lat' dir='ltr'>Et</span> <span class='ocrx_word' id='word_1_452' title='bbox 1677 3480 1846 3531; x_wconf 87' lang='lat' dir='ltr'>tamen</span> <span class='ocrx_word' id='word_1_453' title='bbox 1874 3473 1948 3529; x_wconf 88' lang='lat' dir='ltr'>sic</span> <span class='ocrx_word' id='word_1_454' title='bbox 1974 3451 2118 3528; x_wconf 71' lang='lat' dir='ltr'>visus</span> <span class='ocrx_word' id='word_1_455' title='bbox 2154 3470 2438 3544; x_wconf 85' lang='lat' dir='ltr'>accipitur,</span> <span class='ocrx_word' id='word_1_456' title='bbox 2452 3451 2529 3524; x_wconf 48' lang='grc' dir='ltr'>-αι</span> <span class='ocrx_word' id='word_1_457' title='bbox 2557 3465 2788 3536; x_wconf 85' lang='lat' dir='ltr'>alicujus</span> <span class='ocrx_word' id='word_1_458' title='bbox 2817 3457 3276 3532; x_wconf 86' lang='lat' dir='ltr'>conspicabilis....</span> <span class='ocrx_word' id='word_1_459' title='bbox 3305 3451 3543 3509; x_wconf 71' lang='lat' dir='ltr'>materia:</span> 
     </span>
    </p>
   </div>
   <div class='ocr_carea' id='block_1_37' title="bbox 241 3546 3545 3644">
    <p class='ocr_par' dir='ltr' id='par_1_37' title="bbox 241 3546 3545 3644">
     <span class='ocr_line' id='line_1_38' title="bbox 241 3546 3545 3644; baseline -0.009 -17"><span class='ocrx_word' id='word_1_460' title='bbox 241 3569 602 3644; x_wconf 81' lang='lat' dir='ltr'>dispositione</span> <span class='ocrx_word' id='word_1_461' title='bbox 645 3546 919 3639; x_wconf 68' lang='lat' dir='ltr'>assumpta</span> <span class='ocrx_word' id='word_1_462' title='bbox 963 3546 1252 3630; x_wconf 71' lang='lat' dir='ltr'>videretur,</span> <span class='ocrx_word' id='word_1_463' title='bbox 1291 3566 1444 3622; x_wconf 86' lang='lat' dir='ltr'>salva</span> <span class='ocrx_word' id='word_1_464' title='bbox 1473 3564 1667 3620; x_wconf 85' lang='lat' dir='ltr'>scilicet</span> <span class='ocrx_word' id='word_1_465' title='bbox 1691 3564 2052 3620; x_wconf 84' lang='lat' dir='ltr'>invisibilitate</span> <span class='ocrx_word' id='word_1_466' title='bbox 2073 3561 2184 3631; x_wconf 83' lang='lat' dir='ltr'>ejus</span> <span class='ocrx_word' id='word_1_467' title='bbox 2216 3561 2361 3633; x_wconf 86' lang='lat' dir='ltr'>(cap.</span> <span class='ocrx_word' id='word_1_468' title='bbox 2396 3557 2478 3630; x_wconf 89' lang='lat'>8).</span> <span class='ocrx_word' id='word_1_469' title='bbox 2509 3555 2648 3624; x_wconf 83' lang='lat' dir='ltr'>Quis</span> <span class='ocrx_word' id='word_1_470' title='bbox 2673 3552 2822 3609; x_wconf 89' lang='lat' dir='ltr'>enim</span> <span class='ocrx_word' id='word_1_471' title='bbox 2850 3549 3012 3608; x_wconf 84' lang='lat' dir='ltr'>facile</span> <span class='ocrx_word' id='word_1_472' title='bbox 3038 3546 3146 3604; x_wconf 85' lang='lat' dir='ltr'>sibi</span> <span class='ocrx_word' id='word_1_473' title='bbox 3159 3559 3287 3602; x_wconf 57' lang='lat' dir='ltr'>\non</span> <span class='ocrx_word' id='word_1_474' title='bbox 3310 3554 3545 3617; x_wconf 84' lang='lat' dir='ltr'>persua-</span> 
     </span>
    </p>
   </div>
   <div class='ocr_carea' id='block_1_38' title="bbox 244 3646 2609 3730">
    <p class='ocr_par' dir='ltr' id='par_1_38' title="bbox 244 3646 2609 3730">
     <span class='ocr_line' id='line_1_39' title="bbox 244 3646 2609 3730; baseline -0.006 -12"><span class='ocrx_word' id='word_1_475' title='bbox 244 3659 388 3718; x_wconf 86' lang='lat' dir='ltr'>deat</span> <span class='ocrx_word' id='word_1_476' title='bbox 417 3659 535 3716; x_wconf 71' lang='lat' dir='ltr'>haac</span> <span class='ocrx_word' id='word_1_477' title='bbox 553 3657 671 3730; x_wconf 87' lang='lat' dir='ltr'>ipsa</span> <span class='ocrx_word' id='word_1_478' title='bbox 698 3656 758 3715; x_wconf 89' lang='lat' dir='ltr'>in</span> <span class='ocrx_word' id='word_1_479' title='bbox 787 3664 969 3713; x_wconf 89' lang='lat' dir='ltr'>mente</span> <span class='ocrx_word' id='word_1_480' title='bbox 997 3653 1292 3728; x_wconf 82' lang='lat' dir='ltr'>Augustini</span> <span class='ocrx_word' id='word_1_481' title='bbox 1320 3653 1608 3726; x_wconf 85' lang='lat' dir='ltr'>praesentia</span> <span class='ocrx_word' id='word_1_482' title='bbox 1622 3653 1810 3722; x_wconf 89' lang='lat' dir='ltr'>fuisse,</span> <span class='ocrx_word' id='word_1_483' title='bbox 1837 3669 1964 3711; x_wconf 90' lang='lat' dir='ltr'>cum</span> <span class='ocrx_word' id='word_1_484' title='bbox 1989 3653 2252 3709; x_wconf 84' lang='lat' dir='ltr'>scriberet</span> <span class='ocrx_word' id='word_1_485' title='bbox 2279 3646 2609 3723; x_wconf 81' lang='lat' dir='ltr'>superiora?</span> 
     </span>
    </p>
   </div>
   <div class='ocr_carea' id='block_1_39' title="bbox 320 3721 3546 3817">
    <p class='ocr_par' dir='ltr' id='par_1_39' title="bbox 320 3721 3546 3817">
     <span class='ocr_line' id='line_1_40' title="bbox 320 3721 3546 3817; baseline -0.008 -13"><span class='ocrx_word' id='word_1_486' title='bbox 320 3747 492 3817; x_wconf 86' lang='lat' dir='ltr'>Quod</span> <span class='ocrx_word' id='word_1_487' title='bbox 534 3721 667 3804; x_wconf 75' lang='lat' dir='ltr'>vero</span> <span class='ocrx_word' id='word_1_488' title='bbox 707 3745 777 3804; x_wconf 85' lang='lat' dir='ltr'>ad</span> <span class='ocrx_word' id='word_1_489' title='bbox 823 3721 1198 3813; x_wconf 77' lang='lat' dir='ltr'>Ambrosium,</span> <span class='ocrx_word' id='word_1_490' title='bbox 1242 3721 1452 3800; x_wconf 71' lang='lat' dir='ltr'>clarum</span> <span class='ocrx_word' id='word_1_491' title='bbox 1494 3750 1576 3798; x_wconf 91' lang='lat' dir='ltr'>est</span> <span class='ocrx_word' id='word_1_492' title='bbox 1627 3721 1847 3815; x_wconf 88' lang='lat' dir='ltr'>quidem</span> <span class='ocrx_word' id='word_1_493' title='bbox 1878 3742 2010 3800; x_wconf 91' lang='lat' dir='ltr'>huic</span> <span class='ocrx_word' id='word_1_494' title='bbox 2036 3721 2420 3816; x_wconf 70' lang='lat' dir='ltr'>Scriptioniet</span> <span class='ocrx_word' id='word_1_495' title='bbox 2451 3740 2509 3796; x_wconf 91' lang='lat' dir='ltr'>in</span> <span class='ocrx_word' id='word_1_496' title='bbox 2539 3737 2798 3795; x_wconf 90' lang='lat' dir='ltr'>omnibus</span> <span class='ocrx_word' id='word_1_497' title='bbox 2825 3736 3066 3810; x_wconf 88' lang='lat' dir='ltr'>Operum</span> <span class='ocrx_word' id='word_1_498' title='bbox 3091 3728 3267 3788; x_wconf 86' lang='lat' dir='ltr'>sancti</span> <span class='ocrx_word' id='word_1_499' title='bbox 3303 3721 3546 3784; x_wconf 86' lang='lat' dir='ltr'>doctoris</span> 
     </span>
    </p>
   </div>
   <div class='ocr_carea' id='block_1_40' title="bbox 245 3813 3546 3906">
    <p class='ocr_par' dir='ltr' id='par_1_40' title="bbox 245 3813 3546 3906">
     <span class='ocr_line' id='line_1_41' title="bbox 245 3813 3546 3906; baseline -0.008 -9"><span class='ocrx_word' id='word_1_500' title='bbox 245 3835 625 3904; x_wconf 87' lang='lat' dir='ltr'>editionibus,</span> <span class='ocrx_word' id='word_1_501' title='bbox 655 3842 710 3891; x_wconf 91' lang='lat' dir='ltr'>et</span> <span class='ocrx_word' id='word_1_502' title='bbox 739 3835 798 3890; x_wconf 90' lang='lat' dir='ltr'>in</span> <span class='ocrx_word' id='word_1_503' title='bbox 826 3851 955 3891; x_wconf 90' lang='lat' dir='ltr'>mss.</span> <span class='ocrx_word' id='word_1_504' title='bbox 984 3835 1149 3890; x_wconf 88' lang='lat' dir='ltr'>etiam</span> <span class='ocrx_word' id='word_1_505' title='bbox 1175 3832 1481 3900; x_wconf 90' lang='lat' dir='ltr'>nonnullis,</span> <span class='ocrx_word' id='word_1_506' title='bbox 1501 3813 1745 3903; x_wconf 86' lang='lat' dir='ltr'>ejusdem</span> <span class='ocrx_word' id='word_1_507' title='bbox 1773 3849 1974 3890; x_wconf 90' lang='lat' dir='ltr'>nomen</span> <span class='ocrx_word' id='word_1_508' title='bbox 2000 3813 2291 3906; x_wconf 65' lang='lat' dir='ltr'>praeﬁxum</span> <span class='ocrx_word' id='word_1_509' title='bbox 2320 3847 2454 3889; x_wconf 89' lang='lat' dir='ltr'>esse.</span> <span class='ocrx_word' id='word_1_510' title='bbox 2487 3831 2620 3887; x_wconf 91' lang='lat' dir='ltr'>Inde</span> <span class='ocrx_word' id='word_1_511' title='bbox 2640 3838 2722 3886; x_wconf 88' lang='lat' dir='ltr'>est</span> <span class='ocrx_word' id='word_1_512' title='bbox 2751 3828 2898 3903; x_wconf 90' lang='lat' dir='ltr'>quod</span> <span class='ocrx_word' id='word_1_513' title='bbox 2929 3823 3124 3882; x_wconf 91' lang='lat' dir='ltr'>libenti</span> <span class='ocrx_word' id='word_1_514' title='bbox 3144 3820 3330 3878; x_wconf 88' lang='lat' dir='ltr'>animo</span> <span class='ocrx_word' id='word_1_515' title='bbox 3357 3813 3546 3888; x_wconf 83' lang='lat' dir='ltr'>suspi-</span> 
     </span>
    </p>
   </div>
   <div class='ocr_carea' id='block_1_41' title="bbox 243 3903 3548 3995">
    <p class='ocr_par' dir='ltr' id='par_1_41' title="bbox 243 3903 3548 3995">
     <span class='ocr_line' id='line_1_42' title="bbox 243 3903 3548 3995; baseline -0.009 -8"><span class='ocrx_word' id='word_1_516' title='bbox 243 3940 516 3987; x_wconf 86' lang='lat' dir='ltr'>caremur</span> <span class='ocrx_word' id='word_1_517' title='bbox 561 3939 676 3979; x_wconf 89' lang='lat' dir='ltr'>non</span> <span class='ocrx_word' id='word_1_518' title='bbox 703 3922 872 3977; x_wconf 87' lang='lat' dir='ltr'>alium</span> <span class='ocrx_word' id='word_1_519' title='bbox 920 3939 1033 3979; x_wconf 90' lang='lat' dir='ltr'>esse</span> <span class='ocrx_word' id='word_1_520' title='bbox 1069 3923 1280 3980; x_wconf 88' lang='lat' dir='ltr'>huncce</span> <span class='ocrx_word' id='word_1_521' title='bbox 1329 3921 1602 3989; x_wconf 90' lang='lat' dir='ltr'>libellum,</span> <span class='ocrx_word' id='word_1_522' title='bbox 1646 3937 1807 3993; x_wconf 90' lang='lat' dir='ltr'>quam</span> <span class='ocrx_word' id='word_1_523' title='bbox 1839 3938 1964 3977; x_wconf 93' lang='lat' dir='ltr'>eum</span> <span class='ocrx_word' id='word_1_524' title='bbox 1995 3903 2088 3995; x_wconf 76' lang='lat' dir='ltr'>qui</span> <span class='ocrx_word' id='word_1_525' title='bbox 2119 3922 2196 3977; x_wconf 86' lang='lat' dir='ltr'>De</span> <span class='ocrx_word' id='word_1_526' title='bbox 2224 3921 2355 3977; x_wconf 88' lang='lat' dir='ltr'>Fide</span> <span class='ocrx_word' id='word_1_527' title='bbox 2380 3938 2414 3977; x_wconf 93' lang='lat' dir='ltr'>a</span> <span class='ocrx_word' id='word_1_528' title='bbox 2448 3919 2631 3976; x_wconf 73' lang='lat' dir='ltr'>Nicaeo</span> <span class='ocrx_word' id='word_1_529' title='bbox 2667 3919 2786 3976; x_wconf 90' lang='lat' dir='ltr'>sive</span> <span class='ocrx_word' id='word_1_530' title='bbox 2813 3915 3002 3974; x_wconf 87' lang='lat' dir='ltr'>Niceto</span> <span class='ocrx_word' id='word_1_531' title='bbox 3026 3912 3278 3984; x_wconf 90' lang='lat' dir='ltr'>episcopo</span> <span class='ocrx_word' id='word_1_532' title='bbox 3305 3903 3548 3962; x_wconf 87' lang='lat' dir='ltr'>breviter</span> 
     </span>
    </p>
   </div>
   <div class='ocr_carea' id='block_1_42' title="bbox 252 3993 3543 4085">
    <p class='ocr_par' dir='ltr' id='par_1_42' title="bbox 252 3993 3543 4085">
     <span class='ocr_line' id='line_1_43' title="bbox 252 3993 3543 4085; baseline -0.009 -13"><span class='ocrx_word' id='word_1_533' title='bbox 252 4015 528 4085; x_wconf 82' lang='lat' dir='ltr'>scriptus,</span> <span class='ocrx_word' id='word_1_534' title='bbox 579 4011 930 4068; x_wconf 81' lang='lat' dir='ltr'>voluminibus</span> <span class='ocrx_word' id='word_1_535' title='bbox 967 4012 1132 4066; x_wconf 87' lang='lat' dir='ltr'>sancti</span> <span class='ocrx_word' id='word_1_536' title='bbox 1169 4011 1454 4080; x_wconf 83' lang='lat' dir='ltr'>Ambrosii,</span> <span class='ocrx_word' id='word_1_537' title='bbox 1502 4019 1566 4068; x_wconf 94' lang='lat' dir='ltr'>ut</span> <span class='ocrx_word' id='word_1_538' title='bbox 1624 4010 1977 4069; x_wconf 87' lang='lat' dir='ltr'>Casitodorus</span> <span class='ocrx_word' id='word_1_539' title='bbox 2011 3993 2342 4066; x_wconf 73' lang='lat' dir='ltr'>testiﬁcatur</span> <span class='ocrx_word' id='word_1_540' title='bbox 2377 4008 2502 4080; x_wconf 91' lang='lat' dir='ltr'>(lib.</span> <span class='ocrx_word' id='word_1_541' title='bbox 2539 4009 2613 4064; x_wconf 93' lang='lat' dir='ltr'>De</span> <span class='ocrx_word' id='word_1_542' title='bbox 2652 4007 2776 4063; x_wconf 88' lang='lat' dir='ltr'>inst.</span> <span class='ocrx_word' id='word_1_543' title='bbox 2807 4005 2942 4071; x_wconf 88' lang='lat' dir='ltr'>div.,</span> <span class='ocrx_word' id='word_1_544' title='bbox 2967 4020 3018 4060; x_wconf 92' lang='lat' dir='ltr'>c.</span> <span class='ocrx_word' id='word_1_545' title='bbox 3051 3999 3162 4070; x_wconf 76' lang='grc'>16),</span> <span class='ocrx_word' id='word_1_546' title='bbox 3193 3995 3421 4050; x_wconf 87' lang='lat' dir='ltr'>sociatus</span> <span class='ocrx_word' id='word_1_547' title='bbox 3449 3993 3543 4059; x_wconf 82' lang='lat' dir='ltr'>est,</span> 
     </span>
    </p>
   </div>
   <div class='ocr_carea' id='block_1_43' title="bbox 269 4079 3544 4174">
    <p class='ocr_par' dir='ltr' id='par_1_43' title="bbox 269 4079 3544 4174">
     <span class='ocr_line' id='line_1_44' title="bbox 269 4079 3544 4174; baseline -0.006 -18"><span class='ocrx_word' id='word_1_548' title='bbox 269 4079 419 4174; x_wconf 65' lang='lat' dir='ltr'>quos</span> <span class='ocrx_word' id='word_1_549' title='bbox 464 4079 536 4154; x_wconf 87' lang='lat' dir='ltr'>ad</span> <span class='ocrx_word' id='word_1_550' title='bbox 579 4099 898 4154; x_wconf 82' lang='lat' dir='ltr'>Gratianum</span> <span class='ocrx_word' id='word_1_551' title='bbox 922 4098 1212 4169; x_wconf 67' lang='lat' dir='ltr'>princzpem</span> <span class='ocrx_word' id='word_1_552' title='bbox 1252 4079 1551 4155; x_wconf 82' lang='lat' dir='ltr'>destinavit.</span> <span class='ocrx_word' id='word_1_553' title='bbox 1576 4098 1682 4157; x_wconf 92' lang='lat' dir='ltr'>Sed</span> <span class='ocrx_word' id='word_1_554' title='bbox 1719 4116 1846 4156; x_wconf 92' lang='lat' dir='ltr'>cum</span> <span class='ocrx_word' id='word_1_555' title='bbox 1876 4099 2022 4157; x_wconf 89' lang='lat' dir='ltr'>idem</span> <span class='ocrx_word' id='word_1_556' title='bbox 2048 4109 2254 4157; x_wconf 88' lang='lat' dir='ltr'>asserat</span> <span class='ocrx_word' id='word_1_557' title='bbox 2285 4079 2399 4157; x_wconf 89' lang='lat' dir='ltr'>non</span> <span class='ocrx_word' id='word_1_558' title='bbox 2427 4100 2606 4158; x_wconf 90' lang='lat' dir='ltr'>solum</span> <span class='ocrx_word' id='word_1_559' title='bbox 2633 4098 2701 4155; x_wconf 91' lang='lat' dir='ltr'>de</span> <span class='ocrx_word' id='word_1_560' title='bbox 2729 4097 2886 4152; x_wconf 86' lang='lat' dir='ltr'>Patre</span> <span class='ocrx_word' id='word_1_561' title='bbox 2917 4109 2980 4149; x_wconf 87' lang='lat' dir='ltr'>ac</span> <span class='ocrx_word' id='word_1_562' title='bbox 3007 4088 3152 4146; x_wconf 89' lang='lat' dir='ltr'>Filio</span> <span class='ocrx_word' id='word_1_563' title='bbox 3179 4085 3296 4141; x_wconf 90' lang='lat' dir='ltr'>illic</span> <span class='ocrx_word' id='word_1_564' title='bbox 3325 4079 3544 4148; x_wconf 87' lang='lat' dir='ltr'>disseri,</span> 
     </span>
    </p>
   </div>
   <div class='ocr_carea' id='block_1_44' title="bbox 257 4169 3548 4260">
    <p class='ocr_par' dir='ltr' id='par_1_44' title="bbox 257 4169 3548 4260">
     <span class='ocr_line' id='line_1_45' title="bbox 257 4169 3548 4260; baseline -0.006 -14"><span class='ocrx_word' id='word_1_565' title='bbox 257 4204 473 4246; x_wconf 82' lang='lat' dir='ltr'>verum</span> <span class='ocrx_word' id='word_1_566' title='bbox 514 4186 680 4243; x_wconf 90' lang='lat' dir='ltr'>etiam</span> <span class='ocrx_word' id='word_1_567' title='bbox 724 4185 790 4241; x_wconf 92' lang='lat' dir='ltr'>de</span> <span class='ocrx_word' id='word_1_568' title='bbox 841 4186 1050 4256; x_wconf 87' lang='lat' dir='ltr'>Spiritu</span> <span class='ocrx_word' id='word_1_569' title='bbox 1096 4194 1303 4252; x_wconf 88' lang='lat' dir='ltr'>sancto,</span> <span class='ocrx_word' id='word_1_570' title='bbox 1352 4189 1496 4260; x_wconf 90' lang='lat' dir='ltr'>quod</span> <span class='ocrx_word' id='word_1_571' title='bbox 1544 4203 1670 4245; x_wconf 91' lang='lat' dir='ltr'>cum</span> <span class='ocrx_word' id='word_1_572' title='bbox 1714 4186 1821 4246; x_wconf 91' lang='lat' dir='ltr'>hoc</span> <span class='ocrx_word' id='word_1_573' title='bbox 1848 4187 1992 4246; x_wconf 91' lang='lat' dir='ltr'>libro</span> <span class='ocrx_word' id='word_1_574' title='bbox 2033 4188 2216 4246; x_wconf 91' lang='lat' dir='ltr'>minus</span> <span class='ocrx_word' id='word_1_575' title='bbox 2244 4188 2526 4256; x_wconf 91' lang='lat' dir='ltr'>convenit,</span> <span class='ocrx_word' id='word_1_576' title='bbox 2554 4186 2830 4241; x_wconf 86' lang='lat' dir='ltr'>malumus</span> <span class='ocrx_word' id='word_1_577' title='bbox 2854 4181 3005 4236; x_wconf 87' lang='lat' dir='ltr'>hunc</span> <span class='ocrx_word' id='word_1_578' title='bbox 3031 4177 3309 4233; x_wconf 91' lang='lat' dir='ltr'>diversum</span> <span class='ocrx_word' id='word_1_579' title='bbox 3340 4171 3408 4228; x_wconf 89' lang='lat' dir='ltr'>ab</span> <span class='ocrx_word' id='word_1_580' title='bbox 3436 4169 3548 4226; x_wconf 90' lang='lat' dir='ltr'>alio</span> 
     </span>
    </p>
   </div>
   <div class='ocr_carea' id='block_1_45' title="bbox 255 4259 3547 4353">
    <p class='ocr_par' dir='ltr' id='par_1_45' title="bbox 255 4259 3547 4353">
     <span class='ocr_line' id='line_1_46' title="bbox 255 4259 3547 4353; baseline -0.007 -14"><span class='ocrx_word' id='word_1_581' title='bbox 255 4279 592 4339; x_wconf 83' lang='lat' dir='ltr'>existimare</span> <span class='ocrx_word' id='word_1_582' title='bbox 622 4293 724 4335; x_wconf 92' lang='lat' dir='ltr'>cur</span> <span class='ocrx_word' id='word_1_583' title='bbox 749 4283 935 4332; x_wconf 89' lang='lat' dir='ltr'>autem</span> <span class='ocrx_word' id='word_1_584' title='bbox 969 4274 1194 4330; x_wconf 86' lang='lat' dir='ltr'>alterius</span> <span class='ocrx_word' id='word_1_585' title='bbox 1221 4259 1422 4343; x_wconf 90' lang='lat' dir='ltr'>locum,</span> <span class='ocrx_word' id='word_1_586' title='bbox 1452 4285 1506 4331; x_wconf 90' lang='lat' dir='ltr'>et</span> <span class='ocrx_word' id='word_1_587' title='bbox 1533 4278 1811 4335; x_wconf 88' lang='lat' dir='ltr'>Ambrosii</span> <span class='ocrx_word' id='word_1_588' title='bbox 1841 4295 2044 4337; x_wconf 87' lang='lat' dir='ltr'>nomen</span> <span class='ocrx_word' id='word_1_589' title='bbox 2087 4279 2454 4353; x_wconf 89' lang='lat' dir='ltr'>usurpaverit,</span> <span class='ocrx_word' id='word_1_590' title='bbox 2486 4277 2627 4334; x_wconf 88' lang='lat' dir='ltr'>ratio</span> <span class='ocrx_word' id='word_1_591' title='bbox 2655 4276 2713 4332; x_wconf 91' lang='lat' dir='ltr'>in</span> <span class='ocrx_word' id='word_1_592' title='bbox 2742 4275 2999 4347; x_wconf 83' lang='lat' dir='ltr'>premptu</span> <span class='ocrx_word' id='word_1_593' title='bbox 3028 4277 3127 4335; x_wconf 92' lang='lat' dir='ltr'>est,</span> <span class='ocrx_word' id='word_1_594' title='bbox 3160 4263 3400 4322; x_wconf 87' lang='lat' dir='ltr'>materiae</span> <span class='ocrx_word' id='word_1_595' title='bbox 3429 4259 3547 4318; x_wconf 85' lang='lat' dir='ltr'>sci-</span> 
     </span>
    </p>
   </div>
   <div class='ocr_carea' id='block_1_46' title="bbox 260 4351 3548 4441">
    <p class='ocr_par' dir='ltr' id='par_1_46' title="bbox 260 4351 3548 4441">
     <span class='ocr_line' id='line_1_47' title="bbox 260 4351 3548 4441; baseline -0.006 -17"><span class='ocrx_word' id='word_1_596' title='bbox 260 4373 405 4428; x_wconf 86' lang='lat' dir='ltr'>licet</span> <span class='ocrx_word' id='word_1_597' title='bbox 451 4367 722 4441; x_wconf 91' lang='lat' dir='ltr'>cognatio.</span> <span class='ocrx_word' id='word_1_598' title='bbox 749 4365 890 4422; x_wconf 91' lang='lat' dir='ltr'>Sunt</span> <span class='ocrx_word' id='word_1_599' title='bbox 927 4372 1111 4420; x_wconf 90' lang='lat' dir='ltr'>tamen</span> <span class='ocrx_word' id='word_1_600' title='bbox 1135 4369 1390 4434; x_wconf 87' lang='lat' dir='ltr'>praeterea</span> <span class='ocrx_word' id='word_1_601' title='bbox 1408 4363 1551 4419; x_wconf 89' lang='lat' dir='ltr'>levia</span> <span class='ocrx_word' id='word_1_602' title='bbox 1568 4367 1814 4438; x_wconf 84' lang='lat' dir='ltr'>quaedam</span> <span class='ocrx_word' id='word_1_603' title='bbox 1863 4368 1931 4424; x_wconf 91' lang='lat' dir='ltr'>ab</span> <span class='ocrx_word' id='word_1_604' title='bbox 1959 4351 2324 4426; x_wconf 81' lang='lat' dir='ltr'>Ambrosiano</span> <span class='ocrx_word' id='word_1_605' title='bbox 2350 4365 2569 4425; x_wconf 90' lang='lat' dir='ltr'>dicendi</span> <span class='ocrx_word' id='word_1_606' title='bbox 2603 4380 2755 4422; x_wconf 89' lang='lat' dir='ltr'>more</span> <span class='ocrx_word' id='word_1_607' title='bbox 2792 4379 2903 4419; x_wconf 89' lang='lat' dir='ltr'>non</span> <span class='ocrx_word' id='word_1_608' title='bbox 2932 4359 3152 4432; x_wconf 88' lang='lat' dir='ltr'>penitus</span> <span class='ocrx_word' id='word_1_609' title='bbox 3177 4351 3548 4417; x_wconf 89' lang='lat' dir='ltr'>abhorrentia,</span> 
     </span>
    </p>
   </div>
   <div class='ocr_carea' id='block_1_47' title="bbox 265 4440 3554 4534">
    <p class='ocr_par' dir='ltr' id='par_1_47' title="bbox 265 4440 3554 4534">
     <span class='ocr_line' id='line_1_48' title="bbox 265 4440 3554 4534; baseline -0.006 -20"><span class='ocrx_word' id='word_1_610' title='bbox 265 4464 412 4534; x_wconf 86' lang='lat' dir='ltr'>puta</span> <span class='ocrx_word' id='word_1_611' title='bbox 457 4440 603 4530; x_wconf 88' lang='lat' dir='ltr'>quod</span> <span class='ocrx_word' id='word_1_612' title='bbox 640 4455 718 4511; x_wconf 90' lang='lat' dir='ltr'>ait</span> <span class='ocrx_word' id='word_1_613' title='bbox 755 4454 822 4512; x_wconf 90' lang='lat' dir='ltr'>de</span> <span class='ocrx_word' id='word_1_614' title='bbox 866 4451 1162 4520; x_wconf 59' lang='lat' dir='ltr'>hareticis,</span> <span class='ocrx_word' id='word_1_615' title='bbox 1207 4451 1254 4506; x_wconf 90' lang='lat' dir='ltr'>si</span> <span class='ocrx_word' id='word_1_616' title='bbox 1279 4449 1523 4506; x_wconf 85' lang='lat' dir='ltr'>haberent</span> <span class='ocrx_word' id='word_1_617' title='bbox 1557 4457 1809 4520; x_wconf 86' lang='lat' dir='ltr'>quomodo</span> <span class='ocrx_word' id='word_1_618' title='bbox 1841 4457 1981 4513; x_wconf 87' lang='lat' dir='ltr'>illud</span> <span class='ocrx_word' id='word_1_619' title='bbox 2009 4459 2081 4514; x_wconf 91' lang='lat' dir='ltr'>ad</span> <span class='ocrx_word' id='word_1_620' title='bbox 2107 4459 2273 4514; x_wconf 90' lang='lat' dir='ltr'>aliam</span> <span class='ocrx_word' id='word_1_621' title='bbox 2303 4457 2696 4528; x_wconf 85' lang='lat' dir='ltr'>intelligentiam</span> <span class='ocrx_word' id='word_1_622' title='bbox 2723 4469 2883 4510; x_wconf 69' lang='lat' dir='ltr'>scaevo</span> <span class='ocrx_word' id='word_1_623' title='bbox 2908 4467 3060 4506; x_wconf 86' lang='lat' dir='ltr'>sensu</span> <span class='ocrx_word' id='word_1_624' title='bbox 3082 4448 3454 4520; x_wconf 84' lang='lat' dir='ltr'>perverterent.</span> <span class='ocrx_word' id='word_1_625' title='bbox 3487 4440 3554 4494; x_wconf 88' lang='lat' dir='ltr'>Et</span> 
     </span>
    </p>
   </div>
   <div class='ocr_carea' id='block_1_48' title="bbox 261 4529 3550 4620">
    <p class='ocr_par' dir='ltr' id='par_1_48' title="bbox 261 4529 3550 4620">
     <span class='ocr_line' id='line_1_49' title="bbox 261 4529 3550 4620; baseline -0.007 -14"><span class='ocrx_word' id='word_1_626' title='bbox 261 4529 457 4606; x_wconf 75' lang='lat' dir='ltr'>illud:</span> <span class='ocrx_word' id='word_1_627' title='bbox 521 4545 759 4604; x_wconf 80' lang='lat' dir='ltr'>Viderint</span> <span class='ocrx_word' id='word_1_628' title='bbox 793 4541 1115 4616; x_wconf 83' lang='lat' dir='ltr'>philosophi,</span> <span class='ocrx_word' id='word_1_629' title='bbox 1163 4540 1395 4596; x_wconf 78' lang='lat' dir='ltr'>viderint</span> <span class='ocrx_word' id='word_1_630' title='bbox 1437 4541 1664 4595; x_wconf 76' lang='lat' dir='ltr'>hceretici</span> <span class='ocrx_word' id='word_1_631' title='bbox 1709 4543 1955 4617; x_wconf 85' lang='lat' dir='ltr'>discipuli</span> <span class='ocrx_word' id='word_1_632' title='bbox 2000 4565 2202 4604; x_wconf 81' lang='lat' dir='ltr'>eorum.</span> <span class='ocrx_word' id='word_1_633' title='bbox 2235 4546 2339 4604; x_wconf 89' lang='lat' dir='ltr'>Sed</span> <span class='ocrx_word' id='word_1_634' title='bbox 2372 4562 2548 4620; x_wconf 90' lang='lat' dir='ltr'>neque</span> <span class='ocrx_word' id='word_1_635' title='bbox 2579 4544 2723 4620; x_wconf 90' lang='lat' dir='ltr'>quod</span> <span class='ocrx_word' id='word_1_636' title='bbox 2752 4542 2978 4610; x_wconf 90' lang='lat' dir='ltr'>dicitur,</span> <span class='ocrx_word' id='word_1_637' title='bbox 3011 4538 3103 4610; x_wconf 83' lang='lat' dir='ltr'>qui</span> <span class='ocrx_word' id='word_1_638' title='bbox 3127 4537 3286 4592; x_wconf 87' lang='lat' dir='ltr'>etiam</span> <span class='ocrx_word' id='word_1_639' title='bbox 3311 4549 3450 4590; x_wconf 87' lang='lat' dir='ltr'>nunc</span> <span class='ocrx_word' id='word_1_640' title='bbox 3479 4529 3550 4598; x_wconf 83' lang='lat' dir='ltr'>vi,</span> 
     </span>
    </p>
   </div>
   <div class='ocr_carea' id='block_1_49' title="bbox 257 4619 3556 4708">
    <p class='ocr_par' dir='ltr' id='par_1_49' title="bbox 257 4619 3556 4708">
     <span class='ocr_line' id='line_1_50' title="bbox 257 4619 3556 4708; baseline -0.007 -11"><span class='ocrx_word' id='word_1_641' title='bbox 257 4637 554 4697; x_wconf 86' lang='lat' dir='ltr'>ambitione</span> <span class='ocrx_word' id='word_1_642' title='bbox 600 4643 649 4691; x_wconf 80' lang='lat' dir='ltr'>et</span> <span class='ocrx_word' id='word_1_643' title='bbox 668 4635 902 4708; x_wconf 85' lang='lat' dir='ltr'>potentia</span> <span class='ocrx_word' id='word_1_644' title='bbox 930 4649 1109 4705; x_wconf 86' lang='lat' dir='ltr'>regum</span> <span class='ocrx_word' id='word_1_645' title='bbox 1135 4631 1365 4704; x_wconf 74' lang='lat' dir='ltr'>exagites</span> <span class='ocrx_word' id='word_1_646' title='bbox 1394 4646 1456 4687; x_wconf 91' lang='lat' dir='ltr'>ac</span> <span class='ocrx_word' id='word_1_647' title='bbox 1486 4629 1660 4686; x_wconf 82' lang='lat' dir='ltr'>turbes</span> <span class='ocrx_word' id='word_1_648' title='bbox 1686 4633 1882 4705; x_wconf 80' lang='lat' dir='ltr'>omnia,</span> <span class='ocrx_word' id='word_1_649' title='bbox 1913 4635 2149 4692; x_wconf 91' lang='lat' dir='ltr'>nimium</span> <span class='ocrx_word' id='word_1_650' title='bbox 2177 4636 2246 4692; x_wconf 92' lang='lat' dir='ltr'>ab</span> <span class='ocrx_word' id='word_1_651' title='bbox 2275 4619 2568 4694; x_wconf 86' lang='lat' dir='ltr'>Ambrosio</span> <span class='ocrx_word' id='word_1_652' title='bbox 2594 4619 2945 4705; x_wconf 88' lang='lat' dir='ltr'>discreparet,</span> <span class='ocrx_word' id='word_1_653' title='bbox 2976 4629 3024 4686; x_wconf 89' lang='lat' dir='ltr'>si</span> <span class='ocrx_word' id='word_1_654' title='bbox 3054 4633 3319 4685; x_wconf 88' lang='lat' dir='ltr'>tractatus</span> <span class='ocrx_word' id='word_1_655' title='bbox 3348 4622 3440 4678; x_wconf 85' lang='lat' dir='ltr'>hic</span> <span class='ocrx_word' id='word_1_656' title='bbox 3469 4619 3556 4677; x_wconf 91' lang='lat' dir='ltr'>ri—</span> 
     </span>
    </p>
   </div>
   <div class='ocr_carea' id='block_1_50' title="bbox 262 4707 3556 4801">
    <p class='ocr_par' dir='ltr' id='par_1_50' title="bbox 262 4707 3556 4801">
     <span class='ocr_line' id='line_1_51' title="bbox 262 4707 3556 4801; baseline -0.005 -18"><span class='ocrx_word' id='word_1_657' title='bbox 262 4726 431 4801; x_wconf 85' lang='lat' dir='ltr'>gidos</span> <span class='ocrx_word' id='word_1_658' title='bbox 465 4707 718 4792; x_wconf 81' lang='lat' dir='ltr'>Arianos,</span> <span class='ocrx_word' id='word_1_659' title='bbox 747 4723 924 4797; x_wconf 90' lang='lat' dir='ltr'>qualis</span> <span class='ocrx_word' id='word_1_660' title='bbox 953 4731 1068 4780; x_wconf 90' lang='lat' dir='ltr'>erat</span> <span class='ocrx_word' id='word_1_661' title='bbox 1097 4721 1191 4779; x_wconf 91' lang='lat' dir='ltr'>ille</span> <span class='ocrx_word' id='word_1_662' title='bbox 1219 4720 1533 4779; x_wconf 89' lang='lat' dir='ltr'>Auxentius</span> <span class='ocrx_word' id='word_1_663' title='bbox 1576 4739 1607 4778; x_wconf 87' lang='lat' dir='ltr'>a</span> <span class='ocrx_word' id='word_1_664' title='bbox 1635 4737 1744 4797; x_wconf 88' lang='lat' dir='ltr'>quo</span> <span class='ocrx_word' id='word_1_665' title='bbox 1767 4723 1983 4783; x_wconf 74' lang='lat' dir='ltr'>Iustina</span> <span class='ocrx_word' id='word_1_666' title='bbox 2011 4726 2237 4800; x_wconf 88' lang='lat' dir='ltr'>ejusque</span> <span class='ocrx_word' id='word_1_667' title='bbox 2265 4726 2413 4784; x_wconf 88' lang='lat' dir='ltr'>ﬁlius</span> <span class='ocrx_word' id='word_1_668' title='bbox 2442 4724 2863 4784; x_wconf 86' lang='lat' dir='ltr'>Valentinianus</span> <span class='ocrx_word' id='word_1_669' title='bbox 2892 4721 3026 4792; x_wconf 91' lang='lat' dir='ltr'>imp.</span> <span class='ocrx_word' id='word_1_670' title='bbox 3050 4718 3109 4774; x_wconf 91' lang='lat' dir='ltr'>in</span> <span class='ocrx_word' id='word_1_671' title='bbox 3137 4723 3386 4774; x_wconf 91' lang='lat' dir='ltr'>sanctum</span> <span class='ocrx_word' id='word_1_672' title='bbox 3419 4707 3556 4766; x_wconf 84' lang='lat' dir='ltr'>anti-</span> 
     </span>
    </p>
   </div>
   <div class='ocr_carea' id='block_1_51' title="bbox 261 4804 3557 4889">
    <p class='ocr_par' dir='ltr' id='par_1_51' title="bbox 261 4804 3557 4889">
     <span class='ocr_line' id='line_1_52' title="bbox 261 4804 3557 4889; baseline -0.006 -16"><span class='ocrx_word' id='word_1_673' title='bbox 261 4818 462 4873; x_wconf 83' lang='lat' dir='ltr'>stitem</span> <span class='ocrx_word' id='word_1_674' title='bbox 501 4813 762 4871; x_wconf 87' lang='lat' dir='ltr'>concitati</span> <span class='ocrx_word' id='word_1_675' title='bbox 820 4820 970 4881; x_wconf 91' lang='lat' dir='ltr'>sunt,</span> <span class='ocrx_word' id='word_1_676' title='bbox 1006 4812 1369 4884; x_wconf 87' lang='lat' dir='ltr'>impugnaret.</span> <span class='ocrx_word' id='word_1_677' title='bbox 1430 4814 1492 4869; x_wconf 93' lang='lat' dir='ltr'>In</span> <span class='ocrx_word' id='word_1_678' title='bbox 1536 4815 1747 4870; x_wconf 67' lang='lat' dir='ltr'>caeteris</span> <span class='ocrx_word' id='word_1_679' title='bbox 1796 4814 2025 4872; x_wconf 91' lang='lat' dir='ltr'>dissidet</span> <span class='ocrx_word' id='word_1_680' title='bbox 2075 4816 2219 4874; x_wconf 90' lang='lat' dir='ltr'>idem</span> <span class='ocrx_word' id='word_1_681' title='bbox 2260 4832 2398 4889; x_wconf 91' lang='lat' dir='ltr'>opus</span> <span class='ocrx_word' id='word_1_682' title='bbox 2424 4815 2491 4872; x_wconf 91' lang='lat' dir='ltr'>ab</span> <span class='ocrx_word' id='word_1_683' title='bbox 2519 4810 2796 4870; x_wconf 89' lang='lat' dir='ltr'>Ambrosii</span> <span class='ocrx_word' id='word_1_684' title='bbox 2826 4810 2973 4882; x_wconf 86' lang='lat' dir='ltr'>stylo</span> <span class='ocrx_word' id='word_1_685' title='bbox 3000 4815 3055 4865; x_wconf 91' lang='lat' dir='ltr'>et</span> <span class='ocrx_word' id='word_1_686' title='bbox 3083 4804 3323 4879; x_wconf 90' lang='lat' dir='ltr'>ingenio,</span> <span class='ocrx_word' id='word_1_687' title='bbox 3355 4807 3557 4857; x_wconf 88' lang='lat' dir='ltr'>utnon</span> 
     </span>
    </p>
   </div>
   <div class='ocr_carea' id='block_1_52' title="bbox 263 4886 3548 4978">
    <p class='ocr_par' dir='ltr' id='par_1_52' title="bbox 263 4886 3548 4978">
     <span class='ocr_line' id='line_1_53' title="bbox 263 4886 3548 4978; baseline -0.007 -14"><span class='ocrx_word' id='word_1_688' title='bbox 263 4902 444 4964; x_wconf 88' lang='lat' dir='ltr'>modo</span> <span class='ocrx_word' id='word_1_689' title='bbox 481 4903 634 4960; x_wconf 88' lang='lat' dir='ltr'>illius</span> <span class='ocrx_word' id='word_1_690' title='bbox 678 4909 869 4960; x_wconf 89' lang='lat' dir='ltr'>auctor</span> <span class='ocrx_word' id='word_1_691' title='bbox 909 4917 1020 4959; x_wconf 90' lang='lat' dir='ltr'>non</span> <span class='ocrx_word' id='word_1_692' title='bbox 1069 4901 1342 4970; x_wconf 87' lang='lat' dir='ltr'>videatur,</span> <span class='ocrx_word' id='word_1_693' title='bbox 1394 4903 1488 4960; x_wconf 89' lang='lat' dir='ltr'>sed</span> <span class='ocrx_word' id='word_1_694' title='bbox 1537 4920 1606 4960; x_wconf 91' lang='lat' dir='ltr'>ne</span> <span class='ocrx_word' id='word_1_695' title='bbox 1653 4905 1922 4977; x_wconf 90' lang='lat' dir='ltr'>interpres</span> <span class='ocrx_word' id='word_1_696' title='bbox 1950 4904 2195 4978; x_wconf 89' lang='lat' dir='ltr'>quidem,</span> <span class='ocrx_word' id='word_1_697' title='bbox 2226 4886 2417 4963; x_wconf 79' lang='lat' dir='ltr'>contra</span> <span class='ocrx_word' id='word_1_698' title='bbox 2449 4921 2611 4978; x_wconf 90' lang='lat' dir='ltr'>quam</span> <span class='ocrx_word' id='word_1_699' title='bbox 2649 4900 2859 4975; x_wconf 89' lang='lat' dir='ltr'>opinati</span> <span class='ocrx_word' id='word_1_700' title='bbox 2890 4898 3237 4971; x_wconf 89' lang='lat' dir='ltr'>reperiuntur</span> <span class='ocrx_word' id='word_1_701' title='bbox 3265 4886 3548 4949; x_wconf 88' lang='lat' dir='ltr'>nonnulli.</span> 
     </span>
    </p>
   </div>
   <div class='ocr_carea' id='block_1_53' title="bbox 265 4976 3556 5068">
    <p class='ocr_par' dir='ltr' id='par_1_53' title="bbox 265 4976 3556 5068">
     <span class='ocr_line' id='line_1_54' title="bbox 265 4976 3556 5068; baseline -0.007 -15"><span class='ocrx_word' id='word_1_702' title='bbox 265 4994 584 5066; x_wconf 87' lang='lat' dir='ltr'>Utrumque</span> <span class='ocrx_word' id='word_1_703' title='bbox 612 5007 741 5050; x_wconf 90' lang='lat' dir='ltr'>sane</span> <span class='ocrx_word' id='word_1_704' title='bbox 770 4993 858 5049; x_wconf 92' lang='lat' dir='ltr'>vel</span> <span class='ocrx_word' id='word_1_705' title='bbox 880 5007 947 5049; x_wconf 85' lang='lat' dir='ltr'>ex</span> <span class='ocrx_word' id='word_1_706' title='bbox 976 5006 1040 5048; x_wconf 93' lang='lat' dir='ltr'>eo</span> <span class='ocrx_word' id='word_1_707' title='bbox 1068 4991 1458 5064; x_wconf 70' lang='lat' dir='ltr'>colligasjquod</span> <span class='ocrx_word' id='word_1_708' title='bbox 1486 4976 1827 5064; x_wconf 87' lang='lat' dir='ltr'>Augustinus</span> <span class='ocrx_word' id='word_1_709' title='bbox 1843 4976 1983 5051; x_wconf 83' lang='lat' dir='ltr'>cum</span> <span class='ocrx_word' id='word_1_710' title='bbox 2000 4994 2058 5049; x_wconf 93' lang='lat' dir='ltr'>in</span> <span class='ocrx_word' id='word_1_711' title='bbox 2088 4995 2436 5068; x_wconf 83' lang='lat' dir='ltr'>praeceptoris</span> <span class='ocrx_word' id='word_1_712' title='bbox 2461 4976 2547 5050; x_wconf 76' lang='lat' dir='ltr'>sui</span> <span class='ocrx_word' id='word_1_713' title='bbox 2567 4992 2787 5065; x_wconf 90' lang='lat' dir='ltr'>scriptis</span> <span class='ocrx_word' id='word_1_714' title='bbox 2806 4988 3230 5053; x_wconf 87' lang='lat' dir='ltr'>versatissimus,</span> <span class='ocrx_word' id='word_1_715' title='bbox 3253 4989 3372 5038; x_wconf 91' lang='lat' dir='ltr'>tum</span> <span class='ocrx_word' id='word_1_716' title='bbox 3394 4976 3556 5035; x_wconf 88' lang='lat' dir='ltr'>etiam</span> 
     </span>
    </p>
   </div>
   <div class='ocr_carea' id='block_1_54' title="bbox 268 5071 3554 5158">
    <p class='ocr_par' dir='ltr' id='par_1_54' title="bbox 268 5071 3554 5158">
     <span class='ocr_line' id='line_1_55' title="bbox 268 5071 3554 5158; baseline -0.007 -16"><span class='ocrx_word' id='word_1_717' title='bbox 268 5082 351 5142; x_wconf 80' lang='lat' dir='ltr'>ad</span> <span class='ocrx_word' id='word_1_718' title='bbox 392 5098 517 5140; x_wconf 90' lang='lat' dir='ltr'>eum</span> <span class='ocrx_word' id='word_1_719' title='bbox 565 5080 994 5155; x_wconf 88' lang='lat' dir='ltr'>praedicandum,</span> <span class='ocrx_word' id='word_1_720' title='bbox 1023 5081 1173 5138; x_wconf 90' lang='lat' dir='ltr'>omni</span> <span class='ocrx_word' id='word_1_721' title='bbox 1203 5080 1329 5138; x_wconf 87' lang='lat' dir='ltr'>data</span> <span class='ocrx_word' id='word_1_722' title='bbox 1361 5081 1791 5154; x_wconf 88' lang='lat' dir='ltr'>opportunitate,</span> <span class='ocrx_word' id='word_1_723' title='bbox 1825 5084 2310 5156; x_wconf 87' lang='lat' dir='ltr'>propensissimus,</span> <span class='ocrx_word' id='word_1_724' title='bbox 2342 5083 2461 5158; x_wconf 85' lang='lat' dir='ltr'>ejus</span> <span class='ocrx_word' id='word_1_725' title='bbox 2491 5093 2675 5141; x_wconf 89' lang='lat' dir='ltr'>tamen</span> <span class='ocrx_word' id='word_1_726' title='bbox 2705 5098 2818 5139; x_wconf 90' lang='lat' dir='ltr'>non</span> <span class='ocrx_word' id='word_1_727' title='bbox 2848 5077 3184 5144; x_wconf 91' lang='lat' dir='ltr'>meminerit,</span> <span class='ocrx_word' id='word_1_728' title='bbox 3219 5071 3312 5130; x_wconf 91' lang='lat' dir='ltr'>sed</span> <span class='ocrx_word' id='word_1_729' title='bbox 3342 5075 3554 5128; x_wconf 88' lang='lat' dir='ltr'>tantum</span> 
     </span>
    </p>
   </div>
   <div class='ocr_carea' id='block_1_55' title="bbox 267 5156 3555 5248">
    <p class='ocr_par' dir='ltr' id='par_1_55' title="bbox 267 5156 3555 5248">
     <span class='ocr_line' id='line_1_56' title="bbox 267 5156 3555 5248; baseline -0.007 -17"><span class='ocrx_word' id='word_1_730' title='bbox 267 5170 531 5244; x_wconf 85' lang='lat' dir='ltr'>Gregorii</span> <span class='ocrx_word' id='word_1_731' title='bbox 559 5171 797 5244; x_wconf 90' lang='lat' dir='ltr'>episcopi</span> <span class='ocrx_word' id='word_1_732' title='bbox 827 5167 1139 5227; x_wconf 87' lang='lat' dir='ltr'>Orientalis.</span> <span class='ocrx_word' id='word_1_733' title='bbox 1172 5167 1383 5236; x_wconf 87' lang='lat' dir='ltr'>Quibus</span> <span class='ocrx_word' id='word_1_734' title='bbox 1414 5167 1651 5242; x_wconf 88' lang='lat' dir='ltr'>adjunge</span> <span class='ocrx_word' id='word_1_735' title='bbox 1680 5171 1993 5230; x_wconf 87' lang='lat' dir='ltr'>versionem</span> <span class='ocrx_word' id='word_1_736' title='bbox 2019 5173 2303 5245; x_wconf 87' lang='lat' dir='ltr'>biblicam,</span> <span class='ocrx_word' id='word_1_737' title='bbox 2327 5156 2396 5232; x_wconf 89' lang='lat' dir='ltr'>ab</span> <span class='ocrx_word' id='word_1_738' title='bbox 2428 5192 2491 5232; x_wconf 87' lang='lat' dir='ltr'>ea</span> <span class='ocrx_word' id='word_1_739' title='bbox 2521 5191 2684 5248; x_wconf 86' lang='lat' dir='ltr'>quam</span> <span class='ocrx_word' id='word_1_740' title='bbox 2723 5172 2929 5245; x_wconf 88' lang='lat' dir='ltr'>ubique</span> <span class='ocrx_word' id='word_1_741' title='bbox 2959 5164 3284 5226; x_wconf 88' lang='lat' dir='ltr'>Ambrosius</span> <span class='ocrx_word' id='word_1_742' title='bbox 3311 5156 3555 5221; x_wconf 84' lang='lat' dir='ltr'>adhibet,</span> 
     </span>
    </p>
   </div>
   <div class='ocr_carea' id='block_1_56' title="bbox 265 5260 916 5333">
    <p class='ocr_par' dir='ltr' id='par_1_56' title="bbox 265 5260 916 5333">
     <span class='ocr_line' id='line_1_57' title="bbox 265 5260 916 5333; baseline 0 -15"><span class='ocrx_word' id='word_1_743' title='bbox 265 5263 438 5333; x_wconf 85' lang='lat' dir='ltr'>longe</span> <span class='ocrx_word' id='word_1_744' title='bbox 469 5277 584 5317; x_wconf 90' lang='lat' dir='ltr'>esse</span> <span class='ocrx_word' id='word_1_745' title='bbox 622 5260 916 5319; x_wconf 90' lang='lat' dir='ltr'>diversam.</span> 
     </span>
    </p>
   </div>
   <div class='ocr_carea' id='block_1_57' title="bbox 351 5331 3562 5427">
    <p class='ocr_par' dir='ltr' id='par_1_57' title="bbox 351 5331 3562 5427">
     <span class='ocr_line' id='line_1_58' title="bbox 351 5331 3562 5427; baseline -0.005 -20"><span class='ocrx_word' id='word_1_746' title='bbox 351 5331 414 5407; x_wconf 62' lang='lat' dir='ltr'>I5.</span> <span class='ocrx_word' id='word_1_747' title='bbox 455 5351 516 5406; x_wconf 89' lang='lat' dir='ltr'>F.</span> <span class='ocrx_word' id='word_1_748' title='bbox 570 5349 898 5419; x_wconf 79' lang='lat' dir='ltr'>Chiﬂletius,</span> <span class='ocrx_word' id='word_1_749' title='bbox 931 5347 1026 5424; x_wconf 90' lang='lat' dir='ltr'>qui</span> <span class='ocrx_word' id='word_1_750' title='bbox 1072 5343 1285 5406; x_wconf 89' lang='lat' dir='ltr'>duobus</span> <span class='ocrx_word' id='word_1_751' title='bbox 1324 5347 1436 5408; x_wconf 88' lang='lat' dir='ltr'>illis</span> <span class='ocrx_word' id='word_1_752' title='bbox 1465 5349 1719 5408; x_wconf 89' lang='lat' dir='ltr'>Patribus</span> <span class='ocrx_word' id='word_1_753' title='bbox 1762 5363 1833 5408; x_wconf 88' lang='lat' dir='ltr'>ex</span> <span class='ocrx_word' id='word_1_754' title='bbox 1869 5367 2026 5426; x_wconf 86' lang='lat' dir='ltr'>aequo</span> <span class='ocrx_word' id='word_1_755' title='bbox 2055 5353 2307 5412; x_wconf 88' lang='lat' dir='ltr'>eumdem</span> <span class='ocrx_word' id='word_1_756' title='bbox 2341 5353 2595 5413; x_wconf 90' lang='lat' dir='ltr'>libellum</span> <span class='ocrx_word' id='word_1_757' title='bbox 2625 5350 2924 5427; x_wconf 88' lang='lat' dir='ltr'>adjudicat,</span> <span class='ocrx_word' id='word_1_758' title='bbox 2954 5355 3018 5404; x_wconf 90' lang='lat' dir='ltr'>ut</span> <span class='ocrx_word' id='word_1_759' title='bbox 3045 5343 3203 5404; x_wconf 89' lang='lat' dir='ltr'>illum</span> <span class='ocrx_word' id='word_1_760' title='bbox 3234 5331 3562 5396; x_wconf 86' lang='lat' dir='ltr'>transcribat</span> 
     </span>
    </p>
   </div>
   <div class='ocr_carea' id='block_1_58' title="bbox 271 5429 3562 5515">
    <p class='ocr_par' dir='ltr' id='par_1_58' title="bbox 271 5429 3562 5515">
     <span class='ocr_line' id='line_1_59' title="bbox 271 5429 3562 5515; baseline -0.005 -18"><span class='ocrx_word' id='word_1_761' title='bbox 271 5439 490 5512; x_wconf 87' lang='lat' dir='ltr'>Vigilio</span> <span class='ocrx_word' id='word_1_762' title='bbox 539 5455 657 5508; x_wconf 91' lang='lat' dir='ltr'>suo,</span> <span class='ocrx_word' id='word_1_763' title='bbox 707 5438 1047 5510; x_wconf 89' lang='lat' dir='ltr'>conjecturas</span> <span class='ocrx_word' id='word_1_764' title='bbox 1100 5439 1330 5512; x_wconf 89' lang='lat' dir='ltr'>aliquot,</span> <span class='ocrx_word' id='word_1_765' title='bbox 1359 5455 1494 5513; x_wconf 90' lang='lat' dir='ltr'>quas</span> <span class='ocrx_word' id='word_1_766' title='bbox 1521 5439 1592 5497; x_wconf 91' lang='lat' dir='ltr'>ad</span> <span class='ocrx_word' id='word_1_767' title='bbox 1629 5456 1748 5499; x_wconf 90' lang='lat' dir='ltr'>eam</span> <span class='ocrx_word' id='word_1_768' title='bbox 1778 5456 1896 5498; x_wconf 91' lang='lat' dir='ltr'>rem</span> <span class='ocrx_word' id='word_1_769' title='bbox 1925 5437 2294 5498; x_wconf 87' lang='lat' dir='ltr'>validissimas</span> <span class='ocrx_word' id='word_1_770' title='bbox 2325 5450 2500 5515; x_wconf 88' lang='lat' dir='ltr'>putat,</span> <span class='ocrx_word' id='word_1_771' title='bbox 2545 5441 2604 5499; x_wconf 91' lang='lat' dir='ltr'>in</span> <span class='ocrx_word' id='word_1_772' title='bbox 2635 5438 2877 5497; x_wconf 90' lang='lat' dir='ltr'>medium</span> <span class='ocrx_word' id='word_1_773' title='bbox 2909 5434 3132 5509; x_wconf 83' lang='lat' dir='ltr'>profert.</span> <span class='ocrx_word' id='word_1_774' title='bbox 3165 5429 3562 5486; x_wconf 79' lang='lat' dir='ltr'>Verumtamen</span> 
     </span>
    </p>
   </div>
   <div class='ocr_carea' id='block_1_59' title="bbox 273 5511 3566 5604">
    <p class='ocr_par' dir='ltr' id='par_1_59' title="bbox 273 5511 3566 5604">
     <span class='ocr_line' id='line_1_60' title="bbox 273 5511 3566 5604; baseline -0.004 -20"><span class='ocrx_word' id='word_1_775' title='bbox 273 5511 428 5587; x_wconf 85' lang='lat' dir='ltr'>haud</span> <span class='ocrx_word' id='word_1_776' title='bbox 483 5527 645 5586; x_wconf 87' lang='lat' dir='ltr'>facile</span> <span class='ocrx_word' id='word_1_777' title='bbox 683 5541 1012 5603; x_wconf 87' lang='lat' dir='ltr'>quemquam</span> <span class='ocrx_word' id='word_1_778' title='bbox 1060 5511 1619 5598; x_wconf 20' lang='lat' dir='ltr'>foreiexistimamus,</span> <span class='ocrx_word' id='word_1_779' title='bbox 1665 5529 1764 5603; x_wconf 86' lang='lat' dir='ltr'>qui</span> <span class='ocrx_word' id='word_1_780' title='bbox 1811 5529 1934 5593; x_wconf 83' lang='lat' dir='ltr'>sine</span> <span class='ocrx_word' id='word_1_781' title='bbox 1976 5511 2483 5604; x_wconf 75' lang='lat' dir='ltr'>manuscriptorum</span> <span class='ocrx_word' id='word_1_782' title='bbox 2519 5527 2868 5597; x_wconf 70' lang='lat' dir='ltr'>auctoritate,</span> <span class='ocrx_word' id='word_1_783' title='bbox 2919 5521 3036 5582; x_wconf 86' lang='lat' dir='ltr'>sine</span> <span class='ocrx_word' id='word_1_784' title='bbox 3077 5514 3363 5591; x_wconf 85' lang='lat' dir='ltr'>scriptoris</span> <span class='ocrx_word' id='word_1_785' title='bbox 3390 5511 3566 5570; x_wconf 80' lang='lat' dir='ltr'>ullius</span> 
     </span>
    </p>
   </div>
   <div class='ocr_carea' id='block_1_60' title="bbox 2478 5713 2518 5732">
    <p class='ocr_par' dir='ltr' id='par_1_60' title="bbox 2478 5713 2518 5732">
     <span class='ocr_line' id='line_1_61' title="bbox 2478 5713 2518 5732; baseline 0 0"><span class='ocrx_word' id='word_1_786' title='bbox 2478 5713 2518 5732; x_wconf 52' lang='grc' dir='ltr'>’ἢ</span> 
     </span>
    </p>
   </div>
  </div>
