4068 6188
488 272 591 340 579
1510 279 1605 337 AD
1633 280 1864 338 OPERA
1901 278 1954 335 S.
1996 277 2328 335 AMBROSII
2363 266 2741 334 APPENDIX.
3658 268 3766 336 580

488 399 804 460 testimonio
849 402 936 460 his
989 404 1302 476 persuaderi
1348 421 1404 460 se
1454 406 1729 475 patiatur;
1779 404 1977 476 quippe
2007 419 2127 475 quae
2161 403 2448 459 levissimae
2473 412 2620 472 sunt,
2652 410 2746 458 aut
2771 418 2993 475 prorsus
3016 403 3202 457 nullae.
3238 402 3394 458 Certe
3427 401 3657 475 quidem
3685 405 3765 462 eis

488 492 727 562 persuasi
774 508 885 547 non
932 499 1059 548 sunt
1100 507 1277 567 neque
1319 493 1663 549 Hermannus
1706 492 1764 548 in
1807 488 2086 548 Ambrosii
2139 492 2274 559 vita,
2319 506 2419 548 nec
2461 487 2781 558 Quenellius
2821 491 2879 546 in
2928 488 3247 561 Appendice
3279 489 3346 544 ad
3379 489 3559 561 Opera
3587 494 3764 550 sancti

488 578 685 637 Leonis
721 581 801 651 (in
829 579 1311 653 Elucidationibus)
1343 601 1354 638 :
1398 590 1624 654 uterque
1661 582 1807 637 enim
1839 581 1981 637 hanc
1999 581 2348 653 scriptionem
2381 582 2660 654 Gregorio,
2690 581 3042 637 Eliberitanas
3073 578 3218 635 sedis
3249 578 3307 632 in
3328 579 3621 649 provincia
3642 582 3762 639 Boe-

487 669 595 726 tica
646 669 923 744 episcopo,
955 671 1252 743 ascriptam
1276 672 1474 726 volunt
1506 669 1745 742 (dissert.
1781 664 1868 739 14,
1900 687 2020 744 pag.
2057 671 2156 727 719
2182 677 2238 725 et
2276 670 2425 740 720).
2464 670 2783 737 Quenellius
2811 669 3129 742 opinionem
3161 681 3315 724 suam
3343 675 3587 727 astruere
3609 671 3759 728 niti-

485 767 575 816 tur
617 757 705 815 his
746 759 1090 817 rationibus:
1141 759 1191 816 1.
1225 759 1375 833 quod
1402 759 1654 816 eumdem
1685 760 1890 816 librum
1914 760 1984 816 ab
2007 767 2227 818 auctore
2269 759 2464 816 Latino
2501 761 2804 832 profectum
2834 768 3076 818 constet:
3110 759 3162 816 2.
3196 758 3347 832 quod
3382 759 3760 833 Hieronymus

484 844 551 906 de
582 844 844 921 Gregorio
871 849 1165 907 Boeticensi
1200 849 1519 907 testiﬁcetur
1546 850 1625 907 De
1651 849 1781 907 Fide
1806 850 2107 922 elegantem
2139 849 2390 905 libellum
2419 848 2489 906 ab
2517 864 2580 905 eo
2608 849 2873 922 scriptum
2895 850 2991 921 (De
3018 847 3266 920 scriptor.
3304 848 3621 922 scelestust.)
3658 868 3672 906 :
3707 850 3762 909 3.

485 934 631 1012 quod
676 932 822 993 idem
870 933 1090 995 libellus
1124 937 1239 1012 jam
1288 939 1417 997 inde
1445 940 1513 997 ab
1542 938 1836 1013 Augustini
1865 955 1984 995 aavo
2010 939 2314 1011 praetulerit
2342 947 2619 998 auctorem
2647 938 2971 1013 Gregorium
3000 938 3261 1012 aliquem,
3293 938 3440 996 unde
3470 947 3526 995 et
3572 939 3755 998 eidem

484 1026 789 1102 Augustino
843 1027 1061 1088 errandi
1110 1030 1252 1089 facta
1294 1040 1376 1089 est
1423 1033 1668 1090 occasio:
1729 1030 1781 1087 4.
1834 1030 1981 1104 quod
2037 1037 2419 1102 argumentum
2481 1029 2774 1089 conveniat
2820 1046 2947 1089 cum
2993 1036 3149 1087 aetate
3206 1029 3458 1103 Gregorii
3510 1030 3766 1088 Eliberi-

484 1117 616 1187 lani,
669 1122 863 1176 contra
904 1135 1066 1193 quem
1118 1121 1282 1177 etiam
1329 1118 1575 1178 irritatos
1611 1117 2003 1192 imperatorum
2036 1119 2253 1177 animos
2298 1137 2412 1179 non
2452 1120 2805 1193 ignoramus:
2851 1119 2906 1176 5.
2950 1118 3174 1176 demum
3227 1117 3376 1191 quod
3419 1118 3524 1175 iste
3569 1127 3762 1176 auctor

483 1206 650 1263 trium
689 1204 1055 1281 hypostaseon
1096 1204 1476 1267 defensoribus
1519 1209 1800 1268 infensum
1841 1226 1899 1266 se
1950 1210 2207 1282 praebeat,
2254 1210 2402 1285 quod
2447 1210 2811 1269 Luciferianis
2841 1209 3042 1286 quibus
3071 1207 3219 1265 idem
3257 1222 3316 1264 se
3342 1205 3662 1277 addixerat,
3691 1208 3751 1265 in

482 1308 585 1352 usu
610 1305 745 1353 erat.

557 1384 655 1443 His
677 1384 1007 1459 conjecturis
1027 1386 1241 1460 pondus
1266 1407 1426 1446 suum
1456 1396 1618 1465 atque
1638 1398 1979 1448 momentum
2019 1404 2133 1446 esse
2158 1405 2270 1446 non
2286 1386 2639 1462 negabimus;
2664 1384 2863 1462 quibus
2889 1393 3073 1444 tamen
3103 1384 3199 1458 qui
3226 1366 3475 1442 holuerit
3500 1401 3564 1443 ac
3585 1386 3764 1459 quies-

480 1489 624 1545 cere,
656 1475 846 1533 saltem
876 1474 1069 1549 opellae
1097 1492 1261 1551 quam
1292 1477 1675 1554 expendimus,
1708 1480 2090 1553 antiquitatem
2105 1489 2160 1539 et
2187 1479 2511 1555 elegantiam
2540 1482 2599 1537 in
2621 1478 2854 1538 dubium
2883 1494 2995 1537 non
3026 1475 3325 1547 revocabit,
3354 1478 3400 1541 si
3431 1475 3759 1536 considera—

478 1567 625 1624 verit
646 1565 798 1624 illam
837 1575 892 1627 et
928 1567 1212 1642 allegatam
1241 1569 1308 1628 ab
1338 1570 1667 1645 Augustino,
1704 1576 1757 1627 et
1784 1571 1954 1630 tantis
1984 1569 2183 1629 Graecae
2216 1568 2529 1644 Latinaeque
2558 1569 2815 1628 Ecclesiae
2848 1565 3157 1626 luminibus
3187 1567 3495 1640 ascriptam.
3530 1566 3766 1625 Accedit

479 1664 741 1731 praeterea
788 1658 935 1733 quod
981 1659 1235 1718 avulsum
1271 1672 1342 1717 ex
1370 1660 1467 1717 illa
1490 1660 1859 1732 fragmentum
1898 1660 2063 1733 libro,
2100 1660 2195 1735 qui
2224 1659 2368 1718 inter
2397 1658 2593 1716 Hilarii
2624 1658 2983 1717 Pictaviensis
3011 1675 3174 1734 opera
3203 1658 3587 1717 circumfertur
3622 1656 3755 1725 (lib.

479 1743 559 1803 De
582 1745 768 1806 Patris
785 1754 833 1804 et
858 1746 993 1805 Filii
1022 1746 1256 1805 unitate:
1290 1761 1508 1807 necnon
1529 1748 1768 1807 sermoni
1809 1750 1996 1823 (serm.
2032 1746 2134 1808 150
2161 1756 2273 1807 vet.
2297 1748 2454 1820 edit.,
2479 1765 2629 1810 nunc
2661 1747 2783 1818 113,
2815 1748 3048 1824 append.
3079 1766 3210 1808 nov.
3243 1744 3425 1821 edit),
3455 1764 3613 1822 quem
3636 1746 3762 1805 diu-

477 1834 691 1896 tissime
723 1836 1030 1913 Augustino
1060 1836 1470 1915 adjudicarunt,
1502 1840 1769 1898 insertum
1798 1840 1924 1902 fuit.

833 2158 1139 2332 DE
1275 2156 1813 2328 FIDE
1951 2148 3419 2323 ORTHODOXA

1477 2458 2035 2581 CONTRA
2130 2454 2785 2587 ARIANOS.

488 2816 651 3007 DE
735 2802 1034 3006 FILII
1120 2812 1863 3014 D’lVlNlTATE
1951 2656 3754 3005 EiMSGONSUBSTANTIALlTATE

1696 3074 2542 3231 TRACTATUS.

564 3375 709 3441 345
733 3365 1115 3434 CONFESSIO
1138 3366 1735 3430 FIDEI.--Credimus
1768 3363 1826 3448 in
1854 3366 2053 3432 Deum,
2089 3364 2142 3426 Α
2172 3357 2278 3419 sibi
2325 3366 2439 3420 tam
2496 3368 2812 3436 arroganter
2865 3375 3137 3423 summam
3192 3360 3459 3424 doctrinae
3519 3362 3737 3424 crelesti

482 3466 699 3531 Patrem
736 3467 1188 3544 omnipotentem,
1221 3468 1469 3527 omnium
1497 3466 1803 3525 visibilium
1832 3469 1886 3521 et
1905 3461 2062 3521 invi—
2169 3454 2428 3544 assumat,
2474 3459 2538 3508 ut
2568 3457 2722 3544 putet
2755 3466 2812 3511 se
2839 3453 3026 3544 omnia
3049 3452 3310 3544 mysteria
3338 3449 3552 3528 liquido
3577 3470 3755 3544 com-

484 3558 731 3616 sibilium
786 3536 1072 3626 factorem,
1128 3536 1183 3614 et
1235 3570 1411 3614 unum
1457 3555 1756 3613 Dominum
1812 3561 2059 3612 nostrum

2181 3536 2436 3612 prehensa
2485 3541 2741 3611 retinere,
2790 3556 2914 3600 cum
2972 3541 3172 3601 Paulus
3220 3544 3500 3617 apostolus
3560 3541 3753 3602 dicat:

485 3643 668 3703 Iesum
709 3640 990 3703 Christum
1036 3641 1241 3700 Filium
1269 3644 1392 3709 Dei,
1420 3646 1611 3700 natum
1647 3642 1714 3699 de
1741 3642 1899 3699 Patre
1926 3641 2064 3699 uni-
2184 3648 2205 3677 ι
2232 3627 2337 3697 Ωιιὶ
2366 3644 2493 3702 ergo
2506 3636 2661 3703 putat
2684 3645 2742 3688 se
2770 3629 2981 3705 aliquid
3009 3631 3167 3702 scire,
3188 3630 3423 3691 necdum
3440 3631 3545 3690 scit
3563 3648 3751 3706 quem-

486 3749 634 3801 cum,
665 3732 773 3790 hoc
798 3739 901 3801 est,
928 3730 995 3787 de
1028 3731 1334 3787 substantia
1360 3730 1537 3788 Patris
1561 3744 1573 3788 :
1622 3731 1797 3787 Deum
1826 3724 1894 3788 de
1928 3728 2059 3799 Deo,

2181 3715 2467 3775 admodum
2526 3723 2772 3792 oporteat
2823 3719 2962 3777 scire
3018 3718 3072 3793 (Ι
3119 3719 3245 3778 Cor.
3302 3736 3427 3791 vni,
3473 3720 3569 3793 2):
3605 3745 3624 3771 ι
3674 3727 3753 3789 et,

485 3820 672 3881 lumen
700 3819 769 3878 de
791 3816 1019 3887 lumine,
1047 3815 1220 3876 Deum
1249 3832 1439 3876 verum
1467 3818 1535 3876 de
1562 3816 1677 3877 Deo
1705 3830 1856 3888 vero,
1875 3824 2064 3875 natum

484 3924 598 3970 non
651 3908 893 3968 factum:
933 3907 1101 3965 unius
1159 3905 1479 3966 substantiae
1523 3922 1653 3967 cum
1695 3907 1872 3978 Patre,
1921 3906 2068 3982 quod

486 3998 663 4061 Graeci
718 3997 914 4058 dicunt
962 4000 1269 4080 ὁμοοὺσιονς
1333 4010 1429 4071 per
1482 4011 1646 4072 quem
1701 3993 1887 4055 omnia
1928 3992 2070 4055 facta

485 4104 634 4165 sunt,
691 4094 809 4155 sive
857 4109 979 4172 quae
1014 4094 1074 4153 in
1117 4094 1275 4167 coelo,
1325 4092 1442 4153 sive
1479 4109 1598 4170 qum
1642 4093 1699 4153 in
1740 4098 1927 4162 terra;
1976 4091 2069 4167 qui

485 4189 709 4261 propter
756 4198 858 4243 nos
909 4182 1184 4255 homines,
1230 4194 1283 4243 et
1327 4190 1547 4259 propter
1576 4191 1813 4240 nostram
1842 4180 2070 4241 salutem

487 4274 791 4347 descendit,
843 4287 899 4335 et
947 4276 1262 4335 incarnatus
1317 4281 1419 4345 est,
1467 4282 1521 4331 et
1562 4272 1729 4331 homo
1771 4270 1946 4330 factus
1968 4281 2070 4340 est,

486 4379 677 4439 passus
713 4369 818 4433 est,
852 4363 1153 4423 resurrexit
1179 4364 1343 4424 tertia
1367 4360 1475 4433 die,
1507 4358 1753 4421 ascendit
1780 4356 1849 4418 ad
1883 4363 2070 4431 caelos,

486 4451 615 4510 inde
666 4460 937 4509 venturus
990 4458 1071 4509 est
1124 4448 1372 4525 judicare
1418 4450 1578 4509 vivos
1623 4457 1676 4510 et
1704 4456 1983 4507 mortuos:
2020 4454 2074 4508 et

488 4548 755 4621 Spiritum
812 4555 1082 4606 sanctum.
1140 4546 1250 4607 Eos
1302 4554 1483 4605 autem
1541 4548 1636 4622 qui
1680 4544 1906 4605 dicunt:
1943 4547 2075 4604 Erat

489 4634 710 4712 quando
758 4650 872 4694 non
929 4645 1065 4708 erat,
1116 4639 1169 4694 et
1222 4637 1538 4711 priusquam
1592 4647 1921 4706 nasceretur,
1963 4652 2075 4693 non

2185 3827 2209 3856 ι
2235 3804 2398 3864 modo
2445 3822 2541 3880 per
2583 3809 2867 3882 speculum
2897 3810 2956 3865 in
2983 3809 3269 3883 aenigmate
3297 3806 3567 3877 videmus,
3612 3812 3752 3865 tunc

2173 3894 2312 3953 facie
2340 3894 2408 3953 ad
2437 3892 2632 3953 faciem
2665 3897 2724 3969 (Ι
2755 3897 2880 3955 Cor.
2901 3912 3027 3968 xm,
3063 3898 3209 3971 12).»
3252 3896 3353 3955 Sin
3381 3912 3510 3955 vero
3537 3894 3758 3954 cunctis

2178 3983 2385 4054 omnia,
2437 3998 2560 4058 quae
2611 3983 2729 4041 illic
2757 3986 2960 4059 scripta
2989 3996 3163 4056 erant,
3189 3985 3355 4059 juxta
3382 3982 3547 4044 ﬁdem
3577 3998 3765 4042 veram

2178 4076 2426 4129 constare
2491 4073 2829 4143 viderentur,
2881 4080 2998 4131 tum
3032 4083 3087 4132 et
3133 4074 3248 4148 ipse
3296 4072 3610 4148 petentibus
3654 4085 3765 4128 non

2181 4170 2418 4236 negaret.
2469 4163 2626 4232 Quod
2672 4178 2799 4221 eum
2826 4163 2906 4221 ita
2932 4162 3127 4222 fecisse
3160 4160 3515 4221 manifestum
3540 4168 3642 4218 est.
3694 4158 3765 4216 Et

2178 4252 2313 4326 quia
2364 4266 2450 4310 res
2501 4252 2668 4327 digna
2719 4261 2832 4311 tam
2881 4254 3167 4314 catholicae
3214 4252 3569 4320 confessioni,
3601 4264 3765 4324 quam

2181 4344 2325 4405 348
2382 4340 2650 4400 haereticae
2698 4344 3064 4417 responsioni,
3114 4340 3501 4401 universorum
3551 4336 3766 4413 judicio

2182 4436 2446 4498 aestimata
2490 4446 2593 4509 est,
2641 4439 2806 4499 multi
2847 4454 2973 4499 eum
3014 4438 3104 4497 vel
3130 4440 3308 4513 legere
3337 4436 3426 4497 vel
3456 4430 3766 4495 describere

2179 4530 2494 4588 voluerunt.

2252 4627 2357 4687 Sed
2399 4644 2511 4687 non
2555 4625 2733 4686 defuit
2760 4626 2856 4702 qui
2893 4626 2983 4686 vel
3010 4642 3111 4703 pro
3138 4628 3323 4688 studio
3362 4626 3646 4695 doctrinm,
3676 4622 3766 4685 vel

487 4736 620 4795 erat,
670 4734 724 4784 et
770 4722 1113 4796 mutabilem,
1144 4724 1233 4783 vel
1261 4720 1680 4783 convertibilem
1711 4738 1825 4783 esse
1863 4723 2069 4782 Filium
2101 4727 2148 4792 Β
2176 4732 2275 4791 pro
2326 4717 2610 4775 charitatis
2660 4713 2861 4784 oﬂicio,
2904 4732 2967 4775 ea
3023 4732 3144 4792 quae
3172 4735 3208 4775 a
3252 4717 3411 4775 nobis
3437 4718 3584 4774 dicta
3614 4721 3764 4785 sunt,

486 4812 587 4873 Dei
613 4830 628 4885 ;
663 4811 768 4873 bos
792 4813 1218 4874 auathematlzat
1255 4812 1524 4874 catholica
1554 4822 1609 4872 et
1645 4813 1943 4890 apostolica
1976 4813 2075 4872 Ec-

486 4904 670 4964 clesia.
703 4910 903 4964 Amen.

494 5006 503 5014 '
555 4994 940 5056 PROLOGUS.
971 5024 1042 5039 -
1071 4993 1275 5055 Amore
1329 4994 1614 5055 catholicae
1665 4992 1793 5053 ﬁdei
1856 4993 2072 5066 ductus,

481 5080 812 5160 jampridem
870 5080 1132 5143 adversus
1178 5082 1410 5143 Arianos
1457 5081 1708 5145 libellum
1750 5083 2024 5142 edideram
2053 5129 2068 5155 ,

488 5188 650 5249 quem
690 5187 818 5233 cum
840 5172 1020 5233 amico
1059 5170 1350 5248 legendum
1389 5170 1680 5243 dedissem,
1716 5173 1843 5248 quia
1871 5173 2083 5248 placuit

483 5264 722 5327 credidit
750 5261 1252 5323 transcribendum.
1284 5266 1458 5338 Aque
1487 5264 1594 5323 hoc
1621 5279 1718 5337 ego
1746 5280 2074 5338 magnopere

485 5358 785 5431 postulavi,
839 5365 902 5415 ut
960 5357 1181 5414 interim
1237 5354 1581 5413 dissimulato
1623 5364 1865 5425 auctore,
1900 5355 2085 5415 doctis

484 5444 623 5503 viris
666 5455 719 5503 et
766 5445 1131 5521 prudentibus
1160 5446 1392 5520 legeret;
1435 5451 1496 5503 ut
1522 5445 1568 5501 si
1601 5461 1761 5520 quem
1791 5443 2070 5517 movisset,

416 5610 429 5617 κ
486 5531 636 5611 quod
666 5533 782 5592 illic
809 5535 936 5609 plus
949 5539 1045 5592 aut
1061 5532 1245 5593 minus
1278 5534 1517 5608 positum
1548 5534 1860 5608 videretur;
1896 5546 2073 5613 posset

488 5620 859 5693 plurimorum
892 5622 1129 5684 consilio
1157 5626 1457 5685 emendari.
1491 5625 1663 5687 Nemo
1689 5636 1771 5687 est
1801 5627 1950 5686 enim
1977 5626 2073 5702 qui

2184 4806 2559 4880 scrupulosius
2585 4812 2933 4877 retractaret;
2969 4815 3026 4865 et
3052 4804 3299 4881 quaedam
3329 4805 3423 4864 ille
3450 4804 3537 4862 vel
3568 4820 3769 4878 super-

2184 4894 2315 4965 ﬂua,
2342 4893 2431 4953 vel
2459 4891 2715 4969 ambigua
2747 4892 2973 4967 diceret,
3004 4912 3124 4972 quae
3152 4896 3315 4956 aliter
3342 4904 3562 4971 possent
3588 4911 3622 4950 a
3648 4891 3769 4967 qui-

2184 4983 2436 5056 busdam,
2488 5000 2651 5060 quam
2706 5001 2739 5043 a
2784 5003 2872 5044 me
2908 4985 3059 5045 dicta
3102 4994 3255 5058 sunt,
3302 4984 3495 5060 accipi.
3527 4975 3766 5041 Proinde

2185 5094 2375 5136 rursus
2410 5094 2472 5135 ea
2504 5078 2621 5153 ipsa
2668 5077 2907 5152 planiori
2938 5095 3187 5138 sermone
3216 5078 3274 5138 in
3303 5078 3411 5139 hoc
3448 5073 3639 5135 libello
3669 5072 3765 5130 di-

2185 5167 2348 5241 gessi,
2392 5174 2454 5225 ut
2499 5177 2554 5225 et
2580 5166 2992 5240 simplicitatem
3029 5184 3221 5228 sensus
3258 5168 3366 5228 mei
3396 5165 3764 5233 ostenderem,

2184 5263 2238 5315 et
2264 5256 2585 5331 scrupulum
2620 5255 2926 5331 legentibus
2954 5267 3313 5334 amputarem.

2254 5357 2388 5414 Nam
2433 5356 2538 5413 boc
2576 5365 2660 5413 est
2686 5358 2832 5433 quod
2860 5358 3017 5417 aiunt
3044 5374 3201 5433 posse
3230 5355 3578 5433 reprehendi,
3617 5350 3764 5429 quod

2182 5443 2279 5503 ubi
2326 5442 2569 5504 Verbum
2616 5445 2715 5505 Dei
2765 5465 2836 5507 ex
2887 5466 3117 5523 persona
3158 5448 3291 5507 Filii
3319 5447 3627 5525 posuimus,
3656 5444 3767 5501 tot!

2181 5533 2289 5592 hoc
2316 5533 2545 5593 verbum
2588 5537 2893 5614 intelligere
2923 5548 3198 5616 putemus,
3229 5542 3390 5615 quale
3420 5531 3767 5613 grammatici

2185 5626 2410 5687 tradunt
2447 5628 2645 5702 spiritu
2685 5630 2797 5689 oris
2823 5647 3004 5691 aerem
3032 5632 3323 5700 offensum,
3351 5625 3763 5701 intelligibilem
