4064 6178
249 344 343 401 581
1113 401 1116 404 .
1403 351 1496 407 DE
1533 353 1695 409 FIDE
1735 353 2009 413 CONTRA
2050 356 2376 418 ARIANOS.
3405 329 3509 432 ass

247 444 457 500 auditu.
499 441 604 499 Sed
655 443 1104 537 nossapientiam
1134 461 1243 500 non
1274 444 1438 516 hujus
1467 449 1680 537 mundi,
1711 466 1830 521 quas
1858 453 1906 512 Α
2011 455 2254 526 Denique
2283 456 2491 511 Patrem
2524 465 2577 514 et
2611 457 2809 516 Filium
2841 459 3108 519 catholica
3135 462 3503 537 nominamus,

244 533 561 599 destruitur,
594 531 684 586 sed
717 533 864 586 illam
895 548 1012 603 quas
1042 547 1111 589 ex
1140 535 1251 589 Deo
1276 542 1376 602 est,
1407 535 1683 602 novimus,
1707 551 1825 607 qua:
1933 540 2070 595 duos
2116 551 2295 598 autem
2340 540 2468 598 deos
2512 544 2690 601 dicere
2738 563 2837 604 nec
2874 564 3160 620 possumus
3202 569 3302 611 nec
3339 531 3505 613 debe;

246 621 484 676 Verbum
517 619 613 685 Dei
647 621 818 675 Deum
857 622 1120 687 insinuat,
1149 636 1274 677 cum
1307 623 1479 678 dicit:
1528 648 1546 670 α
1581 627 1641 679 In
1680 625 1826 695 prin-

242 711 387 778 cipio
417 717 532 762 erat
567 707 827 773 Verbum,
859 716 911 762 et
947 707 1185 763 Verbum
1227 721 1341 766 erat
1380 711 1521 782 apud
1547 713 1743 776 Deum,
1771 722 1825 770 et

241 800 381 854 Deus
409 804 526 851 erat
559 796 821 852 Verbum.
856 797 1052 852 Omnia
1082 813 1178 868 per
1208 799 1385 870 ipsum
1423 800 1564 856 facta
1590 810 1737 866 sunt,
1767 808 1821 856 et

235 885 348 943 sine
376 884 496 957 ipso
533 885 737 940 factum
766 890 848 940 est
880 886 1019 940 nihil
1053 886 1232 956 (Joan.
1263 889 1313 955 1,
1345 889 1425 958 3).
1463 913 1482 938 ι
1524 889 1676 946 Unde
1707 890 1822 945 mi-

234 974 342 1030 rari
402 989 489 1028 me
533 974 708 1028 fateor
756 974 859 1030 hoc
901 975 977 1030 ita
1022 976 1216 1030 sentiri
1245 977 1503 1047 potuisse,
1537 978 1689 1049 quasi
1720 991 1818 1034 nos

237 1076 521 1153 personam
562 1063 846 1153 propriam
871 1063 1060 1130 Verbi,
1092 1064 1238 1135 quod
1265 1072 1348 1119 est
1377 1064 1570 1133 Filius,
1601 1078 1816 1153 negare-
1924 1067 2096 1128 dicit:
2141 1095 2161 1121 ι
2199 1075 2313 1147 Ego
2344 1082 2398 1131 et
2425 1073 2583 1132 Pater
2609 1090 2783 1133 unum
2815 1091 3005 1134 sumus
3031 1078 3214 1150 (Joan.
3245 1093 3302 1146 x,
3334 1079 3448 1153 30).
3469 1103 3490 1132 ι

233 1166 371 1218 mus,
408 1151 577 1207 Nemo
613 1152 780 1207 verbo
813 1159 971 1208 tenus
991 1153 1258 1220 nominat,
1287 1167 1450 1224 quem
1479 1167 1604 1208 vere
1633 1152 1815 1210 essein
1929 1158 2099 1215 Unum
2129 1162 2197 1218 ad
2227 1162 2492 1219 unitatem
2522 1163 2852 1233 divinitatis,
2893 1172 2956 1222 ut
2981 1167 3121 1234 dixi,
3169 1166 3334 1222 refert
3361 1184 3370 1221 :
3404 1151 3505 1226 su-

233 1255 457 1312 persoua
503 1255 602 1296 sua
649 1241 848 1313 saepius
894 1241 1181 1312 proﬁtetur
1208 1257 1220 1295 :
1259 1257 1384 1297 nam
1417 1242 1694 1314 quomodo
1721 1249 1816 1298 aut
1920 1261 2037 1303 mus
2065 1255 2246 1305 autem
2277 1252 2523 1322 personis
2551 1253 2808 1324 assignat.
2839 1253 2946 1309 Sed
2981 1261 3036 1311 et
3063 1255 3358 1326 Apostolus
3385 1257 3498 1318 ait:

233 1343 419 1384 verum
457 1329 684 1397 Filium,
719 1335 813 1384 aut
835 1345 1025 1386 verum
1068 1332 1280 1386 Patrem
1320 1331 1557 1387 confessi
1597 1345 1807 1399 sumus,
1932 1359 1953 1384 ι
1991 1335 2142 1394 Unus
2183 1348 2283 1409 est,
2329 1341 2528 1415 inquit,
2576 1343 2721 1398 Deus
2757 1342 2934 1410 Pater,
2965 1355 3034 1398 ex
3063 1357 3172 1415 quo
3199 1345 3420 1400 omnia:
3446 1354 3504 1403 et

231 1415 273 1471 si
320 1431 432 1472 non
467 1431 607 1505 vere
665 1419 1052 1489 proprietatem
1082 1433 1437 1492 personarum
1489 1426 1599 1475 tam
1637 1418 1811 1475 Patris
1917 1438 2017 1481 nos
2045 1423 2103 1482 in
2133 1430 2288 1498 ipso:
2319 1436 2374 1483 et
2413 1443 2556 1485 unus
2586 1429 2856 1485 Dominus
2895 1431 3048 1485 Iesus
3097 1427 3368 1500 Christus,
3408 1445 3504 1505 per

228 1519 383 1576 quam
414 1504 545 1560 Filii
578 1507 938 1562 servavimus.
1917 1528 2077 1587 quem
2106 1516 2328 1583 omnia;
2361 1526 2415 1573 et
2445 1533 2544 1573 nos
2582 1533 2677 1590 per
2717 1519 2915 1590 ipsum.
2967 1519 3072 1573 Sed
3115 1531 3227 1574 non
3275 1520 3334 1576 in
3371 1504 3503 1578 oin-

287 1609 398 1667 Sed
429 1609 560 1683 quia
587 1610 755 1667 unius
775 1610 874 1668 Dei
905 1611 1232 1669 vocabulum
1263 1612 1528 1683 diximus,
1550 1628 1793 1687 persona:

1915 1601 2080 1659 nibus
2107 1611 2188 1660 est
2217 1604 2447 1660 scientia
2479 1606 2537 1676 (I
2565 1608 2691 1663 Cor.
2715 1621 2836 1674 VIII,
2868 1607 2921 1674 6,
2955 1605 3032 1677 7).
3058 1628 3078 1655 ι

1934 641 2092 695 mus;
2145 644 2253 684 non
2307 629 2451 701 quod
2481 629 2655 687 Filius
2703 633 2801 690 Dei
2834 637 2978 692 Deus
3007 651 3117 693 non
3147 638 3237 708 sit,
3277 639 3387 699 imo
3416 659 3504 702 ve-

1932 734 2024 774 rus
2053 720 2197 776 Deus
2224 721 2291 776 de
2312 723 2423 778 Deo
2453 738 2615 791 vero;
2648 724 2741 780 sed
2767 726 2893 798 quia
2920 743 3031 784 non
3067 727 3308 798 aliunde,
3342 746 3502 803 quam

1929 806 1996 861 de
2042 807 2159 879 ipso
2198 825 2310 865 uno
2356 810 2511 866 Patre
2549 812 2644 868 Dei
2691 812 2895 869 Filium
2954 816 3229 883 novimus,
3280 818 3504 888 perinde

1928 909 2098 951 unum
2129 897 2301 953 Deum
2327 898 2581 956 dicimus.
2618 901 2732 957 Hoc
2750 901 2897 957 enim
2925 903 3222 974 prophetae,
3247 903 3352 962 hoc
3380 923 3503 978 apo-

1926 982 2053 1039 stoli
2085 985 2448 1056 tradiderunt,
2498 988 2602 1045 hoc
2645 989 2760 1061 ipse
2804 991 3072 1047 Dominus
3126 992 3334 1062 docuit,
3377 1009 3502 1054 cum

224 1712 440 1770 negasse
469 1699 826 1770 putamur.Et
858 1699 987 1757 hinc
1015 1699 1314 1756 verisimile
1341 1701 1522 1758 visum
1553 1712 1634 1760 est
1655 1705 1801 1776 quod
1984 1700 2103 1768 Qua
2130 1701 2198 1758 de
2227 1716 2285 1757 re
2312 1702 2625 1774 explanatis
2671 1702 2758 1759 his
2787 1703 2988 1771 verbis,
3022 1717 3142 1776 qua)
3177 1703 3498 1778 scrupulum

223 1787 522 1858 posuimus.
554 1787 663 1843 Nos
701 1787 911 1843 Patrem
942 1795 996 1843 et
1025 1788 1224 1845 Filium
1254 1789 1330 1845 ita
1358 1790 1803 1859 nominamus,ut
1835 1793 1881 1853 B
1916 1805 2028 1846 non
2061 1789 2198 1846 mihi
2239 1791 2332 1862 qui
2375 1791 2488 1847 scio
2539 1791 2685 1864 quod
2732 1791 2991 1860 dixerim,
3022 1791 3117 1848 sed
3137 1792 3261 1849 aliis
3287 1792 3501 1852 infere-

221 1891 389 1930 unum
420 1876 594 1930 Deum
629 1879 686 1929 in
719 1875 805 1930 his
844 1877 1088 1947 personis

224 1977 365 2019 mus.
405 1963 570 2018 Porro
591 1960 790 2019 iterum
818 1963 976 2018 Pater
1003 1973 1056 2019 et
1081 1960 1276 2033 Filius,
1302 1964 1403 2020 etsi
1433 1965 1543 2020 duo
1578 1967 1804 2022 nomina

219 2052 600 2125 appellantur;
645 2053 858 2108 ratione
912 2061 1095 2109 tamen
1155 2061 1210 2110 et
1260 2051 1566 2110 substantia
1627 2069 1799 2111 unum

215 2149 373 2196 sunt:
418 2148 475 2196 et
513 2155 633 2197 cum
685 2141 902 2199 Patrem
949 2149 1004 2198 et
1055 2141 1261 2198 Filium
1295 2149 1499 2210 statuo,
1531 2143 1796 2200 unitatem

213 2230 430 2302 assigno
453 2231 684 2302 generis.

284 2333 438 2391 347
485 2329 613 2385 Haec
658 2327 845 2384 omnia
897 2328 1132 2401 intelligi
1161 2344 1318 2402 posse
1351 2331 1615 2388 aestimata
1644 2338 1793 2402 sunt,

212 2423 359 2499 quasi
413 2423 518 2482 ista
544 2425 811 2484 vocabula
849 2425 990 2483 inter
1023 2426 1236 2484 Patrem
1269 2435 1323 2484 et
1353 2429 1556 2485 Filium
1586 2428 1661 2487 ita
1689 2445 1798 2503 po-

211 2514 303 2570 sita
351 2512 491 2581 sint,
533 2522 596 2570 ut
636 2522 715 2571 est
744 2529 947 2571 nomen
975 2521 1029 2571 et
1057 2531 1380 2587 cognomen,
1416 2516 1582 2573 unius
1610 2524 1796 2574 tamen

214 2615 456 2672 personae
490 2621 504 2668 ;
534 2617 660 2660 cum
688 2619 756 2659 ex
790 2601 1165 2676 superioribus
1195 2613 1286 2661 aut
1316 2601 1670 2661 inferioribus
1698 2602 1796 2661 di-

211 2691 303 2746 ctis
360 2691 608 2762 potuerit
644 2689 759 2748 haec
800 2691 1037 2764 suspicio
1084 2706 1194 2748 non
1233 2691 1470 2749 admitti.
1512 2693 1617 2762 Qui
1647 2693 1792 2750 enim

213 2776 419 2834 Filium
451 2780 548 2834 Dei
577 2794 687 2834 non
716 2777 935 2836 aliunde
965 2785 1151 2836 natum
1183 2779 1431 2837 dixeram
1462 2796 1623 2854 quam
1658 2796 1796 2852 pro-

205 2868 312 2940 prie
345 2868 422 2923 de
461 2868 637 2936 Patre,
668 2874 844 2924 totum
878 2870 944 2924 de
991 2877 1127 2937 toto,
1165 2869 1435 2942 integrum
1465 2869 1531 2926 de
1561 2869 1793 2943 integro,

210 2956 512 3028 perfectum
544 2956 610 3012 de
640 2958 902 3028 perfecto,
933 2965 1472 3031 consummatamque
1510 2959 1791 3029 virtutem;

208 3049 490 3122 quomodo
547 3051 699 3122 potui
758 3051 932 3123 ipsum
966 3053 1203 3121 Patrem,
1244 3052 1423 3124 ipsum
1455 3052 1559 3108 sibi
1590 3051 1793 3136 Filium

1203 1876 1522 1932 nominibus
1556 1878 1806 1950 assigne—
1916 1877 2066 1946 bant,
2099 1887 2233 1951 puto
2263 1881 2603 1936 occasionem
2634 1881 2788 1936 malae
2820 1880 3286 1953 interpretationis
3330 1879 3499 1939 fuisse

1916 1966 2206 2023 sublatam.
2246 1968 2381 2035 Nam
2429 1973 2484 2022 et
2526 1967 2791 2039 professio
2838 1967 2970 2025 ﬁdei
2999 1968 3288 2025 manifesta
3313 1972 3413 2036 est,
3442 1977 3499 2027 et

1914 2070 2145 2128 persona
2195 2071 2319 2112 cum
2373 2056 2658 2114 vocabulis
2707 2062 2945 2127 constat,
2993 2064 3046 2115 et
3094 2070 3207 2115 una
3233 2054 3498 2116 divinitas

1913 2146 2184 2216 assignate
2211 2151 2310 2201 est.

1984 2244 2085 2300 Vel
2116 2244 2162 2298 si
2207 2243 2388 2300 adhuc
2419 2244 2627 2318 aliquid
2669 2245 2815 2318 quod
2846 2243 3151 2318 legentibus
3179 2242 3495 2317 ambiguum

1909 2330 2165 2388 videatur
2195 2331 2252 2387 in
2281 2332 2483 2400 verbis,
2513 2332 2579 2388 ad
2610 2347 2801 2389 sensus
2819 2330 3020 2389 debent
3047 2332 3213 2389 verba
3233 2333 3492 2402 conferri,
3547 2403 3556 2406 _

1909 2420 2038 2493 quia
2067 2434 2176 2475 non
2207 2418 2534 2493 simplicitas
2562 2419 2878 2489 verborum,
2912 2419 3006 2478 sed
3029 2421 3160 2476 mali
3184 2421 3492 2478 intellectus

1910 2509 2204 2566 obstinatio
2235 2511 2447 2582 culpam
2480 2511 2609 2568 olet.
2655 2514 2729 2568 At
2759 2527 2883 2569 cum
2919 2526 3110 2568 sensus
3139 2515 3324 2568 noster
3365 2524 3491 2567 cum

1907 2599 2137 2654 veritate
2184 2600 2496 2668 concordet,
2545 2607 2599 2656 et
2655 2598 2822 2656 verba
2867 2600 3070 2656 debent
3117 2613 3244 2655 cum
3276 2599 3490 2654 ratione

1908 2688 2295 2745 sincerissima.
2340 2688 2493 2745 Unde
2541 2705 2570 2744 a
2607 2687 2961 2761 simplicitate
3006 2686 3310 2745 christiana
3355 2701 3489 2744 aca-

1909 2777 2155 2835 demicus
2185 2777 2493 2851 disputator
2517 2777 2790 2837 abscedat.

1979 2877 2206 2934 CAPUT
2253 2877 2542 2935 PRIMUM.
2577 2907 2647 2919 —
2678 2876 2877 2934 Multas
2921 2871 3142 2949 quidem
3193 2879 3248 2933 et
3299 2889 3487 2950 graves

1908 2963 2140 3023 haereses
2185 2967 2442 3022 novimus
2485 2984 2516 3022 a
2558 2965 2812 3038 plurimis
2869 2965 3118 3033 ebullire,
3187 2972 3241 3022 et
3286 2966 3485 3022 veneni

1906 3056 2046 3124 vice,
2068 3056 2135 3112 ad
2156 3057 2410 3112 intimum
2429 3061 2618 3128 pectus
2628 3053 2868 3112 canceris
2883 3055 2969 3110 sui
2985 3051 3160 3110 virtus
3176 3051 3481 3123 infundere;

209 3153 439 3210 ponere,
465 3137 644 3196 ethoc
672 3138 836 3196 modo
866 3155 1030 3196 unam
1061 3156 1347 3214 personam
1366 3139 1582 3198 duobus
1608 3141 1799 3198 nomi-
1833 3137 1876 3197 Ο
1905 3142 1998 3200 sed
2043 3145 2193 3202 vinci
2241 3143 2325 3200 illi
2373 3146 2460 3201 vel
2507 3144 2666 3201 facile
2710 3148 2955 3216 possunt,
2987 3143 3074 3198 vel
3105 3138 3266 3199 facile
3296 3141 3481 3212 vitari,

202 3227 364 3287 nibus
408 3228 718 3300 appellare;
751 3229 951 3302 quippe
975 3245 1099 3286 cum
1130 3238 1186 3286 et
1213 3229 1353 3288 hanc
1381 3238 1604 3299 sectam,
1632 3230 1689 3288 id
1710 3239 1792 3289 est

199 3315 590 3385 Sabellianam,
614 3317 671 3373 in
703 3316 892 3374 eodem
921 3315 1108 3375 libello
1145 3317 1544 3389 damnaverim,
1577 3327 1631 3376 et
1656 3336 1788 3393 per-

195 3420 461 3464 sonarum
492 3403 905 3462 distinctionem
942 3405 1242 3464 secundum
1286 3407 1614 3465 vocabulum
1645 3409 1792 3467 scri-

201 3493 462 3568 pserim?
512 3493 646 3552 Nam
695 3501 751 3552 et
803 3510 966 3551 nemo
1021 3510 1121 3567 pro
1177 3511 1287 3552 una
1330 3511 1560 3568 persona
1589 3501 1786 3568 potest,

197 3597 374 3641 unum
410 3583 758 3652 suntdicere,
787 3581 876 3641 vel
906 3580 1171 3641 unitatem
1200 3584 1413 3659 generis
1459 3585 1566 3642 nisi
1595 3599 1790 3657 perso-

196 3673 278 3730 nis
306 3669 611 3749 assignare.

259 3770 406 3840 Quis
454 3777 636 3826 autem
692 3769 1089 3830 catholicorum
1146 3772 1363 3846 ignorat
1410 3772 1626 3832 Patrem
1660 3791 1789 3834 vere

191 3872 310 3916 esse
345 3858 585 3928 Patrem,
619 3858 820 3917 Filium
852 3877 980 3918 vere
1010 3862 1238 3932 Filium,
1269 3869 1323 3920 et
1360 3863 1623 3936 Spiritum
1653 3879 1788 3921 san-

187 3954 348 4006 ctum
398 3963 529 4006 vere
572 3964 684 4005 esse
739 3948 1006 4022 Spiritum
1036 3960 1287 4010 sanctum
1313 3952 1341 4009 7
1369 3953 1512 4012 sicut
1541 3952 1654 4025 ipse
1683 3953 1787 4010 Do-

186 4038 389 4096 minus
419 4035 486 4092 ad
530 4039 804 4108 apostolos
833 4055 957 4096 suos
983 4042 1118 4098 dicit
1144 4059 1155 4098 :
1212 4065 1231 4090 ι
1257 4041 1487 4100 Ἐυῐηθε
1517 4042 1786 4114 baptizata

180 4137 399 4182 omnes
430 4131 616 4194 gentes
653 4124 708 4180 in
737 4126 960 4183 nomine
986 4129 1180 4197 Patris,
1205 4141 1258 4188 et
1288 4133 1436 4202 Filii,
1467 4140 1522 4189 ct
1549 4132 1788 4204 Spiritus

185 4210 386 4271 sancti
441 4209 652 4280 (Matth.
696 4227 902 4279 xxvm,
927 4213 1038 4286 19).
1065 4241 1083 4266 ι
1127 4217 1252 4275 Haec
1280 4227 1360 4277 est
1389 4221 1624 4294 perfecta
1652 4219 1786 4278 Tri-

184 4301 346 4360 nitas
394 4299 453 4356 in
509 4300 721 4357 unitate
777 4303 1098 4372 consistens,
1149 4322 1310 4378 quam
1361 4310 1567 4367 scilicet
1618 4311 1784 4366 unius

188 4388 523 4450 substantia:
583 4389 925 4462 proﬁtemur.
975 4390 1095 4447 Non
1150 4392 1297 4449 enim
1344 4410 1442 4454 nos
1484 4397 1782 4454 secundum

1902 3249 2135 3306 quorum
2169 3232 2346 3306 prima
2376 3231 2748 3306 pr0positione
2775 3244 2936 3288 omne
2964 3229 3258 3289 consilium
3305 3237 3484 3304 pecto-

1900 3321 1976 3378 ris
2018 3320 2290 3395 proditur.
2341 3325 2415 3377 At
2464 3336 2595 3377 vero
2641 3318 2682 3376 ii
2729 3319 2930 3393 quibus
2975 3319 3149 3374 multa
3193 3319 3480 3375 nobiscum

1899 3409 2049 3481 paria
2078 3416 2226 3478 sunt,
2269 3409 2429 3466 facile
2467 3418 2695 3481 possunt
2735 3406 2990 3463 innoxias
3028 3412 3256 3474 mentes,
3297 3412 3350 3462 et
3377 3406 3480 3462 soli

1899 3498 2012 3554 Deo
2042 3495 2271 3564 deditas,
2329 3495 2676 3553 fraudulenta
2723 3493 2978 3553 societate
3015 3500 3315 3567 percutere,
3347 3489 3479 3548 dum

1899 3583 2166 3641 malorum
2207 3599 2430 3642 suorum
2469 3585 2623 3640 virus
2651 3600 2749 3657 per
2774 3583 2916 3640 bona
2945 3590 3130 3639 nostra
3156 3578 3476 3638 defendunt.

1896 3669 2048 3729 Nihil
2075 3673 2221 3728 enim
2251 3671 2614 3746 periculosius
2663 3669 2751 3728 his
2793 3667 3068 3727 haereticis
3112 3683 3229 3725 esse
3280 3671 3476 3740 potest,

1897 3760 1992 3835 qui
2033 3777 2158 3820 cum
2184 3761 2392 3834 integre
2423 3777 2518 3834 per
2556 3758 2741 3817 omnia
2783 3761 3107 3824 decurrant;
3138 3772 3250 3813 uno
3294 3761 3478 3811 tamen

1897 3848 2090 3919 verbo,
2128 3865 2190 3907 ac
2215 3850 2261 3906 si
2303 3849 2502 3906 veneni
2533 3856 2702 3922 gutta,
2738 3862 2945 3906 meram
2975 3845 3125 3903 illam
3169 3859 3231 3902 ac
3256 3840 3478 3916 simpli—

1895 3953 2013 3996 cem
2058 3938 2221 3997 ﬁdem
2265 3938 2588 4008 Dominicas,
2634 3945 2690 3995 et
2739 3933 2939 3994 exinde
3003 3932 3311 4007 apostolicis
3356 3937 3478 3988 tra-

1893 4025 2128 4086 ditionis
2154 4027 2431 4083 inficiunt.

1968 4124 2121 4185 Unde
2149 4123 2503 4181 vehementer
2529 4119 2690 4180 nobis
2728 4116 3029 4178 cavendum
3070 4123 3172 4185 est,
3205 4129 3273 4171 ne
3300 4128 3356 4171 se
3385 4113 3473 4170 vel

1895 4214 2147 4275 sensibus
2201 4212 2288 4270 vel
2335 4212 2560 4271 auribus
2589 4209 2790 4266 nostris
2818 4203 3132 4279 hujusmodi
3163 4201 3371 4277 aliquid
3399 4203 3472 4259 la-

1894 4311 2072 4362 tenter
2123 4300 2404 4367 insinuet;
2446 4297 2574 4371 quia
2603 4295 2745 4351 nihil
2779 4302 2890 4350 tam
2931 4291 3078 4364 cogit
3123 4290 3180 4348 in
3218 4297 3468 4360 mortem,

1898 4408 2062 4466 quam
2111 4389 2215 4448 sub
2268 4387 2498 4445 obtentu
2544 4384 2672 4440 ﬁdei
2717 4382 2878 4440 ﬁdem
2923 4380 3153 4436 violare.
3201 4379 3271 4436 Ut
3323 4378 3469 4434 enim

191 4497 492 4555 corporum
522 4478 901 4535 conditionem
933 4478 1264 4536 divisionem
1295 4481 1350 4536 in
1383 4484 1490 4539 Deo
1510 4484 1776 4544 facimus:

1903 4495 2123 4554 gypsum
2172 4491 2310 4550 aqua
2358 4475 2677 4547 permistum
2728 4473 2811 4528 lac
2854 4469 3037 4526 colore
3067 4467 3350 4555 mentitur,
3396 4467 3473 4524 ita

191 4570 286 4624 sed
345 4565 649 4624 secundum
699 4566 904 4624 divinas
945 4574 1154 4623 natum
1203 4567 1521 4641 potentiam,
1571 4587 1687 4643 quae
1725 4574 1785 4630 in

192 4656 429 4712 materia
478 4671 589 4711 non
632 4665 733 4723 est,
783 4665 836 4712 et
879 4655 1165 4712 nominum
1211 4673 1466 4730 personas
1493 4675 1620 4715 vere
1648 4675 1790 4717 con-

201 4755 352 4804 stare
398 4745 696 4815 credimus,
734 4751 788 4803 et
817 4749 1082 4803 unitatem
1114 4746 1426 4805 divinitatis
1463 4763 1580 4806 esse
1614 4755 1787 4807 testa-

196 4852 345 4892 mur.

261 4941 382 4998 Nec
415 4942 792 4997 extensionem
825 4942 991 5012 partis
1021 4938 1254 5013 alicujus
1281 4958 1350 4998 ex
1376 4941 1532 5000 Patre
1563 4946 1648 5017 (ut
1665 4949 1782 5019 qui-

193 5028 321 5085 dam
378 5035 734 5101 putaverunt)
778 5031 876 5086 Dei
908 5030 1108 5086 Filium
1142 5029 1396 5098 dicimus,
1429 5048 1529 5088 nec
1554 5033 1781 5092 verbum

191 5118 313 5174 sine
362 5133 441 5185 re,
497 5127 557 5175 ut
582 5121 737 5175 velut
765 5137 958 5175 sonum
991 5119 1142 5175 vocis
1171 5117 1507 5190 accipimus:
1558 5121 1650 5177 sed
1678 5122 1785 5180 tria

197 5207 450 5271 nomina,
483 5216 534 5261 et
563 5215 668 5262 tres
699 5224 952 5279 personas
990 5208 1152 5262 unius
1186 5222 1297 5262 esse
1317 5208 1586 5275 essentize,
1619 5210 1783 5266 unius

196 5292 506 5364 majestatis
543 5303 703 5366 atque
754 5295 1008 5367 potentiae
1037 5294 1326 5350 credimus.
1360 5294 1429 5350 Et
1455 5295 1580 5353 ideo
1607 5313 1779 5354 unum

198 5384 378 5438 Deum
421 5385 768 5452 conﬁtemur,
814 5386 941 5457 quia
988 5385 1169 5439 unitas
1216 5385 1511 5457 majestatis
1539 5387 1779 5460 plurium

197 5473 471 5528 vocabulo
500 5473 629 5529 deos
654 5474 907 5544 prohibet
937 5470 1216 5544 appellari.

1893 4553 1985 4626 hic
2029 4583 2125 4640 per
2162 4563 2519 4622 verisimilem
2568 4560 2965 4618 confessionem
2996 4557 3220 4614 traditio
3247 4553 3468 4614 inimica

1894 4656 2218 4729 suggeritur.
2265 4653 2382 4721 Qua
2427 4651 2495 4708 de
2518 4665 2576 4707 re
2607 4663 2719 4706 non
2747 4647 3054 4705 similitudo
3089 4643 3466 4714 confessionis,

1893 4745 1987 4804 sed
2016 4758 2204 4801 sensus
2235 4741 2434 4797 mentis
2471 4747 2554 4796 est
2595 4735 2998 4812 ponderandus,
3041 4747 3150 4807 quo
3195 4731 3468 4792 confessio

1893 4832 2010 4907 ipsa
2039 4831 2308 4887 ﬁrmatur.

1962 4927 2209 5002 Denique
2245 4928 2291 4985 si
2337 4922 2658 4998 diligentius
2693 4929 2750 4981 et
2794 4921 3102 4984 accuratius
3147 4920 3462 4990 attendatis,

1891 5036 1990 5078 cur
2036 5017 2316 5076 voluerint
2365 5015 2432 5073 de
2473 5013 2788 5086 evangelica
2831 5020 2886 5070 et
2931 5013 3230 5087 apostolica
3253 5012 3381 5080 ﬁde,
3413 5018 3466 5067 et

1892 5116 1958 5176 de
1985 5117 2206 5173 Patrum
2237 5111 2530 5170 traditione
2576 5105 2720 5164 348
2769 5106 3085 5166 substantias
3123 5121 3322 5164 nomen
3359 5121 3467 5164 au-

1890 5204 2043 5273 ferri,
2073 5202 2261 5277 procul
2299 5200 2469 5258 dubio
2497 5198 2738 5272 probatis
2765 5196 3016 5255 haeresim
3054 5197 3310 5252 Arianam
3341 5193 3463 5250 sub-

1888 5293 1980 5348 tili
2008 5287 2336 5362 compendio
2375 5287 2696 5354 breviatam,
2728 5285 2944 5342 sublato
2988 5283 3093 5340 hoc
3128 5282 3351 5339 nomine
3383 5279 3460 5333 in-

1890 5381 2221 5437 tromissam.
2267 5376 2377 5433 Nec
2421 5375 2526 5432 hoc
2578 5374 2799 5448 quidem
2858 5390 2956 5446 ego
3008 5370 3316 5443 suspicione
3369 5374 3460 5421 aut

1890 5471 2147 5544 opinione
2179 5468 2259 5538 (Ι)
2292 5467 2578 5522 collectum
2615 5464 2844 5532 afﬁrmo,
2876 5479 2973 5519 nec
3003 5462 3084 5516 uti
3112 5459 3214 5532 ipsi
3244 5462 3456 5530 putant,

274 5650 359 5721 (i)
394 5649 716 5706 Mss.Laet.et
746 5651 996 5721 Tell.,ego
1025 5647 1268 5721 suscipio,
1297 5650 1768 5722 necautopin-ione,
1807 5655 1924 5715 etc;
1953 5648 2150 5703 melius
2171 5661 2362 5702 omnes
2383 5643 2516 5699 edit.
2548 5651 2611 5697 ut
2634 5643 2693 5698 in
2721 5650 2898 5701 textu.
