4064 6178
593 256 700 319 583

1601 254 1696 311 AD
1734 252 1967 310 OPERA
2005 251 2059 308 S.
2102 245 2433 308 AMBROSII
2471 247 2850 308 APPENDIX.

3761 248 3861 308 584

593 381 936 440 academicus
967 380 1274 452 disputator
1308 378 1522 446 assisto,
1557 385 1617 432 ut
1659 378 1935 449 simplices
1981 394 2118 432 senS'.
2146 393 2174 435 ι
2207 385 2247 438 ,\
2279 377 2450 432 nullis
2493 375 2827 442 extantibus,
2867 380 2928 429 ut
2977 371 3119 428 idem
3151 370 3316 428 Arius
3346 370 3611 439 tradidit;
3651 373 3858 432 sublato

593 471 886 529 verborum
918 469 1222 526 subtilitate
1260 476 1685 539 contorqueam:
1736 466 1830 522 sed
1871 475 1934 522 ut
1961 473 2172 520 contor-

593 566 679 617 tos
714 567 770 617 et
793 575 989 632 parvos
1011 558 1165 615 tenui
1195 563 1515 630 argumento
1539 554 1870 627 compositos
1899 554 1955 609 in
1994 555 2170 610 lucem

591 648 922 721 cognitionis
951 664 1219 720 exponam
1245 665 1258 714 ;
1288 662 1396 718 quo
1433 644 1653 702 facilius
1680 645 1849 717 possit
1876 641 2092 715 cognita
2118 646 2174 698 et

459 723 482 738 ’
589 745 866 809 comperta
885 738 1146 811 iniquitas
1173 737 1240 791 ab
1270 735 1589 792 hominibus
1616 734 1833 791 evitari.

661 828 792 895 Quae
827 829 1030 884 etenim
1073 841 1254 894 causa,
1305 841 1494 899 quaeve
1547 825 1690 882 ratio
1738 823 1951 880 exstitit
1982 822 2086 893 (2),
2109 827 2173 878 ut

591 917 734 988 quod
762 915 1090 984 docendum,
1123 923 1179 971 et
1206 915 1351 988 quod
1381 913 1712 971 credendum
1743 913 1956 970 cunctis
1987 911 2172 969 Eccle-

589 1004 687 1061 siis
715 1006 892 1062 fuerat
925 1005 1212 1074 traditum,
1243 1005 1497 1078 quodque
1526 1005 1710 1061 Patres
1739 1001 1912 1059 nostri
1959 1007 2172 1072 aposto-

589 1093 682 1149 lici
715 1095 821 1150 viri
851 1103 1044 1152 contra
1070 1097 1354 1150 universas
1383 1094 1633 1160 hzereses,
1665 1099 1718 1147 et
1749 1091 1988 1146 maxime
2016 1089 2171 1145 Aria-

587 1197 754 1249 mam,
797 1185 949 1255 quasi
989 1183 1258 1256 quendam
1291 1181 1502 1238 obicem
1537 1181 1808 1247 veritatis,
1839 1195 1948 1251 quo
1977 1193 2172 1234 omnes

587 1271 770 1326 aditus
797 1271 1064 1342 pestiferae
1091 1271 1354 1328 doctrinm
1397 1271 1760 1336 obstruerent,
1811 1275 1998 1325 sancto
2039 1266 2171 1339 Spi-

588 1359 702 1415 ritu
728 1361 975 1416 mundati
1008 1360 1112 1430 (3),
1144 1359 1415 1416 catholica
1454 1359 1664 1414 ratione
1707 1363 2022 1429 posuerunt,
2059 1371 2170 1411 non

589 1447 707 1504 sine
735 1463 930 1520 magno
958 1447 1084 1504 nisu
1111 1447 1180 1504 ab
1219 1447 1305 1504 his
1330 1449 1424 1520 qui
1455 1448 1631 1520 elogio
1666 1446 1747 1518 (4)
1783 1446 2000 1501 Arianae
2031 1443 2170 1500 labis

589 1539 794 1596 addicti
823 1547 970 1608 sunt,
1005 1540 1282 1596 laboretur
1311 1539 1546 1604 auferri;
1593 1537 1700 1593 nisi
1731 1544 1792 1591 ut
1831 1535 2032 1590 Filium
2069 1533 2168 1589 Dei

588 1629 908 1686 mutabilem
937 1637 991 1686 et
1021 1629 1461 1694 convertibilem,
1494 1636 1683 1700 utpote
1714 1643 1822 1683 non
1852 1626 1918 1682 de
1947 1623 2170 1698 propria

2280 465 2425 520 enim
2472 480 2536 521 eo
2573 463 2720 538 quod
2747 465 2903 520 Pater
2938 466 3040 530 est,
3084 459 3445 533 undecunque
3476 459 3644 518 fuerit
3672 461 3856 534 Filius,

2279 576 2496 618 necesse
2519 569 2602 618 est
2628 568 2691 618 ut
2709 569 2762 617 et
2792 561 3015 617 initium
3045 575 3114 616 ex
3144 557 3405 627 nihilo,et
3423 565 3607 614 ortum
3639 576 3708 614 ex
3735 568 3858 615 ten:-

2280 664 2410 722 pore
2438 648 2654 705 habeat:
2689 647 2829 702 nihil
2861 648 3009 704 enim
3039 647 3158 704 sine
3188 644 3373 713 initio,
3399 645 3508 702 nisi
3537 646 3688 702 solus
3701 649 3857 703 Deus.

2350 736 2506 793 Unde
2554 746 2609 793 et
2640 736 2834 804 Filius,
2865 737 3008 793 sicut
3035 736 3151 808 ipse
3178 735 3450 792 Dominus
3476 736 3572 802 ait,
3623 759 3642 783 ι
3670 736 3785 807 Ego
3813 743 3859 792 et

2280 827 2439 884 Pater
2461 842 2632 882 unum
2661 840 2849 882 sumus
2881 826 3121 899 (Joan.x,
3143 824 3282 897 30).»
3301 824 3458 892 Quod
3487 825 3610 882 ideo
3639 825 3859 895 dixit,ut

2287 916 2520 974 duarum
2553 930 2906 988 personarum
2936 914 3201 971 vocabula
3221 913 3279 969 in
3305 914 3469 970 unius
3496 915 3716 971 deitatis
3744 932 3858 970 ma-

2276 1003 2530 1076 jestatem
2571 1011 2898 1060 monstraret
2929 1004 3032 1074 (6),
3065 1003 3206 1060 sicut
3247 1011 3302 1059 et
3330 1003 3607 1074 Propheta
3637 1019 3708 1058 ex
3736 1021 3858 1060 voce

2281 1094 2401 1149 Dei:
2450 1116 2469 1140 ι
2499 1093 3016 1166 Eructavit,inquit,
3039 1110 3132 1149 cor
3160 1109 3340 1150 meum
3368 1093 3612 1150 Verbum
3638 1093 3858 1161 bonum,

2281 1181 2408 1238 dico
2455 1198 2554 1254 ego
2597 1200 2759 1255 opera
2789 1199 2908 1239 mea
2936 1183 3048 1254 regi
3081 1183 3254 1254 (Psal.
3312 1199 3466 1249 xuv,
3526 1181 3606 1251 2).
3639 1206 3656 1228 ι
3702 1181 3859 1237 Vides

2283 1285 2411 1342 ergo
2459 1271 2564 1328 hoc
2610 1271 2854 1328 Verbum
2901 1272 3105 1328 bonum
3148 1272 3353 1328 Filium
3404 1273 3503 1328 Dei
3538 1288 3672 1342 esse,
3707 1290 3855 1346 quem

2287 1375 2398 1414 non
2443 1360 2668 1416 aliunde
2723 1376 2885 1433 quam
2942 1360 3008 1415 de
3061 1369 3286 1433 paterno
3325 1369 3563 1432 pectore,
3595 1369 3669 1430 et,
3707 1369 3770 1417 ιιι
3793 1362 3861 1418 ita

2279 1447 2540 1517 dixerim,
2580 1449 2648 1506 de
2692 1457 2850 1505 utero
2895 1449 3077 1505 cordis
3102 1449 3222 1518 Dei,
3254 1448 3528 1507 credimus
3556 1459 3766 1507 natum.
3796 1451 3861 1506 Et

2279 1538 2510 1610 proinde
2538 1554 2662 1593 eum
2686 1556 2863 1610 regem
2882 1539 3242 1611 appellat,qui
3264 1539 3377 1610 ipse
3406 1547 3486 1595 est
3509 1540 3623 1596 Rex
3655 1556 3857 1611 regum;

2276 1626 2453 1681 Deum
2484 1627 2806 1695 Dominum,
2855 1627 2945 1683 cui
2977 1628 3164 1682 omnia
3192 1626 3382 1682 divina
3413 1643 3572 1699 opera
3599 1645 3864 1684 succum-

588 1719 764 1776 Patris
817 1719 1124 1776 substantia
1173 1719 1481 1774 constitisse
1543 1717 1898 1787 conﬁngant:
1958 1715 2049 1771 cui
2116 1719 2171 1770 et
2198 1750 2244 1809 B
2281 1712 2442 1782 bunt,
2476 1714 2569 1786 qui
2599 1715 2762 1770 dixit:
2809 1715 3030 1772 «Omnia
3058 1716 3368 1788 quas’Pater
3383 1715 3557 1786 habet,
3587 1733 3708 1774 mea
3731 1725 3864 1774 sunt

590 1808 813 1864 initium
843 1824 913 1865 ex
937 1817 1200 1880 tempore,
1234 1815 1287 1863 et
1316 1815 1497 1863 ortum
1528 1823 1597 1862 ex
1626 1806 1824 1874 nihilo,
1873 1820 2073 1860 nomen
2101 1818 2173 1858 ex

589 1897 780 1965 altero,
806 1904 868 1953 ut
897 1913 1109 1970 semper
1135 1897 1460 1963 docuerunt,
1501 1902 1721 1966 prepter
1747 1893 1892 1967 quod
1939 1900 1992 1948 et
2035 1906 2175 1962 saepe

589 1982 833 2039 damnati
876 1992 1026 2052 sunt,
1070 2000 1218 2039 nunc
1241 1982 1354 2054 jam
1408 1983 1597 2048 libere,
1640 1990 1693 2038 et
1727 1997 1934 2048 secure,
1983 1979 2175 2035 incun-

589 2079 906 2145 ctanterque
954 2073 1220 2129 Ecclesiis
1279 2070 1491 2127 tradere
1564 2077 1619 2126 et
1682 2071 1960 2126 insinuare
2042 2083 2178 2140 pos-

590 2159 704 2217 sint
727 2161 755 2216 Τ

661 2256 889 2317 CAPUT
916 2259 988 2316 II.
1017 2288 1088 2301 —
1107 2256 1322 2315 Videtis
1359 2273 1487 2330 ergo
1516 2256 1703 2314 omnia
1731 2272 1824 2312 eos
1847 2255 1906 2311 in
1942 2260 2179 2311 tractatu

593 2347 857 2419 ipsorum,
887 2364 998 2404 non
1024 2348 1338 2420 evangelica
1365 2347 1493 2415 ﬁde,
1524 2347 1616 2403 sed
1655 2346 1886 2401 subdola
1928 2343 2178 2415 maligni-

593 2444 704 2493 tate
747 2438 818 2494 ad
872 2435 1208 2494 seducendos
1263 2436 1540 2508 simplices
1609 2449 1851 2507 quosque
1914 2432 2176 2505 posuisse.

592 2528 711 2585 Non
747 2527 861 2598 jam
904 2535 1013 2583 tam
1071 2534 1404 2598 suspectum,
1454 2542 1614 2597 quam
1665 2524 2016 2579 manifestum
2048 2537 2178 2577 om-

598 2614 763 2672 nibus
808 2630 922 2671 esse
965 2615 1127 2672 debet
1157 2615 1230 2670 ita
1258 2631 1350 2671 eos
1381 2615 1554 2670 Deum
1584 2613 1652 2668 de
1680 2615 1792 2669 Deo
1822 2611 2085 2684 posuisse,
2116 2615 2178 2664 ut

596 2703 764 2760 Arius
793 2702 1006 2758 tradere
1053 2701 1282 2770 solebat,
1327 2709 1390 2758 ut
1421 2717 1488 2757 ex
1533 2703 1646 2757 Deo
1701 2701 1876 2756 factus
1925 2699 2018 2766 sit,
2067 2714 2176 2753 non

596 2807 665 2847 ex
694 2793 807 2846 Deo
845 2798 1023 2846 natus.
1073 2789 1179 2857 Qui
1209 2789 1253 2844 si
1298 2797 1457 2844 natus
1503 2799 1604 2856 est,
1644 2789 1812 2842 unius
1859 2786 2178 2842 substantia:

596 2887 713 2936 est:
737 2879 785 2935 si
821 2880 996 2935 factus
1024 2886 1124 2944 est,
1156 2893 1320 2932 verus
1339 2878 1534 2932 Fillius
1573 2893 1682 2931 non
1717 2885 1828 2942 est;
1861 2885 1915 2932 et
1941 2877 1984 2931 si
2016 2892 2178 2931 verus

599 2969 776 3025 Filius
818 2983 930 3022 non
975 2973 1077 3034 est,
1125 2981 1226 3021 nec
1273 2981 1436 3020 verus
1466 2967 1610 3020 Deus
1661 2972 1777 3030 est;
1825 2973 1918 3018 aut
1947 2963 1992 3019 si
2018 2979 2180 3019 verus

603 3056 749 3112 Deus
786 3061 888 3123 est,
918 3063 974 3110 et
1001 3053 1068 3109 de
1110 3053 1266 3108 Patre
1305 3067 1415 3108 non
1459 3061 1558 3120 est,
1597 3053 1706 3107 duo
1737 3061 1863 3107 sunt
1916 3051 2181 3106 habentes

595 3142 797 3214 singuli
826 3149 881 3199 et
923 3143 1235 3198 voluntates
1262 3141 1528 3213 proprias,
1575 3148 1628 3196 et
1668 3139 1895 3211 imperia
1919 3139 2176 3195 diversa:

595 3234 683 3290 vel
699 3233 742 3290 si
773 3232 1066 3291 concordia
1091 3240 1305 3290 tantum
1328 3241 1380 3290 et
1401 3231 1656 3288 societate
1682 3248 1854 3288 unum
1890 3237 2038 3297 sunt,
2071 3245 2180 3284 non

594 3332 775 3382 tamen
803 3333 857 3382 et
876 3325 1180 3385 substantia
1192 3341 1374 3390 verus,
1400 3333 1463 3380 ut
1478 3324 1592 3396 jam
1614 3324 1753 3391 dixi,
1772 3325 1918 3379 Deus
1946 3339 2058 3378 non
2077 3328 2178 3379 est.

663 3413 755 3471 Sic
784 3414 891 3470 erit
917 3417 1080 3482 Deus,
1112 3422 1174 3471 ut
1195 3415 1410 3486 Moyses
1439 3413 1706 3469 Pharaoni
1736 3413 1938 3484 (Exod.
1965 3430 2063 3478 vn,
2100 3410 2177 3482 1),

595 3509 878 3574 potestate,
909 3517 1021 3557 non
1061 3516 1253 3572 genere
1285 3518 1298 3556 :
1337 3501 1513 3556 Filius
1534 3517 1749 3573 quoque
1780 3502 1856 3557 ita
1876 3498 2180 3556 credendus

595 3593 718 3659 erit,
745 3600 808 3648 ut
836 3608 931 3665 per
958 3593 1150 3648 Isaiam
1180 3592 1383 3662 populo
1422 3591 1630 3648 dictum
1671 3599 1782 3647 est:
1832 3616 1851 3638 ε
1891 3589 2064 3646 Filios
2094 3605 2178 3662 ge-

595 3678 692 3734 nui
717 3686 771 3734 et
812 3677 1053 3734 exaltavi
1091 3677 1227 3748 (Isa.
1257 3695 1294 3746 ι,
1338 3678 1394 3749 2)
1441 3685 1535 3733 «ει
1571 3679 1740 3734 alibi:
1773 3702 1790 3726 ι
1836 3677 1927 3734 Dii
1958 3677 2088 3733 estis
2126 3683 2180 3735 et

595 3765 698 3822 filii
722 3766 994 3824 Altissimi
1015 3782 1204 3822 omnes
1227 3766 1401 3839 (Psal.
1425 3783 1620 3837 Lxxxr,
1644 3768 1724 3840 6).
1748 3792 1766 3815 ι
1804 3767 1908 3823 Sed
1928 3774 1981 3822 et
2001 3766 2179 3839 primo

595 3855 809 3930 genitus
827 3854 904 3912 ita
931 3855 1242 3922 habebitur,
1270 3857 1547 3930 quomodo
1586 3865 1638 3914 et
1667 3858 1829 3914 Israel
1857 3874 1887 3912 a
1929 3859 2040 3913 Deo
2070 3855 2177 3928 pri-

595 3947 901 4019 mogenitus
922 3945 1068 4001 ﬁlius
1106 3946 1407 4016 appellatus
1437 3955 1518 4002 est
1561 3948 1764 4019 (Exod.
1811 3964 1887 4015 1v,
1922 3946 2037 4017 22).
2070 3946 2180 4002 Nec

593 4051 705 4094 non
755 4041 813 4092 et
877 4032 1273 4106 primogentius
1343 4034 1512 4091 totius
1567 4043 1850 4103 creaturae,
1914 4033 2067 4106 quasi
2120 4033 2178 4088 in

593 4125 786 4182 ordine
822 4123 1092 4181 factorum
1126 4120 1526 4196 primogentius
1554 4123 1854 4191 habeatur;
1887 4131 1949 4178 ut
2000 4137 2069 4176 ex
2115 4136 2180 4178 eo

593 4217 787 4273 seriem
816 4212 1108 4288 quamdam
1128 4213 1378 4270 creandis
1407 4214 1601 4271 mundi
1619 4215 1782 4272 rebus
1809 4213 2106 4285 assignent.

664 4311 912 4384 Denique
961 4310 1176 4368 sublato
1228 4306 1517 4383 ὁμοοὺσιον,
1573 4309 1631 4366 id
1687 4317 1767 4366 est
1821 4308 1986 4365 unius
2041 4308 2182 4366 sub-

593 4405 808 4462 stantia:
859 4406 1148 4474 vocabulo,
1198 4403 1512 4478 ὁμοιώσιον,
1554 4405 1616 4464 id
1653 4413 1734 4462 est
1789 4403 2048 4472 similem,
2103 4403 2180 4460 fa-

594 4493 732 4552 ctori
759 4507 878 4560 suo,
927 4501 1229 4563 posuerunt
1261 4495 1373 4566 (5);
1406 4511 1531 4552 cum
1561 4492 1711 4549 aliud
1737 4492 1808 4548 sit
1847 4490 2175 4558 similitudo,

2288 1803 2468 1874 (Joan.
2513 1819 2630 1871 xvr,
2666 1805 2778 1874 15).
2813 1828 2832 1852 ι
2888 1863 2958 1907 κ

2355 1904 2433 1957 De
2457 1901 2562 1958 hoc
2591 1911 2644 1958 et
2674 1901 3042 1974 Evangeli‘sta:
3073 1927 3092 1950 ε
3121 1903 3182 1959 In
3207 1903 3501 1976 principio,
3534 1903 3737 1977 inquit,
3753 1913 3864 1963 erat

2287 1991 2554 2060 Verbum,
2601 2001 2654 2048 et
2688 1992 2930 2049 Verbum
2958 2002 3073 2050 erat
3101 1993 3244 2065 apud
3271 1995 3466 2062 Deum,
3497 2001 3552 2050 et
3579 1996 3725 2050 Deus
3756 2002 3864 2051 erat

2288 2079 2558 2136 Verbum.
2605 2082 2803 2137 Omnia
2831 2099 2928 2154 per
2966 2083 3142 2156 ipsum
3178 2084 3320 2140 facta
3347 2091 3495 2151 sunt,
3526 2091 3582 2139 et
3608 2084 3725 2139 sine
3753 2083 3862 2156 ipso

2289 2167 2493 2224 factum
2556 2177 2637 2224 est
2695 2169 2837 2225 nihil
2887 2172 3066 2243 (Joan.
3100 2189 3139 2239 1,
3179 2172 3228 2240 1,
3272 2172 3352 2243 3).
3382 2197 3401 2220 ι
3443 2171 3616 2244 Igitur
3638 2172 3783 2246 quod
3813 2173 3862 2228 in

2289 2256 2560 2328 principio
2610 2267 2743 2327 erat,
2796 2276 3006 2332 semper
3051 2260 3217 2317 fuisse
3255 2260 3587 2316 credendum
3631 2269 3730 2316 est:
3775 2261 3860 2316 sed

2289 2360 2390 2399 nec
2443 2346 2665 2403 aliunde
2715 2364 2850 2415 esse,
2878 2365 3040 2420 quam
3073 2365 3142 2404 ex
3170 2365 3232 2404 eo
3261 2349 3356 2420 qui
3401 2349 3732 2420 principium
3759 2365 3864 2404 non

2289 2433 2474 2504 habet,
2507 2436 2564 2492 id
2583 2444 2683 2505 est,
2715 2438 2781 2493 de
2810 2438 2972 2495 corde
2995 2439 3203 2505 Patris;
3238 2439 3366 2509 quia
3413 2463 3432 2487 ι
3469 2439 3760 2506 eructavit,
3791 2439 3863 2494 in.

2291 2525 2429 2594 quit,
2461 2541 2554 2580 cor
2604 2543 2786 2582 meum
2836 2526 3077 2585 Verbum
3102 2527 3308 2582 bonum
3341 2527 3514 2598 (Psal.
3543 2544 3695 2595 xuv,
3726 2527 3808 2600 2).
3835 2551 3853 2576 ι

2288 2611 2408 2667 Non
2437 2613 2584 2669 enim
2613 2615 2758 2670 dixit
2782 2632 2794 2670 :
2825 2617 2887 2674 In
2914 2616 3187 2689 principio
3216 2616 3419 2672 factum
3459 2625 3541 2673 est
3578 2616 3820 2673 Verbum
3847 2633 3860 2682 ;

2292 2702 2384 2757 sed
2433 2725 2452 2748 ι
2482 2703 2540 2757 in
2591 2704 2885 2776 principio,
2931 2705 3134 2778 inquit,
3181 2705 3635 2778 erat]Verbum.-
3677 2705 3866 2772 Quod-

2291 2805 2507 2862 cunque
2554 2792 2890 2864 principium
2937 2793 3105 2851 Verbi
3148 2794 3418 2867 assignare
3447 2794 3706 2861 volueris,
3740 2811 3866 2865 prae-

2285 2877 2593 2949 judicatum
2651 2879 2899 2951 habebis,
2959 2881 3090 2955 quia
3151 2907 3170 2930 ι
3219 2882 3276 2938 in
3336 2882 3630 2955 principio,
3668 2880 3865 2954 inquit,

2291 2975 2424 3022 erat.
2461 2992 2478 3014 ³

2371 3058 2514 3116 349
2542 3060 2663 3115 Non
2694 3057 2840 3132 quod
2869 3057 2979 3115 duo
3005 3057 3279 3130 principia
3304 3072 3373 3112 ex
3401 3073 3584 3112 rerum
3625 3055 3866 3112 diversi-

2292 3160 2404 3207 tate
2453 3153 2720 3218 dicamus,
2767 3149 2861 3205 sed
2914 3149 3043 3222 quia
3073 3149 3260 3204 Sermo
3288 3148 3461 3204 Filius
3493 3163 3703 3218 semper
3754 3163 3870 3202 cum

2291 3239 2448 3295 Patre
2489 3247 2591 3308 est,
2633 3245 2687 3293 et
2721 3236 2788 3293 de
2834 3237 2992 3292 Patre
3040 3246 3199 3293 natus
3222 3245 3323 3292 est.
3348 3236 3428 3292 Ac
3456 3236 3685 3307 proinde
3712 3235 3872 3307 cujus

2291 3328 2444 3400 origo
2493 3326 2828 3399 principium
2858 3342 2970 3382 non
3009 3323 3193 3393 habet,
3225 3326 3592 3409 sempiternus
3620 3341 3757 3380 cum
3787 3325 3874 3380 Ρι-

2290 3425 2372 3472 tre
2421 3415 2724 3473 credendus
2771 3423 2890 3484 est;
2939 3415 3068 3489 quia
3113 3429 3214 3470 nec
3240 3413 3399 3470 Pater
3427 3421 3601 3488 potest
3630 3429 3873 3486 unquam

2291 3507 2413 3562 sine
2442 3506 2585 3562 Filio
2615 3504 2914 3572 nominari,
2958 3521 3060 3562 nec
3089 3503 3266 3561 Filius
3296 3505 3415 3560 sine
3460 3505 3620 3560 Patre
3651 3503 3870 3561 vocari:

2290 3610 2352 3652 ac
2389 3611 2485 3667 per
2514 3594 2620 3650 hoc
2649 3609 2862 3666 semper
2898 3593 3094 3664 Filius,
3125 3594 3254 3666 quia
3293 3609 3504 3665 semper
3533 3593 3716 3649 Pater.

2372 3705 2392 3732 σ
2423 3684 2494 3740 Ει
2524 3685 2688 3752 Deus,
2717 3683 2919 3755 inquit,
2952 3689 3066 3738 erat
3096 3682 3384 3740 Verbum»
3417 3680 3578 3750 Quod
3608 3683 3761 3737 Deus
3777 3685 3876 3747 est,

2288 3790 2501 3847 semper
2530 3782 2650 3841 est;
2711 3789 2781 3828 ne
2823 3773 2868 3829 si
2906 3787 3117 3846 semper
3158 3789 3267 3828 non
3313 3771 3501 3838 fuerit,
3538 3787 3709 3826 verus
3739 3771 3876 3825 Deus

2289 3879 2402 3920 esse
2449 3879 2559 3919 non
2605 3861 2798 3936 possit,
2852 3859 3016 3918 sicuti
3061 3861 3195 3918 etin
3225 3859 3442 3933 Sophia
3469 3860 3724 3926 nomine,
3756 3855 3877 3929 quia

2289 3952 2592 4010 secundum
2649 3951 2976 4023 Apostolum
3037 3949 3153 4021 ipse
3218 3956 3300 4004 est
3369 3947 3655 4020 Sapientia
3706 3945 3878 4005 Patris

2293 4040 2350 4112 (Ι
2381 4042 2507 4097 Cor.
2539 4059 2578 4108 1,
2601 4040 2718 4111 24).
2765 4064 2782 4086 ι
2805 4040 2946 4111 Ego,
2989 4037 3190 4110 inquit,
3228 4052 3299 4104 ex
3323 4052 3415 4091 ore
3443 4036 3725 4092 Altissimi
3748 4050 3878 4108 pro-

2290 4128 2410 4185 divi
2442 4129 2640 4200 (Eccli.
2673 4143 2834 4196 xxrv,
2874 4127 2957 4198 5).
2988 4151 3008 4176 ι
3047 4127 3169 4184 Non
3211 4141 3340 4197 ergo
3367 4123 3592 4180 aliunde
3618 4141 3792 4198 quam
3821 4122 3882 4178 de

2289 4218 2465 4285 Patre,
2520 4216 2649 4288 quia
2691 4231 2903 4287 semper
2948 4230 3074 4270 cum
3103 4213 3282 4269 Patre.
3315 4213 3386 4267 Et
3415 4211 3541 4268 ideo
3599 4209 3884 4284 Sapientia

2288 4305 2386 4361 Dei
2431 4305 2752 4376 appellatur,
2798 4310 2859 4358 ut
2901 4317 3180 4374 nunquam
3223 4301 3381 4357 Pater
3428 4300 3547 4356 sine
3570 4299 3885 4373 Sapientia,

2288 4394 2392 4451 hoc
2444 4404 2524 4452 est
2578 4395 2695 4451 sine
2744 4393 2888 4450 Filio
2932 4409 3053 4460 suo,
3104 4391 3274 4446 fuisse
3319 4389 3594 4446 credatur.
3639 4389 3781 4446 Haec
3810 4397 3887 4443 est

2287 4485 2382 4540 illa
2397 4486 2674 4558 Sapientia
2715 4482 3031 4550 inell'abilis,
3055 4497 3172 4554 quaa
3187 4479 3408 4535 initium
3429 4479 3512 4550 (7)
3537 4478 3773 4534 viarum
3792 4473 3890 4532 Dei

2287 4573 2428 4647 apud
2467 4576 2813 4630 Salomonem
2844 4573 2930 4628 vel
2952 4570 3194 4639 condita,
3227 4570 3311 4624 vel
3345 4569 3548 4640 genita,
3577 4569 3675 4624 vel
3709 4571 3893 4625 creata

2285 4663 2612 4720 describitur
2644 4662 2829 4731 (Prov.
2856 4676 2978 4728 vm,
3009 4658 3102 4730 22)
3126 4676 3140 4726 ;
3165 4674 3328 4731 quam
3357 4665 3541 4714 tamen
3579 4657 3670 4713 sic
3700 4653 3895 4713 condio

2287 4761 2398 4807 tam
2430 4751 2586 4818 dicit,
2617 4756 2680 4804 ut
2710 4764 2922 4821 semper
2951 4765 3068 4804 eam
3099 4763 3222 4804 cum
3254 4748 3367 4803 Deo
3400 4746 3568 4802 fuisse
3601 4745 3894 4802 ostendat.

2285 4837 2443 4904 Quod
2498 4837 2644 4893 enim
2694 4836 2918 4892 initium
2962 4838 3075 4893 Deo
3121 4834 3298 4903 dabis,
3342 4843 3405 4891 ut
3442 4833 3684 4890 initium
3718 4831 3897 4907 possis

2285 4924 2574 4996 Sapientiae
2629 4923 2802 4997 ipsius
2849 4924 3169 4995 consignare
3195 4923 3224 4978 ?
3261 4922 3384 4979 Non
3430 4922 3579 4977 enim
3618 4922 3711 4980 ita
3753 4925 3897 4979 Deus

2285 5013 2613 5084 Sapientiam
2646 5028 2798 5068 suam
2829 5011 3100 5078 condidit,
3134 5009 3598 5083 quasialiquando
3620 5011 3762 5066 sine
3793 5010 3898 5065 Sa-

2284 5100 2681 5173 pientiafuerit:
2712 5099 2806 5156 sed
2826 5116 2948 5156 cum
2968 5099 3189 5155 initium
3212 5099 3425 5154 viarum
3451 5115 3696 5155 suarum
3726 5097 3899 5165 dicat,

2357 5209 2432 5279 (6)
2474 5210 2605 5264 Laat.
2653 5205 2800 5276 cod.,
2837 5208 3089 5262 vocabula
3119 5207 3277 5262 unius
3306 5206 3517 5261 deitatis
3547 5207 3902 5276 majestatem

2281 5285 2616 5334 monstraret.

2354 5352 2435 5420 (7)
2475 5351 2601 5421 Mss.
2635 5348 2770 5421 Tell.
2816 5355 2870 5421 et
2913 5348 3054 5421 Last.
3081 5364 3295 5421 necnon
3327 5356 3434 5403 vet.
3468 5355 3520 5402 et
3536 5348 3746 5421 edit”
3787 5364 3909 5421 qua

2281 5419 2465 5486 initio;
2491 5427 2545 5475 et
2572 5419 2738 5490 infra,
2767 5419 2856 5476 sed
2881 5436 2998 5476 cum
3035 5419 3225 5486 initio;
3259 5421 3417 5476 Rom.
3450 5428 3504 5475 et
3535 5419 3773 5494 Vigil.,
3797 5419 3908 5479 sed

2277 5525 2393 5564 cum
2423 5507 2650 5565 initium.

593 4581 745 4638 aliud
787 4580 1008 4636 veritas.
1040 4581 1172 4636 Nam
1204 4589 1256 4636 et
1285 4581 1451 4638 homo
1477 4583 1542 4638 ad
1595 4582 1888 4652 imaginem
1933 4588 1986 4636 et
2028 4578 2177 4635 simi-

595 4670 882 4727 litudinem
920 4669 1019 4725 Dei
1065 4669 1243 4726 factus
1296 4678 1377 4725 est
1425 4670 1578 4741 (Gen.
1614 4688 1653 4735 1,
1684 4671 1801 4742 27),
1849 4687 1948 4726 nec
1993 4677 2176 4725 tamen

594 4760 739 4816 Deus
764 4764 880 4814 est:
915 4772 1015 4814 nec
1043 4759 1192 4830 quod
1219 4760 1366 4815 Deus
1405 4767 1505 4826 est,
1554 4759 1720 4816 homo
1748 4760 2020 4816 exstitisse
2050 4771 2178 4813 cre-

593 4845 804 4904 dendus
831 4854 929 4901 est.
962 4847 1042 4902 Ita
1087 4855 1142 4902 et
1195 4847 1398 4904 Filium
1449 4847 1548 4905 Dei
1592 4849 1828 4904 similem
1867 4849 2082 4912 volunt,
2116 4851 2177 4899 ut

593 4952 718 4994 eum
765 4935 986 4992 aliunde
1037 4936 1298 5006 similem,
1342 4955 1451 4995 non
1495 4937 1562 4993 de
1605 4939 1720 5010 ipsa
1753 4954 1861 4992 una
1903 4945 2088 4991 sancta
2124 4941 2175 4989 et

593 5023 748 5080 beata
803 5024 980 5080 Patris
1037 5027 1343 5084 substantia
1397 5028 1603 5085 dicant.
1639 5028 1743 5093 Qui
1801 5027 1846 5081 si
1898 5027 1964 5081 de
2001 5023 2176 5080 Patris

593 5119 898 5180 substantia
942 5136 1052 5176 non
1117 5131 1214 5190 est,
1257 5117 1308 5187 ἐξ
1349 5123 1439 5177 οὐκ
1476 5118 1630 5176 ὄντων
1675 5132 1774 5190 est,
1829 5122 1882 5178 id
1941 5130 2039 5189 est,
2106 5137 2174 5176 ex

665 5226 747 5298 (2)
779 5226 914 5298 Tell.
946 5226 1066 5282 cod.
1104 5235 1159 5282 et
1186 5229 1430 5297 Amerb.,
1473 5246 1589 5298 qua:
1627 5247 1750 5284 vera
1793 5228 1932 5282 ratio
1975 5227 2171 5284 existit.

783 5297 1055 5367 Vigiliana
1085 5299 1457 5370 edit.,Spirit~u
1482 5297 1662 5355 sancto
1693 5299 1956 5353 inundati.

667 5365 747 5442 (ᾇ)
801 5365 1045 5442 Elogium
1095 5365 1388 5442 aliquando
1447 5370 1589 5442 idem
1646 5370 1937 5442 signiﬁcat,
1977 5385 2040 5425 ac
2066 5369 2171 5424 for-

592 5426 742 5497 mula
771 5426 1014 5497 quedam
1039 5426 1530 5496 condemnationis.

666 5511 748 5581 (5)
779 5511 860 5568 Ita
908 5512 1039 5568 edit.
1092 5512 1248 5568 Ilom.
1279 5520 1333 5568 et
1380 5511 1662 5578 Chiﬂlet.;
1712 5519 1822 5566 vet.
1879 5519 2058 5568 autem
2107 5527 2173 5568 ac

593 5593 747 5646 mss.,
778 5583 1027 5640 vocabulo
1058 5583 1279 5641 similem
1300 5584 1490 5658 gestari
1516 5599 1610 5639 suo
1632 5589 1938 5655 posuerunt.
