4064 6178
237 206 339 265 585

1393 198 1488 254 DE
1526 198 1689 254 FIDE
1728 194 2008 254 CONTRA
2049 193 2374 251 ARIANOS.

3432 168 3538 253 586

236 337 461 393 initium
512 339 698 388 motus
757 329 937 400 operis
988 327 1222 400 alicujus
1279 325 1537 393 ostendit,
1596 332 1658 381 ut
1719 324 1827 381 hoc
1856 323 1907 382 A
2007 322 2118 377 Aut
2155 322 2200 377 si
2249 320 2372 376 ideo
2420 320 2822 376 nominandum
2868 336 2980 376 non
3027 329 3131 386 est,
3164 318 3294 392 quia
3336 335 3438 376 nec
3465 320 3542 375 ita

234 427 458 484 initium
486 422 686 479 habeat
715 419 996 491 Sapientia
1022 418 1124 474 Dei
1152 416 1299 490 quod
1345 416 1412 473 de
1459 418 1572 473 Deo
1599 432 1828 489 proces—

233 517 300 573 sit
365 513 432 570 ad
486 510 724 569 creanda
780 508 984 575 omnia,
1038 514 1147 563 tam
1205 506 1448 563 coelestia
1503 521 1665 579 quam
1723 513 1826 561 ter-

234 604 446 671 restria,
507 617 625 657 non
679 615 788 672 quo
841 597 1068 671 coeperit
1125 612 1240 653 esse
1294 596 1352 652 in
1408 597 1540 652 Deo.
1633 594 1828 654 Creata

233 706 310 755 est
337 713 471 768 ergo
501 691 802 765 Sapientia,
852 688 966 745 imo
996 689 1198 760 genita,
1248 704 1362 744 non
1390 686 1496 743 sibi
1526 703 1644 760 quae
1674 703 1829 743 sem-

231 804 325 862 per
360 792 504 852 erat,
556 781 649 838 sed
690 779 778 834 his
826 794 948 852 quae
1003 776 1070 832 ab
1117 793 1179 833 ea
1223 774 1344 832 ﬁeri
1388 774 1708 849 oportebat;
1767 783 1829 830 ut

229 876 366 950 quia
396 880 600 948 quanta
644 878 696 926 et
739 867 918 942 qualis
971 873 1111 923 esset
1152 865 1280 937 sciri
1325 881 1437 921 non
1480 872 1711 937 poterat,
1761 863 1827 918 de

227 966 435 1024 effectu
483 975 710 1033 operum
768 973 992 1013 suorum
1047 955 1224 1010 virtus
1275 954 1392 1027 ejus
1461 962 1515 1009 et
1585 951 1829 1025 potentia

229 1058 590 1112 nosceretur:
655 1056 718 1103 ut
747 1045 894 1121 quod
942 1045 1010 1101 de
1047 1043 1286 1101 conditis
1330 1043 1667 1099 aestimamus
1719 1041 1823 1113 (8),

229 1153 363 1201 tunc
393 1140 566 1212 magis
597 1139 941 1206 timeremus,
973 1152 1097 1192 cum
1132 1135 1272 1190 facta
1303 1133 1588 1188 miramur.

305 1234 576 1291 Caeterum
625 1228 674 1285 si
703 1238 764 1285 tu
795 1227 872 1284 ita
918 1233 1154 1283 creatam
1186 1222 1519 1296 Sapientiam
1548 1221 1721 1286 dicas,
1767 1225 1830 1274 ut

239 1324 443 1382 Filium
475 1320 574 1378 Dei
611 1326 917 1376 creaturam
951 1314 1247 1386 intelligas,
1277 1312 1518 1369 occurrit
1539 1309 1640 1366 tibi
1671 1313 1830 1381 Apo-

235 1417 432 1479 stolus,
489 1409 868 1469 condemnans
931 1423 1022 1464 eos
1075 1405 1173 1477 qui
1234 1411 1537 1459 creaturam
1617 1401 1828 1466 colunt,

233 1506 422 1562 dicens
449 1521 461 1558 :
513 1527 530 1550 ε
565 1502 796 1572 Propter
827 1496 974 1571 quod
999 1494 1228 1553 tradidit
1256 1493 1385 1549 illos
1409 1493 1555 1549 Deus
1593 1489 1649 1545 in
1679 1488 1833 1545 desi—

231 1595 454 1653 derium
487 1588 676 1648 cordis
704 1605 896 1645 eorum
922 1586 979 1642 in
1001 1583 1443 1640 immunditiam:
1477 1589 1538 1638 ut
1552 1588 1832 1637 contume-

1937 410 2310 466 credendum:
2363 409 2608 466 obtinuit
2655 410 2874 465 Arianae
2923 408 3062 466 labis
3109 406 3375 474 assertio,
3421 423 3541 479 quae

1939 500 2060 556 ideo
2089 502 2304 555 Patrem
2335 506 2389 555 et
2422 499 2627 555 Filium
2658 500 2826 555 unius
2868 485 3189 555 substantia
3228 496 3541 569 denegavit,

1937 591 2066 663 quia
2108 590 2314 645 Filium
2365 589 2463 644 Dei
2496 589 2660 645 modo
2707 606 2775 644 ex
2806 587 3004 655 nihilo,
3056 587 3221 643 modo
3257 602 3328 642 ex
3361 587 3539 653 Patre,

1936 680 2030 735 sed
2068 678 2135 733 ab
2177 678 2284 734 alia
2326 678 2651 746 substantia,
2686 677 2908 751 quando
2955 675 3136 732 voluit
3166 682 3220 731 et
3267 675 3543 746 quomodo

1936 767 2134 835 voluit,
2185 775 2238 822 et
2281 766 2425 822 unde
2465 765 2644 821 voluit
2690 765 2898 821 factum
2948 764 3202 832 inducit;
3243 763 3544 820 dummodo

1937 855 2160 911 aliunde
2193 871 2341 923 eum,
2365 864 2418 911 et
2448 871 2557 910 non
2588 855 2654 910 de
2691 871 2754 910 eo
2771 853 2916 926 quod
2945 854 3105 910 Pater
3137 860 3237 920 est,
3269 852 3544 910 exstitisse

1936 945 2232 1016 conﬁngat.
2280 944 2452 1010 Quem
2500 945 2601 1000 etsi
2652 952 2841 999 natum
2891 943 3049 1009 dicit,
3103 943 3198 999 sed
3244 942 3350 1000 hoc
3393 942 3542 999 dicto

1936 1042 2116 1102 tenus,
2169 1039 2314 1096 350
2361 1033 2489 1106 quia
2530 1050 2748 1090 rursum
2789 1048 2952 1087 omne
2999 1033 3146 1105 quod
3192 1041 3383 1088 natum
3439 1040 3541 1101 est,

1938 1132 2143 1190 factum
2165 1134 2444 1206 intelligit,
2479 1149 2542 1190 eo
2573 1131 2720 1206 quod
2749 1141 2801 1188 et
2830 1148 2930 1187 nos
2963 1147 2992 1186 a
3022 1132 3134 1186 Deo
3164 1129 3332 1202 geniti
3362 1131 3544 1203 appel-

1938 1224 2134 1292 lemur,
2173 1240 2310 1297 quos
2338 1231 2554 1279 constat
2584 1238 2698 1278 esse
2729 1221 3026 1278 facturam.

2012 1314 2113 1368 Vel
2139 1314 2183 1369 si
2224 1314 2462 1370 Arianus
2493 1329 2603 1368 non
2652 1329 2727 1380 es,
2760 1319 2813 1366 et
2848 1327 3040 1367 verum
3085 1309 3290 1366 Filium
3321 1307 3387 1366 de
3414 1325 3546 1367 vero

1939 1402 2097 1457 Patre
2119 1410 2310 1458 natum
2333 1419 2444 1458 non
2477 1402 2685 1459 factum
2713 1400 2985 1474 agnoscis,
3009 1415 3108 1455 cur
3128 1415 3238 1454 non
3265 1414 3391 1455 eum
3420 1415 3545 1456 cum

1940 1489 2099 1547 Patre
2161 1507 2328 1547 unam
2387 1491 2749 1548 substantiam
2801 1489 2940 1548 dicis
2971 1489 3000 1546 ?
3058 1490 3284 1544 Frustra
3334 1489 3498 1546 times
3529 1531 3544 1558 ,

1941 1578 2132 1650 homo,
2174 1579 2423 1654 proﬁteri
2467 1578 2614 1654 quod
2655 1577 2863 1635 credis:
2922 1587 2976 1634 et
3013 1577 3217 1634 frustra
3263 1577 3464 1648 credis,
3501 1578 3548 1634 si

235 1689 319 1746 liis
352 1683 605 1743 aﬂiciant
651 1693 883 1752 corpora
913 1692 1010 1734 sua
1040 1676 1098 1732 in
1128 1672 1476 1745 semetipsis;
1534 1670 1628 1745 qui
1669 1686 1830 1727 com-
1857 1689 1906 1751 B
1943 1670 2021 1726 ita
2058 1686 2170 1726 non
2219 1669 2427 1738 credis,
2478 1678 2530 1725 et
2571 1669 2768 1725 merito
2810 1667 3102 1724 haereticus
3141 1667 3437 1724 denotaris.
3479 1669 3551 1724 Et

231 1781 594 1836 mutaverunt
628 1769 918 1826 veritatem
951 1766 1053 1822 Dei
1083 1766 1140 1821 in
1171 1763 1539 1831 mendacium,
1573 1768 1627 1818 et
1650 1763 1831 1818 colue-

231 1876 370 1925 runt
414 1873 469 1922 et
503 1861 816 1920 servierunt
844 1865 1107 1916 creaturae
1135 1855 1318 1927 potius
1365 1869 1527 1926 quam
1569 1851 1835 1920 Creatori,

235 1960 337 2034 qui
366 1968 451 2015 est
479 1953 799 2013 benedictus
830 1954 976 2009 Deus
1005 1950 1066 2006 in
1095 1947 1294 2005 saecula
1345 1946 1519 2019 (Rom.
1556 1963 1596 2013 1,
1633 1944 1772 2017 2a.).
1805 1969 1824 1992 ι

310 2050 444 2105 Haec
471 2055 569 2115 est,
601 2046 846 2117 inquam,
895 2041 992 2096 illa
1046 2037 1326 2111 Sapientia
1356 2036 1478 2105 Dei,
1512 2053 1631 2108 quae
1661 2034 1834 2090 dicit:

243 2144 390 2215 «Ego
404 2157 474 2196 ex
497 2155 588 2195 ore
608 2133 883 2192 Altissimi
907 2127 1601 2206 prodivi(Eccli.xx1v,5),i
1617 2125 1839 2182 univer-

231 2233 421 2292 sitatis
467 2228 754 2288 conditrix
811 2235 864 2283 et
917 2223 1186 2291 eﬁ‘ectrix,
1237 2219 1294 2276 id
1355 2228 1436 2275 est
1490 2217 1670 2273 Filius
1715 2216 1836 2284 Dei,

229 2341 334 2397 per
367 2337 532 2396 quem
564 2317 770 2386 omnia,
820 2325 875 2372 et
918 2315 976 2371 in
1007 2331 1116 2387 quo
1147 2309 1353 2378 omnia,
1386 2308 1535 2381 quia,
1591 2317 1653 2364 ut
1681 2310 1842 2380 Apo-

229 2395 418 2471 stolus
448 2410 616 2467 dixit.
682 2432 701 2457 ι
729 2408 791 2464 In
824 2406 943 2479 ipso
973 2402 1280 2462 constituta
1323 2406 1452 2456 sunt
1478 2398 1737 2453 universa
1782 2395 1840 2452 in

232 2507 400 2565 cwlis
425 2513 479 2561 et
510 2502 568 2558 in
595 2509 761 2566 terra,
783 2496 1029 2556 visibilia
1052 2502 1104 2551 et
1126 2491 1452 2558 invisibilia,
1477 2491 1592 2545 sive
1608 2486 1840 2559 Throni,

231 2599 366 2656 sive
395 2591 836 2657 Dominationes,
867 2587 983 2644 sive
1015 2585 1282 2651 Virtutes,
1331 2582 1446 2638 sive
1476 2579 1840 2651 Principatus,

231 2688 365 2744 sive
397 2685 701 2742 Potestates
727 2696 738 2735 :
773 2676 960 2733 omnia
988 2691 1083 2747 per
1113 2673 1293 2746 ipsum
1325 2678 1377 2726 et
1400 2670 1456 2725 in
1480 2668 1598 2742 ipso
1624 2667 1848 2726 condita

229 2783 400 2843 sunt,
440 2781 494 2830 et
526 2773 640 2844 ipse
669 2776 750 2826 est
779 2775 904 2825 ante
933 2764 1140 2832 omnia,
1187 2770 1239 2818 et
1274 2760 1462 2817 omnia
1491 2759 1549 2814 in
1576 2759 1694 2831 ipso
1721 2774 1846 2814 con-

229 2873 397 2926 stant
431 2863 664 2936 (Coloss.
692 2876 734 2924 1,
768 2857 852 2923 16,
891 2855 1003 2926 17).
1027 2878 1044 2901 ι
1082 2852 1224 2908 Hinc
1255 2858 1309 2906 et
1334 2850 1592 2906 Salomon
1623 2865 1632 2902 :
1669 2872 1686 2894 ‹
1709 2847 1846 2904 Cum

226 2957 344 3027 sit,
381 2953 587 3027 inquit,
620 2965 751 3016 una,
785 2943 971 3002 omnia
1000 2949 1215 3015 potest;
1239 2949 1294 2996 et
1324 2954 1650 3012 permanens
1681 2937 1738 2991 in
1771 2953 1848 3006 se,

225 3043 442 3103 omnia
471 3041 721 3105 innovat,
745 3044 798 3092 et
827 3049 921 3107 per
951 3031 1200 3087 nationes
1230 3028 1288 3084 in
1320 3028 1531 3083 animas
1560 3033 1774 3082 sanctas
1794 3039 1850 3080 se

222 3131 514 3193 transfert
539 3127 798 3200 (Sap.v11,
823 3123 962 3194 27).»
1000 3120 1158 3189 Quod
1179 3117 1512 3176 conﬁrmans
1533 3116 1847 3187 Apostolus,

221 3226 305 3282 ait
361 3221 422 3276 in
454 3217 716 3276 interiore
743 3211 971 3270 homine
1013 3209 1262 3266 habitare
1296 3207 1580 3266 Christum
1631 3205 1849 3277 (Ephes.

223 3332 316 3384 111,
372 3310 466 3376 16,
502 3308 631 3379 17);
685 3312 747 3362 ut
775 3319 872 3378 per
900 3317 1061 3374 quem
1113 3316 1145 3355 a
1179 3297 1455 3372 principio
1483 3295 1672 3352 omnia
1711 3294 1855 3351 facta

224 3410 398 3472 sunt,
439 3415 536 3471 per
566 3396 746 3470 ipsum
778 3403 832 3450 et
860 3391 919 3448 in
951 3391 1060 3446 ﬁne
1088 3397 1290 3446 cuncta
1318 3388 1622 3443 salventur.

308 3495 560 3557 CAPUT
599 3493 695 3549 ΙΙΙ.
729 3521 797 3532 -
825 3487 930 3545 Sed
960 3485 1099 3542 dicis
1131 3483 1292 3554 mihi,
1327 3490 1618 3564 ὸμοοῦσιον,
1656 3478 1713 3536 id
1749 3486 1850 3548 est,

224 3597 420 3656 unius
451 3588 773 3649 substantiae
803 3603 1007 3643 nomen
1036 3584 1106 3642 ob
1135 3583 1242 3640 hoc
1273 3580 1458 3654 potius
1489 3594 1652 3652 quam
1683 3575 1856 3632 Crea-

1946 1777 2259 1834 quanquam
2322 1759 2706 1816 immutaveris
2751 1757 2962 1814 dictum
3015 1757 3094 1829 (9)
3127 1773 3300 1830 ,.quo
3341 1758 3551 1829 putaris

1946 1849 2294 1922 prohibuisse
2339 1848 2438 1904 Dei
2482 1848 2689 1904 Filium
2750 1844 3061 1918 nuncupari
3105 1845 3410 1912 facturam;
3458 1845 3551 1902 sed

1947 1955 2072 1994 cum
2105 1936 2418 2010 subjungit:
2460 1936 2634 1993 Sicuti
2665 1934 2875 2009 aliquid
2905 1935 3126 2002 horum,
3161 1933 3309 2008 quod
3347 1933 3551 1991 factum

1949 2037 2050 2095 est,
2099 2044 2168 2084 ex
2216 2036 2404 2100 aperto
2450 2026 2696 2084 ostendis
2730 2043 2841 2082 non
2873 2026 2943 2082 ob
2991 2024 3098 2081 hoc
3127 2025 3394 2081 facturam
3442 2023 3549 2080 dici

1949 2118 2191 2174 noluisse
2235 2117 2374 2189 (10),
2408 2117 2562 2190 quasi
2593 2133 2706 2172 non
2745 2116 2938 2172 debeat
2969 2117 3144 2173 factus
3171 2114 3429 2187 intelligi,
3459 2113 3555 2171 sed

1950 2223 2061 2262 non
2111 2207 2187 2262 ita
2241 2207 2458 2266 factum.
2506 2207 2612 2274 vis,
2665 2207 2810 2262 sicut
2865 2205 3079 2278 aliquid
3134 2203 3359 2274 horum,
3409 2201 3555 2276 quod

1951 2297 2156 2352 factum
2203 2304 2306 2365 est,
2360 2295 2455 2352 sed
2505 2303 2689 2352 tamen
2737 2295 2967 2352 factum.
3000 2293 3180 2350 Aliter
3221 2294 3369 2350 enim
3417 2291 3558 2349 dicis

1950 2385 2157 2441 factum
2190 2428 2205 2454 ,
2259 2394 2462 2458 utpote,
2493 2385 2788 2458 perfectam
2838 2392 3142 2440 creaturam
3177 2426 3191 2451 ,
3241 2398 3335 2454 per
3393 2397 3554 2454 quem

1953 2475 2096 2531 facta
2121 2483 2250 2531 sunt
2280 2474 2503 2530 omnia:
2544 2471 2846 2530 dummodo
2873 2481 2927 2529 et
2953 2472 3133 2546 ipsum
3164 2471 3370 2527 factum
3396 2470 3556 2526 intel-

1951 2563 2110 2636 ligas,
2145 2564 2273 2619 licet
2293 2579 2402 2618 non
2427 2562 2504 2618 ita
2541 2569 2603 2617 ut
2630 2569 2842 2618 caetera.

2027 2653 2133 2709 Sed
2161 2663 2223 2710 ut
2252 2653 2320 2708 ad
2349 2652 2408 2708 id
2429 2661 2694 2722 revertar,
2726 2651 2872 2725 quod
2903 2649 3043 2707 dicis
3075 2649 3132 2705 in
3159 2649 3458 2722 Scripturis
3475 2647 3555 2706 di-

1958 2746 2104 2802 vinis
2145 2753 2434 2827 ὸμοούσιον,
2471 2745 2527 2801 id
2558 2753 2659 2813 est,
2678 2745 2843 2800 unius
2869 2743 3189 2799 substantiae
3223 2743 3554 2799 vocabulum

1957 2864 2068 2904 non
2091 2844 2353 2916 inveniri,
2385 2847 2528 2920 ﬁnge
2555 2847 2661 2904 hoc
2691 2847 2914 2903 interim
2946 2846 3025 2902 sic
3046 2845 3138 2913 sit,
3166 2861 3230 2900 eo
3263 2843 3409 2916 quod
3436 2841 3555 2899 ubi-

1959 2955 2174 3011 cunque
2221 2938 2528 2995 substantia
2561 2938 2784 3010 legitur,
2822 2954 2906 2992 res
2939 2936 3033 2992 Dei
3070 2952 3180 2990 non
3212 2937 3359 2990 Deus
3399 2933 3557 2990 acci-

1887 3054 1930 3114 C
1961 3028 2190 3100 piatur;
2252 3044 2564 3101 quanquam
2628 3035 2679 3082 et
2736 3026 2886 3083 aliud
2940 3023 3086 3098 quod
3134 3024 3396 3096 scriptum
3444 3039 3557 3078 non

1963 3124 2060 3184 est,
2095 3117 2300 3188 pariter
2322 3116 2651 3190 proﬁtearis,
2675 3116 2731 3170 id
2762 3123 2860 3184 est,
2894 3116 3069 3170 Deum
3095 3130 3166 3168 ex
3194 3115 3326 3180 Deo,
3370 3113 3556 3167 lumen

1961 3223 2030 3262 ex
2070 3206 2318 3261 lumine:
2353 3204 2486 3277 quid
2515 3205 2583 3260 ad
2613 3204 2730 3261 haec
2759 3203 2948 3260 dicis?
2985 3204 3097 3257 Aut
3131 3209 3308 3256 totum
3344 3216 3558 3256 mecum

1961 3304 2108 3363 tene,
2148 3303 2241 3351 aut
2287 3303 2464 3351 totum
2513 3294 2724 3350 omitte.
2760 3293 2817 3348 Si
2846 3291 2993 3348 enim
3043 3292 3210 3347 unius
3242 3289 3562 3346 substantia

1963 3385 2295 3441 vocabulum
2344 3383 2472 3439 inde
2513 3383 2676 3440 times
2721 3382 2921 3451 dicere,
2968 3380 3097 3454 quia
3135 3380 3401 3453 scriptum
3449 3394 3563 3434 non

1965 3486 2084 3546 est;
2140 3477 2336 3534 timere
2396 3476 2700 3533 identidem
2754 3475 2918 3532 debes
2966 3477 3142 3532 Deum
3198 3490 3267 3529 ex
3319 3475 3456 3542 Deo,
3513 3477 3568 3527 et

1967 3571 2153 3626 lumen
2184 3585 2254 3624 ex
2283 3568 2493 3624 lumine
2522 3567 2788 3641 proﬁteri.

2036 3659 2142 3716 Sed
2187 3676 2286 3732 ego
2333 3659 2505 3732 probo
2552 3661 2728 3715 Deum
2785 3657 2852 3714 de
2898 3659 3010 3714 Deo
3037 3699 3052 3726 ,
3122 3657 3310 3712 lumen
3358 3653 3426 3711 de
3473 3655 3572 3710 lu-

1966 3750 2138 3815 mine,
2152 3758 2206 3805 et
2235 3749 2402 3805 unius
2427 3747 2748 3804 substantia;
2764 3746 3094 3804 vocabulum
3113 3746 3174 3801 in
3194 3745 3403 3801 divinis
3429 3743 3571 3800 Scri-

1966 3841 2143 3914 pturis
2176 3839 2294 3912 (11)
2327 3838 2622 3896 contineri.
2653 3837 2791 3896 Cum
2823 3837 2972 3893 enim
2995 3836 3110 3907 ipse
3133 3835 3232 3891 Dei
3254 3834 3448 3900 Filius,
3476 3846 3571 3904 qui

1966 3935 2111 3988 Deus
2154 3938 2254 3999 est,
2289 3930 2349 3986 in
2395 3929 2698 4002 Evangelio
2729 3943 2829 3984 suo
2866 3927 3046 3984 dicat:
3096 3949 3114 3971 ‹
3146 3926 3261 3995 Ego
3308 3923 3375 3978 de
3413 3922 3572 3977 Patre
3649 3948 3654 3952 -

1968 4020 2120 4076 exivi
2152 4021 2334 4092 (Joan.
2356 4036 2477 4086 xvr,
2510 4018 2602 4091 28)
2628 4036 2680 4085 ;ι
2710 4017 2835 4090 jure
2864 4025 2918 4072 et
2947 4015 3142 4069 merito
3162 4014 3336 4067 Deum
3370 4008 3437 4064 de
3458 4011 3572 4064 Deo

1971 4108 2313 4181 proﬁtemur,
2356 4107 2486 4180 quia
2537 4106 2605 4162 de
2643 4108 2755 4161 Deo
2802 4106 2958 4160 Patro
3004 4101 3208 4156 Filium
3253 4097 3350 4152 Dei
3394 4099 3572 4154 Deum

226 3695 437 3746 torem
464 3682 715 3749 adorant,
767 3685 1050 3735 servantes
1081 3673 1277 3732 eadem
1307 3672 1499 3744 utique
1531 3685 1650 3741 qua
1694 3666 1856 3738 Apo-

219 3776 432 3834 stolus
463 3770 610 3828 dixit
635 3788 647 3826 :
717 3791 736 3816 ι
783 3769 852 3824 Ut
883 3767 941 3822 in
973 3764 1198 3821 nomine
1228 3762 1357 3819 Jesu
1383 3774 1576 3815 omnes
1606 3753 1856 3828 genufle-

217 3871 434 3930 ctant,
490 3857 822 3923 caelestium,
870 3852 1234 3921 terrestrium,
1296 3859 1350 3908 et
1376 3849 1745 3910 infernorum,
1803 3849 1857 3898 et

216 3951 448 4012 omnis
466 3948 659 4018 lingua
681 3940 1486 4012 conﬁteatur(Philipp.11,lO).»
1521 3939 1592 3992 Et
1609 3936 1851 4007 Moyses:

238 4067 264 4091 ι
297 4035 595 4102 Adorent,
617 4031 948 4104 inquit,eum
972 4045 1160 4085 omnes
1179 4031 1356 4102 angeli
1377 4029 1854 4102 Dei(Deut.xxxn,

210 4130 345 4200 43)
365 4148 413 4184 ,ι
439 4125 516 4180 Et
535 4119 713 4179 David
738 4137 749 4176 :
785 4143 802 4166 σ
823 4118 1026 4175 Omnes
1047 4133 1196 4188 reges
1211 4117 1511 4173 adorabunt
1531 4133 1656 4174 eum
1681 4115 1858 4186 (Psal.

206 4187 419 4284 inxr,
447 4207 770 4284 li).-Quod
788 4207 1011 4282 quidem
1036 4207 1091 4260 in
1112 4187 1410 4277 Scripturis
1430 4223 1540 4262 non
1560 4207 1858 4273 diceretur,
1971 4217 2164 4256 verum
2197 4199 2264 4256 de
2309 4201 2424 4255 Deo
2461 4213 2592 4254 vero
2631 4204 2820 4251 natum
2860 4209 2975 4249 esse
3018 4189 3422 4262 cognoscimus.
3466 4187 3573 4243 Sed

209 4280 336 4372 ;ed
376 4280 527 4380 quia
551 4303 669 4375 ipse
698 4305 782 4355 est
805 4280 999 4354 Sermo
1027 4294 1202 4350 Filius
1231 4294 1476 4350 omnium
1507 4295 1711 4367 opifex.
1974 4307 2086 4347 non
2132 4306 2196 4346 eo
2246 4304 2460 4362 genere,
2510 4295 2570 4343 ut
2607 4302 2706 4341 nos
2743 4284 2823 4339 dii
2870 4299 3060 4339 sumus
3100 4281 3358 4354 appellati
3395 4280 3570 4353 (Psal.

303 4371 444 4458 Sed
472 4371 612 4451 dicis
641 4395 937 4470 ὁμοούσιον,
978 4382 1258 4441 nominari
1291 4399 1402 4438 non
1431 4391 1700 4454 oportere,
1737 4383 1864 4456 quia
1891 4417 1943 4478 D
1980 4399 2173 4451 Lxxxr,
2219 4380 2275 4451 6)
2316 4379 2406 4435 vel
2436 4386 2498 4435 ut
2524 4378 2740 4450 Moyses
2769 4373 3068 4431 Pharaonis
3105 4371 3240 4428 deus
3283 4378 3365 4427 est
3392 4372 3575 4429 dictus

214 4502 286 4559 in
364 4490 684 4565 Scripturis
727 4486 936 4546 divinis
990 4501 1103 4542 non
1153 4483 1525 4540 contineatur.
1575 4481 1767 4548 Quaero
1815 4460 1943 4538 et"
1982 4473 2184 4547 (Εποάο
2217 4487 2317 4539 Ἧι»
2370 4470 2420 4541 1)
2448 4487 2460 4525 ἒ
2493 4468 2588 4525 sed
2615 4467 2744 4541 (ἰυίδ
2789 4481 2952 4522 νθηιδ
2994 4471 3093 4565 θεῖ.
3112 4463 3306 4565 Filius:
3347 4460 3415 4518 de
3445 4479 3577 4519 vero

216 4553 687 4663 ;gmhornmqui
709 4578 814 4635 hoc
829 4574 1089 4650 prohibes
1115 4572 1180 4640 ;si
1201 4571 1328 4627 ideo
1350 4568 1628 4625 nominari
1651 4584 1761 4624 non
1783 4568 1868 4624 de-
1977 4565 2341 4663 Patreunatu‘s
2370 4568 2451 4616 est
2474 4558 2608 4663 .(1‘2)
2646 4577 2660 4626 ;
2691 4573 2819 4612 vere
2865 4563 2918 4663 et
2955 4553 3293 4654 conﬁdenter
3337 4553 3482 4608 Deus
3510 4553 3579 4609 de

211 4644 519 4747 b2t,'quia
549 4644 952 4740 scriptum-non
973 4670 1149 4730 est,an
1162 4660 1379 4736 quiaita
1392 4657 1541 4715 credi
1557 4658 1872 4717 nonliceat?
1980 4656 2093 4710 Deo
2123 4650 2409 4717 dicendus,
2442 4649 2522 4706 sic
2554 4649 2739 4703 lumen
2766 4663 2835 4702 ex
2866 4644 3095 4701 lumine.

303 4729 504 4836 ddod
519 4760 566 4818 si
589 4729 1010 4816 ita-credendum
1027 4729 1230 4822 est,cur
1244 4767 1357 4806 non
1379 4748 1456 4805 ita
1469 4749 1872 4824 proﬁtendum?
2051 4742 2212 4812 Quod
2240 4742 2504 4813 scriptum
2528 4754 2639 4794 non
2669 4744 2769 4805 est,
2802 4751 3015 4792 mecum
3047 4733 3271 4809 quidem
3292 4731 3455 4802 dicis,
3486 4729 3581 4789 sed

231 4826 486 4918 «corde
503 4839 1442 4920 enim,inquitApostolus,creditur
1465 4839 1533 4895 ad
1547 4838 1867 4911 justitiam:
1983 4853 2199 4893 mecum
2243 4832 2470 4891 omnino
2505 4830 2612 4904 (13)
2643 4845 2756 4920 non
2803 4827 2991 4884 sentis.
3029 4829 3101 4883 Et
3142 4828 3271 4902 quia
3313 4826 3581 4920 scriptum

217 4911 347 5008 orte.
374 4949 587 5003 autem
616 4911 890 4997 confessio
919 4911 982 4990 ﬁt
1008 4931 1076 4989 ad
1104 4934 1336 4988 salutem
1383 4929 1562 5002 (Rom.
1597 4946 1653 4998 χ,
1691 4929 1810 5001 10).
1840 4952 1860 4978 »
1982 4935 2065 4983 est
2091 4926 2160 4983 de
2187 4925 2378 4982 Patre:
2423 4945 2444 4970 ι
2473 4924 2617 4978 Deus
2656 4919 2754 4975 lux
2784 4926 2866 4975 est
2890 4918 2965 4992 .(I
2987 4917 3146 4976 Joan.
3180 4935 3221 4988 1,
3259 4916 3342 4990 5),
3375 4943 3394 4966 ι
3434 4921 3489 4970 et
3516 4911 3584 4967 de

308 5128 416 5201 (8)
476 5121 650 5194 Vigil.
681 5120 839 5189 edit.,
872 5124 931 5174 ut
955 5117 1081 5173 dum
1105 5115 1421 5171 conditorem
1463 5113 1526 5168 de
1553 5113 1868 5172 conditis...
2194 5108 2364 5201 Xigil.
2397 5107 2553 5174 edit.,
2578 5107 2772 5201 deperq
2788 5105 2950 5161 Patre
2968 5109 3149 5201 altatus,
3169 5119 3272 5201 ξονι

308 5128 416 5201 (8)
476 5121 650 5194 Vigil.
681 5120 839 5189 edit.,
872 5124 931 5174 ut
955 5117 1081 5173 dum
1105 5115 1421 5171 conditorem
1463 5113 1526 5168 de
1553 5113 1868 5172 conditis...
2085 5113 2174 5184 i2)
2194 5113 2364 5181 Vigil.
2397 5113 2553 5174 edit.,
2578 5113 2770 5187 aspero
2788 5113 2950 5161 Patre
2968 5113 3149 5186 natus,
3169 5119 3272 5157 non
3291 5113 3461 5171 factus
3481 5113 3578 5173 est.

218 5204 572 5262 “meum”,
1008 5261 1035 5262 ἡ
1156 5259 1192 5262 __
1772 5259 1781 5262 _
1871 5239 1880 5247 ,
2057 5113 2170 5256 (13)
2202 5181 2404 5262 Omnes
2452 5187 2662 5262 exarati
2722 5185 2886 5250 atque
2913 5177 3074 5262 “(idm
3097 5175 3247 5262 _cod..

306 5239 776 5344 E3"¥éll.__cod.
809 5261 1062 5344 et_Vigil.
1111 5259 1265 5344 edit.,
1297 5273 1601 5328 quanquam
1628 5274 1735 5314 non
1760 5239 1880 5314 im?
1982 5239 2184 5344 nomen
2231 5251 2605 5344 praeferentes,
2647 5267 2770 5344 1ποη
2794 5239 3025 5344 ἐςτιιίεᾷ
3051 5245 3244 5344 με’-ηεξ

219 5318 998 5404 ωιῖιῖυεῆ-ἇίἐέηῖήιίῐίάιιδ
1031 5340 1179 5404 recto
1209 5318 1477 5404 seuseu"
1572 5403 1575 5404 ν
1632 5402 1639 5404 _
1750 5402 1770 5404 _
1983 5334 2057 5404 est
2101 5327 2163 5404 de
2220 5318 2417 5404 Patre:
2456 5323 2740 5404 Deushlua;
2768 5327 2861 5404 ‘cst
2898 5334 3025 5401 .qua'
3066 5318 3585 5404 illuminatoﬂtiem

1983 5378 2310 5453 iamiam...
2359 5395 2418 5448 id
2459 5400 2552 5462 est,
2599 5393 2842 5450 Christus
2887 5378 2944 5444 ἱὶι
2986 5388 3152 5462 οωὶο,
3195 5378 3583 5462 ¢t_tcnebrre_...

519 5453 650 5467 ww
675 5453 990 5466 "Nam"
1044 5453 1098 5474 Ἦ
1378 5453 1475 5457 mn
1797 5453 1841 5458 --
1984 5471 2054 5525 Hi
2088 5468 2346 5524 scilicet...
2388 5453 2619 5520 homiues
2655 5481 2762 5518 non
2798 5453 3274 5535 agnoveruutzaed
3311 5453 3441 5523 ipse,
3476 5455 3583 5507 etc.

332 5559 377 5565 _-
409 5555 463 5565 -.
521 5552 562 5565 .-
597 5552 634 5565 η
784 5551 796 5563 .
870 5550 901 5565 η
971 5549 981 5560 ο
1025 5554 1052 5565 ,ν
1199 5546 1236 5565 1,
1985 5542 2090 5565 λγ--
2120 5555 2248 5565 -..ι-Α
2280 5538 2459 5565 1-.....“
2493 5551 2558 5565 Α-
2589 5534 2700 5565 mlh
2754 5532 2899 5565 ιγςηςι
2956 5532 3298 5565 νοιίιίιιιηὶιιει

521 5552 744 5622 Teller.,
774 5551 831 5608 in
861 5546 1154 5621 Scripturis
1179 5545 1476 5604 dominicis.
1984 5542 2094 5599 Nos
2120 5555 2251 5596 vero
2280 5538 2463 5594 locum
2493 5551 2564 5592 ex
2588 5534 2722 5592 edit.
2754 5532 2924 5604 Vigil.
2956 5532 3319 5587 restinximus.

605 5652 847 5712 Panos.
887 5649 1064 5709 XVII.
3202 5625 3269 5684 19

2273 5251 2605 5318 rzeferentes,
2662 5267 2770 5304 non
2794 5237 3002 5316 .sentis,
3051 5254 3112 5301 ut
3154 5245 3283 5318 quia
3327 5237 3585 5306 scriptum

313 5413 466 5489 (10)
518 5409 650 5467 Gill.
673 5417 730 5465 et
749 5410 908 5466 Rom.
923 5402 1354 5474 edit.,facturam
1374 5401 1478 5457 dici
1497 5402 1872 5459 voluisse.Per-
