4064 6178
498 291 606 352 587

1519 286 1617 342 AD
1658 285 1906 344 OPEBA
1944 283 2000 342 S.
2028 282 2363 342 AMBROSII
2398 281 2778 340 APPENDIX.

3690 277 3793 337 588

498 425 673 483 Filio:
714 447 734 472 ι
759 423 893 479 Erat
932 420 1031 476 lux
1067 433 1197 475 vera
1222 434 1343 492 quas
1385 416 1663 474 illuminat
1708 432 1926 473 omnem
1974 415 2089 472 ho—
2113 417 2164 477 A
2266 416 2411 471 Deus
2453 415 2675 484 etenim,
2719 410 3004 486 inquiunt,
3052 409 3219 469 eﬂicit
3254 417 3316 466 ut
3347 410 3421 467 sit
3463 408 3792 475 substantia,

509 516 716 573 minem
748 510 1061 569 venientem
1100 508 1158 565 in
1187 507 1338 565 hunc
1366 504 1635 564 mundum
1666 506 1845 577 (Joan.
1876 523 1918 572 ι,
1939 504 2026 577 9);
2059 529 2079 553 ι

499 613 580 662 et:
630 628 649 652 α
678 603 800 659 Lux
849 601 996 657 lucet
1030 597 1088 655 in
1139 597 1400 669 tenebris,
1432 620 1451 644 ι
1495 595 1551 651 id
1601 600 1701 662 est,
1747 593 1996 651 Christus
2036 594 2092 649 in

499 694 701 751 saeculo
747 710 760 759 ;
834 714 852 739 ι
918 697 972 745 et
1018 686 1257 744 tenebrae
1309 701 1427 742 eam
1487 701 1598 740 non
1646 691 1775 739 sunt
1835 690 2094 739 assecutae

501 781 664 855 (Ibid.
705 780 798 853 6):
833 804 852 828 ι
909 777 950 834 ii
989 776 1200 833 scilicet
1227 774 1481 831 homines
1518 789 1752 846 quorum
1808 789 1902 829 cor
1928 772 2095 845 igno-

503 872 695 928 rantiae
744 869 985 926 tenebris
1032 867 1366 923 obcaecatum
1412 871 1521 933 est,
1571 864 1851 922 Christum
1901 880 2093 921 verum

498 963 694 1029 Deum,
734 966 789 1014 et
824 975 1017 1014 verum
1057 956 1156 1013 Dei
1195 954 1399 1011 Filium
1430 970 1542 1010 non
1584 961 1943 1025 agnoverunt.
1990 952 2095 1010 Sed

492 1050 610 1123 ipse
638 1046 944 1105 Dominus:
990 1069 1009 1093 ι
1039 1046 1155 1117 Ego
1189 1061 1332 1111 sum,
1372 1041 1573 1115 inquit,
1611 1043 1709 1097 lux
1739 1040 1963 1097 mundi:
1999 1040 2093 1114 qui

493 1156 580 1195 me
610 1145 829 1197 secutus
862 1134 1030 1192 fuerit
1075 1150 1187 1190 non
1220 1132 1324 1188 ibit
1354 1131 1414 1187 in
1444 1130 1717 1197 tenebris;
1748 1130 1842 1186 sed
1871 1129 2096 1185 habebit

492 1231 680 1286 lumen
734 1227 863 1284 vitae
916 1226 1096 1296 (Joan.
1148 1240 1273 1292 vm,
1314 1222 1427 1293 12).
1468 1246 1486 1269 ι
1540 1222 1685 1294 Ergo
1731 1220 1860 1293 quia
1907 1222 2093 1277 lumen

493 1319 672 1386 Pater,
701 1324 756 1374 et
785 1317 883 1371 lux
910 1314 1108 1379 Filius,
1140 1319 1287 1369 recte
1321 1313 1510 1368 lumen
1539 1310 1605 1367 de
1632 1311 1863 1367 lumine.

561 1405 666 1464 Sed
716 1406 903 1462 lumen
950 1420 1020 1460 ex
1053 1402 1247 1459 lunine
1289 1402 1368 1459 ita
1411 1400 1626 1470 asseris,
1659 1400 1814 1474 quasi
1862 1416 1895 1456 a
1938 1400 2095 1457 Patre

490 1496 586 1571 qui
611 1512 806 1552 verum
837 1494 1024 1550 lumen
1055 1498 1157 1563 est,
1191 1490 1345 1547 aliud
1373 1491 1560 1546 lumen
1586 1490 1658 1546 sit
1686 1488 1913 1558 factum,
1946 1488 2094 1562 quod

489 1586 557 1643 de
598 1586 717 1659 ipsa
762 1582 940 1641 Patris
967 1580 1275 1640 substantia
1312 1596 1426 1636 non
1461 1578 1561 1636 sit:
1603 1577 1699 1635 sed
1727 1577 1891 1636 sicuti
1939 1577 2093 1635 aliud

489 1675 776 1749 quodlibet
825 1675 1012 1730 lumen
1042 1715 1058 1742 ,
1107 1685 1420 1745 quanquam
1479 1684 1512 1723 a
1564 1669 1679 1723 Deo
1728 1668 1802 1724 sit
1852 1668 2092 1737 factum,

2203 520 2316 561 non
2346 512 2530 561 tamen
2577 513 2639 561 ut
2680 503 2797 577 ipse
2825 503 2973 560 Deus
3021 501 3079 557 in
3108 499 3414 557 substantia
3462 499 3791 572 deputetur;

2202 594 2425 667 quippe,
2481 595 2658 663 aiunt,
2744 610 2872 651 cum
2929 592 3111 648 omnis
3167 588 3473 647 substantia
3522 587 3798 644 contraria

2201 682 2452 755 recipiat.
2502 685 2648 740 Deus
2675 698 2809 739 vero
2858 681 2953 756 qui
2995 679 3138 737 nihil
3171 679 3457 736 diversum
3508 676 3798 736 admittere

2203 784 2400 850 potest,
2435 777 2745 833 substantia
2773 775 2883 831 dici
2914 790 3025 831 non
3053 773 3233 831 debet.

2275 868 2620 940 Ignoscerem
2650 866 2755 922 tibi
2784 866 2830 922 si
2870 864 2978 921 hoc
3006 863 3335 936 simpliciter
3363 862 3592 932 diceres,
3625 862 3672 919 si
3701 880 3797 920 ra-

2200 959 2408 1015 tionem
2441 957 2520 1013 rei
2549 957 2719 1012 velles
2748 955 2908 1024 scire,
2968 954 3015 1010 si
3045 954 3199 1010 rudis
3243 952 3309 1008 ad
3356 952 3499 1010 hanc
3530 954 3797 1026 quaestio-

2204 1063 2329 1103 nem
2358 1046 2661 1114 accederes,
2694 1045 2740 1101 si
2770 1062 2881 1100 non
2913 1044 3026 1116 ipse
3057 1060 3217 1111 esses,
3250 1042 3343 1115 qui
3374 1058 3588 1114 semper
3618 1044 3707 1099 vel
3732 1043 3798 1101 de

2204 1137 2312 1193 alia
2340 1136 2670 1202 substantia,
2697 1136 2785 1191 vel
2814 1135 2880 1191 de
2903 1134 3075 1190 nullis
3095 1132 3443 1190 exstantibus
3467 1132 3566 1189 Dei
3589 1133 3795 1189 Filium

2203 1226 2516 1282 asserehas:
2570 1233 2625 1280 at
2675 1241 2801 1281 cum
2852 1224 2998 1279 idem
3048 1223 3163 1297 ipse
3214 1224 3289 1280 sis
3333 1223 3427 1296 qui
3473 1222 3607 1278 hinc
3657 1239 3798 1295 saepe

2203 1316 2512 1383 convictus,
2567 1330 2707 1386 saepe
2764 1313 3066 1382 confessus,
3120 1330 3261 1385 saepe
3312 1311 3545 1383 negasti,
3598 1312 3799 1385 saepius

2202 1405 2362 1462 aliter
2391 1403 2740 1462 immutando
2770 1402 3062 1460 damnatus
3092 1419 3152 1460 es
3179 1420 3190 1459 :
3225 1402 3320 1475 qui
3350 1402 3515 1458 etiam
3546 1418 3698 1459 nunc
3716 1401 3794 1471 vi,

2203 1496 2505 1552 ambitione
2535 1502 2590 1551 et
2618 1494 2868 1566 potentia
2895 1493 3181 1566 exagitans
3201 1492 3335 1566 (15),
3358 1494 3549 1550 turbas
3570 1492 3793 1548 omnia:

2201 1583 2485 1658 quomodo
2514 1593 2674 1657 putas
2703 1600 2791 1640 me
2823 1583 3105 1656 ignoscere
3135 1581 3239 1638 tibi
3265 1599 3423 1655 posse
3455 1581 3796 1655 frequentius

2203 1675 2392 1733 eadem
2423 1675 2743 1733 retractanti
2764 1674 2792 1731 ’ἲ
2839 1674 2944 1732 Sed
2974 1693 3043 1732 ne
3070 1672 3329 1730 videatur
3356 1671 3474 1730 haec
3513 1672 3797 1745 perversi-

488 1765 650 1838 longe
686 1770 871 1819 tamen
899 1759 1053 1818 aliud
1077 1758 1244 1850 sitab
1274 1774 1367 1850 eo,
1400 1756 1749 1850 quiAfecerit;
1781 1764 1836 1813 et
1856 1756 1986 1850 ideo
2012 1758 2092 1814 lu-
2120 1788 2167 1850 B
2206 1772 2284 1822 tas
2335 1764 2691 1838 prejudicata
2734 1763 2908 1838 magis
2955 1781 3119 1838 quam
3164 1763 3479 1820 examinata
3519 1759 3788 1830 damnari,

489 1870 616 1910 men
644 1870 714 1910 ex
743 1851 976 1921 lumine,
1002 1865 1115 1906 non
1143 1848 1211 1905 de
1233 1847 1445 1904 lumine
1470 1845 1609 1903 dicis
1630 1865 1641 1902 :
1661 1846 1799 1904 Cum
1825 1863 1952 1920 ergo
1971 1845 2090 1905 haec

487 1943 821 2018 praelocutus
849 1957 992 2010 sum,
1025 1939 1155 1997 licet
1182 1954 1399 1995 mecum
1437 1951 1549 1993 non
1579 1935 1875 2008 intelligas,
1905 1945 2087 1994 tamen

487 2032 990 2107 quomodocunque
1022 2031 1140 2103 ipsa
1179 2027 1525 2103 pronuntias,
1571 2043 1698 2085 cum
1736 2026 1938 2101 scripta
1976 2042 2088 2084 non

486 2123 618 2181 sint.
653 2123 743 2179 An
771 2137 885 2179 non
914 2128 969 2178 et
1004 2118 1172 2177 unius
1198 2117 1523 2175 substantiae
1560 2116 1915 2187 vocabulum,
1942 2113 2090 2191 quod

486 2214 546 2269 in
600 2210 903 2287 Scripturis
946 2226 1058 2268 non
1099 2215 1257 2284 putas
1298 2205 1593 2276 contineri,
1632 2223 1848 2264 mecum
1886 2205 2090 2279 pariter

485 2302 763 2376 proﬁteris
783 2320 795 2358 :
818 2300 929 2357 nisi
959 2300 1088 2373 quia
1107 2298 1227 2355 illic
1253 2297 1494 2353 habuisti
1528 2297 1804 2370 quomodo
1820 2294 2090 2368 malignos

486 2407 677 2447 sensus
726 2395 852 2445 tuos
882 2387 1098 2445 occulta
1127 2385 1320 2442 fraude
1350 2386 1408 2441 in
1451 2393 1685 2457 utroque
1731 2392 2084 2457 contegeres;

484 2488 549 2537 ut
596 2492 812 2535 mecum
840 2476 949 2533 hoc
992 2475 1173 2548 ipsum
1207 2490 1344 2531 sono
1387 2474 1544 2532 vocis
1588 2473 1946 2546 exprimeres,
1994 2472 2089 2531 sed

485 2582 696 2631 tament
725 2571 890 2646 longe
919 2570 1054 2629 dicti
1084 2560 1509 2645 intelligentiam
1538 2571 1853 2644 separares?

559 2663 735 2721 Sicuti
782 2671 837 2719 et
883 2662 967 2718 illi
1015 2659 1260 2718 haeretici
1290 2660 1386 2734 qui
1422 2660 1876 2718 resurrectionem
1908 2659 2087 2718 carnis

488 2764 709 2830 negant,
767 2755 835 2812 ad
890 2752 1242 2826 decipiendas
1301 2752 1512 2809 animas
1562 2751 1902 2824 simplicium
1934 2796 1949 2821 ,
2005 2768 2087 2808 vae

486 2846 682 2904 dicunt
714 2844 802 2901 his
830 2844 926 2917 qui
955 2844 1014 2899 in
1043 2859 1205 2899 carne
1246 2858 1359 2898 non
1400 2848 1711 2914 resurgunt.
1743 2840 1847 2899 Sed
1877 2841 1924 2898 si
1964 2840 2089 2898 dis-

485 2936 663 2994 cutias
704 2950 795 2992 eos
822 2948 923 2990 cur
949 2931 1053 2988 hoc
1098 2931 1366 3001 dixerint,
1398 2948 1523 2989 cum
1562 2932 1702 2988 scias
1736 2931 1862 2988 illos
1907 2932 2088 2989 carnis

488 3022 950 3083 resurrectionem
984 3020 1234 3098 ‘omnino
1282 3036 1516 3094 negare,
1560 3020 1747 3077 dicent
1785 3021 1932 3078 tibi:
1991 3022 2087 3079 Vm

487 3115 681 3189 utique
732 3112 818 3169 illi
846 3112 951 3169 erit
997 3109 1139 3185 (14),
1169 3110 1266 3185 qui
1311 3110 1371 3167 in
1417 3126 1580 3168 carne
1622 3109 1930 3183 baptizatus
1974 3127 2086 3167 non

486 3203 675 3273 fuerit,
708 3211 772 3260 ut
795 3201 983 3259 anima
1010 3200 1184 3275 ipsius
1211 3201 1344 3258 dum
1373 3200 1430 3255 in
1460 3216 1688 3274 corpore
1702 3209 1803 3270 est,
1831 3200 1899 3257 de
1916 3206 2092 3257 morte

486 3292 817 3350 delictorum
856 3307 1105 3361 suorum,
1153 3296 1217 3347 ut
1254 3291 1321 3346 de
1352 3290 1604 3363 sepulcro
1651 3290 1949 3347 criminum
1995 3306 2092 3363 per

485 3381 782 3457 baptisma,
834 3382 891 3439 in
931 3381 1120 3440 eadem
1160 3389 1425 3455 resurgat.
1473 3380 1657 3438 Solius
1703 3382 1850 3438 enim
1894 3380 2091 3437 animae

486 3488 583 3546 per
625 3471 829 3530 lavacri
861 3471 1049 3527 vitalis
1079 3470 1307 3542 gratiam
1352 3468 1809 3526 resurrectionem
1841 3469 1900 3525 in
1928 3483 2091 3527 carne

490 3559 823 3617 defendunt:
876 3574 1003 3613 nam
1053 3566 1107 3613 et
1141 3557 1344 3630 ispsius
1400 3557 1583 3613 carnis
1618 3558 1851 3615 salutem
1903 3559 2090 3614 exclu-

489 3648 649 3706 dunt.
679 3648 752 3704 Et
783 3646 844 3701 hi
884 3662 981 3719 per
1010 3645 1371 3701 verisimilem
1399 3644 1801 3701 confessionem
1832 3647 2090 3703 innocen-

488 3736 634 3794 tium
665 3741 880 3792 mentes
926 3734 1144 3791 occulta
1193 3732 1387 3789 fraude
1429 3733 1712 3790 seducent.
1744 3734 1818 3790 Et
1857 3744 1921 3792 ut
1954 3736 2092 3793 solet

489 3826 696 3884 lethale
724 3823 989 3898 poculum
1016 3822 1200 3879 mellis
1228 3823 1523 3882 dulcedine
1552 3833 1942 3898 temperatum,
1970 3844 2090 3884 sua-

488 3916 666 3974 vitate
718 3914 965 3984 fallente,
1014 3912 1321 3987 perimere;
1370 3915 1450 3972 sic
1487 3923 1541 3972 et
1586 3914 1693 3973 hoc
1742 3917 1949 3973 malum
1997 3933 2093 3990 per

488 4006 934 4065 blandimentum
987 4003 1205 4060 aurium
1237 4046 1253 4073 ,
1307 4008 1444 4067 351
1505 4003 1847 4062 audientium
1901 4022 2093 4064 sensus

490 4104 724 4180 quadam
775 4104 896 4162 labe
924 4102 1311 4163 contaminans
1350 4101 1677 4176 contagione
1730 4102 1858 4160 vitii
1912 4102 2091 4160 adhae-

490 4194 663 4254 rentis
691 4195 889 4253 inﬁcit.
1886 4216 1899 4224 ο

562 4286 791 4345 CAPUT
820 4283 916 4344 IV.
947 4314 1019 4328 —
1035 4283 1289 4358 Denique
1315 4291 1370 4342 et
1398 4298 1549 4343 nunc
1576 4292 1797 4358 possent
1818 4287 2093 4365 ὁμοουσιον

491 4383 655 4442 sicuti
696 4391 750 4441 et
778 4390 973 4440 caetera
1000 4382 1169 4440 verbo
1205 4390 1364 4439 tenus
1405 4380 1713 4451 nominare,
1749 4382 1795 4439 si
1826 4380 2092 4438 haberent

492 4475 769 4550 quomodo
805 4473 946 4533 illud
974 4472 1044 4575 ad
1072 4474 1238 4529 aliam
1268 4473 1692 4575 intelligentiam
1722 4490 1901 4575 scaevo
1927 4488 2089 4575 sen‘su
2116 4515 2167 4575 D

492 4569 902 4639 perverterent:
953 4560 1048 4619 sed
1100 4578 1225 4619 cum
1271 4561 1525 4619 viderent
1568 4579 1625 4619 se
1665 4562 1725 4618 in
1781 4562 1886 4620 hoc
1920 4562 2088 4619 verbo

492 4653 772 4723 concludi,
824 4652 1037 4709 nullam
1083 4651 1312 4709 omnino
1367 4652 1705 4709 mentionem
1754 4651 1922 4725 hujus
1971 4652 2093 4709 ﬁeri

493 4745 811 4812 voluerunt,
868 4759 938 4800 ne
984 4750 1080 4799 aut
1134 4741 1447 4816 proﬁtendo
1486 4741 1593 4799 hoc
1635 4742 1941 4813 crederent,
1999 4750 2094 4799 aut

494 4831 778 4890 credentes
818 4830 1051 4904 professi
1079 4831 1434 4889 viderentur:
1482 4829 1678 4889 subtili
1730 4832 1952 4903 ingenio
1999 4847 2093 4888 ex-

495 4931 769 4991 cusantes,
812 4922 960 4998 quod
996 4932 1091 4980 aut
1125 4924 1392 4997 scriptum
1438 4939 1551 4980 non
1580 4932 1740 4993 esset,
1785 4932 1881 4981 aut
1917 4926 2092 4983 Deum

496 5015 556 5071 in
585 5010 891 5073 substantia
916 5012 1029 5073 dici
1066 5028 1180 5071 non
1214 5021 1486 5087 oportere,
1506 5029 1577 5071 ne
1591 5030 1885 5087 corporeus
1912 5014 2093 5073 crede-

495 5115 665 5166 retur.

572 5251 689 5325 (14)
730 5250 1101 5325 Huncetiam
1128 5252 1311 5325 locum
1352 5250 1514 5308 nobis
1555 5249 1688 5325 edit.
1728 5249 1900 5325 Yigil.
1941 5247 2095 5325 resti-

496 5320 629 5392 tuit,
660 5320 784 5380 cum
835 5323 1132 5380 haberetur
1179 5324 1255 5379 im
1286 5339 1414 5379 mss.
1465 5330 1519 5378 et
1546 5321 1680 5377 edit.
1716 5320 2096 5377 Ambrosianis

496 5394 556 5449 in
585 5394 702 5453 haec
720 5395 908 5463 verba,
935 5396 1145 5451 animas
1172 5393 1733 5466 simpliciumpdicunt
1767 5393 1848 5447 his
1870 5392 2010 5466 quia
2038 5392 2097 5466 in

496 5478 655 5539 carne
681 5483 788 5521 non
814 5464 1447 5539 resurgant......,_dicent
1482 5464 1578 5519 tibi
1601 5481 1613 5519 :
1644 5464 1829 5535 Utique
1857 5464 1951 5520 ille
1974 5464 2096 5535 erit,

499 5544 622 5610 etc._
637 5537 847 5610 inepto,
862 5537 1046 5595 sensu.

575 5608 693 5679 (15)
725 5607 920 5666 Amhr.
968 5610 1101 5667 edit.
1132 5625 1277 5666 cum.
1318 5624 1422 5665 ms.
1460 5607 1624 5676 Tell.,
1654 5623 1793 5663 nunc
1833 5608 1893 5664 in
1931 5607 2096 5664 ambi-

504 5677 641 5735 tione
668 5677 975 5749 exagitans:
1016 5681 1189 5755 Vigil.
1221 5681 1356 5740 edit.
1384 5696 1514 5741 cum
1542 5680 1677 5740 Lat.
1703 5679 1851 5754 cod.,
1883 5680 1958 5751 vi,
1986 5696 2097 5738 am-

2200 1854 2443 1911 hreviter
2471 1854 2576 1910 tibi
2606 1854 2674 1911 de
2698 1854 2803 1912 hac
2831 1854 3179 1928 oppositione
3213 1851 3590 1926 respondeam.

2272 1945 2540 2003 Prohibes
2581 1946 2766 2019 itaque
2812 1946 2872 2002 in
2920 1947 3034 2003 Deo
3079 1945 3446 2003 substantiam
3496 1943 3796 2016 nominari,

2201 2035 2360 2110 quasi
2385 2053 2417 2093 ο
2434 2053 2564 2094 mne
2587 2035 2737 2110 quod
2766 2035 3077 2093 substantia
3106 2034 3334 2103 dicitur,
3376 2051 3462 2091 res
3487 2035 3605 2109 ipsa
3631 2034 3799 2092 unius

2203 2126 2422 2200 generis
2456 2125 2745 2185 habeatur.
2792 2130 2882 2183 An
2911 2126 3132 2200 ignoras
3159 2126 3321 2183 aliter
3346 2124 3611 2194 ccclestia,
3638 2124 3800 2183 aliter

2199 2225 2415 2274 terrena
2446 2224 2716 2287 constare,
2768 2214 2864 2273 sed
2913 2224 2967 2273 et
3014 2214 3075 2272 in
3104 2215 3239 2289 ipsis
3273 2214 3589 2273 coelestibus
3636 2213 3799 2272 rebus

2200 2315 2363 2380 atque
2422 2306 2725 2365 mundanis
2772 2322 3025 2380 magnam
3073 2305 3440 2364 differentiam
3482 2305 3800 2363 interesse?

2199 2395 2382 2453 Aliter
2412 2396 2561 2453 enim
2602 2396 2806 2470 angeli,
2855 2396 3017 2454 aliter
3060 2396 3298 2471 singulae
3320 2396 3554 2453 virtutes
3594 2393 3799 2453 consti-

2199 2485 2486 2544 tutionum
2544 2503 2770 2544 suarum
2833 2485 3167 2544 substantias
3215 2492 3566 2559 acceperunt,
3632 2483 3798 2542 sicuti

2200 2577 2500 2650 Apostolus
2544 2576 2659 2634 ait:
2725 2600 2744 2625 ‹
2776 2576 2903 2633 Alia
2945 2575 3165 2634 claritas
3211 2576 3365 2646 solis,
3421 2576 3530 2632 alia
3574 2574 3798 2632 claritas

2200 2668 2368 2736 lunae,
2396 2666 2505 2722 alia
2536 2666 2761 2724 claritas
2789 2668 3074 2723 stellarum
3112 2667 3171 2739 (Ι
3197 2668 3322 2724 Cor.
3355 2682 3452 2735 xv,
3483 2664 3601 2737 41).
3629 2689 3646 2711 -
3706 2662 3798 2721 Sic

2198 2765 2252 2816 et
2282 2757 2342 2813 in
2384 2756 2491 2814 hoc
2520 2755 2749 2827 mundo,
2798 2765 2860 2813 ut
2901 2756 3118 2814 diversa
3157 2773 3355 2830 genera
3381 2772 3590 2824 rerum,
3638 2754 3719 2811 ita
3742 2761 3797 2811 et

2198 2848 2417 2905 diversa
2443 2864 2674 2920 corpora
2702 2847 3094 2917 animantium,
3124 2854 3178 2903 et
3205 2846 3464 2904 omnibus
3494 2845 3582 2902 sui
3614 2843 3798 2916 cujus-

2199 2955 2305 3013 que
2362 2936 2575 3011 generis
2629 2936 2955 3007 substantia,
3041 2936 3185 2995 sicut
3261 2936 3562 3010 Apostolus
3616 2932 3795 2992 dicit:

2215 3051 2233 3076 ι
2262 3027 2383 3084 Non
2420 3026 2603 3084 omnis
2628 3043 2756 3085 caro
2784 3026 2972 3084 eadem
3001 3042 3129 3084 caro
3161 3026 3326 3099 (Ibid.
3357 3026 3474 3100 39).
3505 3050 3523 3074 ι

2122 3151 2166 3212 c
2270 3117 2329 3174 Si
2350 3135 2478 3190 ergo
2499 3134 2559 3174 ea
2582 3134 2701 3191 quae
2724 3135 2755 3174 a
2772 3119 2886 3174 Deo
2911 3117 3054 3174 facta
3075 3125 3223 3186 sunt,
3241 3116 3486 3173 diversas
3505 3115 3801 3190 qualitates

2202 3206 2635 3265 substantiarum
2663 3224 2885 3264 suarum
2913 3207 3138 3277 habent,
3187 3214 3249 3263 tu
3286 3214 3445 3280 putas
3474 3207 3533 3263 in
3558 3208 3677 3264 Deo
3704 3214 3800 3264 ta—

2201 3297 2309 3354 lem
2336 3314 2451 3354 esse
2480 3297 2866 3366 substantiam,
2909 3298 3127 3370 qualem
3158 3297 3322 3354 habet
3351 3296 3566 3372 aliquid
3596 3297 3799 3355 horum

2203 3386 2350 3462 quod
2381 3388 2589 3445 factum
2619 3395 2701 3444 est
2730 3395 2792 3442 ut
2824 3382 2997 3460 possit
3023 3386 3300 3443 contraria
3328 3387 3572 3460 recipere
3593 3387 3624 3444 ?
3672 3387 3801 3444 Ab-

2201 3478 2293 3535 sit.
2323 3477 2455 3545 Quze
2487 3484 2568 3533 est
2587 3477 2734 3533 enim
2755 3475 3065 3533 substantia
3085 3477 3183 3533 Dei
3206 3477 3234 3534 i
3262 3478 3447 3550 Ipsum
3477 3477 3629 3552 quod
3656 3478 3799 3535 Deus

2201 3576 2303 3636 est,
2342 3567 2600 3639 simplex,
2654 3566 2953 3639 singulare,
2986 3582 3208 3639 purum,
3258 3568 3417 3623 nulla
3443 3568 3799 3624 concretione

2200 3657 2548 3728 permistum,
2585 3656 2899 3729 limpidum,
2928 3655 3156 3726 bonum,
3190 3656 3517 3729 perfectum,
3550 3657 3795 3727 beatum,

2201 3747 2501 3820 integrum,
2532 3753 2781 3803 sanctum
2804 3754 3004 3803 totum.
3028 3746 3113 3803 An
3139 3754 3200 3802 tu
3222 3753 3382 3819 putas
3401 3746 3567 3804 inane
3586 3747 3799 3822 aliquid

2200 3854 2316 3895 esse
2366 3846 2419 3894 et
2468 3854 2726 3906 vacuum,
2778 3837 2925 3911 quod
2962 3844 3043 3893 est
3074 3837 3262 3893 Deus?
3314 3838 3430 3894 Hoc
3479 3837 3631 3894 enim
3684 3836 3775 3895 dic

2200 3925 2546 3999 blasphemia
2576 3934 2678 3996 est,
2709 3935 2771 3983 ut
2801 3926 2964 3983 inane
2994 3932 3237 3998 putetur,
3279 3941 3376 3998 per
3404 3940 3568 3998 quem
3597 3932 3799 3982 cuncta

2201 4016 2594 4084 constiterunt,
2627 4015 2721 4088 qui
2753 4015 2939 4071 omnia
2966 4015 3137 4072 verbo
3165 4014 3359 4083 edidit,
3406 4014 3623 4070 ratione
3652 4029 3797 4072 com-

2201 4103 2407 4177 posuit,
2440 4104 2646 4159 virtute
2676 4102 2926 4175 perfecit,
2967 4102 3124 4174 cujus
3154 4111 3294 4160 nutu
3323 4110 3378 4159 et
3406 4101 3647 4175 imperio
3677 4100 3798 4158 uni-

2200 4204 2358 4251 versa
2384 4201 2668 4266 reguntur,
2698 4201 2897 4251 cuncta
2924 4193 3264 4252 deserviunt.

2271 4294 2344 4350 Et
2372 4293 2511 4349 bene
2545 4292 2612 4349 de
2636 4294 2749 4350 Deo
2780 4294 2915 4366 legis
2943 4293 3209 4366 scriptum
3239 4312 3251 4350 :
3314 4318 3331 4342 ι
3360 4290 3477 4365 Ego
3528 4307 3654 4349 sum
3703 4288 3799 4365 qui

2201 4398 2322 4438 sum
2388 4382 2592 4454 (Exod.
2624 4370 2728 4449 ‘m,
2776 4382 2936 4455 14),»
2978 4389 3069 4439 et:
3139 4405 3159 4430 ι
3190 4381 3297 4449 Qui
3357 4388 3459 4450 est,
3523 4379 3662 4437 nisit
3712 4395 3803 4436 me

2202 4471 2412 4545 (Ibid).
2445 4496 2465 4520 ι
2526 4473 2598 4527 Et
2644 4472 2760 4545 ipse
2806 4471 3048 4529 salvator
3078 4472 3393 4527 Dominus:
3443 4495 3463 4520 ‹
3514 4470 3645 4526 Haec
3695 4477 3798 4538 est,

2201 4560 2400 4635 inquit,
2450 4562 2568 4618 vita
2591 4568 2813 4629 aeterna,
2844 4569 2907 4617 ut
2935 4568 3268 4633 cognoscant
3310 4569 3366 4616 te
3394 4560 3573 4616 solum
3603 4574 3800 4615 verum

2199 4653 2395 4721 Deum,
2428 4659 2482 4707 et
2506 4668 2668 4724 quem
2699 4650 2901 4707 misisti
2929 4651 3115 4707 Iesum
3146 4651 3431 4709 Christum
3463 4650 3800 4722 (Joan.xvn,

2201 4741 2281 4814 3).
2314 4767 2332 4791 ι
2375 4741 2474 4796 Est
2502 4756 2630 4812 ergo
2660 4739 2719 4795 in
2749 4740 3058 4815 substantia
3086 4739 3324 4797 essentia
3352 4756 3451 4796 sua
3476 4740 3593 4810 (16)
3630 4740 3803 4807 Deus,

2201 4831 2358 4904 cujus
2388 4830 2631 4903 cognitio
2680 4831 2797 4889 vita
2830 4840 3032 4889 aeterna
3078 4839 3181 4900 est,
3226 4832 3320 4905 qui
3369 4840 3422 4888 et
3466 4837 3654 4886 tantus
3694 4837 3804 4897 est,

2201 4928 2440 4995 quantus
2468 4920 2580 4978 dici
2609 4937 2721 4977 non
2748 4929 2944 4994 potest.
2977 4920 3085 4988 Qui
3118 4929 3252 4978 tunc
3278 4920 3442 4993 digne
3469 4919 3805 4986 aestimatur,

2202 5028 2328 5070 cum
2359 5010 2763 5068 inaestimabilis
2794 5011 3021 5081 dicitur,
3052 5011 3245 5085 utique
3274 5011 3415 5067 velis
3447 5026 3510 5067 ac
3539 5008 3709 5065 nolis.

2272 5101 2417 5175 Ergo
2444 5102 2624 5173 ipsum
2654 5094 2801 5174 quod
2829 5108 2932 5170 est,
2963 5100 3071 5158 hoc
3099 5109 3182 5158 est
3208 5100 3521 5157 substantia
3548 5097 3670 5171 ejus
3696 5096 3805 5166 rei,

2204 5246 2425 5315 bitione;
2457 5244 2551 5302 sed
2582 5245 2697 5301 sola
2722 5245 2858 5302 edit.
2891 5245 3017 5318 Vig.
3051 5245 3206 5301 addit
3235 5251 3284 5301 et
3310 5244 3569 5318 potentia.

2278 5313 2516 5390 (16):lta
2538 5333 2728 5373 omnes
2759 5317 2890 5374 edit.
2924 5313 3127 5390 et'cod.
3164 5313 3338 5385 Laetf;
3369 5325 3425 5372 at
3454 5315 3624 5390 vigil.
3652 5313 3796 5390 edit.

2204 5386 2440 5462 res‘ecuit
2468 5390 2688 5445 essentia
2712 5406 2831 5457 sua,
2856 5406 2984 5462 pro
3015 5388 3216 5462 quibus
3248 5390 3386 5444 Tell.
3419 5386 3548 5462 cod:
3584 5386 3811 5442 substi-

2204 5461 2318 5542 tuit
2352 5464 2603 5542 sententia
2652 5477 2771 5517 sua.
2820 5460 3286 5542 Ver-umirecepta
3332 5460 3497 5542 lectio
3555 5475 3670 5540 non
3720 5465 3810 5514 est

2207 5532 2501 5605 mutanda:
2531 5532 2676 5605 idem
2706 5548 2770 5588 ea
2797 5531 3090 5605 signiﬁcat,
3110 5549 3171 5588 ac
3194 5530 3246 5588 si
3278 5532 3573 5599 scribatur,
3623 5530 3683 5586 in
3709 5545 3810 5584 or-
3888 5549 3893 5552 ’

2206 5602 2337 5661 dine
2368 5603 2686 5662 substantiae
2714 5620 2809 5676 per
2837 5602 3129 5662 essentiam
3155 5620 3331 5662 suam.
