4068 6188
108 227 286 337 ι589

1339 276 1434 332 DE
1469 275 1633 333 FIDE
1675 274 1953 333 CONTRA
1994 273 2315 332 ARIANOS.

3367 283 3477 340 590

190 421 304 479 qua
343 419 454 460 esse
500 401 848 470 defenditur;
891 400 1041 476 quod
1069 409 1253 458 tamen
1282 401 1399 474 jam
1430 401 1639 458 dictum
1671 407 1772 469 est,
1797 404 1848 462 A
1881 401 2088 457 Filium
2118 418 2249 456 vero
2279 402 2336 456 in
2362 402 2705 473 splendorem
2736 403 3004 459 claritatis
3031 405 3307 474 ostendas,
3327 406 3474 480 quod

191 500 442 566 quantum
481 500 533 548 et
562 493 723 565 quale
753 493 844 560 sit,
876 508 977 547 nec
1005 500 1184 548 mente
1215 491 1451 563 concipi,
1485 508 1585 548 nec
1613 507 1776 547 sensu

190 581 458 650 aestimari,
491 599 592 638 nec
621 581 808 636 animo
837 580 1056 636 deﬁniri
1083 589 1293 653 potest;
1326 579 1627 636 dummodo
1649 596 1774 635 con-

189 677 286 726 stet
329 686 462 738 esse,
496 670 643 743 quod
693 686 807 725 esse
837 669 1114 737 creditur;
1147 677 1209 724 ut
1253 669 1319 724 de
1361 686 1424 724 eo
1473 669 1591 740 ipso
1631 667 1777 740 quod

186 761 320 816 Deus
348 768 451 829 est,
484 759 614 815 inde
643 759 717 815 sit
749 759 945 827 Filius,
983 767 1046 814 ut
1076 775 1240 814 verus
1271 759 1344 813 sit
1371 757 1568 822 Filius,
1599 765 1651 812 et
1671 775 1779 813 ve—

186 865 271 904 rus
300 848 372 904 sit
403 849 562 904 Pater
592 849 647 903 in
690 848 853 916 Filio,
900 855 954 903 et
994 847 1169 902 Filius
1205 847 1265 901 in
1296 848 1470 902 Patre.
1522 848 1636 902 lloc
1677 848 1780 902 erit

184 941 471 1017 ὁμοοῦσιος,
506 937 564 992 id
607 946 709 1005 est,
756 938 928 992 unius
957 936 1279 992 substantia
1317 953 1442 991 cum
1479 937 1650 1002 Patre,
1695 935 1779 989 si—

184 1044 272 1092 cut
300 1036 415 1108 ipse
443 1036 721 1092 Dominus
751 1037 862 1092 ait:
910 1058 928 1080 ι
961 1035 1078 1105 Ego
1109 1034 1164 1087 in
1205 1035 1382 1101 Patre,
1428 1042 1480 1088 et
1527 1035 1683 1088 Pater
1721 1033 1777 1086 in

185 1143 268 1181 me
307 1125 490 1196 (Joan.
542 1143 665 1194 XIV,
719 1125 807 1196 10)
835 1143 849 1192 ;
879 1150 897 1171 ›
961 1131 1049 1178 et:
1105 1147 1122 1169 ‹
1152 1124 1268 1193 Ego
1312 1130 1366 1177 et
1403 1124 1560 1177 Pater
1607 1139 1778 1177 unum

963 1223 1016 1269 et
1052 1232 1062 1267 ;
1116 1238 1132 1259 ι
1165 1215 1279 1282 Ego
1322 1213 1387 1266 de
1437 1214 1594 1268 Patre
1627 1214 1778 1268 exivi

977 1325 994 1347 ι
1028 1300 1134 1371 Qui
1183 1317 1267 1355 me
1318 1300 1487 1368 videt,
1538 1301 1688 1356 videt
1727 1309 1781 1356 et

182 1233 371 1272 sumus
403 1217 584 1288 (Joan.
635 1233 691 1283 x,
725 1215 850 1286 30);
882 1239 900 1260 ν

178 1307 368 1377 (Joan.
399 1322 515 1373 xvi,
564 1305 696 1376 28);
736 1329 753 1350 ι
812 1312 900 1358 et:

180 1395 391 1449 Patrem
421 1396 609 1463 (Joan.
645 1411 763 1460 xxv,
805 1394 885 1464 9).
919 1417 938 1438 ι

248 1483 370 1538 Non
401 1482 700 1550 immerito,
733 1481 862 1553 quia
883 1481 1058 1536 Filius
1087 1481 1185 1536 Dei
1206 1479 1274 1535 de
1300 1482 1410 1535 Deo
1437 1481 1597 1535 Patre
1620 1489 1782 1536 natus

186 1579 287 1638 est;
321 1578 375 1625 et
404 1569 527 1626 ideo
567 1571 635 1626 de
679 1570 892 1626 unitate
922 1569 1263 1638 substantia,
1311 1577 1366 1624 et
1396 1568 1462 1624 de
1503 1568 1784 1640 majestate

186 1661 402 1716 idetatis
432 1676 609 1717 unum
636 1668 790 1729 sunt,
823 1660 988 1716 sicuti
1020 1669 1074 1715 et
1101 1659 1366 1714 Jeremias
1395 1659 1780 1730 prophetavit:

198 1775 215 1796 ι
249 1750 383 1816 Quis
413 1736 582 1806 stabit
621 1750 680 1812 in
710 1749 1019 1805 substantia
1045 1747 1291 1816 Domini,
1331 1756 1386 1803 et
1415 1747 1624 1803 videbit
1651 1749 1782 1805 Ver-

187 1840 314 1897 bum
356 1840 585 1896 Domini
625 1840 762 1911 (Jer.
813 1855 979 1907 χχιιι,
1039 1838 1162 1911 18);
1196 1863 1215 1886 ι
1279 1839 1351 1892 Et
1395 1838 1631 1893 iterum:
1685 1862 1702 1884 ε
1730 1839 1787 1893 Si

186 1932 473 1988 stetissent
501 1930 558 1984 in
610 1929 917 1985 substantia
945 1945 1084 1996 mea,
1135 1937 1189 1984 et
1225 1927 1272 1984 si
1306 1927 1588 1983 audissent
1628 1927 1792 1982 verba

185 2039 326 2091 mea,
396 2022 717 2078 avertissem
774 2036 867 2075 eos
911 2019 978 2076 ab
1037 2018 1238 2075 studiis
1294 2035 1483 2074 eorum
1541 2016 1792 2089 pessimis

189 2113 352 2183 (Ibid.
390 2111 507 2182 22).
532 2136 548 2157 ι
611 2111 682 2165 Et
710 2108 855 2181 apud
903 2109 1199 2165 Salomon:
1249 2131 1267 2155 ι
1296 2107 1614 2164 Substantia
1651 2122 1789 2174 mea,

188 2200 425 2256 dulcedo
458 2215 577 2255 mea
605 2205 686 2254 est
718 2199 871 2270 (Sap.
904 2214 1022 2266 xvr,
1059 2198 1173 2268 21).
1211 2218 1239 2250 ››

257 2289 492 2346 CAPUT
523 2289 591 2346 V.
620 2319 691 2329 —
719 2286 858 2345 Cum
897 2303 1024 2358 ergo
1054 2287 1201 2344 hanc
1228 2286 1503 2360 unitatem
1526 2286 1793 2342 substan—

189 2381 276 2435 tiae
307 2380 367 2434 in
399 2380 563 2434 Patre
610 2385 664 2434 et
693 2377 838 2432 Filio
881 2393 995 2432 non
1021 2377 1201 2432 solum
1241 2376 1582 2449 prophetica,
1613 2375 1707 2431 sed
1739 2382 1793 2430 et

189 2469 514 2542 evangelica
559 2467 888 2523 auctoritate
944 2471 1091 2528 352
1129 2483 1456 2539 cognoscas;
1519 2464 1794 2538 quomodo

196 2566 335 2624 dicis
375 2568 437 2623 in
487 2565 788 2638 Scripturis
834 2564 1045 2621 divinis
1071 2570 1340 2646 ὁμοοῦσιον
1388 2578 1498 2617 non
1532 2561 1794 2630 inveniri,

192 2665 349 2737 quasi
389 2662 546 2718 aliud
596 2661 669 2717 sit
697 2668 965 2742 ὁμοούσιον
1013 2678 1174 2734 quam
1220 2660 1367 2734 quod
1415 2659 1586 2716 dicit:
1634 2683 1651 2704 ι
1682 2660 1798 2731 Ego

192 2760 260 2816 de
289 2764 407 2817 Deo
437 2762 591 2816 Patre
618 2760 768 2815 exivi
801 2761 985 2832 (Joan.
1019 2776 1138 2827 xvr,
1169 2760 1256 2825 27,
1288 2758 1407 2828 28),
1440 2781 1458 2802 ι
1499 2765 1587 2812 et:
1637 2781 1653 2802 ι
1683 2756 1799 2826 Ego

196 2861 248 2906 et
294 2853 460 2906 Pater
509 2867 680 2906 unum
732 2867 923 2905 sumus
955 2851 1137 2919 (Joan.
1169 2865 1228 2915 x,
1276 2849 1409 2916 30);
1463 2871 1480 2893 ι
1537 2846 1622 2900 vel
1655 2842 1802 2914 quod

195 2942 482 3014 propheta
512 2959 581 2996 ex
611 2950 800 3012 aperto
830 2940 1194 2996 substantiam
1223 2938 1324 2992 Dei
1354 2935 1684 2991 intimabant
1705 2935 1732 2988 ’ἲ

272 3042 404 3095 Hac
440 3047 522 3095 est
549 3047 734 3094 autem
766 3037 1010 3092 nominis
1039 3037 1198 3102 ratio,
1221 3043 1283 3088 ut
1313 3034 1372 3088 in
1400 3033 1558 3087 Patre
1579 3042 1635 3087 et
1663 3031 1805 3086 Filio

1887 491 1953 546 de
1983 508 2047 548 eo
2081 491 2355 563 Propheta
2385 491 2590 547 dixerit
2622 510 2633 546 :
2699 516 2717 539 ε
2761 492 2923 565 Apud
2971 501 3023 548 te
3064 501 3145 548 est
3173 494 3295 550 fons
3322 495 3470 563 vita,

1887 593 1939 639 et
1971 584 2026 638 in
2083 583 2292 638 lumine
2341 591 2435 638 tuo
2483 582 2794 638 videbimus
2834 585 3021 639 lumen
3070 585 3243 654 (Psal.
3294 602 3474 654 xxxv,

1890 674 1979 744 10)
2011 693 2023 740 ;
2065 698 2082 719 ι
2127 675 2214 729 vel
2261 674 2540 741 Salomon,
2572 689 2696 728 cum
2728 673 2865 728 dicit
2897 693 2908 728 :
2958 699 2975 722 ε
3023 673 3240 731 Candor
3267 683 3349 730 est
3379 676 3479 730 lu—

1888 762 1967 818 cis
2010 769 2247 829 aterna,
2294 770 2347 816 et
2393 763 2677 833 speculum
2726 762 2843 817 sine
2901 764 3112 819 macula
3156 765 3256 820 Dei
3302 765 3482 836 maje—

1888 851 2064 917 statis,
2091 859 2145 905 et
2173 851 2351 921 imago
2382 849 2646 906 bonitatis
2677 851 2828 905 illius
2859 852 3012 921 (Sap.
3039 870 3139 919 vn,
3170 853 3294 925 26);
3331 880 3350 903 ι
3392 855 3481 910 vel

1888 940 2185 1010 Apostolus
2251 940 2342 994 hic
2403 939 2784 1010 pradicaverit
2845 941 3183 996 Salvatorem
3233 951 3482 998 nostrum

1890 1030 2185 1100 imaginem
2217 1045 2330 1084 esse
2376 1028 2677 1083 invisibilis
2716 1030 2837 1103 Dei,
2880 1046 2945 1084 eo
2975 1030 3121 1102 quod
3150 1031 3332 1104 imago
3365 1033 3480 1101 (18)

1890 1118 2021 1173 solis
2052 1119 2142 1172 lux
2167 1132 2265 1172 sua
2296 1117 2386 1184 sit,
2407 1134 2527 1190 qua
2548 1118 2614 1173 de
2636 1121 2826 1176 eodem
2845 1121 2957 1175 sole
2979 1120 3224 1192 procedit
3252 1121 3485 1191 (Coloss.

1895 1225 1931 1275 ι,
1967 1207 2077 1275 lii).

1964 1315 2068 1369 Sed
2117 1324 2323 1387 quanta
2372 1315 2440 1370 ad
2500 1315 2614 1371 hac
2679 1317 2994 1387 responderi
3046 1323 3304 1388 possunt,
3363 1330 3484 1387 qua

1893 1402 2018 1457 lites
2048 1411 2326 1472 generant,
2383 1402 2529 1473 quod
2576 1405 2873 1474 Apostolus
2903 1403 3157 1476 prohibet
3206 1404 3294 1472 (II
3344 1403 3483 1457 Tim.

1893 1507 1954 1558 II,
1988 1490 2104 1560 24),
2156 1491 2380 1561 longum
2429 1499 2510 1545 est
2564 1491 2787 1548 dicere:
2847 1493 3048 1564 quippe
3098 1508 3226 1548 cum
3275 1497 3487 1548 constet

1895 1582 2083 1636 lumen
2116 1580 2256 1635 illud
2281 1581 2430 1652 quod
2458 1582 2605 1636 Deus
2638 1588 2740 1649 est,
2784 1581 3066 1650 aestimari,
3097 1579 3488 1654 comprehendi

1894 1679 1948 1726 et
1977 1669 2197 1724 deﬁniri
2227 1687 2337 1724 non
2369 1686 2525 1741 posse
2554 1688 2565 1725 :
2619 1686 2720 1726 nec
2748 1686 2876 1726 vere
2907 1670 3118 1742 aliquid
3153 1687 3224 1726 ex
3252 1670 3342 1725 his
3369 1685 3489 1742 qua

1823 1778 1870 1838 B
1900 1760 1958 1814 in
1999 1759 2103 1816 hoc
2140 1759 2347 1814 mundo
2395 1766 2543 1827 sunt,
2585 1758 2855 1831 majestati
2901 1759 3105 1814 divina
3144 1757 3486 1830 comparari;

1899 1849 2028 1920 quia
2057 1848 2200 1903 nihil
2251 1848 2319 1904 de
2353 1847 2613 1904 omnibus
2653 1848 2773 1903 istis
2818 1864 2938 1921 qua
2967 1847 3228 1906 videntur
3269 1854 3364 1904 aut
3395 1845 3491 1901 di-

1899 1947 2119 2006 cuntur,
2181 1939 2482 1995 secundum
2538 1940 2595 1994 id
2661 1941 2807 2013 quod
2863 1943 3009 1996 Deus
3065 1947 3166 2010 est,
3219 1940 3492 2012 condigna

1901 2028 2268 2083 similitudine
2298 2029 2558 2083 astimari
2590 2039 2786 2099 potest,
2833 2030 3034 2103 quippe
3073 2047 3200 2087 cum
3233 2031 3366 2103 ipsis
3394 2031 3492 2086 in-

1902 2117 2215 2174 tellectibus
2238 2125 2291 2173 et
2318 2117 2567 2173 sensibus
2601 2117 2774 2188 major
2805 2119 2896 2175 sit.

1973 2227 2102 2282 Ideo
2132 2225 2462 2298 pramonuit
2492 2234 2552 2282 ut
2579 2225 2927 2283 divinitatem
2958 2227 3278 2286 substantia
3301 2228 3492 2286 crede-

1904 2335 2008 2387 res,
2039 2325 2093 2374 et
2123 2334 2314 2373 verum
2364 2315 2567 2371 Filium
2618 2317 2684 2372 de
2728 2334 2860 2374 vero
2907 2319 3063 2375 Patre
3093 2335 3445 2390 cognosceres
3477 2337 3489 2376 :

1903 2409 1972 2465 de
1999 2408 2265 2480 qualitate
2294 2416 2475 2463 autem
2508 2407 2584 2462 rei
2616 2408 2892 2480 requirere
2926 2425 3037 2465 non
3070 2409 3330 2475 deberes;
3369 2409 3498 2482 quia

1905 2500 2064 2570 quale
2093 2506 2188 2553 aut
2217 2505 2484 2570 quantum
2525 2496 2615 2563 sit,
2656 2498 2795 2552 scire
2825 2515 2935 2553 non
2980 2501 3173 2570 possis.
3206 2499 3322 2554 Hoc
3349 2498 3496 2553 enim

1907 2587 2206 2660 propheta,
2236 2587 2342 2643 hoc
2370 2587 2601 2658 apostoli
2633 2587 3018 2658 praedicarunt.

1981 2706 2208 2762 CAPUT
2239 2705 2333 2760 VI.
2366 2734 2437 2744 —
2468 2703 2714 2776 Denique
2761 2719 2857 2774 pro
2903 2711 3085 2775 captu,
3134 2719 3232 2775 pro
3266 2703 3498 2771 viribus,

1909 2813 2008 2867 pro
2040 2795 2145 2849 ﬁde
2178 2803 2363 2850 nostra
2408 2793 2720 2850 intueamur
2758 2797 2902 2850 Deus
2932 2793 3066 2866 quid
3095 2793 3185 2861 sit,
3218 2802 3271 2850 et
3308 2793 3504 2848 videa—

1913 2901 2036 2939 mus
2066 2899 2132 2938 an
2165 2882 2214 2937 ei
2253 2882 2462 2955 aliquid
2503 2883 2674 2956 possit
2711 2885 3036 2956 comparari.
3079 2884 3235 2940 Certe
3275 2883 3364 2938 hic
3401 2891 3500 2952 est,

1913 2974 1979 3029 de
2026 2989 2135 3046 quo
2191 2980 2243 3028 et
2295 2990 2420 3028 cum
2475 2973 2695 3042 dicitur,
2759 2991 2868 3029 non
2923 2982 3101 3046 potest
3156 2973 3319 3030 dici:
3377 2988 3502 3029 cum

1914 3063 2235 3130 astimatur,
2270 3078 2379 3117 non
2411 3070 2587 3134 potest
2627 3063 2884 3119 astimari
2922 3081 2931 3118 :
2977 3081 3101 3119 cum
3133 3069 3500 3134 comparatur,

199 3131 478 3223 unitf‘tem
511 3123 1070 3223 suPéfémifencredaS:
1125 3123 1251 3178 licet
1291 3138 1407 3223 τέω
1456 3137 1648 3223 'Psafn’
1683 3137 1804 3223 q‘me
1837 3139 1881 3198 C
1916 3168 2026 3206 non
2059 3161 2235 3222 potest
2274 3123 2576 3222 comparari
2615 3170 2624 3206 :
2658 3169 2780 3207 cum
2813 3151 3093 3219 deﬁnitur,
3131 3153 3245 3223 ipsa
3261 3123 3370 3207 sua
3399 3123 3506 3205 de:-

197 3226 283 3273 est
319 3215 734 3282 inenarrabilis,
766 3214 996 3269 deﬁnire
1035 3230 1148 3268 non
1188 3213 1400 3285 possis;
1439 3220 1501 3268 ut
1547 3213 1662 3268 sive
1710 3214 1807 3266 lu-

196 3323 334 3362 men
372 3307 439 3360 de
473 3303 687 3358 lumine
715 3303 884 3371 dicas,
933 3303 1051 3359 sive
1079 3303 1310 3359 verbum
1342 3302 1409 3358 de
1451 3302 1641 3370 verbo,
1691 3302 1808 3357 sive

201 3393 477 3466 spiritum
526 3393 594 3448 de
649 3393 868 3463 spiritu,
925 3393 1040 3448 sive
1084 3392 1373 3448 dominum
1420 3391 1487 3446 de
1536 3391 1803 3458 domino;

197 3483 581 3556 quodcunque
626 3482 693 3537 de
739 3499 804 3538 eo
851 3481 1081 3550 dixeris,
1125 3483 1292 3538 unius
1328 3491 1510 3538 tamen
1558 3480 1806 3537 essentia

194 3574 426 3628 Patrem
469 3580 521 3627 et
554 3571 756 3626 Filium
788 3571 1012 3628 credas:
1048 3581 1101 3628 et
1125 3571 1191 3628 de
1221 3588 1285 3629 eo
1327 3573 1446 3644 ipso
1473 3571 1617 3646 quod
1651 3572 1809 3627 Pater

201 3672 308 3728 est,
367 3661 575 3715 Filium
625 3661 920 3733 intelligas.
969 3662 1106 3717 Nam
1154 3663 1200 3718 si
1237 3662 1476 3735 aliquam
1531 3678 1809 3733 compara-

205 3751 418 3804 tionem
470 3750 538 3805 de
589 3750 750 3805 rebus
784 3749 870 3805 his
911 3767 1032 3822 qua
1075 3751 1355 3820 videntur,
1401 3753 1460 3806 in
1507 3768 1571 3807 eo
1619 3751 1807 3820 facias,

203 3839 326 3910 ipsa
357 3839 818 3894 dissimilitudine
856 3855 1039 3896 rerum
1071 3857 1184 3896 non
1232 3843 1501 3897 rationem
1532 3841 1804 3909 ostendes,

202 3930 297 3985 sed
330 3930 748 3985 altercationem
771 3920 1232 4002 disputationum
1263 3931 1510 3999 induces,
1543 3942 1606 3987 ut
1652 3930 1810 4002 cujus

206 4035 342 4074 voce
393 4019 732 4089 descriptum
781 4027 863 4074 est
897 4019 1048 4090 (l7):
1097 4043 1115 4066 ι
1146 4019 1249 4076 Cui
1298 4037 1384 4075 me
1419 4020 1810 4090 comparabitis

206 4108 346 4177 (13a.
391 4124 547 4175 XLVI,
601 4108 656 4178 5)
685 4109 710 4163 '1’
742 4133 759 4155 ι
804 4109 885 4165 Ac
931 4107 1161 4180 proinde
1202 4109 1348 4164 Deus
1385 4109 1474 4164 cui
1517 4109 1808 4164 assimilari

205 4197 351 4251 nihil
403 4204 604 4267 potest,
666 4197 903 4253 suﬂiciat
950 4196 1124 4266 credi,
1185 4197 1332 4269 quod
1389 4198 1504 4269 ipse
1550 4197 1806 4266 sentitur,

209 4302 376 4359 quem
405 4286 523 4356 ipse
553 4285 704 4342 credi
733 4303 789 4343 se
818 4287 1016 4355 voluit,
1046 4304 1160 4342 non
1197 4287 1453 4343 indicari.

275 4384 536 4454 Denique
565 4384 612 4439 si
662 4383 729 4440 de
763 4383 868 4440 hoc
910 4385 1029 4456 ipso
1078 4383 1225 4458 quod
1270 4400 1484 4441 mecum
1514 4385 1807 4456 proﬁteris,

205 4472 272 4529 ad
301 4474 552 4546 aliquam
585 4474 1011 4531 similitudinem
1035 4476 1171 4531 velis
1202 4476 1260 4531 in
1285 4477 1398 4534 Deo
1427 4475 1696 4543 conferre,
1720 4493 1815 4532 nec
1841 4501 1890 4560 Ι)

206 4564 320 4620 scio
353 4580 426 4618 an
460 4564 608 4636 quod
649 4566 1071 4636 comparaveris,
1119 4565 1292 4637 possis
1321 4566 1637 4637 expressius
1664 4565 1810 4621 deﬁ-

209 4654 372 4710 nire:
413 4662 476 4708 ut
518 4661 646 4725 puta
690 4671 815 4710 cum
846 4655 986 4711 dicis
1029 4656 1215 4712 lumen
1253 4671 1322 4712 ex
1365 4657 1598 4724 lumine,
1649 4657 1695 4712 si
1743 4656 1812 4713 ad

209 4742 626 4814 explanandum
675 4743 815 4799 illud
846 4745 1166 4816 scrupulosa
1219 4745 1533 4801 narratione
1577 4745 1807 4817 cogaris,

210 4847 401 4904 quaro
431 4832 710 4904 quomodo
740 4834 926 4889 lumen
969 4850 1038 4889 ex
1079 4834 1290 4889 lumine
1329 4835 1515 4891 credas
1540 4836 1567 4890 ἶ)
1618 4837 1809 4892 Utrum

207 4925 370 4995 quasi
402 4924 683 4979 lucernam
714 4939 782 4978 ex
814 4923 1055 4990 lucerna,
1088 4924 1175 4978 vel
1200 4927 1355 4994 quasi
1386 4925 1556 4979 solem
1577 4942 1645 4980 ex
1674 4926 1806 4991 sole;

213 5021 274 5068 ut
303 5024 403 5070 aut
449 5013 588 5068 duas
635 5015 906 5079 lucernas,
951 5019 1047 5067 aut
1091 5011 1230 5068 duos
1275 5013 1436 5080 soles,
1483 5015 1637 5084 quasi
1674 5017 1811 5070 duos

211 5101 344 5158 deos
397 5102 500 5158 sub
550 5103 655 5158 hoc
702 5101 956 5174 exemplo
997 5100 1269 5157 inducas?
1316 5103 1425 5156 Aut
1465 5103 1810 5173 splendorem

215 5191 450 5248 luminis
480 5192 725 5264 ejusdem
771 5194 1028 5259 lucerna,
1076 5192 1163 5245 vel
1214 5191 1518 5247 claritatem
1567 5193 1698 5248 solis
1744 5193 1811 5248 de

214 5282 409 5338 eodem
444 5283 556 5338 sole
588 5282 909 5355 fulgentem,
945 5282 1131 5337 lumen
1169 5279 1236 5336 de
1266 5281 1474 5336 lumine
1503 5281 1809 5354 consignes,

215 5380 277 5428 ut
316 5372 379 5428 in
428 5373 712 5430 matricem
755 5371 982 5427 luminis
1019 5369 1196 5427 Patris
1242 5369 1470 5442 ﬁguram
1522 5371 1810 5441 assimiles,

289 5555 415 5627 (17)
444 5555 614 5630 Vigil.
647 5555 780 5614 edit.
813 5555 973 5624 sola.,
1017 5555 1089 5611 Et
1117 5556 1244 5628 quia
1289 5571 1356 5610 ea:
1392 5571 1510 5611 voce
1543 5555 1641 5612 Dei
1684 5555 1812 5612 scri-

209 5631 372 5698 ptum
399 5635 492 5687 est.

1918 3239 2170 3295 ﬁnitione
2202 3239 2416 3297 crescit.
2460 3241 2564 3307 Qui
2602 3241 2802 3297 coelum
2834 3257 2999 3295 manu
3029 3259 3126 3297 sua
3149 3241 3346 3311 operit,
3376 3256 3508 3312 pug-
3540 3253 3559 3276 θ

1916 3346 1990 3384 no
2020 3346 2240 3385 omnem
2291 3330 2559 3385 ambitum
2606 3330 2798 3385 mundi
2838 3330 3064 3386 claudit.
3107 3330 3278 3396 Quem
3328 3336 3507 3384 totum

1918 3419 2104 3473 omnia
2131 3418 2406 3487 nesciunt,
2448 3427 2501 3474 et
2527 3418 2823 3474 metuendo
2851 3418 3053 3474 sciunt.
3096 3415 3264 3489 Cujus
3294 3417 3508 3473 nomini

1917 3515 1971 3564 et
1999 3508 2193 3562 virtuti
2227 3508 2527 3563 famulatur
2558 3506 2648 3563 hic
2679 3507 2847 3574 orbis,
2887 3516 2941 3563 et
2970 3508 3084 3578 ipsa
3111 3508 3508 3562 elementorum

1918 3595 2024 3652 sibi
2055 3596 2466 3653 succedentium
2499 3603 2881 3651 momentanea
2906 3595 3233 3651 vicissitudo
3255 3602 3506 3651 testatur.

1916 3686 2058 3742 Vide
2103 3703 2232 3758 ergo
2269 3688 2314 3743 si
2365 3694 2542 3760 potest
2591 3687 2801 3760 aliquid
2845 3704 2961 3744 esse
3007 3688 3098 3744 cui
3143 3689 3312 3760 possit
3355 3689 3511 3744 Pater

1917 3777 2222 3850 comparari
2251 3783 2306 3833 et
2346 3776 2523 3834 Filius
2547 3795 2558 3844 ;
2603 3777 2732 3851 quia
2759 3775 2885 3834 talis
2914 3785 2994 3834 est
3023 3777 3218 3846 Filius,
3249 3779 3430 3852 qualis
3458 3786 3510 3834 et

1916 3867 2114 3935 Pater;
2156 3883 2269 3922 non
2297 3867 2445 3923 enirn
2489 3867 2600 3940 ipse
2630 3883 2686 3923 se
2728 3884 2902 3925 unum
2929 3885 3056 3926 cum
3093 3868 3252 3923 Patre
3281 3868 3510 3935 diceret,

1918 3957 2025 4014 nisi
2054 3958 2218 4013 talem
2250 3973 2327 4025 se,
2368 3956 2548 4030 qualis
2578 3966 2658 4014 est
2688 3958 2865 4028 Pater,
2897 3960 3081 4015 sciret.

1989 4083 2147 4140 Ratio
2173 4081 2422 4155 quadam
2455 4089 2558 4150 est,
2588 4097 2709 4154 qua
2745 4082 2891 4154 apud
2920 4081 3140 4138 Graecos
3168 4084 3320 4159 λόγος
3358 4092 3512 4132 nun-

1917 4193 2168 4258 cupatur,
2200 4202 2320 4258 qua
2364 4186 2510 4242 inter
2538 4187 2754 4241 Patrem
2803 4191 2857 4239 et
2903 4182 3108 4238 Filium
3137 4195 3396 4252 personas
3423 4179 3511 4234 vel

1918 4276 2188 4331 vocabula
2215 4274 2508 4346 distinguit
2535 4293 2548 4341 ;
2591 4273 2722 4346 quia
2753 4280 2807 4328 et
2837 4273 2951 4343 ipse
2985 4269 3162 4326 Filius
3190 4268 3332 4324 ratio
3361 4268 3514 4324 dici—

1919 4375 2028 4422 tur.
2070 4367 2201 4433 Qua
2224 4373 2408 4420 tamen
2439 4363 2580 4419 ratio
2604 4362 2796 4417 multis
2816 4361 3139 4418 nominibus
3167 4361 3472 4432 appellatur
3495 4376 3508 4415 ς

1921 4454 2084 4510 modo
2113 4454 2364 4521 verbum,
2398 4452 2562 4508 modo
2593 4452 2790 4519 virtus,
2833 4451 2997 4507 modo
3026 4451 3313 4523 sapientia,
3348 4449 3512 4505 modo

1919 4544 2162 4610 dextera,
2215 4541 2380 4597 modo
2423 4541 2732 4608 brachium,
2780 4540 2945 4596 modo
2995 4540 3310 4612 margarita,
3346 4540 3512 4596 modo

1921 4632 2229 4699 thesaurus,
2262 4631 2426 4686 modo
2468 4632 2625 4699 retia,
2660 4630 2824 4686 modo
2871 4639 3137 4697 aratrum,
3171 4627 3336 4683 modo
3365 4627 3509 4697 fons,

1921 4721 2086 4777 modo
2133 4728 2304 4792 petra,
2353 4721 2517 4776 modo
2572 4721 2709 4792 lapis
2755 4718 3055 4790 angularis,
3109 4716 3273 4773 modo
3318 4733 3512 4789 agnus,

1922 4811 2087 4867 modo
2113 4810 2302 4876 homo,
2328 4809 2493 4865 modo
2509 4809 2772 4876 virtulus,
2797 4807 2960 4863 modo
2989 4807 3195 4880 aquila,
3224 4807 3386 4862 modo
3405 4808 3512 4872 leo,

1920 4901 2084 4955 modo
2115 4899 2226 4967 via,
2261 4899 2426 4954 modo
2455 4899 2678 4966 veritas,
2712 4897 2876 4953 modo
2906 4898 3039 4953 vita.
3083 4897 3155 4952 Et
3183 4897 3256 4951 ita
3286 4913 3411 4952 cum
3441 4895 3515 4950 sit

1919 4991 2065 5046 Deus
2097 4989 2284 5044 omnia
2330 4989 2387 5043 in
2427 4988 2706 5056 omnibus,
2738 4995 2798 5043 ut
2845 5003 2940 5059 per
2969 4986 3087 5043 hac
3124 4984 3392 5042 vocabula
3416 4983 3512 5038 di-

1923 5080 2177 5135 vinarum
2243 5080 2670 5152 dispositionum
2745 5077 3010 5151 mysteria
3069 5082 3466 5149 cognoscantur
3496 5115 3511 5140 ,

1920 5187 2033 5225 non
2090 5177 2150 5225 ut
2203 5170 2322 5242 ipsa
2375 5169 2631 5242 majestas
2687 5168 2816 5224 Filii
2863 5168 2963 5224 Dei
3022 5166 3240 5238 proprie
3287 5163 3514 5219 deﬁnita

1920 5266 2276 5314 monstretur.

1991 5365 2135 5433 Quid
2164 5374 2244 5422 est
2268 5365 2414 5422 enim
2446 5365 2622 5421 Filius
2651 5363 2718 5420 de
2748 5379 2812 5419 eo
2833 5361 2980 5435 quod
3008 5361 3167 5417 Pater
3190 5368 3271 5415 est
3294 5359 3320 5413 i
3354 5354 3512 5411 Alius

1991 5555 2114 5626 (18)
2156 5554 2280 5609 Vox
2296 5555 2434 5626 solis
2472 5554 2529 5608 in
2569 5553 2701 5626 edit.
2735 5548 3094 5626 desideratur,
3129 5557 3351 5626 quamne
3383 5541 3510 5600 cod.

1921 5615 2059 5682 Tell.
2091 5615 2456 5693 restituimus,
2477 5623 2781 5694 integritati
2810 5634 3002 5676 sensus
3021 5631 3133 5673 nou
3146 5615 3440 5674 inutilem.
