4068 6188
531 278 639 336 591

1528 283 1622 339 AD
1661 280 1896 339 OPERA
1931 281 1987 338 s.
2029 270 2363 342 AMBROSII
2400 282 2782 340 APPENDIX.

3735 281 3846 342 592

531 413 699 472 idem.
737 413 875 471 Nam
921 420 974 470 et
1024 412 1095 470 ob
1134 411 1240 472 hoc
1291 414 1534 473 Verbum
1585 416 1702 489 (19)
1747 421 2120 488 nuncupatur,
2150 418 2207 480 A
2237 417 2383 472 Deus
2411 424 2492 473 est
2513 418 2730 488 Pater,-
2765 423 2827 473 ut
2840 415 3137 489 Apostolus
3157 413 3324 482 dixit,
3359 437 3378 464 ‹
3401 431 3473 471 ex
3495 429 3607 488 quo
3630 418 3843 500 omnia,

531 504 663 579 quia
691 521 758 560 ex
788 503 1011 576 proprio
1040 508 1185 566 353
1215 512 1408 570 divino
1439 531 1532 571 ore
1561 515 1844 586 processit,
1877 523 1930 571 et
1977 513 2125 571 nihil

450 636 462 644 -
532 603 694 660 Pater
721 601 840 658 sine
867 617 931 659 eo
977 609 1071 658 aut
1107 600 1293 674 jussit,
1327 610 1421 659 aut
1463 604 1614 660 fecit.
1658 604 1854 662 Virtus
1899 604 2122 672 dicitur,

531 692 659 764 quia
686 708 815 748 vere
843 691 911 748 de
940 693 1054 747 Deo
1092 698 1146 747 et
1184 708 1397 765 semper
1425 709 1551 749 cum
1589 695 1700 750 Deo
1731 701 1832 762 est,
1865 701 1917 748 et
1947 694 2127 750 omnis

527 788 767 854 potestas
795 781 971 838 Patris
1003 781 1062 837 in
1101 781 1221 854 ipso
1251 781 1523 839 consistit.
1567 782 1846 856 Sapientia
1875 784 2128 856 appella-

531 876 640 940 tur,
675 870 804 944 quia
846 869 913 926 de
945 869 1109 927 corde
1139 870 1316 927 Patris
1354 869 1673 940 adveniens,
1714 889 1913 930 arcana
1954 873 2128 929 ccele-

528 961 633 1017 stia
690 960 1040 1018 credentibus
1105 962 1385 1018 reseravit.
1449 964 1686 1019 Dextera
1751 970 2122 1036 nuncupatur,

528 1051 659 1125 quia
703 1069 802 1126 per
847 1069 972 1108 eum
1013 1053 1198 1108 omnia
1241 1069 1404 1125 opera
1445 1053 1636 1109 divina
1687 1054 1928 1126 perfecta
1974 1060 2121 1110 sunt.

528 1141 827 1198 Brachium
861 1142 1086 1210 dicitur,
1118 1142 1249 1215 quia
1283 1143 1349 1199 ab
1381 1144 1500 1215 ipso
1534 1144 1721 1200 omnia
1749 1144 2122 1202 continentur.

527 1231 821 1302 Margarita
851 1232 1176 1303 appellatur,
1209 1239 1269 1290 ut
1299 1233 1442 1288 nihil
1474 1234 1572 1290 illo
1599 1233 1893 1306 pretiosius
1917 1233 2154 1290 habea-.

527 1328 642 1378 tur.
684 1321 998 1380 Thesaurus
1038 1320 1266 1388 dicitur,
1315 1331 1376 1378 ut
1415 1322 1473 1378 in
1516 1323 1636 1394 ipso
1678 1340 1869 1380 omnes
1915 1341 2043 1396 opes
2075 1332 2129 1381 et

531 1409 744 1468 divitiae
784 1425 1078 1483 regnorum
1123 1410 1431 1468 caelestium
1476 1411 1710 1468 conditae
1741 1420 2123 1483 agnoscantur.

529 1500 689 1558 Retia
718 1499 943 1568 dicitur,
993 1499 1123 1574 quia
1166 1517 1262 1572 per
1309 1501 1490 1572 ipsum
1534 1508 1587 1557 et
1618 1502 1678 1556 in
1719 1501 1848 1574 ipso
1881 1500 1947 1556 de
1988 1500 2127 1556 mari

531 1589 722 1649 saeculi
751 1589 970 1646 diversa
999 1590 1246 1662 gentium
1273 1589 1575 1646 multitudo
1599 1589 1742 1646 sicut
1769 1591 2002 1662 piscium
2033 1607 2130 1663 per

531 1696 730 1753 aquam
780 1680 1130 1752 baptismatis
1175 1678 1235 1734 in
1285 1679 1536 1736 Ecclesia
1593 1688 1972 1752 congregatur,
2031 1681 2128 1736 ubi

2235 511 2289 561 et
2329 521 2430 560 nos
2458 522 2528 562 ex
2573 506 2730 578 ipso:
2770 513 2824 562 et
2864 523 3007 562 unus
3045 504 3314 561 Dominus
3356 505 3516 561 Iesus
3559 505 3846 572 Christus,

2235 597 2379 652 Deus
2400 596 2498 651 Dei
2520 597 2715 665 Filius,
2759 619 2778 642 ι
2800 612 2897 669 per
2909 613 3071 670 quem
3101 595 3310 665 omnia,
3343 603 3394 652 et
3412 612 3514 652 nos
3534 611 3634 668 per
3663 596 3848 670 ipsum

2240 673 2292 757 (1
2327 685 2452 741 Cor.
2485 703 2608 755 vm,
2642 686 2720 758 6).
2746 710 2764 735 ι

2306 775 2444 832 Nam
2473 793 2569 849 per
2583 776 2693 832 duo
2721 775 2854 850 quid
2876 776 3028 832 aliud
3052 773 3404 848 intelligitur,
3423 792 3590 850 quam
3608 777 3848 838 duorum

2237 883 2333 939 per
2389 873 2576 940 partes
2635 865 2816 923 divisa
2867 866 3197 935 substantia,
3247 874 3301 923 et
3347 884 3472 924 cum
3523 869 3848 928 nominibus

2239 956 2374 1028 ipsis
2404 955 2698 1013 dissociata
2735 955 2852 1028 (22)
2908 963 3104 1012 natura
3140 955 3336 1028 agendi
3371 973 3435 1013 ac
3468 956 3707 1028 jubendi
3738 967 3847 1016 tam

2237 1046 2519 1114 voluntas,
2552 1062 2717 1118 quam
2748 1045 2980 1117 imperia
3006 1045 3184 1102 divisa
3208 1045 3235 1101 i’
3265 1046 3432 1102 Porro
3461 1047 3625 1104 Pater
3653 1065 3720 1105 ac
3750 1050 3848 1105 Fi-

2237 1136 2348 1191 lius
2378 1135 2479 1190 etsi
2527 1135 2648 1190 duae
2695 1151 2942 1206 personae
2972 1134 3296 1203 creduntur,
3333 1135 3547 1191 ratione
3580 1145 3768 1193 tamen
3798 1146 3848 1195 et

2236 1223 2546 1280 substantia
2591 1241 2764 1280 unum
2824 1231 2972 1281 sunt.
3023 1225 3159 1282 Nam
3205 1224 3562 1299 inaequalium
3620 1227 3849 1285 societas

2239 1315 2484 1370 melioris
2514 1314 2721 1370 oﬁ‘ensa
2750 1322 2848 1383 est,
2881 1323 2936 1370 et
2972 1314 3031 1369 in
3073 1313 3336 1386 injuriam
3377 1314 3519 1387 ejus,
3551 1318 3650 1389 qui
3689 1333 3849 1375 verus

2236 1405 2383 1460 Deus
2423 1411 2530 1472 est,
2569 1421 2681 1460 non
2724 1421 2888 1461 verus
2916 1405 3058 1460 alius
3089 1413 3458 1476 comparatur.
3493 1404 3633 1463 Cum
3664 1415 3848 1465 autem

2237 1508 2335 1565 ego
2364 1493 2579 1549 Patrem
2610 1502 2664 1549 et
2701 1493 2906 1549 Filium
2937 1500 3140 1562 statuo,
3182 1493 3452 1550 unitatem
3475 1496 3695 1566 generis
3719 1497 3849 1554 assi-

2239 1599 2344 1655 gno
2377 1602 2387 1639 :
2423 1591 2478 1639 et
2517 1582 2562 1639 si
2593 1583 2745 1640 illam
2775 1583 2832 1638 in
2863 1583 3111 1655 personis
3141 1582 3356 1653 divido,
3387 1583 3755 1642 discretiones
3774 1595 3851 1643 ta.

2244 1689 2370 1729 men
2406 1689 2762 1745 personarum
2794 1689 2984 1729 rursus
3013 1671 3200 1728 eadem
3233 1673 3462 1732 nomina
3489 1674 3544 1730 in
3573 1675 3850 1734 unitatem

532 1771 806 1827 bonorum
852 1769 1235 1841 malorumque
1267 1768 1564 1826 discrimen
1603 1773 1939 1844 agnoscitur.
1980 1773 2130 1829 Ara—
2166 1790 2213 1852 Β
2241 1764 2328 1821 811i
2357 1765 2597 1819 natura“
2619 1763 2754 1836 legis
2781 1763 2986 1820 foedere
3013 1763 3363 1836 consignant.

532 1865 682 1916 trum
728 1864 1098 1930 nuncupatur,
1133 1858 1264 1930 quia
1305 1859 1462 1931 signo
1499 1860 1680 1918 crucis
1716 1879 1828 1918 suae
1867 1861 2003 1919 dura
2030 1877 2136 1935 pe-

534 1956 686 2008 ctora
729 1947 1120 2020 subjiciuntur,
1170 1955 1232 2004 ut
1278 1949 1583 2006 necessario
1613 1951 1810 2006 semini
1848 1951 1965 2024 ipsa
2014 1952 2131 2025 (20)

534 2045 932 2112 praeparentur.
972 2038 1116 2094 Fons
1146 2052 1300 2111 aquae
1348 2037 1491 2095 vivae
1531 2041 1858 2112 appellatur,
1907 2041 2036 2114 quia
2064 2057 2135 2097 ex

537 2144 602 2185 eo
633 2122 879 2185 sitientia
922 2127 1089 2185 corda
1133 2127 1370 2184 caelestis
1415 2145 1568 2202 aquae
1612 2130 1783 2202 gratia
1811 2131 2130 2202 irrigantur.

537 2221 699 2276 Petra
726 2218 954 2287 dicitur,
984 2217 1114 2290 quia
1138 2216 1491 2275 credentibus
1520 2219 1929 2285 fortitudinem,
1959 2220 2133 2276 incre-

539 2309 688 2366 dulis
705 2307 967 2365 duritiam
991 2313 1229 2379 praestat.
1271 2307 1432 2379 Lapis
1456 2309 1733 2380 angnlaris
1755 2309 1980 2378 dicitur,
2005 2309 2134 2382 quia

538 2405 801 2471 utrosque
839 2395 1073 2469 parietes
1110 2393 1252 2451 Novi
1283 2401 1336 2450 et
1365 2394 1579 2452 Veteris
1623 2397 1958 2452 Testamenti
1988 2413 2133 2453 unus

538 2495 594 2544 et
623 2486 892 2542 mediator
914 2485 973 2540 in
1002 2483 1293 2555 semetipso
1314 2483 1604 2542 continens
1625 2485 1924 2557 copulavit.
1943 2489 2134 2558 Agnus

541 2576 769 2645 dicitur,
802 2583 865 2632 ut
903 2574 1220 2633 innocentia
1251 2573 1456 2632 Christi
1496 2585 1549 2633 et
1590 2576 1770 2648 passio
1799 2576 2134 2634 demonstre-

541 2673 652 2724 tur.
695 2667 874 2723 Homo
901 2664 1128 2733 dicitur,
1169 2664 1298 2738 quia
1326 2664 1629 2721 secundum
1664 2683 1881 2722 carnem
1913 2676 2135 2740 propter

539 2775 643 2816 nos
659 2757 913 2814 homines
933 2754 1088 2812 nasci
1112 2754 1370 2828 dignatus
1382 2763 1482 2812 est.
1516 2754 1741 2812 Vitulus
1759 2756 1983 2826 dicitur,
2006 2758 2134 2831 quia

540 2856 764 2923 propter
783 2855 1028 2904 nostram
1055 2847 1288 2902 salutem
1321 2847 1432 2918 pati
1454 2845 1738 2903 sustinuit.
1782 2848 1984 2920 Aquila
1999 2847 2133 2905 dici-

541 2943 656 3004 tur,
690 2937 819 3008 quia
859 2941 989 3007 post.
1014 2933 1383 2988 venerabilem
1416 2934 1895 3004 resurrectionem,
1933 2942 1994 2990 ut
2035 2953 2132 2993 rex

544 3026 740 3084 alitum
792 3023 861 3078 ad
906 3023 1083 3078 Patris
1112 3022 1358 3093 pervolat
1405 3023 1588 3079 sedem
1634 3024 1776 3096 (21).
1816 3023 1924 3080 Leo
1953 3025 2134 3084 dictus

539 3127 644 3186 est,
674 3115 804 3188 quia
840 3111 958 3185 ipse
987 3119 1068 3169 est
1096 3127 1195 3169 rex
1232 3127 1442 3184 regum,
1475 3111 1572 3186 qui
1603 3121 1837 3170 mortem
1866 3131 1928 3171 ac
1956 3113 2134 3171 zabu-

538 3209 654 3265 lum
681 3202 906 3261 virtutis
933 3219 1044 3260 suae
1067 3209 1336 3276 potestate
1357 3204 1707 3261 comminuit.
1750 3204 1857 3263 Via
1881 3212 1983 3270 est,
2007 3204 2136 3278 quia

537 3315 633 3375 per
661 3297 840 3370 ipsum
883 3310 1140 3353 ascensus
1187 3301 1288 3350 est.
1334 3292 1573 3363 Veritas,
1613 3294 1744 3368 quia
1783 3293 2133 3351 mendacium

535 3387 728 3448 nescit.
763 3387 891 3445 Vita
919 3394 1022 3456 est,
1052 3384 1182 3460 quia
1210 3384 1327 3457 ipse
1355 3384 1616 3441 universa
1643 3383 1914 3442 viviﬁcat.

608 3479 779 3536 Vides
800 3494 927 3550 ergo
947 3493 1044 3550 per
1064 3476 1184 3534 haec
1209 3474 1478 3532 vocabula
1499 3474 1940 3547 signiﬁcationes
1960 3481 2013 3530 et
2027 3473 2137 3531 dis-

537 3566 878 3638 positionum
903 3573 958 3621 et
985 3581 1210 3636 operum
1241 3563 1562 3620 divinorum
1591 3573 1950 3634 praaostensas
1975 3582 1986 3619 :
2024 3580 2136 3620 non

538 3662 721 3711 tamen
771 3653 952 3725 ipsum
998 3653 1174 3708 Deum
1222 3651 1442 3723 proprie
1493 3649 1834 3708 deﬁnitum?
1871 3652 1971 3707 Est
2009 3667 2136 3724 ergo

540 3743 700 3800 Pater
725 3743 870 3800 Deus
896 3740 1220 3810 immensus,
1246 3748 1502 3810 aeternus,
1534 3739 2134 3812 incomprehensibilis,

539 3830 962 3890 inaestimabilis.
1004 3830 1104 3886 Est
1145 3837 1201 3887 et
1241 3828 1417 3886 Filius
1446 3828 1564 3902 ejus
1607 3831 1755 3888 Deus
1783 3837 1839 3886 et
1866 3831 2138 3888 Dominus

539 3927 747 3989 noster,
783 3926 991 3989 tantus,
1021 3925 1260 3992 quantus
1303 3925 1384 3974 est
1432 3927 1486 3976 et
1515 3919 1714 3976 Pater:
1764 3917 1860 3976 sed
1899 3935 2012 3975 non
2040 3919 2139 3976 ali-

537 4010 687 4069 unde
713 4025 878 4084 quam
909 4007 978 4069 de
1004 4007 1163 4065 Patre
1197 4024 1210 4065 :
1261 4031 1279 4060 ς
1313 4006 1454 4076 Quia
1479 4023 1600 4081 ego,
1630 4008 1835 4082 inquit,
1883 4008 1951 4066 de
1980 4009 2139 4066 Patre

539 4100 693 4160 exivi
746 4099 928 4173 (Joan.
978 4111 1099 4169 xvr,
1149 4091 1266 4172 25),
1300 4123 1320 4150 ι
1389 4097 1495 4156 hoc
1541 4105 1624 4157 est
1679 4099 1871 4156 lumen
1929 4097 1996 4155 de
2043 4100 2140 4156 lu-

542 4195 710 4250 mine.

616 4281 844 4339 CAPUT
863 4280 986 4341 VII.
1011 4311 1083 4322 —
1109 4277 1215 4337 Sed
1241 4295 1310 4336 ne
1339 4295 1406 4338 ex
1431 4294 1495 4336 eo
1523 4278 1865 4336 occasionem
1895 4279 2140 4354 aliquam

546 4369 837 4428 haereticus
865 4369 1064 4442 capiat,
1096 4386 1223 4427 cum
1260 4369 1371 4426 duo
1396 4369 1646 4439 nomina,
1676 4369 1763 4425 vel
1795 4369 1929 4426 duas
1959 4387 2140 4443 perso-

549 4476 666 4527 nas,
699 4458 756 4514 id
785 4467 886 4527 est,
909 4459 1086 4514 Patris
1101 4467 1154 4514 et
1183 4459 1312 4514 Filii
1343 4467 1543 4529 statuo,
1569 4460 1724 4532 quasi
1747 4460 1885 4517 duos
1912 4461 2043 4518 deos
2059 4460 2140 4517 di-

2171 3150 2213 3211 C

2318 1852 2473 1910 Unde
2502 1858 2557 1908 et
2574 1859 2760 1908 tantus
2779 1859 2860 1908 est
2880 1852 3074 1923 Filius,
3103 1861 3341 1926 quantus
3368 1853 3647 1911 videbitur
3658 1853 3847 1926 Pater,

2245 1948 2396 1998 totus
2425 1939 2493 1996 de
2521 1947 2658 2009 toto,
2692 1941 2904 2014 integer
2931 1942 3000 1998 de
3033 1942 3266 2014 integro,
3299 1941 3572 2015 perfectus
3603 1943 3672 2000 de
3711 1960 3844 2016 per-

2246 2033 2390 2091 fecta
2417 2040 2906 2105 consummataque
2927 2033 3156 2102 virtute,
3177 2035 3322 2090 sicut
3342 2035 3643 2107 Apostolus
3670 2034 3844 2094 dicit:

2259 2146 2278 2172 ‹
2299 2124 2362 2179 In
2385 2139 2494 2196 quo
2520 2123 2701 2179 omnis
2730 2121 3020 2196 plenitudo
3050 2122 3365 2180 divinitatis
3385 2124 3849 2197 corporaliterha-

2245 2212 2385 2269 bitat
2416 2213 2645 2282 (Coloss.
2700 2229 2761 2280 ιι,
2813 2213 2888 2278 9).
2933 2238 2953 2262 ι
3002 2213 3140 2270 Nam
3190 2221 3245 2269 et
3294 2214 3556 2271 Jeremias
3607 2217 3728 2289 (23)
3772 2234 3848 2274 ne-

2244 2301 2594 2374 ceptissimus
2623 2301 3036 2373 prophetarum,
3071 2301 3214 2359 hanc
3242 2303 3511 2360 unitatem
3533 2304 3848 2363 divinitatis

2244 2392 2303 2448 in
2340 2393 2499 2449 Patre
2529 2402 2582 2449 et
2621 2393 2764 2448 Filio
2793 2393 2970 2450 sciens
3009 2393 3122 2450 ait:
3171 2419 3190 2443 ‹
3220 2395 3322 2452 Hic
3349 2403 3431 2451 est
3457 2397 3603 2452 Deus
3640 2406 3845 2465 noster,

2246 2489 2422 2538 etnon
2443 2481 2802 2554 deputabitur
2823 2482 2965 2539 alius
2985 2482 3188 2556 absque
3203 2483 3302 2540 illo
3328 2502 3340 2539 :
3365 2484 3460 2557 qui
3489 2484 3713 2542 invenit
3733 2504 3844 2544 om-

2245 2588 2370 2628 nem
2405 2572 2551 2626 viam
2584 2570 2911 2644 prudentiae,
2944 2578 2997 2627 et
3027 2571 3180 2628 dedit
3199 2589 3319 2628 eam
3350 2573 3516 2630 Iacob
3534 2591 3708 2647 puero
3728 2592 3844 2646 suo,

2245 2668 2300 2716 et
2328 2661 2494 2716 Israel
2525 2660 2728 2716 dilecto
2779 2676 2899 2716 suo.
2942 2660 3071 2716 Post
3112 2659 3232 2718 haec
3264 2662 3322 2717 in
3356 2663 3513 2719 terris
3555 2664 3712 2720 visus
3744 2673 3842 2735 est,

2247 2757 2299 2805 et
2327 2765 2453 2806 cum
2484 2748 2807 2805 hominibus
2852 2759 3213 2808 conversatus
3241 2758 3323 2807 est
3353 2753 3590 2824 (Baruch
3637 2771 3724 2822 III,
3757 2754 3842 2824 33,

2245 2838 2360 2911 36).
2421 2862 2439 2888 ι
2517 2839 2588 2894 Et
2645 2838 2810 2895 Isaias
2876 2840 2982 2897 hoc
3037 2839 3217 2912 ipsum
3279 2840 3542 2913 praedicat
3609 2842 3842 2899 dicens:

2260 2954 2278 2978 ι
2308 2929 2436 2985 Haec
2475 2927 2614 2984 dicit
2641 2929 2912 2986 Dominus
2955 2931 3136 2986 Deus:
3179 2930 3405 3003 fatigata
3441 2938 3522 2988 est
3545 2931 3845 3004 ng‘yptus,

2245 3025 2300 3074 et
2328 3018 2630 3089 negotiatio
2657 3018 3008 3092 Ethiopum,
3041 3027 3094 3075 et
3137 3020 3358 3090 Sabain,
3404 3023 3512 3079 viri
3542 3023 3752 3079 excelsi
3781 3021 3847 3079 ad

2247 3113 2300 3162 te
2323 3108 2614 3174 transient,
2644 3107 2727 3163 tui
2757 3116 2919 3165 erunt
2956 3110 3125 3178 servi,
3156 3117 3210 3165 et
3241 3120 3364 3183 post
3401 3121 3454 3168 te
3484 3111 3850 3168 ambulabunt

2243 3195 2421 3252 vincti
2452 3197 2831 3268 compedibus,
2869 3205 2922 3254 et
2969 3205 3024 3254 te
3075 3198 3538 3270 deprecabuntur;
3581 3200 3847 3274 quoniam

2249 3285 2307 3340 in
2339 3292 2392 3341 te
2422 3287 2568 3341 Deus
2596 3291 2698 3353 est,
2727 3292 2780 3340 et
2811 3301 2925 3342 non
2952 3293 3036 3344 est
3061 3286 3204 3344 alius
3241 3289 3387 3344 Deus
3437 3299 3639 3362 praeter
3668 3299 3757 3350 te:
3787 3300 3845 3349 tu

2245 3391 2304 3432 es
2333 3374 2480 3431 enim
2509 3376 2655 3430 Deus
2690 3377 2825 3444 (Isa.
2849 3393 2969 3444 XIV,
2995 3376 3114 3449 14).
3156 3402 3175 3427 ι

2324 3471 2471 3526 354
2497 3463 2655 3532 Quod
2680 3479 2749 3519 ne
2778 3473 2936 3537 putes
2967 3481 3055 3521 me
3074 3481 3138 3522 eo
3162 3466 3456 3539 supercilio
3476 3465 3713 3536 dixisse,
3745 3484 3851 3542 quo

2245 3560 2516 3618 Sabellius
2546 3563 2740 3632 fertur,
2775 3565 2870 3637 qui
2914 3565 3094 3636 ipsum
3133 3565 3372 3634 Patrem,
3429 3565 3610 3637 ipsum
3641 3566 3852 3622 Filium

2245 3652 2560 3725 proﬁtetur,
2593 3669 2704 3708 non
2751 3653 2828 3708 ita
2869 3669 2970 3710 nos
2999 3663 3177 3710 totum
3207 3653 3266 3710 in
3306 3671 3472 3711 unam
3511 3655 3852 3711 sententiam

2250 3743 2519 3815 cogimus,
2550 3749 2612 3798 ut
2641 3743 2876 3799 aliorum
2908 3743 3293 3801 haereticorum
3325 3744 3517 3801 fraude
3543 3745 3853 3816 capiamur.

2248 3831 2357 3889 Sed
2391 3832 2606 3905 quia-in
2637 3831 2756 3904 ipso
2785 3832 3011 3890 nomine
3039 3851 3392 3906 personarum
3424 3834 3727 3891 auctoritas
3757 3834 3858 3891 in-

2246 3919 2488 3978 discreta
2511 3923 2883 3994 cognoscitur,
2901 3933 2956 3982 et
2969 3923 3144 3981 Filius
3158 3939 3272 3980 non
3297 3939 3514 3995 genere,
3542 3923 3637 3980 sed
3670 3939 3856 3996 perso-

2248 4012 2450 4068 naliter
2495 4029 2527 4069 a
2582 4013 2740 4069 Patre
2788 4015 3142 4084 nominatur;
3186 4013 3418 4087 proinde
3463 4021 3646 4070 totum
3702 4014 3855 4070 Patri

2249 4102 2600 4169 ascribimus,
2633 4103 2780 4176 quod
2821 4111 2904 4161 est
2934 4105 3151 4173 Filius;
3181 4114 3237 4162 et
3277 4111 3452 4161 totum
3497 4103 3666 4172 Filio,
3709 4105 3856 4178 quod

2249 4191 2410 4248 Pater
2440 4200 2539 4251 est.
2569 4192 2720 4249 Nihil
2743 4210 2856 4249 non
2884 4195 3166 4252 videbitur
3185 4194 3383 4260 Patris,
3411 4194 3561 4267 quod
3576 4194 3857 4266 judicabio

2248 4288 2342 4337 tur
2387 4282 2548 4339 Filii:
2603 4300 2705 4341 nec
2745 4284 2899 4354 Filii,
2940 4285 3087 4359 quod
3130 4284 3446 4341 defenditur
3493 4284 3695 4352 Patris,
3731 4284 3859 4357 quia

2249 4371 2432 4429 unitas
2475 4372 2778 4446 majestatis
2823 4391 2934 4432 non
2983 4375 3118 4431 sinit
3167 4374 3297 4432 deos
3344 4374 3548 4446 plurali
3581 4375 3856 4432 vocabulo

2252 4460 2553 4532 appellari:
2606 4463 2807 4535 quippe
2868 4480 2992 4520 cum
3043 4471 3255 4520 constet
3279 4464 3492 4518 Patrem
3543 4470 3599 4518 et
3647 4463 3857 4518 Filium

549 4564 692 4616 cam,
710 4554 772 4602 ut
793 4547 876 4602 illi
896 4545 1114 4604 duosex
1128 4545 1445 4605 diversitate
1468 4528 1820 4621 conﬁngunt:
1841 4567 1942 4608 nos
1961 4558 2143 4608 autem
2171 4528 2220 4586 D
2255 4549 2420 4605 unius
2451 4566 2567 4608 esse
2596 4551 2942 4622 substantiae,
2979 4553 3124 4609 unde
3153 4561 3384 4627 uterque
3412 4567 3556 4608 unus
3594 4553 3746 4608 Deus
3777 4557 3859 4608 est

551 4640 767 4696 Patrem
798 4648 852 4696 et
880 4638 1086 4695 Filium
1114 4638 1192 4694 ita
1208 4639 1580 4709 nominamus,
1611 4649 1674 4697 ut
1699 4659 1873 4698 unum
1893 4645 2067 4701 Deum
2087 4644 2147 4701 in

552 4728 643 4785 his
661 4729 908 4801 personis
922 4736 976 4784 et
991 4729 1312 4786 nominibus
1328 4730 1732 4804 consignemus.
1753 4733 2010 4790 Viderint
2027 4733 2147 4806 phi-

556 4817 799 4890 losophi,
823 4817 1068 4895 viderint
1094 4817 1340 4877 haeretici
1361 4818 1621 4892 discipuli
1643 4837 1853 4890 eorum,
1878 4822 1972 4895 qui
2002 4831 2152 4894 pote-

556 4913 759 4964 statum
806 4893 1125 4966 diversitate
1153 4909 1438 4968 variantur
1468 4927 1481 4966 :
1526 4931 1546 4958 ι
1573 4909 1744 4967 Nobis
1782 4893 1965 4967 tamen
2004 4893 2153 4968 unus

633 5105 750 5178 (19)
783 5104 974 5178 Ambr.
1023 5104 1182 5175 edit.,
1229 5106 1370 5165 Nam
1416 5113 1465 5162 et
1506 5107 1599 5163 hoc
1653 5107 1914 5167 Verbum:
1953 5109 2156 5167 meliuc

561 5174 738 5251 Vigil.
765 5187 819 5235 et
846 5177 1022 5236 codex
1051 5174 1214 5248 Tell.,
1235 5179 1376 5237 Nam
1399 5186 1446 5235 et
1471 5180 1534 5236 ob
1567 5181 1680 5249 hoc,
1708 5179 1765 5236 id
1787 5188 1889 5249 est,
1919 5181 1989 5238 ob
2019 5182 2156 5239 hans

561 5259 937 5450 m?2’o§tiidit.
982 5319 1171 5391 Amb.,
1218 5328 1278 5377 ut
1314 5322 1674 5379 necessariam
1701 5323 1758 5378 in
1788 5323 1809 5378 i
1846 5341 1946 5391 sa;
1983 5325 2157 5383 codex

562 5394 638 5450 Te
665 5395 726 5464 1.,
776 5400 838 5450 ut
880 5393 1175 5450 necessaria
1221 5392 1281 5450 in
1326 5394 1490 5467 ipsa:
1534 5395 1742 5467 optime
1788 5341 1959 5470 Vigil.
2000 5407 2062 5455 ut
2098 5398 2158 5455 in

691 5437 726 5464 ο,
781 5437 837 5450 wv
883 5437 1101 5450 σννννννκσ
1122 5437 1175 5450 *νυ
1227 5437 1281 5450 ’.ν
1330 5437 1446 5464 '1’"
1478 5439 1490 5452 ο
1535 5437 1603 5464 Vr
1612 5437 1742 5452 *βων
1809 5437 1822 5454 Ῐ
1842 5437 1959 5464 ⁸8⁸⁸.

563 5473 756 5610 mliti.)
792 5535 1450 5620 ΙιδροάθιῖΓεὲιεθῐθάίΡ·
1484 5537 1695 5612 Vigﬂ"
1728 5540 1894 5598 Amb'
1925 5557 2078 5611 “'0’
2102 5547 2163 5599 ut

564 5609 686 5665 vero
710 5609 810 5665 rex
838 5609 1008 5666 altam
1034 5609 1107 5666 ad
1131 5610 1337 5679 Patris,
1366 5616 1472 5668 etc.

639 5679 758 5751 (22)
789 5681 984 5740 Ambr.
1015 5681 1151 5741 edit.
1182 5697 1311 5742 cum
1339 5682 1463 5742 cod.
1507 5682 1645 5743 Tell.
1679 5691 1734 5743 et
1769 5684 1930 5756 Lean,
1959 5691 2009 5743 et
2045 5701 2163 5743 cum

2256 4638 2455 4696 dictus.

2329 4729 2475 4785 Illud
2498 4738 2624 4786 ante
2646 4738 2844 4787 cuncta
2864 4737 3188 4800 metuentes,
3210 4731 3342 4804 quia
3360 4730 3467 4786 nisi
3483 4730 3643 4786 Pater
3661 4729 3784 4803 (24)
3806 4739 3860 4788 et

2259 4818 2434 4875 Filius
2459 4835 2633 4875 unum
2665 4836 2776 4876 non
2797 4820 2928 4891 sint,
2963 4820 3021 4875 in
3051 4819 3322 4877 invidiam
3342 4828 3589 4878 recurrat
3613 4821 3856 4878 auctoris

2260 4909 2592 4983 interpolata
2620 4911 2918 4968 nativitas:
2971 4911 3078 4970 hoc
3125 4910 3273 4967 enim
3313 4912 3522 4984 placuit
3554 4910 3853 4982 haereticis,

2262 5109 2500 5169 omnibus
2543 5110 2648 5184 ipsi
2695 5110 2978 5169 dissociata
2997 5130 3019 5181 ;
3065 5112 3234 5187 Vigil.
3289 5110 3640 5181 concinnius,
3693 5119 3758 5168 ut
3799 5109 3856 5166 in

2261 5193 2441 5241 textu.

2339 5256 2459 5328 (23)
2485 5256 2645 5312 Rom.
2677 5256 2810 5313 edit.
2843 5256 2975 5324 sola,
3007 5257 3145 5315 Nam
3169 5262 3218 5313 et
3238 5257 3475 5314 Baruch.
3497 5253 3604 5328 Sed
3625 5263 3682 5328 et
3713 5253 3862 5328 hunc

2265 5326 2513 5383 Jeremiae
2559 5328 2783 5384 nomine
2808 5328 3012 5400 etiam,
3057 5329 3127 5385 ab
3174 5329 3470 5386 Ambrosio
3524 5327 3689 5385 citari
3742 5326 3857 5400 jam

2267 5408 2392 5456 ante
2421 5416 2533 5455 non
2561 5402 2728 5457 semel
2760 5399 3040 5456 advertere
3070 5401 3246 5457 licuit.

2343 5471 2460 5543 (24)
2484 5471 2607 5546 vet.
2633 5473 2788 5546 edit.,
2820 5473 2959 5542 quod
2983 5473 3071 5527 ubi
3086 5473 3248 5528 Pater
3264 5492 3277 5542 ;
3293 5472 3584 5546 Vigil.,_1t€
3602 5470 3651 5525 si
3677 5471 3858 5546 Pater;

2268 5542 2582 5623 mss.,quia
2607 5545 2918 5623 nisi_Pater.
2951 5546 3032 5623 At,
3046 5560 3161 5616 seq.
3192 5542 3444 5623 membro
3455 5542 3552 5599 ubi
3561 5542 3858 5623 iet:_edit.

2269 5629 2332 5687 ac
2360 5631 2515 5684 mss.,
2561 5615 2767 5671 invidia
2793 5622 3057 5685 recurrat,
3101 5614 3276 5674 multo
3317 5617 3516 5674 melius
3561 5614 3764 5687 Vigil.,
3807 5614 3861 5668 in

2270 5686 2528 5744 invidiam
2554 5692 2814 5744 recurrat.
