4068 6188
238 335 342 395 593

1401 344 1495 401 DE
1531 344 1697 401 FIDE
1734 343 2015 404 CONTRA
2053 347 2380 407 ARIANOS.

3451 363 3562 423 594

239 469 300 519 ut
332 464 492 558 Deus
512 463 997 558 ill_e_omnipotens,
1015 467 1334 558 invisibilis,
1353 469 1655 527 immensus
1675 471 1831 543 dege-
1861 473 1911 534 A
1941 474 2220 544 videntur,
2249 493 2369 550 qua
2397 493 2468 534 ex
2489 480 2598 536 alio
2617 491 3010 542 convertantur
3038 487 3097 543 in
3121 487 3296 558 aliud,
3323 499 3386 548 ut
3411 489 3558 550 desi-

238 559 452 608 neraret
476 553 534 609 in
565 555 732 623 Filio,
765 571 876 612 non
907 557 1072 613 modo
1116 564 1400 630 potestate,
1432 558 1525 616 sed
1582 559 1838 616 conditi-

239 654 341 694 one
373 640 492 714 (25)
526 650 756 711 mutata,
814 645 968 717 quasi
999 662 1109 702 non
1148 647 1389 719 potuerit
1433 648 1592 705 Pater
1633 649 1701 704 de
1756 665 1837 705 se-

238 731 472 805 metipso
499 733 666 791 talem
685 735 906 803 habere,
927 739 1106 810 qualis
1134 747 1186 795 et
1216 739 1331 812 ipse
1351 747 1451 796 est.
1476 741 1713 797 Proinde
1736 758 1836 797 nos

237 836 429 878 verum
464 823 670 880 Filium
701 824 768 881 de
785 842 917 881 vero
946 827 1123 896 Patre,
1156 828 1248 901 qui
1280 845 1494 901 semper
1513 830 1642 899 fuit,
1675 839 1732 887 et
1759 838 1840 886 est

233 911 404 968 unius
455 915 775 973 substantia
813 934 943 974 cum
997 919 1174 988 Patre,
1205 919 1573 976 defendimus.
1612 921 1682 976 Et
1734 920 1840 978 hoc

235 1011 339 1074 est,
368 1007 514 1078 quod
536 1007 710 1064 Graci
740 1013 1013 1089 ὁμοοῦσιον
1044 1019 1342 1091 appellant,
1374 1019 1430 1075 id
1452 1028 1553 1089 est,
1579 1036 1700 1075 cum
1727 1037 1838 1076 uno

235 1101 387 1158 aliud
420 1103 599 1177 ipsum
637 1125 649 1163 :
684 1116 745 1163 ut
775 1125 1020 1180 persona
1042 1109 1321 1165 audientia
1341 1110 1685 1165 nominatum
1712 1110 1833 1182 (26)

233 1189 452 1262 ﬁerent,
483 1202 537 1250 et
561 1211 675 1252 non
719 1207 780 1254 ut
809 1198 1173 1254 substantiam
1203 1199 1469 1254 vocabula
1498 1207 1832 1270 separarent.

309 1288 543 1349 CAPUT
573 1294 720 1352 VIII.
751 1325 821 1336 —
848 1296 955 1353 Sed
984 1304 1046 1352 ut
1064 1312 1227 1352 omne
1264 1295 1589 1368 mysterium
1615 1295 1838 1352 haresis

231 1384 457 1440 Ariana
486 1384 790 1451 traducam,
840 1402 938 1441 cur
969 1385 1148 1440 nolint
1179 1385 1384 1441 Filium
1413 1385 1479 1440 de
1512 1385 1686 1441 Patris
1713 1385 1838 1441 sub-

231 1475 436 1531 stantia
449 1473 620 1543 credi,
641 1474 1185 1531 breviterintimabo.
1206 1474 1379 1530 Aiunt
1395 1475 1542 1530 enim
1565 1494 1576 1531 :
1603 1476 1739 1533 Cum
1768 1477 1839 1533 sit

230 1567 380 1624 Deus
410 1567 570 1621 Pater
599 1566 969 1638 omnipotens,
988 1565 1308 1635 invisibilis,
1370 1567 1835 1636 inconvertibilis,

231 1654 628 1722 immutabilis,
654 1655 952 1726 perfectus,
984 1671 1198 1727 semper
1228 1654 1392 1722 idem,
1427 1665 1701 1725 aeternus;
1737 1659 1841 1714 Fi-

233 1745 343 1802 lius
384 1762 514 1801 vero
544 1745 808 1814 visibilis,
844 1745 975 1818 quia
1007 1760 1147 1816 saepe
1177 1745 1424 1818 patribus
1453 1746 1605 1801 visus
1635 1755 1752 1815 est;
1787 1756 1842 1804 et

1943 572 2078 621 nant
2115 581 2230 621 esse
2272 566 2418 640 quod
2463 577 2640 637 erant,
2673 579 2726 628 et
2768 570 2873 630 hoc
2917 573 3031 630 sint
3070 576 3218 649 quod
3256 587 3402 636 retro
3432 598 3545 640 non

1943 654 2179 724 fuerant,
2229 665 2292 713 ut
2340 656 2508 714 limus
2548 674 2676 715 cum
2714 660 2772 716 in
2819 661 3104 720 hominem
3153 664 3442 740 ﬁguratur,
3484 673 3550 729 Ii-

1947 761 2069 800 mus
2095 762 2209 802 esse
2232 745 2347 819 jam
2380 746 2584 804 desinit
2619 767 2630 804 :
2673 757 2767 805 aut
2796 751 2990 822 pisces,
3039 761 3135 811 aut
3166 771 3294 813 aves
3329 773 3454 815 cum
3481 760 3549 818 de

1945 849 2085 906 aqua
2112 835 2436 906 procedunt,
2467 852 2536 892 ex
2555 853 2619 892 eo
2634 836 2750 908 jam
2780 855 2890 895 non
2919 857 3078 915 aqua,
3107 843 3236 916 quia
3263 844 3420 902 aliud
3447 864 3458 902 :
3484 855 3546 904 ut

1947 925 2124 981 lutum
2143 925 2297 996 ﬁguli
2327 943 2454 982 cum
2478 927 2747 984 solidatur
2775 928 2834 984 in
2863 937 3060 986 testam
3089 950 3100 988 :
3132 941 3196 990 ut
3229 935 3391 1008 lapis,
3425 953 3552 994 cum

1946 1014 2270 1072 dissolvitur
2280 1017 2606 1072 decoctusin
2624 1018 2828 1075 calcem
2850 1037 2861 1074 :
2881 1026 2942 1075 ut
2959 1036 3143 1090 arena,
3167 1039 3291 1079 cum
3311 1034 3558 1084 mutatur

1947 1105 2006 1161 in
2044 1103 2272 1174 vitrum,
2314 1111 2368 1159 et
2404 1113 2618 1175 catera,
2669 1123 2788 1178 qua
2837 1107 3063 1180 longum
3112 1118 3192 1167 est
3243 1127 3552 1172 recensere.

1943 1192 2047 1249 Sed
2077 1196 2311 1250 multum
2345 1195 2591 1265 interest,
2621 1197 2789 1252 stulte
2825 1197 3101 1269 haretice,
3135 1201 3281 1259 inter
3310 1219 3372 1260 ea
3417 1223 3537 1280 qua

1944 1284 2088 1342 facta
2108 1293 2257 1354 sunt,
2280 1293 2333 1342 et
2352 1303 2477 1342 eum
2498 1286 2591 1360 qui
2614 1288 2820 1357 omnia,
2851 1290 3320 1362 quemadmodum
3344 1297 3551 1367 voluit,

1946 1374 2097 1433 fecit.
2115 1376 2248 1443 Qua
2260 1377 2403 1434 facta
2418 1386 2568 1447 sunt,
2587 1378 2833 1450 ascripta
2854 1380 3163 1438 conditioni
3185 1382 3508 1444 deserviunt
3536 1406 3549 1444 :

1947 1475 2042 1549 qui
2072 1492 2203 1532 vero
2235 1476 2386 1546 fecit,
2419 1473 2564 1530 355
2594 1495 2704 1534 suae
2744 1480 3048 1536 voluntatis
3085 1490 3138 1537 et
3171 1483 3380 1556 proprii
3404 1484 3552 1557 juris

1947 1573 2047 1622 est.
2090 1566 2274 1639 Neque
2314 1573 2490 1638 potest
2533 1567 2590 1622 in
2632 1567 2807 1635 aliud,
2851 1585 3012 1642 quam
3044 1571 3192 1644 quod
3227 1580 3328 1642 est,
3363 1575 3550 1648 aliquo

1947 1662 2193 1728 cogente,
2228 1655 2430 1711 mutari
2461 1673 2473 1711 :
2507 1656 2601 1712 sed
2631 1664 2794 1728 prout
2813 1659 2962 1732 (vult,
2994 1666 3049 1714 et
3077 1660 3169 1718 cui
3200 1663 3343 1731 vult,
3376 1679 3432 1721 se
3462 1663 3552 1722 de-

1950 1755 2235 1804 monstrat.
2266 1746 2404 1803 Nam
2443 1745 2489 1802 si
2531 1747 2709 1820 angeli
2754 1748 2814 1804 in
2860 1748 3035 1822 ﬁgura
3072 1751 3366 1811 hominum
3407 1771 3550 1829 sape

230 1835 620 1892 convertibilis
656 1844 821 1908 atque
865 1833 1169 1902 mutabilis,
1201 1835 1330 1907 quia
1360 1836 1417 1890 in
1448 1836 1618 1892 variis
1645 1837 1837 1911 ﬁguris
1861 1837 1907 1896 B
1949 1846 2078 1894 sunt
2104 1836 2234 1904 visi,
2270 1844 2324 1894 et
2365 1844 2548 1894 tamen
2580 1837 2732 1894 aliud
2773 1855 2882 1896 non
2923 1848 3076 1908 sunt,
3110 1858 3274 1916 quam
3317 1845 3466 1918 quod
3494 1861 3552 1903 se

227 1924 546 1998 quibusque
586 1939 700 1980 sese
729 1923 1096 1980 monstravit:
1131 1921 1227 1996 qui
1262 1923 1308 1978 si
1335 1923 1403 1978 de
1433 1924 1628 1993 Patris,
1662 1925 1841 2000 inqui-

227 2021 360 2082 unt,
412 2020 555 2068 esset
629 2013 957 2081 substantia,
1018 2028 1301 2084 nunquam
1355 2012 1475 2068 ﬁeri
1537 2023 1716 2086 posset
1780 2023 1842 2074 ut

227 2109 366 2160 ante
393 2102 573 2159 carnis
601 2103 1030 2174 assumptionem
1054 2110 1148 2158 aut
1170 2101 1409 2159 visibilis
1437 2111 1532 2160 aut
1560 2105 1842 2163 mutabilis

227 2199 575 2260 cerneretur,
608 2192 742 2265 quin
774 2193 960 2264 potius
988 2191 1044 2246 in
1077 2192 1386 2264 aqualitate
1414 2209 1520 2265 qua
1547 2193 1707 2249 Pater
1735 2203 1837 2265 est,

227 2283 642 2356 permansisset,
672 2299 742 2338 ex
771 2282 932 2355 cujus
951 2282 1258 2339 substantia
1288 2290 1402 2338 erat
1427 2301 1438 2339 :
1459 2284 1589 2357 quia
1608 2285 1755 2358 quod
1771 2286 1837 2342 de

227 2373 394 2430 Patre
423 2381 524 2441 est,
579 2389 681 2430 nec
740 2372 940 2441 videri,
989 2389 1090 2430 nec
1155 2373 1377 2443 mutari,
1434 2391 1536 2434 nec
1587 2377 1835 2434 converti

228 2476 394 2535 posse
421 2460 756 2518 credendum
792 2470 891 2517 est.
1265 2513 1274 2524 ,

308 2553 613 2611 Acceditad
627 2569 866 2621 causam,
887 2552 1015 2626 quia
1031 2568 1158 2608 cum
1177 2553 1402 2625 illapsus
1417 2561 1497 2610 est
1511 2553 1569 2610 in
1582 2555 1834 2628 Mariam,

225 2657 361 2698 cum
382 2642 630 2714 Virginis
658 2649 876 2696 uterum
913 2641 1178 2714 opplevit,
1210 2641 1360 2698 aliud
1399 2643 1590 2715 utique
1618 2660 1685 2700 ex
1715 2644 1833 2716 illa,

221 2747 392 2805 quam
422 2732 566 2806 quod
589 2739 834 2800 venerat,
864 2740 1057 2788 natum
1089 2738 1186 2788 est.
1214 2731 1366 2788 Unde
1381 2731 1517 2804 jam,
1551 2731 1830 2805 inquiunt,

217 2827 482 2892 corrupta
512 2819 821 2878 substantia
851 2827 1051 2876 statum
1098 2820 1265 2876 vertit
1295 2863 1312 2886 ,
1348 2820 1598 2876 ordinem
1629 2821 1830 2893 perdit,

217 2912 489 2968 continuo
532 2911 923 2969 immutatione
953 2912 1071 2985 ipsa
1100 2912 1420 2969 formandus
1471 2914 1588 2985 (27)
1622 2913 1688 2968 de
1717 2915 1832 2968 Deo

219 2999 280 3056 in
304 3000 681 3072 hominem,de
698 3003 899 3075 spiritu
914 3003 973 3058 in
990 3018 1230 3058 carnem.
1248 3003 1320 3056 Et
1334 3003 1526 3074 utique
1544 3001 1832 3058 translatio

218 3092 402 3148 omnis
430 3093 786 3164 interemptio
814 3099 895 3147 est
921 3091 1161 3162 pristini.
1189 3095 1268 3146 Ac
1297 3106 1391 3162 per
1418 3091 1522 3147 hoc
1539 3091 1697 3147 aiunt
1725 3109 1736 3148 :
1773 3091 1830 3148 Si

1951 1943 2065 1985 esse
2081 1933 2304 1996 norunt,
2327 1943 2502 2000 neque
2523 1927 2886 1986 substantiam
2908 1938 3142 1999 mutant,
3166 1949 3292 1989 cum
3314 1934 3550 1993 formam

1951 2018 2179 2075 humani
2208 2018 2455 2092 corporis
2482 2027 2740 2090 sumunt;
2774 2030 2978 2094 quanto
3007 2022 3180 2096 magis
3215 2023 3330 2097 ipse
3357 2027 3548 2084 Domi-

1949 2125 2054 2166 nus
2082 2116 2267 2166 noster
2295 2109 2391 2183 qui
2419 2109 2606 2165 omnia
2635 2110 2785 2180 fecit,
2813 2111 2908 2186 qui
2939 2112 3072 2185 ipsis
3099 2115 3309 2189 angelis
3347 2125 3412 2175 ut
3443 2118 3550 2179 hoc

1949 2209 2190 2274 possent,
2221 2217 2322 2257 sua
2350 2199 2701 2258 institutione
2730 2202 3000 2261 concessit
3024 2203 3036 2260 l

2019 2293 2137 2349 Huc
2164 2292 2375 2350 accedit
2401 2292 2550 2366 quod
2581 2292 2662 2351 sic
2690 2291 2896 2350 Filium
2935 2293 3060 2365 Dei,
3092 2302 3155 2353 ut
3184 2294 3300 2371 jam
3331 2298 3546 2358 dictum

1944 2389 2045 2452 est,
2077 2383 2260 2440 visum
2300 2400 2332 2440 a
2355 2381 2610 2440 Patribus
2629 2382 3014 2456 approbemus,
3046 2393 3108 2442 ut
3138 2402 3250 2444 non
3280 2395 3457 2446 totum
3487 2389 3548 2448 in

1945 2473 2064 2542 illo,
2092 2473 2239 2546 quod
2267 2474 2414 2531 Deus
2443 2483 2542 2542 est,
2577 2472 2859 2530 videretur
2885 2491 2897 2530 :
2922 2474 3018 2532 sed
3046 2475 3438 2550 dispositiones
3463 2497 3547 2539 re-

1943 2580 2068 2620 rum
2085 2563 2418 2632 futurarum,
2435 2579 2556 2636 qua
2577 2564 2691 2620 suis
2709 2564 3017 2638 quibusque
3036 2567 3379 2638 temporibus
3397 2586 3545 2626 com-

1943 2654 2157 2726 plenda
2181 2661 2358 2721 erant,
2385 2653 2442 2708 in
2464 2653 2561 2707 illo
2579 2668 2674 2724 per
2689 2653 2985 2725 imaginem
3008 2665 3381 2713 cernerentur.
3406 2658 3542 2716 Nam

1943 2744 2069 2816 quis
2094 2743 2300 2798 Filium
2325 2741 2428 2796 Dei
2453 2740 2641 2796 videre
2666 2742 2867 2812 potuit,
2892 2751 3183 2816 antequam
3203 2745 3544 2818 conspicabi-

1943 2830 2386 2898 lem.materiam,
2417 2829 2561 2886 sicut
2583 2829 2633 2884 ei
2655 2830 2881 2902 placuit,
2914 2831 3228 2904 assumpsit,
3253 2833 3340 2890 vel
3361 2833 3540 2907 ipsum

1943 2922 2224 2980 hominem
2257 2919 2486 2977 induere
2515 2919 2774 2994 dignatus
2801 2921 2925 2978 est?

2013 3012 2120 3080 Qui
2149 3011 2251 3068 etsi
2279 3009 2514 3067 Abrahae
2556 3009 2708 3067 visus
2737 3017 2818 3067 est
2851 3011 3006 3084 (Gen.
3047 3027 3208 3082 xvm,
3243 3010 3322 3084 1),
3353 3011 3448 3069 sed
3478 3012 3538 3070 in

1940 3102 2117 3160 forma
2169 3101 2398 3159 humani
2433 3101 2680 3176 corporis
2715 3101 2869 3158 visus
2906 3110 3007 3174 est,
3049 3118 3159 3175 quo
3196 3101 3407 3161 scilicet
3444 3119 3537 3176 po-

217 3180 396 3237 Filius
431 3180 498 3237 de
529 3179 709 3235 Patris
739 3177 1050 3234 substantia
1083 3185 1242 3246 θεεθῐ,
1260 3177 1374 3250 iam
1405 3186 1456 3234 θι
1483 3179 1698 3236 Patrem
1725 3180 1824 3237 ωί·
1855 3199 1898 3260 C
1933 3193 2152 3253 stremis
2181 3190 2524 3265 temporibus
2553 3190 2611 3246 in
2639 3190 2864 3248 homine
2893 3198 3162 3249 venturus
3192 3208 3308 3250 esse
3339 3200 3536 3250 osten-

214 3284 413 3325 norem
436 3268 618 3324 videri
645 3267 967 3323 substantia
989 3283 1099 3322 sua
1120 3267 1208 3322 vel
1230 3267 1545 3337 traditione,
1569 3270 1656 3324 vel
1677 3269 1785 3326 ﬁne
1810 3289 1822 3328 :

209 3366 268 3414 et
302 3357 539 3432 proinde
566 3356 772 3413 Filium
797 3373 866 3413 ex
894 3357 1001 3414 alia
1029 3358 1333 3416 substantia
1362 3359 1579 3416 credere
1609 3361 1829 3417 malue-

209 3454 372 3514 runt,
406 3447 555 3520 quod
589 3447 855 3514 converti,
901 3455 954 3503 et
1007 3448 1228 3515 mutari,
1277 3456 1331 3504 et
1386 3449 1562 3505 videri
1615 3452 1823 3523 possit;

213 3536 349 3608 quia
377 3535 482 3592 hoc
511 3535 578 3592 de
605 3535 782 3592 Patris
811 3537 1119 3593 substantia
1148 3537 1297 3594 credi
1324 3555 1433 3594 non
1464 3539 1642 3595 liceat.

288 3624 418 3680 Hac
443 3631 523 3679 est
552 3641 713 3680 causa
743 3624 966 3693 erroris,
997 3624 1116 3681 haec
1144 3625 1296 3698 origo
1328 3625 1552 3683 haresis
1581 3627 1821 3697 Ariana,

211 3714 350 3770 dum
384 3730 495 3770 non
514 3715 836 3788 intelligunt
855 3715 1118 3772 virtutem
1142 3717 1262 3785 Dei,
1291 3734 1467 3790 neque
1493 3719 1629 3774 tanti
1651 3735 1825 3775 sacra-

216 3803 392 3860 menti
424 3803 844 3877 dispositionem
894 3815 1218 3878 agnoscunt,
1268 3815 1329 3862 ut
1357 3809 1533 3864 Deum
1566 3809 1824 3867 humanis

211 3893 634 3949 conditionibus
672 3902 1010 3967 comparent.
1045 3895 1256 3962 Quibus
1284 3897 1464 3968 primo
1494 3899 1822 3971 responden-

211 3983 346 4040 dum
389 3987 598 4044 inloco
652 3987 858 4045 Filium
897 3987 1014 4059 (28)
1065 3987 1164 4044 Dei
1203 4004 1313 4044 non
1373 3988 1450 4044 ita
1495 3990 1700 4060 visum,
1758 3998 1819 4047 ut

208 4073 364 4132 Deus
394 4085 530 4144 erat,
561 4077 654 4132 sed
685 4085 745 4132 ut
792 4075 960 4130 homo
996 4093 1186 4148 capere
1215 4085 1426 4148 poterat
1455 4078 1522 4134 de
1549 4081 1698 4136 Deo:
1732 4080 1822 4136 de-

212 4169 342 4225 inde
371 4165 540 4222 variis
585 4166 778 4239 ﬁguris
820 4181 933 4221 non
964 4165 1284 4221 mutabilem
1315 4175 1368 4223 et
1401 4170 1818 4226 convertibilem

210 4256 394 4330 ipsum
426 4271 564 4320 esse,
596 4255 691 4310 sed
723 4254 829 4311 hoc
876 4270 990 4310 esse
1041 4255 1300 4326 potentia
1328 4256 1448 4324 Dei,
1481 4265 1544 4313 ut
1585 4275 1710 4314 cum
1764 4275 1821 4314 se

208 4345 465 4421 singulis,
497 4353 662 4417 prout
686 4345 828 4412 vult,
847 4345 1089 4400 revelare
1118 4344 1395 4416 dignatur,
1428 4345 1679 4403 habitum
1704 4365 1820 4404 mu-

211 4444 306 4506 tet,
331 4451 447 4490 non
477 4433 840 4490 substantiam
873 4440 1048 4488 vertat
1073 4451 1084 4488 :
1111 4449 1213 4488 nec
1234 4433 1621 4505 proprietatem
1643 4436 1819 4508 quali-

1935 3287 2176 3345 deretur.

2005 3381 2172 3440 Jacob
2193 3380 2359 3437 etiam
2380 3379 2512 3437 alibi
2543 3379 2601 3434 in
2620 3377 2814 3451 angelo
2841 3378 2996 3451 (Gen.
3019 3396 3225 3451 xxvru,
3259 3382 3374 3455 i3),
3397 3383 3533 3440 alibi

1935 3489 2088 3547 aque
2117 3471 2338 3528 videtur
2367 3470 2424 3526 in
2454 3468 2699 3526 homine.
2743 3467 2850 3536 Qui
2882 3467 3006 3524 ideo
3033 3485 3090 3525 se
3117 3469 3177 3525 in
3203 3472 3396 3543 angelo
3425 3472 3534 3530 de-

1934 3561 2286 3627 monstravit,
2315 3567 2376 3616 ut
2397 3560 2657 3615 nuntium
2679 3573 2737 3615 se
2762 3557 2944 3630 magni
2970 3558 3191 3615 consilii
3219 3559 3526 3618 indicaret:

1933 3652 1992 3708 in
2030 3652 2256 3708 homine
2283 3667 2434 3718 vero,
2465 3666 2590 3708 cum
2626 3665 2734 3722 quo
2773 3655 2827 3705 et
2854 3649 3186 3706 colluctatus
3224 3649 3394 3707 fuisse
3422 3649 3530 3707 de-

1933 3743 2222 3809 scribitur;
2257 3748 2317 3797 ut
2347 3741 2643 3813 imaginem
2673 3739 2872 3794 futura
2901 3739 3333 3810 colluctationis,
3362 3757 3526 3814 quam

1932 3848 2059 3890 cum
2087 3830 2253 3887 Israel
2282 3829 2574 3885 habiturus
2597 3837 2730 3897 erat,
2753 3843 2880 3886 cum
2908 3828 3211 3886 secundum
3241 3828 3525 3886 hominem

1932 3920 2262 3987 advenisset,
2312 3918 2584 3991 pracipue
2630 3917 2917 3974 indicaret.
2963 3917 3068 3974 Sed
3120 3924 3182 3973 ut
3223 3916 3525 3974 Dominum

1931 4011 2197 4077 crederet,
2221 4026 2348 4066 cum
2377 4025 2484 4082 quo
2513 4015 2668 4064 tanto
2697 4007 2994 4064 certamine
3013 4007 3115 4063 sub
3143 4006 3318 4079 ﬁgura
3348 4007 3524 4061 homi-

1931 4100 2020 4156 nis
2066 4099 2398 4170 luctabatur,
2431 4097 2618 4165 Israel,
2665 4096 2722 4152 id
2761 4103 2843 4152 est
2890 4095 3056 4151 homo
3094 4094 3290 4150 videns
3324 4096 3522 4162 Deum,

1931 4205 2133 4245 nomen
2162 4188 2370 4260 accepit
2401 4188 2558 4260 (Gen.
2591 4202 2774 4253 xxxn,
2805 4183 2895 4248 211,
2927 4183 3041 4254 28).
3082 4205 3101 4230 ι
3135 4181 3287 4250 Vidi,
3321 4181 3522 4255 inquit,

1929 4280 2104 4335 Deum
2162 4277 2302 4335 facie
2353 4277 2421 4334 ad
2478 4275 2693 4340 faciem,
2734 4279 2789 4328 et
2837 4271 2988 4328 salva
3037 4270 3181 4326 facta
3222 4277 3304 4327 est
3339 4270 3526 4328 anima

1931 4383 2050 4423 mea
2081 4367 2241 4439 (Ibid.
2275 4365 2391 4436 30).
2426 4388 2444 4414 ›
2487 4366 2560 4420 Et
2593 4362 2783 4434 utique
2819 4359 3050 4433 ﬁguram
3081 4358 3326 4422 hominis
3358 4359 3525 4417 vide-

1929 4464 2034 4524 rat,
2057 4472 2220 4536 quam
2250 4457 2395 4511 Deus
2425 4452 2526 4509 Dei
2556 4451 2733 4507 Filius
2760 4449 3033 4506 induerat.

210 4525 340 4582 ῐεῐὶε
367 4523 606 4619 amittat!
639 4522 732 4579 sed
757 4521 1215 4619 _juxf«'_1_l_nel‘im'_n
1268 4522 1506 4579 νίάθηιίδ
1540 4533 1821 4619 ΡῨΠΨΘῙἮ-
1855 4561 1898 4619 D
2000 4521 2177 4617 Moysi
2222 4544 2280 4599 in
2329 4542 2468 4598 rubo
2497 4541 2555 4596 in
2592 4539 2813 4595 ﬂamma
2853 4537 2996 4612 ignis
3024 4538 3276 4610 apparuit
3315 4539 3520 4611 (Exod.

211 4624 460 4672 mentum
501 4613 801 4686 majestatis
830 4612 1088 4669 adhibeat
1122 4632 1135 4680 ;
1169 4613 1284 4685 ipse
1320 4620 1506 4668 tamen
1535 4613 1702 4681 idem,
1756 4623 1820 4670 ut

211 4722 426 4778 semper
463 4713 565 4773 est,
599 4704 657 4759 in
707 4704 1027 4759 substantia
1064 4719 1176 4758 sua
1225 4703 1556 4776 proprietate
1591 4719 1817 4775 perma-

212 4803 354 4863 neat,
383 4796 527 4852 sicut
558 4794 823 4866 scriptum
846 4802 928 4851 est
961 4813 972 4850 :
1023 4819 1041 4842 ι
1070 4794 1306 4851 Mutabis
1335 4811 1425 4851 eos
1444 4803 1498 4850 et
1527 4793 1814 4850 mutabun-

211 4891 300 4941 tur
327 4903 338 4941 :
373 4893 434 4940 tu
466 4892 648 4940 autem
669 4883 816 4939 idem
842 4883 956 4955 ipse
977 4899 1054 4950 es,
1086 4890 1140 4938 et
1161 4883 1290 4938 anni
1321 4883 1403 4939 tui
1419 4900 1531 4939 non
1556 4883 1814 4941 deﬁcient

215 4975 388 5044 (Psal.
421 4992 492 5042 cr,
530 4974 645 5046 28).
678 4998 697 5021 ›

277 5064 416 5119 Nam
443 5063 545 5119 etsi
578 5062 754 5118 multa
782 5067 933 5128 sunt,
965 5075 1033 5115 ex
1067 5059 1154 5115 his
1183 5076 1301 5133 qua
1347 5061 1404 5116 in
1434 5059 1540 5117 hoc
1595 5061 1807 5118 mundo

285 5205 403 5277 (25)
437 5206 519 5260 Ita
538 5204 670 5259 edit.
696 5203 866 5274 Vigil.
891 5218 1017 5277 cum
1038 5203 1091 5277 in
1109 5202 1234 5277 aliis
1264 5219 1326 5259 ac
1348 5219 1474 5277 mss.
1502 5202 1768 5258 habeatur
1795 5221 1807 5258 :

213 5274 327 5332 Non
367 5274 520 5331 modo
552 5281 719 5346 potest
747 5291 851 5329 esse
881 5275 942 5328 de
961 5274 1291 5346 conditione,
1315 5275 1467 5329 nullo
1497 5290 1679 5330 sensu.

283 5347 401 5418 (26)
436 5345 563 5403 Vet.
610 5346 767 5413 edit.,
801 5352 859 5400 ut
898 5362 1148 5418 personae
1163 5345 1428 5418 audientis
1460 5345 1814 5410 nominatim;

214 5416 386 5490 Vigil.
414 5426 470 5473 et
494 5434 649 5490 mss.,
683 5424 741 5471 ut
755 5433 994 5490 persona;
1020 5416 1292 5490 audientia
1314 5417 1622 5490 nominum;
1656 5433 1807 5484 mss.,

225 5433 382 5490 vrgu.
414 5433 470 5473 et
494 5434 646 5486 mss.,
683 5433 994 5544 utgersonw
1020 5433 1292 5470 auatenua
1320 5433 1622 5481 nommum;
1656 5433 1807 5484 mss.,

216 5490 541 5544 nominatim.
623 5488 743 5556 Quo
830 5494 1010 5543 autem
1068 5487 1135 5542 ad
1191 5487 1491 5542 dictionem
1545 5494 1813 5566 ὁμοοῦσιον

217 5567 669 5648 auctorexplicat
685 5583 804 5648 eum
827 5567 1096 5648 unoaliud
1111 5566 1289 5648 ipsam
1314 5584 1326 5631 ;
1362 5565 1466 5622 hoc
1489 5565 1813 5648 Ambrosius

217 5639 375 5707 paulo
405 5637 584 5694 fusius
611 5637 839 5694 exhibet
869 5637 964 5693 lib.
1000 5655 1041 5693 ιι
1088 5639 1150 5709 de
1204 5638 1306 5709 ﬁde
1353 5654 1470 5709 cap.
1494 5707 1500 5709 Α
1524 5638 1608 5709 to,
1651 5655 1806 5694 num.

222 5709 337 5779 126,
369 5727 533 5784 quem
568 5710 752 5768 locum
777 5726 809 5766 a
836 5709 1041 5766 Basilio
1074 5707 1433 5781 desumptum'
1449 5707 1626 5765 videri
1644 5709 1811 5766 adno-

1930 4653 2015 4704 nr,
2055 4635 2112 4705 2)
2157 4643 2218 4691 ut
2265 4636 2452 4691 lumen
2490 4630 2860 4698 credentibus,
2904 4629 3206 4686 incredulis
3242 4628 3519 4702 judicium

1930 4725 2357 4792 demonstraret;
2392 4723 2522 4797 quia
2554 4720 2806 4780 Christus
2845 4719 3197 4777 credentibus
3234 4721 3381 4777 salus
3417 4730 3520 4792 est,

1929 4831 2040 4871 non
2088 4814 2436 4872 credentibus
2486 4829 2664 4886 poena,
2704 4819 2768 4869 ut
2803 4811 3100 4884 Apostolus
3137 4810 3216 4868 ait
3258 4830 3269 4868 :
3325 4835 3346 4860 ι
3379 4813 3522 4870 Aliis

1929 4904 2065 4961 odor
2111 4904 2240 4960 vita
2287 4903 2346 4959 in
2389 4903 2581 4970 vitam,
2614 4900 2738 4957 aliis
2777 4899 2915 4956 odor
2951 4899 3145 4958 mortis
3186 4900 3247 4957 in
3288 4908 3519 4958 mortem

1930 4992 2015 5065 (ΙΙ
2045 4995 2165 5050 Cor.
2200 5009 2261 5061 II,
2289 4991 2402 5063 16).
2435 5014 2454 5038 ι

2000 5083 2270 5154 Populum
2301 5082 2464 5138 Israel
2487 5080 2546 5136 in
2570 5081 2828 5138 columna
2847 5079 3012 5137 nubis
3040 5096 3136 5154 per
3164 5079 3334 5152 diem,
3354 5088 3411 5137 et
3426 5095 3522 5153 per

1927 5192 2189 5247 tavimus.

2001 5263 2119 5333 (27)
2143 5261 2338 5318 Ambr.
2371 5261 2503 5318 edit.
2523 5270 2576 5318 et
2595 5261 2717 5318 cod.
2742 5260 2873 5316 Lat.
2892 5259 3069 5333 statim
3085 5261 3240 5333 vertit
3259 5259 3520 5333 ordinem,

1921 5330 2108 5404 perdit
2119 5334 2362 5407 continuo
2384 5334 2818 5407 immutationem,
2841 5333 2958 5404 ipsa
2977 5331 3261 5407 formando
3292 5331 3312 5384 ἱ
3335 5330 3519 5407 Tell...

1930 5407 2265 5460 mutationem
2308 5406 2479 5475 ipsam
2528 5406 2844 5474 formando;
2888 5404 3125 5459 secunda
3172 5417 3359 5462 manu,
3406 5404 3523 5468 ipsa

1925 5475 2244 5549 formandi:
2279 5477 2460 5549 aptius
2488 5477 2619 5532 edit.
2649 5476 2823 5549 iVigil.
2853 5481 2915 5528 ut
2942 5475 3000 5549 in
3019 5477 3348 5549 contextu...

2002 5548 2117 5620 (28)
2140 5548 2275 5620 Tell.
2299 5539 2420 5603 cod.
2450 5556 2504 5603 et
2537 5548 2703 5620 Vigil.
2730 5539 2894 5612 odit,
2926 5543 3125 5610 Quibus
3139 5539 3307 5611 primi
3329 5539 3387 5592 in
3410 5539 3518 5596 loco

1928 5619 2346 5690 respondendum
2370 5626 2446 5675 est
2475 5619 2806 5686 Filium,etc.
