4068 6188
560 338 668 399 593

1565 336 1661 392 AD
1700 333 1934 392 OPERA
1973 332 2029 388 S.
2073 328 2409 389 AMBROSII
2448 329 2838 387 APPENDIX.

3764 332 3884 391 596

561 477 776 526 noctem
798 467 856 523 in
878 467 1133 523 columna
1155 465 1297 540 ignis
1322 464 1476 540 quasi
1505 465 1621 523 dux
1641 466 1855 522 itineris
1875 464 2142 539 praecede-
2178 459 2229 519 A
2260 467 2528 517 caecatur:
2561 469 2615 518 et
2660 461 2847 516 lumen
2878 456 3040 529 illud,
3076 456 3224 533 quod
3252 465 3369 515 toto
3423 457 3556 516 orbe
3603 458 3880 520 diffusum

560 559 655 615 bat
685 558 885 630 (Exod.
925 574 1049 626 χιιι,
1092 558 1219 630 21);
1256 567 1317 614 ιιι
1346 557 1605 629 baptismi
1641 557 1869 629 gratiam
1905 573 2002 629 per
2035 572 2153 612 nu-

560 648 707 715 bem,
738 655 791 702 et
819 647 1024 703 donum
1056 647 1228 704 sancti
1269 646 1504 719 Spiritus
1541 662 1636 719 per
1668 646 1849 719 ignem
1891 645 2154 702 ostende-

560 746 644 792 ret
679 753 691 790 :
723 735 852 809 quia
879 736 1155 807 apostolus
1191 736 1394 793 Paulus
1421 735 1479 792 in
1510 752 1545 790 ιι
1586 736 1655 791 be
1682 744 1862 808 patres
1902 734 2157 807 baptiza-

562 834 646 882 tos
675 826 867 882 scribit
902 827 960 898 (I
1006 827 1130 882 Cor.
1162 843 1219 894 x,
1256 826 1336 897 2),
1383 835 1438 881 et
1466 826 1730 897 Spiritum
1782 826 1926 882 sicut
1972 825 2149 898 ignem

563 932 676 971 esse
705 916 1075 987 apostolorum
1105 916 1242 971 Acta
1271 914 1555 970 declarant
1585 915 1730 986 (Act.
1766 932 1826 982 ιι,
1859 913 1940 984 3).

634 1013 805 1070 Vides
829 1029 956 1086 ergo
977 1030 1072 1085 per
1100 1012 1307 1082 omnia,
1337 1012 1611 1081 haeretice,
1642 1011 1985 1069 characteres
2013 1006 2157 1064 divi-

562 1120 757 1160 narum
788 1102 1193 1175 Scripturarum
1218 1102 1277 1157 in
1309 1101 1572 1157 honorem
1604 1101 1706 1157 Dei
1734 1098 1982 1172 patribus
2008 1116 2159 1171 pra:-

564 1202 843 1260 ostensos;
877 1208 988 1247 non
1009 1200 1193 1247 tamen
1213 1190 1394 1261 ipsum
1424 1191 1621 1259 Deum,
1646 1197 1707 1245 ut
1736 1196 1817 1245 est
1838 1188 2058 1261 proprie
2078 1204 2158 1243 re-

563 1282 826 1337 velatum.
862 1279 1110 1352 Denique
1140 1295 1266 1335 cum
1298 1278 1514 1350 Moyses
1544 1285 1723 1334 oraret
1744 1284 1805 1332 ut
1830 1276 2027 1333 faciem
2058 1277 2160 1333 Dei

564 1386 699 1442 pure
719 1369 951 1436 videret,
968 1367 1101 1440 quid
1121 1366 1190 1423 ad
1209 1367 1371 1423 illum
1392 1366 1658 1423 continuo
1672 1364 1858 1421 Deus?
1891 1388 1909 1411 ι
1929 1366 2051 1421 Νοιι
2068 1381 2159 1437 po-

567 1459 717 1527 teris,
745 1456 948 1529 inquit,
979 1456 1169 1512 videre
1198 1455 1395 1512 faciem
1426 1471 1601 1511 meam
1638 1472 1649 1509 :
1682 1469 1796 1510 non
1825 1454 1974 1509 enim
2010 1453 2160 1509 vide-

564 1548 647 1605 bit
667 1547 835 1603 homo
855 1545 1049 1602 faciem
1067 1561 1266 1614 meam,
1288 1551 1342 1601 et
1360 1544 1511 1599 vivet
1536 1543 1738 1615 (Exod.
1757 1558 1964 1610 χχχιιι,
1986 1541 2102 1614 20).
2128 1568 2146 1591 ι

566 1639 682 1695 Hoc
712 1636 830 1709 ipso
860 1634 1007 1708 quod
1037 1641 1266 1706 negatur
1285 1641 1557 1705 aspectus,
1587 1631 1804 1688 claritas
1830 1631 2156 1702 assignatur,

566 1744 685 1799 quae
716 1724 929 1782 scilicet
948 1731 1101 1780 tanta
1118 1731 1200 1779 est
1219 1729 1425 1795 quanta
1452 1720 1722 1778 credenda
1749 1728 1849 1789 est,
1877 1737 1997 1794 quae
2019 1720 2160 1775 invi-

2262 554 2410 611 claro
2441 554 2726 628 splendore
2752 562 2949 613 cuncta
2994 551 3299 627 perfundit,
3349 568 3522 624 parvo
3569 552 3876 613 admodum

2264 645 2544 703 obstaculo
2574 645 2739 701 nubis
2778 644 3103 712 includitur,
3162 658 3276 698 non
3335 641 3631 699 aufertur:
3681 643 3765 701 sic
3822 657 3881 706 et

2266 736 2432 793 homo
2460 736 2553 793 ille
2582 753 2744 809 quem
2780 734 3050 793 Dominus
3075 735 3251 801 Jesus,
3282 733 3647 808 Salvatorque
3664 746 3880 808 noster,

2269 829 2327 885 id
2381 837 2481 897 est,
2529 830 2674 885 Deus
2728 828 2936 901 Deique
2984 828 3159 883 Filius
3187 825 3401 894 induit;
3454 828 3631 884 Deum
3681 836 3877 887 tamen

2270 922 2328 977 in
2354 921 2450 976 illo
2485 920 2599 992 (31)
2634 936 2744 976 non
2776 919 3087 991 intercepit,
3119 918 3213 974 sed
3245 918 3556 976 abscondit.

2339 1011 2587 1084 Denique
2615 1028 2742 1068 cum
2774 1011 2832 1065 in
2861 1018 3047 1066 monte
3076 1025 3132 1065 se
3177 1008 3467 1080 paululum
3497 1018 3656 1084 extra
3692 1011 3877 1084 ipsum

2270 1076 2551 1156 hominem
2581 1100 2888 1167 extulisset,
2945 1099 3158 1171 fulgore
3180 1076 3419 1154 luminis
3449 1076 3570 1171 eju's
3600 1076 3739 1173 pene
3766 1101 3879 1158 ob—

2269 1194 2453 1251 caecati
2483 1193 2715 1265 apostoli
2753 1193 2813 1248 in
2872 1201 3069 1248 terram
3101 1190 3302 1263 quippe
3335 1191 3590 1248 homines
3648 1192 3875 1250 cecide-

2246 1290 2401 1339 .runt
2430 1283 2641 1354 (Matth.
2672 1298 2815 1350 xvn,
2855 1281 2935 1354 6),
2969 1279 3266 1353 periclitati
3293 1279 3487 1349 vitam,
3520 1281 3633 1337 nisi
3662 1282 3743 1337 eis
3770 1284 3874 1339 Do.

2271 1373 2456 1428 minus
2509 1389 2820 1444 compresso
2864 1388 3084 1428 rursum
3132 1370 3435 1442 majestatis
3495 1388 3609 1428 suae
3663 1372 3875 1430 honore

2270 1471 2332 1519 ut
2358 1463 2670 1519 misericors
2718 1462 3088 1531 subvenisset,
3126 1461 3427 1520 secundum
3459 1460 3613 1517 illam
3642 1471 3876 1521 senten-

2268 1551 2403 1607 tiam
2439 1571 2450 1608 :
2499 1576 2518 1600 ‹
2542 1553 2713 1607 Nemo
2743 1552 2885 1607 vidit
2926 1554 3123 1619 Deum,
3151 1560 3205 1608 et
3250 1550 3397 1606 vixit
3427 1551 3634 1623 (Exod.
3667 1570 3877 1625 χχχιιι,

2270 1640 2385 1711 20).
2421 1666 2438 1688 n
2481 1641 2551 1697 Ut
2605 1657 2734 1713 ergo
2789 1640 3009 1697 claritas
3057 1642 3213 1708 solis,
3241 1658 3368 1698 cum
3414 1658 3522 1698 non
3584 1660 3761 1717 usque
3806 1643 3877 1699 ad

2271 1738 2487 1787 nostros
2520 1731 2636 1803 (32)
2666 1732 2866 1788 emicat
2901 1733 3077 1800 visus,
3112 1732 3218 1788 sibi
3241 1733 3394 1789 salva
3423 1740 3498 1788 est
3524 1751 3537 1799 ;
3567 1733 3698 1805 quia
3721 1734 3880 1806 quod

565 1817 743 1877 sibilis
764 1815 1058 1872 indicatur.
1085 1813 1222 1872 Cum
1245 1830 1371 1885 ergo
1394 1815 1610 1886 Moyses
1632 1812 1723 1885 qui
1748 1819 1801 1868 et
1821 1811 1988 1867 situm
2010 1811 2157 1880 coeli,
2192 1819 2240 1881 Β
2272 1838 2382 1878 non
2413 1822 2651 1893 videtur,
2684 1821 3025 1879 inﬁrmitatis
3055 1832 3136 1880 est
3163 1833 3384 1893 nostra,
3417 1840 3646 1897 quorum
3676 1826 3880 1880 oculos

565 1914 619 1962 et
649 1905 870 1961 ordines
901 1902 1115 1972 mundi,
1147 1909 1201 1959 et
1231 1904 1627 1959 elementorum
1659 1903 1830 1971 vices,
1861 1902 2034 1959 totius
2063 1900 2161 1956 de-

567 1997 735 2070 nique
766 1995 915 2051 orbis
939 2001 1261 2050 ornamenta
1288 1992 1599 2066 digesserit,
1630 1993 1915 2059 indicarit,
1945 2007 2163 2064 expres-

566 2087 721 2155 serit,
753 2087 843 2142 cui
884 2085 997 2158 ipse
1026 2084 1298 2141 Dominus
1332 2084 1713 2140 testimonium
1749 2080 2030 2156 perhibuit
2065 2081 2162 2137 di—

565 2166 735 2235 cens:
778 2204 795 2225 ι
827 2180 997 2235 Nemo
1023 2177 1128 2235 erit
1142 2193 1212 2233 ex
1232 2174 1516 2247 prophetis
1537 2181 1599 2229 ut
1618 2189 1809 2229 servus
1838 2188 1993 2227 meus
2010 2172 2161 2243 Moy-

566 2283 672 2334 ses,
724 2268 813 2322 cui
861 2267 1000 2322 facie
1038 2266 1106 2321 ad
1151 2265 1368 2332 faciem,
1413 2278 1506 2318 ore
1554 2262 1623 2317 ad
1665 2278 1726 2317 os
1775 2263 1993 2318 locutus
2038 2276 2160 2316 sum

569 2356 755 2425 (Num.
798 2367 903 2423 χιι,
951 2356 1002 2422 7,
1032 2356 1125 2425 8);
1159 2376 1177 2399 ι
1221 2354 1395 2409 Deum
1437 2358 1619 2406 tamen
1654 2366 1789 2422 pure
1824 2349 2011 2405 videre
2049 2366 2160 2406 non

564 2445 764 2517 potuit.
781 2444 978 2501 Merito
995 2443 1216 2517 quidem
1237 2440 1524 2515 prophetia
1539 2440 1690 2496 omni
1706 2441 1923 2513 dignus,
1938 2439 2033 2496 sed
2049 2456 2161 2495 non

564 2551 736 2608 usque
763 2535 898 2591 adeo
927 2543 989 2591 ut
1019 2533 1222 2589 intueri
1250 2534 1426 2589 Deum
1455 2532 1682 2600 valeret,
1713 2547 1820 2603 qua
1849 2529 2016 2585 homo
2044 2538 2159 2586 tan-

562 2624 851 2683 tummodo
874 2631 1032 2681 esset.

633 2724 704 2779 Et
756 2722 948 2797 utique
1000 2721 1119 2778 haec
1163 2719 1349 2777 omnia
1392 2718 1523 2774 Filii
1569 2717 1737 2774 verba
1789 2716 2157 2786 defendimus,

562 2832 725 2890 quem
751 2814 811 2871 in
854 2820 1040 2870 monte
1074 2813 1205 2870 Sina
1234 2828 1360 2869 cum
1393 2810 1581 2883 Moyse
1621 2808 1868 2864 locutum
1899 2823 2014 2863 esse
2042 2806 2161 2864 sci-

563 2924 688 2963 mus
717 2905 920 2977 (Exod.
952 2922 1115 2970 χχχι,
1160 2903 1276 2973 18),
1319 2902 1414 2975 qui
1454 2900 1679 2973 agendis
1709 2898 2159 2972 explicandisque

561 2994 724 3050 rebus
771 3010 803 3049 a
850 2992 1008 3047 Patre
1040 2990 1337 3046 advenerat
1380 3007 1391 3044 :
1437 2989 1567 3061 quia
1604 2987 1791 3044 omnia
1819 3004 1848 3043 a
1883 2988 2158 3060 principio

560 3097 659 3155 per
685 3079 865 3154 ipsum
894 3087 948 3135 et
976 3077 1243 3146 ordinari,
1275 3084 1327 3132 et
1356 3074 1643 3150 explicari,
1673 3084 1727 3132 et
1756 3092 1975 3132 manere
2013 3094 2158 3135 con-

2271 1912 2503 1969 nubium
2527 1915 2665 1971 texit
2693 1914 2998 1971 obscuritas
3032 1933 3043 1971 :
3078 1916 3155 1970 ita
3182 1915 3376 1989 probat
3403 1932 3461 1972 se
3488 1932 3601 1972 non
3628 1932 3729 1971 suo
3754 1914 3874 1987 (33)

2271 2004 2602 2061 detrimento
2632 2005 2840 2078 proprii
2871 2004 3093 2061 latuisse
3121 2005 3372 2078 fulgoris,
3421 2005 3519 2062 sed
3546 2005 3751 2073 carnis,
3811 2015 3877 2060 ut

2271 2092 2412 2161 dixi,
2438 2093 2729 2165 beneﬁcio,
2757 2095 2915 2169 cujus
2944 2111 3105 2151 causa
3133 2094 3311 2151 Filius
3334 2094 3432 2152 Dei
3454 2094 3605 2151 ﬁlius
3634 2094 3876 2151 hominis

2271 2200 2385 2240 esse
2414 2184 2696 2240 sustinuit.

2340 2273 2544 2346 Nempe
2587 2274 2734 2330 enim
2785 2273 2853 2329 de
2890 2273 3100 2346 Spiritu
3147 2274 3246 2331 Dei
3279 2274 3448 2347 Virgo
3486 2275 3761 2346 concepit,
3819 2285 3875 2332 et

2270 2362 2417 2437 quod
2446 2363 2721 2437 concepit,
2775 2363 2882 2421 hoc
2929 2365 3160 2438 peperit,
3195 2364 3250 2421 id
3298 2372 3400 2433 est,
3448 2367 3627 2421 Deum
3660 2364 3873 2421 homini

2270 2471 2390 2522 suo,
2415 2462 2477 2509 ut
2504 2451 2616 2525 jam
2647 2454 2789 2521 dixi,
2812 2455 3100 2523 sociatum,
3125 2453 3269 2511 sicut
3295 2454 3408 2526 ipse
3437 2453 3585 2510 dixit
3610 2472 3622 2510 :
3673 2479 3693 2501 ‹
3716 2453 3871 2522 Quod

2270 2543 2516 2599 nascitur
2545 2543 2612 2600 de
2665 2559 2846 2612 carne,
2892 2561 3019 2601 caro
3048 2552 3156 2600 est:
3207 2553 3261 2600 et
3312 2544 3460 2617 quod
3515 2545 3764 2601 nascitur
3805 2545 3873 2601 de

2270 2632 2491 2705 spiritu,
2521 2633 2748 2704 spiritus
2777 2641 2857 2689 est
2885 2633 3067 2706 (Joan.
3099 2651 3180 2702 ιιι,
3213 2633 3269 2706 6)
3298 2653 3311 2703 ;
3345 2660 3364 2683 ι
3406 2633 3536 2707 quia
3576 2635 3724 2690 Deus
3752 2634 3875 2707 spi-

2268 2723 2409 2779 ritus
2432 2730 2534 2791 est,
2562 2730 2614 2778 et
2653 2721 2720 2778 de
2768 2724 2880 2778 Deo
2911 2731 3074 2779 natus
3100 2731 3200 2779 est.
3228 2722 3383 2779 Sicut
3424 2730 3479 2778 et
3531 2722 3758 2793 angelus
3806 2720 3874 2777 ad

2266 2812 2495 2868 Mariam
2526 2811 2814 2885 Virginem
2844 2812 3026 2869 dixit:
3102 2836 3121 2860 ι
3154 2811 3391 2885 Spiritus
3419 2810 3520 2867 Dei
3562 2810 3753 2866 veniet
3813 2810 3871 2866 in

2268 2913 2340 2973 te,
2381 2912 2435 2960 et
2476 2903 2656 2959 virtus
2707 2902 2984 2958 Altissimi
3040 2901 3393 2959 obumbrabit
3445 2908 3520 2958 te.
3577 2900 3873 2972 Propterea

2267 2996 2414 3069 quod
2438 3004 2692 3052 nascetur
2735 3012 2805 3051 ex
2852 3004 2906 3052 te
2934 3003 3205 3064 sanctum,
3238 2994 3527 3053 vocabitur
3554 2993 3731 3051 Filius
3772 2993 3872 3051 Dei

2268 3085 2418 3158 (Luc.
2445 3103 2486 3154 ι,
2508 3086 2623 3158 35).
2658 3109 2677 3134 ι

561 3176 807 3238 venerat,
834 3175 897 3224 ut
924 3166 1164 3258 habendi
1193 3165 1466 3258 Filiihac
1484 3165 1759 3258 praecipua
1773 3166 1925 3258 ratio
1945 3173 2156 3258 consta-
2186 3187 2230 3247 ρ
2337 3184 2505 3241 Vides
2533 3200 2662 3256 ergo
2711 3185 2892 3258 ipsum
2923 3182 3211 3256 spiritum,
3261 3182 3319 3239 id
3352 3191 3437 3240 est
3486 3183 3695 3241 Filium
3749 3186 3868 3255 Dei,

559 3266 662 3318 ret.
681 3260 754 3316 Et
767 3266 951 3315 tamen
971 3258 1050 3314 sic
1065 3257 1217 3314 visus
1232 3256 1519 3330 accipitur,
1544 3264 1604 3311 ut
1620 3254 1855 3328 alicujus
1876 3255 2152 3329 conspica-

556 3351 706 3421 bilis,
739 3360 803 3408 ut
830 3348 972 3418 dixi,
1002 3348 1245 3406 materia
1266 3346 1626 3420 dispositione
1646 3354 1926 3419 assumpta
1944 3345 2152 3402 videre-

555 3448 669 3512 tur,
700 3441 853 3497 salva
880 3439 1093 3497 scilicet
1115 3432 1501 3494 invisibilitate
1530 3434 1668 3506 ejus,
1693 3450 1855 3506 quam
1880 3451 1910 3489 a
1930 3449 2151 3504 conspe-

556 3536 651 3585 ctu
681 3528 930 3584 omnium
961 3527 1213 3599 majestas
1241 3525 1510 3581 interfusa
1549 3522 1812 3595 seposuit.
1850 3523 1971 3578 Non
2001 3522 2151 3578 enim

558 3613 638 3669 sic
664 3613 923 3669 humanis
952 3613 1261 3685 aspectibus
1289 3612 1564 3667 revelatus
1593 3620 1694 3679 est,
1727 3618 1789 3666 ut
1818 3617 1935 3665 tota
1964 3609 2022 3665 in
2053 3610 2150 3666 illo

557 3700 732 3757 deitas
758 3708 1039 3773 appareret
1072 3718 1083 3755 :
1115 3700 1209 3757 sed
1237 3699 1307 3756 ad
1333 3698 1512 3755 vicem
1541 3697 1751 3772 speculi
1782 3714 1908 3754 cum
1943 3713 2151 3756 conce-

555 3798 678 3864 ptos
692 3791 839 3849 intra
853 3790 1033 3848 lucem
1049 3804 1203 3846 suam
1218 3789 1408 3845 vultus
1423 3786 1576 3861 quasi
1593 3787 1661 3843 ad
1678 3787 1894 3860 plenam
1914 3788 2148 3860 efﬁgiem

553 3881 801 3940 hominis
825 3880 1063 3939 includit
1093 3898 1104 3936 :
1137 3880 1216 3936 ita
1243 3878 1543 3952 majestatis
1572 3879 1692 3952 ejus
1717 3887 1997 3951 praeeunte
2027 3880 2148 3936 ful-

554 3988 702 4045 gore,
733 3971 881 4027 intra
906 3970 965 4027 id
990 3969 1174 4026 visum
1201 3978 1282 4025 est
1314 3969 1454 4041 (29),
1482 3969 1631 4042 quod
1664 3970 1958 4042 imaginem
1990 3969 2148 4028 veri-

551 4062 704 4133 tatis,
733 4078 845 4120 non
874 4062 1055 4137 ipsum
1083 4062 1256 4119 Deum
1287 4060 1509 4134 proprie
1528 4061 1948 4118 demonstraret.

623 4168 714 4226 Sic
751 4175 807 4226 et
841 4185 968 4226 cum
1010 4168 1293 4224 hominem
1332 4165 1560 4223 induere
1595 4164 1852 4239 dignatus
1888 4174 1990 4236 est,
2032 4184 2143 4225 non

551 4257 730 4316 labem
779 4256 1073 4316 aeternitati
1133 4257 1347 4326 intulit,
1398 4265 1461 4314 ut
1508 4256 1765 4330 spiritum
1818 4256 1877 4313 in
1921 4274 2140 4318 carnem

551 4354 807 4417 mutaret,
855 4348 951 4405 sed
999 4354 1062 4404 ut
1105 4355 1357 4421 suscepto
1400 4347 1616 4404 homini
1669 4348 2138 4407 immortalitatem

549 4441 713 4509 atque
768 4435 1126 4492 aeternitatem
1181 4436 1418 4493 ccelestis
1468 4435 1598 4493 vitae
1652 4445 1952 4508 praestaret.
2001 4439 2137 4494 Nam

2262 3273 2479 3330 venisse
2508 3273 2577 3330 ad
2602 3273 2911 3347 Virginem,
2945 3281 2999 3329 et
3041 3273 3171 3329 inde
3223 3272 3322 3329 Dei
3378 3280 3433 3329 et
3486 3273 3738 3329 hominis
3784 3274 3869 3330 Fi-

2262 3362 2399 3418 lium
2430 3362 2793 3435 processisse;
2838 3379 2940 3419 nec
2977 3369 3160 3419 tamen
3209 3361 3326 3435 ipso
3377 3362 3708 3420 indumento
3756 3379 3865 3419 car-

2262 3451 2348 3506 nis
2376 3452 2475 3507 Dei
2504 3452 2708 3508 Filium
2740 3468 2856 3509 esse
2899 3459 3193 3520 mutatum,
3223 3452 3318 3509 sed
3369 3451 3625 3508 eumdem
3688 3452 3864 3524 ipsum

2261 3556 2377 3595 esse
2407 3540 2466 3595 in
2494 3540 2739 3610 homine,
2772 3541 2868 3615 qui
2896 3542 3076 3598 fuerat
3128 3549 3255 3598 ante
3283 3539 3551 3597 mundum
3599 3557 3730 3597 cum
3758 3541 3865 3596 Pa-

2260 3636 2341 3686 tre
2371 3647 2384 3697 ;
2418 3645 2514 3703 per
2542 3647 2704 3703 quem
2735 3631 2879 3687 facta
2933 3639 3062 3687 sunt
3090 3630 3298 3699 omnia,
3354 3636 3409 3685 et
3445 3628 3566 3685 sine
3623 3645 3735 3702 quo
3787 3629 3861 3685 fa-

2258 3726 2404 3775 ctum
2435 3728 2516 3777 est
2541 3718 2708 3789 nihil,
2745 3720 2889 3776 sicut
2917 3719 3250 3792 evangelista
3277 3718 3356 3776 ait
3384 3736 3396 3775 :
3437 3741 3456 3765 ι
3496 3717 3738 3774 Mundus
3769 3736 3865 3792 per

2259 3807 2437 3880 ipsum
2482 3808 2658 3866 factus
2710 3819 2811 3879 est,
2861 3817 2915 3866 et
2968 3808 3208 3866 mundus
3243 3824 3372 3865 eum
3429 3824 3544 3865 non
3599 3809 3868 3881 cognovit

2260 3897 2442 3970 (Joan.
2477 3916 2518 3967 ι,
2561 3899 2675 3970 10).
2716 3923 2736 3948 ι

2326 3999 2596 4056 Caeterum
2642 3999 2876 4057 amentis
2930 4008 3012 4057 est
3064 3998 3285 4057 credere
3334 3997 3402 4054 ab
3431 4014 3496 4055 eo
3524 4013 3685 4071 posse
3731 3997 3860 4054 libe-

2183 4160 2186 4163 ,
2256 4095 2385 4163 rari,
2419 4095 2513 4168 qui
2544 4103 2608 4151 ut
2635 4095 2910 4164 liberaret,
2943 4095 3178 4151 amissus
3216 4102 3337 4151 est:
3397 4103 3461 4150 ut
3520 4100 3859 4159 nasceretur,

2253 4200 2539 4257 oppressus
2567 4191 2649 4240 est
2700 4203 2711 4240 :
2745 4192 2807 4240 ut
2834 4183 3305 4241 immortalitatem
3349 4182 3638 4255 reciperet,
3670 4190 3861 4237 trans-

2252 4273 2357 4330 ivit
2382 4274 2449 4330 ad
2479 4281 2731 4329 mortem.
2769 4272 2874 4329 Sed
2902 4273 3066 4342 absit,
3102 4272 3382 4341 haeretica,
3413 4280 3476 4327 ut
3517 4288 3714 4328 sensus
3754 4280 3861 4327 tua:

2250 4362 2559 4437 iniquitatis
2596 4379 2627 4418 a
2655 4361 2942 4419 catholicis
2971 4360 3330 4428 admittatur;
3370 4377 3470 4418 nos
3506 4360 3658 4416 enim
3688 4357 3861 4416 credi-

2248 4469 2371 4508 mus
2399 4450 2802 4508 immutabilem
2859 4458 2914 4507 et
2942 4448 3447 4507 inconvertibilem.
3495 4448 3747 4505 Verbum
3806 4452 3863 4503 et

549 4520 655 4579 etsi
697 4520 994 4613 Apostolus
1032 4524 1392 4613 semetipsum
1436 4524 1748 4582 exinanisse
1794 4525 1932 4582 dicit
1971 4544 1984 4582 :
2029 4528 2139 4584 for-
2173 4541 2223 4601 D
2251 4541 2527 4613 ερίι-ίιιιω,
2573 4540 2631 4597 id
2658 4548 2741 4596 est
2786 4539 2990 4596 Filium
3049 4539 3172 4607 Dei,
3231 4538 3325 4612 qui
3381 4555 3507 4595 cum
3574 4537 3860 4593 hominem

550 4625 698 4666 mam
727 4609 868 4668 servi
901 4608 1269 4683 suscipiendo,
1311 4628 1423 4667 non
1452 4613 1645 4686 utique
1681 4614 1762 4671 sic
1795 4615 2143 4674 exinanitum

549 4697 874 4772 accipimus,
903 4707 966 4755 ut
1009 4698 1160 4757 aliud
1190 4716 1354 4774 quam
1384 4701 1531 4774 quod
1556 4701 1755 4772 fuerat,
1787 4703 1933 4760 idem
1960 4705 2144 4778 Spiri-

549 4804 640 4854 tus
667 4796 822 4856 ﬁeret
860 4799 977 4874 (30)
1014 4818 1027 4856 :
1073 4796 1218 4855 356
1245 4800 1342 4858 sed
1373 4806 1435 4855 ut
1479 4801 1716 4872 seposito
1754 4800 1978 4859 interim
2017 4819 2143 4859 ma-

545 4883 760 4958 jestatis
807 4904 919 4946 sua:
968 4888 1199 4959 honore,
1257 4889 1563 4946 humanum
1614 4904 1814 4964 corpus
1866 4892 2140 4961 indueret,

550 4990 660 5048 quo
715 4984 987 5050 suscepto,
1041 4980 1187 5035 salus
1237 4979 1482 5051 gentium
1525 4978 1699 5036 ﬁeret.
1751 4981 1822 5036 Ut
1867 4982 2016 5037 enim
2058 4984 2140 5039 sol

549 5078 675 5119 cum
714 5064 860 5123 nube
896 5066 1118 5140 tegitur,
1164 5067 1385 5125 claritas
1422 5067 1540 5140 ejus
1580 5068 1987 5142 comprimitur,
2028 5086 2140 5127 non

559 5265 568 5276 _
616 5195 899 5276 (29).Vet.
930 5195 1064 5252 edit.
1098 5203 1165 5276 et
1193 5212 1324 5252 mss.
1365 5196 1524 5276 Tell.,
1567 5197 1646 5276 ita
1673 5195 2136 5276 maiestasejus...

550 5266 694 5324 intra
732 5267 796 5341 _id
829 5267 1002 5323 visum
1040 5271 1168 5341 esset
1202 5285 1219 5322 :
1250 5266 1423 5341 magis
1461 5268 1731 5341 concinne
1770 5266 2135 5341 Vigiliﬁedit.

547 5354 675 5394 cum
731 5339 866 5395 Lzet.
924 5354 1053 5406 ms.,
1102 5339 1180 5394 ita
1232 5340 1519 5409 majestatis
1574 5339 1686 5409 ejus
1719 5384 1731 5395 .
1770 5384 1781 5396 .
1816 5339 2028 5397 fintra
2085 5341 2139 5396 id

487 5476 495 5493 κ
548 5410 718 5537 agiagi
749 5416 841 5479 est,
873 5409 980 5467 hoc
1009 5417 1110 5479 est,
1142 5409 1245 5466 sub
1266 5409 1353 5467 his
1381 5410 1797 5467 conditionibus
1826 5410 1967 5468 visio
1994 5428 2139 5468 con-

545 5496 577 5536 c
651 5499 664 5536 l
695 5499 779 5537 ur.

545 5488 779 5538 ceditur.

621 5552 737 5625 (30)
766 5553 903 5627 Gil].
926 5561 981 5609 et
1009 5554 1167 5627 Rom.
1199 5553 1356 5623 edit.,
1388 5554 1525 5609 idem
1548 5554 1788 5627 Christus
1809 5556 1984 5627 ﬁeret;
2015 5556 2136 5611 alia)

548 5636 633 5701 ac.
657 5624 826 5701 mas,
850 5625 986 5680 idem
1023 5625 1255 5701 _spi_ritus
1296 5627 1461 5699 ﬁeret.
1484 5624 1722 5701 Minime
1763 5624 1941 5693 male;
1974 5644 2139 5699 supra

548 5697 696 5749 enim
725 5697 989 5770 scriptum
1021 5697 1273 5772 legimus,
1298 5697 1377 5755 ιιι
1410 5698 1659 5772 spiritum
1686 5697 1745 5753 in
1770 5715 1979 5756 carnem
2008 5697 2139 5755 uiu-

2254 4629 2459 4697 induit,
2492 4646 2604 4685 non
2641 4635 2844 4684 statum
2896 4628 3088 4697 vertit,
3120 4644 3232 4684 non
3288 4627 3541 4684 ordinem
3590 4625 3859 4698 perdidit,

2251 4734 2364 4773 non
2410 4708 2774 4772 substantiam
2813 4715 3162 4773 immutavit:
3196 4716 3290 4773 sed
3342 4715 3567 4772 illuvias
3609 4714 3860 4786 ejusdem

2250 4808 2495 4879 corporis
2545 4815 2750 4863 aaterno
2784 4806 3057 4863 claritatis
3104 4824 3216 4863 suae
3249 4806 3458 4863 lumine
3512 4805 3855 4871 illustravit;

2249 4903 2313 4951 ut
2340 4894 2409 4950 ad
2447 4912 2547 4952 nos
2588 4911 2684 4968 per
2732 4895 3006 4951 tramitem
3056 4895 3303 4967 corporis
3357 4896 3474 4968 ejus
3528 4894 3631 4949 lux
3680 4892 3855 4950 sancti

2249 4984 2507 5058 Spiritus,
2538 4993 2592 5041 et
2618 4992 2832 5041 aeternae
2860 4983 2989 5040 vitae
3010 4983 3182 5056 gratia
3211 4981 3563 5040 redundaret.

2268 5131 2276 5141 κ
2319 5075 2493 5144 Quem
2535 5074 2636 5132 etsi
2694 5089 2912 5146 passum
2966 5072 3243 5130 credimus
3298 5080 3353 5129 et
3408 5073 3713 5146 sepultum,
3761 5069 3855 5127 sed

2249 5207 2437 5414 M731;
2471 5270 2640 5343 Vigil.
2672 5269 2828 5339 edit.,
2863 5269 3188 5327 divinitatem
3218 5269 3275 5324 in
3306 5269 3425 5326 illo.

2320 5342 2413 5411 (32
2482 5342 2673 5398 Ambr.
2708 5341 2842 5414 edit.
2876 5360 2940 5400 ac
2969 5358 3122 5414 mss.,
3149 5359 3268 5397 cum
3296 5358 3425 5412 usqu

2320 5341 2436 5412 (32)
2482 5341 2673 5398 Ambr.
2708 5341 2842 5398 edit.
2876 5360 2940 5400 ac
2969 5358 3122 5412 mss.,
3149 5359 3268 5397 cum
3296 5358 3460 5412 usque
3486 5341 3559 5396 ad
3592 5346 3848 5412 nostros;

2246 5410 2426 5485 Vigili
2450 5414 2581 5495 edit.
2636 5413 2976 5496 negationem
3016 5411 3226 5484 adjicit,
3276 5410 3441 5486 quam
3474 5411 3700 5485 quidem
3734 5410 3852 5467 illic

2246 5493 2550 5557 necessario
2579 5502 2769 5557 sensus
2797 5493 2986 5557 exigit.

2320 5556 2443 5628 (33)
2471 5556 2638 5628 Vigil.
2673 5556 2829 5624 edit.,
2861 5553 2935 5611 a2;
2966 5562 3013 5611 et
3043 5555 3291 5625 maiestas
3332 5556 3434 5610 illa
3470 5553 3677 5615 divina.
3709 5570 3848 5625 qua,

2325 5627 2466 5697 dixi,
2494 5627 2683 5701 corpus
2709 5629 2975 5695 induerat,
3003 5628 3199 5700 probat
3233 5644 3286 5682 se
3312 5643 3419 5684 non
3445 5642 3561 5695 suo,
3591 5634 3699 5683 etc.
