4068 6188
300 331 409 390 597

1704 334 2120 394 ADMONITIO.

3489 347 3599 406 598

301 461 468 519 homo
502 462 598 519 ille
644 479 834 537 passus
878 472 984 534 est,
1041 481 1201 539 quem
1248 466 1423 524 Filius
1477 467 1579 525 Dei
1630 468 1890 542 suscepit,
1921 475 1972 534 Α
2000 466 2191 541 utique
2223 466 2371 540 quod
2400 475 2484 525 est
2512 467 2707 539 Filius,
2736 471 2869 545 quia
2916 479 2970 528 et
3011 471 3190 531 Filius
3224 474 3294 534 de
3339 491 3405 533 eo
3447 478 3596 551 quod

298 569 460 627 quem
511 554 714 624 induit,
756 573 919 629 quem
958 558 1218 629 portavit.
1277 559 1381 615 Sed
1427 561 1558 633 quia
1598 568 1778 617 totum
1825 563 1895 620 ad

297 651 574 702 auctorem
615 645 956 703 referebatur
986 647 1258 722 quidquid
1295 648 1463 706 homo
1512 651 1607 706 ille
1638 652 1894 723 patieba-

294 744 407 807 tur,
446 737 574 794 ideo
612 755 761 794 mors
796 747 850 795 et
887 742 1066 813 passio
1106 740 1331 797 Domini
1362 739 1645 812 judicatur
1687 761 1698 797 :
1766 759 1893 799 nam

292 838 515 887 constat
544 830 856 886 immortale
878 846 1011 898 esse,
1031 830 1178 904 quod
1197 831 1297 888 Dei
1319 838 1401 887 est
1424 849 1435 887 :
1460 831 1723 900 hominis,
1747 832 1895 905 quod

291 920 586 979 caducum.

366 1013 548 1069 Tertia
582 1028 800 1086 quoque
828 1012 920 1069 die
948 1014 1255 1070 resurrexit
1283 1030 1395 1071 non
1434 1015 1580 1071 Deus
1608 1014 1667 1070 in
1699 1014 1891 1072 homi-

290 1118 445 1172 nem,
476 1102 570 1159 sed
603 1102 772 1158 homo
804 1103 989 1175 potius
1018 1104 1076 1159 in
1105 1105 1301 1159 Deum.

364 1191 632 1249 Ascendit
664 1192 723 1247 in
751 1194 936 1262 oculos,
970 1193 1171 1249 obtulit
1200 1192 1347 1248 Patri
1389 1209 1489 1248 suo
1521 1192 1801 1250 hominem
1826 1193 1891 1249 il-

290 1280 411 1336 lum
438 1280 806 1353 gratissimum
838 1298 1058 1349 munus,
1090 1282 1339 1338 consedit
1368 1281 1436 1337 ad
1464 1281 1749 1338 dexteram
1794 1283 1889 1339 Pa-

289 1370 415 1438 tris,
448 1369 747 1426 secundum
775 1370 919 1442 quod
951 1371 1214 1442 scriptum
1244 1378 1357 1425 est:
1397 1395 1414 1417 ι
1433 1370 1589 1426 Dixit
1619 1371 1891 1427 Dominus

284 1459 529 1514 Domino
580 1475 702 1515 meo
744 1476 756 1514 :
817 1458 953 1516 Sede
1010 1460 1078 1515 ad
1135 1458 1417 1517 dexteram
1475 1476 1651 1516 meam
1712 1462 1887 1533 (Psal.

2000 558 2161 615 Pater
2185 565 2287 614 est.

2070 648 2290 704 Exinde
2319 647 2592 720 praeﬁnito
2621 655 2866 722 tempore
2894 658 3183 722 venturus,
3227 652 3387 713 vivos
3433 673 3595 715 mor-

2001 744 2233 817 tuosque
2252 736 2604 809 judicaturus
2629 756 2643 806 ;
2679 747 2742 795 ut
2770 739 2958 797 reddat
2978 741 3328 800 credentibus
3348 747 3590 817 praemia,

2001 814 2115 884 non
2144 828 2495 884 credentibus
2522 845 2654 884 vero
2680 830 2970 901 supplicia.

2073 916 2244 988 Cujus
2272 933 2498 989 regnum
2530 925 2821 985 aeternum,
2852 919 3184 988 immortale,
3224 939 3327 981 nec
3364 923 3593 984 initium

2000 1006 2186 1075 habet,
2218 1024 2318 1064 nec
2346 1009 2684 1066 terminum:
2738 1008 2831 1067 cui
2881 1017 2962 1067 est
3009 1011 3189 1069 honor
3231 1021 3288 1070 et
3324 1015 3497 1088 gloria
3534 1017 3595 1074 in

1999 1099 2199 1155 saecula
2228 1100 2577 1156 saeculorum.

2071 1186 2477 1245 CONCLUSIO.
2507 1221 2579 1233 —
2608 1191 2735 1249 Haec
2763 1193 2860 1265 qui
2898 1193 3054 1265 legis,
3087 1210 3184 1266 per
3220 1196 3395 1253 Deum
3427 1195 3595 1253 obse-

1999 1293 2115 1346 cro,
2136 1295 2204 1334 ne
2224 1278 2635 1352 simplicitatem
2661 1298 2852 1339 sensus
2880 1283 2938 1338 in
2968 1283 3289 1356 ambiguum
3316 1293 3591 1359 torqueas,

1999 1374 2094 1422 aut
2125 1368 2261 1424 alias
2285 1384 2447 1440 quam
2477 1370 2624 1428 dicta
2651 1380 2802 1440 sunt,
2836 1372 3057 1442 trahas;
3087 1374 3217 1449 quia
3245 1391 3346 1432 nos
3376 1376 3593 1434 Patrem

2000 1474 2193 1513 verum
2244 1460 2459 1516 Patrem
2505 1462 2854 1533 conﬁtemur,
2896 1471 2950 1519 et
2996 1465 3198 1520 Filium
3246 1466 3348 1522 Dei
3400 1483 3593 1523 verum

285 1562 401 1615 CIX,
438 1547 514 1620 1).
547 1572 567 1596 ι

355 1642 509 1704 Misit
537 1644 700 1703 nobis
725 1645 990 1718 Spiritum
1035 1654 1285 1703 sanctum
1318 1646 1384 1703 de
1413 1648 1636 1721 propria
1673 1666 1791 1719 sua,
1837 1657 1891 1706 et

283 1734 405 1810 ipsa
428 1752 540 1792 una
567 1736 877 1793 substantia
925 1752 1041 1803 sua,
1090 1744 1476 1809 protectorem,
1526 1739 1890 1796 sanctiﬁcato-
1999 1740 2054 1788 et
2078 1732 2245 1789 unius
2274 1733 2586 1792 divinitatis
2612 1737 2955 1795 conﬁtentes.
3009 1740 3235 1797 Sabellii
3280 1752 3486 1814 autem,
3539 1755 3596 1804 et

283 1843 430 1897 rem,
458 1834 513 1883 et
542 1827 900 1883 deductorem
931 1826 989 1881 in
1016 1827 1187 1882 vitam
1218 1834 1498 1896 aeternam,
1548 1829 1691 1886 sicut
1745 1832 1891 1887 scri-
1918 1842 1964 1903 Β
1998 1824 2245 1893 Photini,
2281 1842 2494 1883 necnon
2522 1827 2643 1883 Arii
2673 1838 2899 1897 sectam,
2942 1837 2996 1886 et
3040 1832 3088 1887 si
3135 1849 3244 1906 qua
3286 1832 3396 1889 alia
3440 1843 3592 1905 sunt,

282 1923 447 1989 ptum
486 1923 570 1971 est
621 1932 692 1971 ex
729 1931 863 1972 voce
911 1915 1013 1971 Dei
1055 1933 1066 1971 :
1124 1938 1143 1963 ι
1198 1915 1495 1973 Effundam
1556 1918 1623 1975 de
1680 1918 1891 1991 Spiritu
1998 1932 2117 1989 quae
2142 1925 2335 1973 contra
2360 1919 2604 1991 regulam
2649 1919 2899 1977 veritatis
2944 1920 3196 1991 veniunt,
3249 1922 3594 1981 condemna-

284 2020 415 2060 meo
444 2020 607 2077 super
634 2021 820 2061 servos
871 2020 1021 2061 meos
1067 2012 1120 2060 et
1163 2004 1391 2061 ancillas
1424 2022 1572 2062 meas
1618 2009 1775 2079 (Joel.
1823 2027 1887 2076 ιι,
1996 2020 2139 2060 mus.
2170 2005 2403 2061 Nicaeum
2432 2014 2615 2064 autem
2641 2010 2841 2083 synodi
2879 2020 3171 2069 tractatum
3229 2014 3384 2069 omni
3417 2016 3591 2072 animi

284 2095 406 2167 29).
437 2121 455 2143 ι
500 2098 573 2153 Et
610 2097 812 2153 iterum
855 2115 867 2153 :
925 2120 945 2145 ι
982 2096 1220 2171 Spiritus
1259 2113 1328 2153 ex
1355 2114 1442 2153 me
1471 2100 1716 2170 prodibit
1749 2102 1882 2172 (Isa.
1995 2098 2123 2155 nisu
2170 2115 2240 2155 ex
2294 2106 2409 2157 tota
2459 2099 2566 2157 ﬁde
2606 2111 2906 2174 servantes,
2967 2106 3390 2179 amplectimur;
3440 2107 3593 2166 hunc

282 2200 425 2254 Lvn,
456 2186 567 2258 16).
600 2210 620 2234 ι
662 2186 735 2241 Et
781 2186 897 2258 ipse
937 2184 1209 2243 Dominus
1252 2185 1609 2261 Salvatorque
1660 2196 1882 2246 noster:
1994 2191 2143 2247 enim
2181 2197 2474 2248 tractatum
2504 2192 2710 2250 scimus
2760 2201 2952 2252 contra
2998 2213 3189 2255 omnes
3233 2197 3467 2256 haereses
3507 2199 3590 2257 in-

295 2298 316 2324 c
343 2276 431 2332 De
452 2291 593 2345 meo,
627 2275 829 2350 inquit,
860 2275 1094 2349 accipiet
1149 2277 1330 2349 (Joan.
1361 2293 1483 2347 xvr,
1519 2278 1645 2351 15);
1699 2295 1767 2334 ex
1818 2295 1883 2336 eo
1991 2280 2142 2337 victa
2171 2280 2405 2339 veritate
2432 2284 2771 2357 oppositum.

1999 1546 2204 1602 Filium
2252 1548 2372 1616 Dei,
2424 1556 2479 1605 et
2532 1550 2799 1623 Spiritum
2838 1560 3089 1609 sanctum
3143 1569 3271 1610 vere
3325 1554 3594 1628 Spiritum

1999 1647 2248 1695 sanctum
2279 1640 2555 1698 credimus
2587 1661 2599 1699 :
2636 1652 2745 1700 tres
2776 1661 3034 1716 personas
3056 1646 3224 1705 unius
3251 1648 3589 1721 substantiae,

276 2434 3590 2464 mc

414 2584 549 2668 1N
642 2584 1328 2673 LIBELLUM
1415 2589 1576 2674 DE
1684 2585 2409 2675 DIGNITATE
2496 2588 3459 2678 SACERDOTALI

1695 2758 2174 2828 ADMONITIO.

347 3002 474 3061 Non
505 3001 736 3060 omnino
763 3000 1137 3075 perfunctorie
1164 3000 1310 3058 hanc
1338 3002 1574 3075 apellam
1607 2999 1925 3074 dispicienti
1945 3000 2267 3075 ambiguum
2287 3016 2401 3058 non
2425 3000 2531 3059 erit
2558 3017 2679 3060 eam
2702 3009 2893 3061 sancto
2919 3002 3216 3062 Ambrosio
3241 3008 3583 3081 suppositam

277 3092 486 3161 fuisse;
519 3091 686 3165 idque
715 3107 828 3148 non
857 3092 1037 3148 solum
1067 3090 1217 3164 quod
1244 3090 1444 3148 habeat
1472 3092 1786 3148 versionem
1820 3092 2164 3167 Hieronymi,
2207 3101 2261 3150 et
2286 3100 2565 3151 senatores
2606 3093 2913 3152 noscendos
2950 3110 3073 3151 non
3111 3096 3223 3154 lato
3267 3098 3447 3169 clavo,
3487 3101 3584 3159 sed

274 3181 575 3254 chlamyde
611 3187 836 3250 asserat,
885 3189 949 3237 ut
990 3180 1246 3239 observat
1294 3180 1620 3239 Blondellus
1666 3183 1768 3257 (De
1815 3183 1979 3255 form.
2030 3200 2177 3255 regn.
2232 3182 2362 3240 Chr.
2392 3200 2511 3258 cap.
2546 3185 2646 3257 7):
2701 3192 2756 3240 at
2798 3186 2978 3241 multo
3023 3186 3196 3259 magis
3238 3190 3387 3261 quod
3436 3189 3577 3247 nihil

272 3273 560 3331 contineat
586 3270 656 3327 ab
679 3268 963 3326 Ambrosii
990 3277 1045 3326 et
1074 3270 1298 3345 ingenio
1326 3280 1379 3329 et
1408 3273 1611 3330 saeculo
1642 3289 1754 3329 non
1782 3273 2047 3330 alienum.
2078 3274 2476 3331 Verumtamen
2507 3274 2566 3329 in
2596 3272 2857 3330 omnibus
2886 3274 3127 3347 Operam
3166 3278 3345 3334 sancti
3374 3278 3581 3335 docto-

274 3363 354 3419 ris
383 3360 725 3417 editionibus
763 3359 909 3416 idem
937 3360 1159 3418 libellus
1198 3362 1381 3420 locum
1414 3363 1679 3432 obtinuit,
1712 3371 1767 3420 et
1791 3363 1849 3419 in
1878 3364 2099 3437 scriptis
2145 3363 2310 3419 etiam
2356 3361 2661 3431 codicibus,
2711 3362 2759 3418 si
2806 3379 2980 3419 unum
3013 3364 3317 3437 exceperis,
3348 3366 3580 3438 praeﬁxo

273 3450 557 3508 Ambrosii
581 3450 807 3507 nomine
833 3450 1165 3507 illustratur.
1199 3451 1336 3511 Cum
1368 3469 1502 3510 vero
1531 3460 1719 3510 tantus
1757 3453 1830 3510 sit
1873 3469 2065 3510 eorum
2116 3469 2417 3510 consensus
2454 3452 2514 3508 in
2559 3459 2781 3509 auctore
2818 3451 3313 3525 pseudepigrapho,
3368 3454 3575 3513 mirum

273 3549 360 3598 est
394 3548 597 3614 quanta
635 3541 708 3598 sit
732 3541 1052 3598 eorumdem
1092 3542 1150 3598 in
1182 3542 1481 3599 indicando
1525 3542 1718 3616 Operis
1773 3552 2097 3615 argumento
2123 3544 2379 3600 varietas.
2409 3542 2631 3600 Etenim
2680 3559 2807 3600 cum
2855 3551 2967 3600 tam
3014 3542 3328 3616 frequentes
3376 3561 3581 3603 occur-

272 3639 401 3688 rant
430 3631 489 3687 in
518 3631 895 3700 bibliothecis,
935 3639 998 3687 ut
1023 3632 1081 3687 in
1109 3634 1225 3689 sola
1257 3633 1524 3690 Vaticana
1568 3632 1983 3707 quatuordecim
2032 3633 2285 3690 invenire
2327 3634 2420 3702 sit,
2464 3634 2577 3690 fere
2622 3634 2852 3691 totidem
2896 3632 3015 3707 ejus
3070 3635 3327 3707 leguntur
3382 3635 3579 3693 inscri-

268 3722 506 3795 ptiones,
540 3729 674 3795 quot
703 3723 1087 3796 manuscripti.
1120 3724 1272 3780 Alibi
1302 3725 1506 3798 quippe
1535 3725 1732 3781 titulus
1761 3724 1846 3780 illi
1886 3722 2208 3796 prmﬁgitur,
2256 3722 2415 3779 Liber
2455 3724 2779 3790 Pastoralis,
2822 3723 2940 3781 sive
2981 3724 3060 3780 De
3096 3741 3228 3780 cura
3261 3726 3579 3798 pastorali;

268 3812 425 3880 alibi,
451 3811 530 3867 De
557 3812 888 3868 observantia
920 3814 1324 3885 episcoporum;
1351 3814 1540 3883 modo,
1580 3816 1657 3871 De
1685 3814 1794 3869 vita
1824 3820 1877 3870 et
1900 3814 2237 3871 ordinatione
2272 3814 2653 3885 episcoporum,
2702 3821 2751 3869 et
2793 3814 3096 3871 Simoniaca
3143 3815 3331 3871 hceresi
3346 3834 3369 3881 ;
3412 3815 3578 3872 modo

270 3902 453 3958 Sermo
512 3902 575 3957 de
629 3902 881 3974 episcopis
934 3910 981 3958 et
1035 3904 1411 3959 sacerdotibus.
1467 3905 1543 3960 De
1594 3904 1847 3975 Apostolo
1892 3905 1950 3960 in
1996 3906 2125 3970 loco,
2168 3903 2259 3959 ubi
2296 3904 2422 3959 ait:
2466 3904 2668 3959 Fidelis
2706 3920 2896 3973 sermo,
2948 3912 3052 3962 etc.
3089 3923 3102 3961 :
3145 3920 3574 3978 nonnunquam,

271 3991 453 4047 Sermo
500 3992 562 4047 de
598 3994 941 4063 pastoribus;
988 3993 1287 4061 interdum,
1328 3994 1510 4049 Sermo
1557 3995 1619 4050 de
1662 3997 1969 4066 mysteriis;
2012 3995 2217 4052 alicubi
2262 3996 2451 4063 etiam,
2502 3996 2577 4051 De
2625 3996 2960 4052 ordinatione
3004 3995 3231 4068 episcopi
3270 4011 3369 4068 per
3408 3994 3578 4049 simo-

267 4080 437 4136 niam.
489 4079 596 4135 Sed
653 4081 722 4136 ab
765 4081 890 4136 aliis
932 4080 1108 4136 codex
1157 4081 1418 4137 Ecclesiae
1462 4082 1637 4137 sancti
1676 4068 1947 4141 Martialis
1997 4085 2141 4158 apud
2183 4085 2501 4142 Lemovices
2548 4086 2734 4142 minus
2777 4085 2845 4141 ab
2889 4084 3013 4140 aliis
3058 4083 3266 4139 recedit
3310 4081 3574 4143 materiae,

267 4185 436 4243 quam
491 4170 733 4227 auctoris
782 4169 1216 4242 signiﬁcatione;
1269 4170 1349 4227 sic
1397 4171 1546 4228 enim
1590 4173 1811 4245 praefert
1860 4191 1870 4229 :
1942 4175 2125 4231 Sermo
2174 4174 2397 4231 Gilberti
2437 4174 2757 4246 philosophi,
2818 4174 2981 4244 Papa:
3033 4171 3183 4227 urbis
3236 4172 3434 4238 Romae,
3483 4170 3577 4242 qui

264 4260 668 4331 cognominatus
693 4266 767 4315 est
796 4262 1062 4329 Silvester,
1096 4262 1158 4316 de
1180 4260 1567 4331 Informatione
1594 4264 1977 4335 episcoporum.
2016 4262 2179 4318 Hunc
2215 4261 2470 4319 libellum
2500 4277 2570 4316 ex
2605 4260 2797 4316 eodem
2845 4258 3034 4315 codice
3074 4256 3415 4329 exscriptum
3450 4258 3575 4316 Ma-

264 4348 543 4406 billonius
590 4357 777 4406 noster
822 4366 922 4423 pro
968 4366 1219 4407 sermone
1265 4350 1512 4407 nondum
1569 4354 1815 4426 vulgato,
1861 4371 1901 4410 n
1928 4360 2081 4427 parte
2117 4353 2509 4410 Analectorum
2542 4350 2631 4406 edi
2660 4348 2896 4416 curavit,
2936 4346 3085 4404 haud
3109 4346 3275 4404 dubie
3303 4363 3447 4405 nova
3476 4349 3576 4407 illa

265 4440 532 4512 deceptus
570 4440 952 4514 inscriptione.
983 4442 1377 4499 Verumtamen
1419 4441 1477 4497 in
1527 4440 1634 4498 hoc
1669 4443 1808 4498 bene
1852 4441 2083 4499 meritus
2128 4450 2209 4497 est
2254 4440 2322 4497 de
2369 4439 2621 4507 eruditis,
2672 4436 2819 4510 quod
2856 4436 3069 4511 primus
3123 4436 3283 4494 illum
3338 4437 3442 4494 sub
3479 4455 3572 4496 au.

264 4529 439 4587 ctoris
465 4527 633 4600 hujus
659 4529 885 4584 nomine
915 4530 973 4585 in
1013 4529 1191 4586 lucem
1223 4527 1397 4583 misit.
1438 4528 1639 4584 Omnia
1679 4529 1923 4600 profecto
1953 4539 2008 4588 et
2035 4546 2281 4603 personas
2310 4536 2365 4585 et
2393 4528 2631 4600 tempori
2669 4528 2802 4584 satis
2847 4534 3161 4600 congruunt
3212 4527 3356 4601 (cap.
3392 4529 3444 4597 1,
3475 4529 3571 4585 sub

264 4618 414 4691 ﬁn.).
445 4619 752 4691 Episcopus
780 4618 929 4675 enim
958 4619 1173 4677 ordinis
1198 4619 1284 4675 sui
1311 4618 1464 4675 viros
1501 4618 1580 4675 ibi
1615 4619 1937 4691 alloquitur,
1984 4620 2239 4694 idemque
2284 4621 2547 4677 saeculum
2596 4617 2717 4675 labe
2766 4617 3081 4676 Simoniaca
3125 4618 3368 4675 maxime
3406 4619 3573 4676 labo-

265 4724 413 4765 rasse
440 4710 791 4783 eXploratum
823 4717 924 4767 est.
957 4711 1031 4768 At
1068 4711 1440 4768 nihilominus
1466 4726 1592 4768 cum
1633 4712 2042 4784 manuscriptus
2070 4711 2165 4767 ille
2192 4712 2261 4768 ab
2290 4710 2417 4768 aliis
2446 4710 2706 4769 omnibus
2734 4726 2849 4767 non
2884 4709 2946 4766 in
2992 4725 3158 4766 sensu
3195 4709 3442 4783 quidem,
3474 4711 3569 4767 sed

264 4805 450 4856 tamen
479 4799 538 4855 in
568 4799 881 4858 elocutione
909 4810 1174 4875 perpetuo
1221 4801 1504 4871 dissideat,
1553 4802 1802 4859 revocari
1848 4811 2026 4875 potest
2072 4802 2130 4858 in
2171 4802 2404 4859 dubium
2449 4818 2686 4859 verusne
2735 4800 2855 4873 ejus
2900 4807 3091 4858 auctor
3136 4800 3328 4858 haberi
3374 4800 3571 4859 debeat

266 4888 413 4946 idem
444 4889 728 4961 Silvester,
758 4908 828 4948 an
863 4892 1066 4965 aliquis
1094 4892 1455 4965 interpolator
1489 4911 1501 4948 :
1536 4892 1686 4966 quod
1738 4910 1839 4948 nos
1884 4894 2149 4949 lectorum
2176 4892 2391 4964 judicio
2428 4892 2825 4949 deﬁniendum.
2847 4891 3242 4966 permittimus.
3299 4892 3469 4948 Porro
3498 4906 3568 4947 ex

266 4978 438 5035 variis
474 4979 590 5036 illis
632 4979 885 5038 codicum
928 4997 1097 5037 manu
1145 4988 1494 5037 exaratorum
1542 4981 1725 5039 titulis
1768 4982 1985 5039 abunde
2030 4982 2380 5055 cognoscitur
2431 4982 2544 5039 duo
2591 4982 2816 5039 tractari
2860 4981 2966 5040 hoc
3012 4982 3072 5038 in
3117 4982 3316 5055 Opere,
3356 4980 3568 5038 scilicet

268 5070 412 5144 (cap.
444 5072 496 5140 2,
530 5072 564 5128 3
592 5080 646 5129 et
674 5072 734 5147 4)
762 5073 1125 5146 episcopalem
1154 5072 1422 5129 declarari
1458 5074 1894 5148 ampliﬁcarique
1924 5072 2270 5143 dignitatem,
2309 5079 2365 5129 et
2405 5072 2549 5145 (cap.
2576 5072 2612 5129 5
2637 5072 2771 5145 seq.)
2820 5071 3071 5128 simoniaa
3112 5072 3323 5129 crimen
3368 5070 3568 5127 acriter

266 5159 600 5233 impugnari.
630 5162 770 5221 Cum
800 5178 935 5217 vero
977 5162 1121 5218 idem
1170 5170 1434 5219 tractatus
1477 5161 1536 5217 in
1579 5164 1894 5220 memoratis
1931 5161 2218 5219 codicibus
2263 5161 2465 5235 partim
2516 5160 2806 5231 sermonis,
2855 5161 3058 5234 partim
3106 5159 3288 5217 libelli
3335 5157 3566 5215 nomine

266 5247 584 5305 inveniatur
621 5250 945 5323 inscriptus,
993 5251 1049 5306 in
1097 5251 1532 5308 controversiam
1575 5252 1717 5308 forte
1760 5252 1976 5308 venerit
2021 5261 2212 5309 utrum
2259 5251 2592 5309 vocabulum
2638 5250 2813 5324 magis
2860 5259 2985 5323 apte
3026 5248 3201 5306 eidem
3249 5246 3563 5304 conveniat.

267 5337 573 5396 Fatendum
637 5340 862 5413 quidem
916 5348 999 5397 est
1052 5341 1108 5395 in
1167 5340 1335 5412 priori
1394 5349 1549 5413 parte
1616 5341 1766 5398 haud
1819 5359 1990 5415 pauca
2044 5360 2161 5401 esse
2184 5387 2203 5410 ,
2268 5360 2390 5417 quas
2448 5343 2718 5401 sermonis
2777 5343 3014 5416 speciem
3073 5340 3209 5396 satis
3276 5338 3561 5401 referant;

267 5427 359 5484 sed
411 5445 540 5485 cum
603 5428 707 5486 sub
759 5429 926 5486 ﬁnem
984 5436 1168 5502 aperte
1221 5429 1542 5485 nominetur
1597 5429 1837 5511 libellus,
1893 5433 2075 5505 ipsum
2124 5433 2269 5490 inter
2324 5432 2544 5491 libellos
2598 5433 2717 5490 sive
2776 5438 3041 5489 tractatus
3084 5427 3348 5485 exhibere
3393 5423 3567 5483 satius

267 5515 549 5575 duximus.

266 5636 670 5703 (Maurinorum
695 5638 926 5696 Patrum
952 5635 1647 5709 Admonitionemresecare
1688 5637 1991 5709 noluimus:
2024 5642 2082 5691 at
2116 5637 2350 5693 libellum
2376 5639 2571 5709 ipsum,
2604 5638 2698 5709 qui
2730 5632 2970 5693 Gerberti
3002 5637 3097 5699 est,
3134 5627 3383 5687 Gerberto
3414 5632 3567 5689 resti-

1326 5707 1542 5764 tuimus.
1579 5709 1702 5769 Vide
1732 5715 1855 5766 tom.
1891 5708 2187 5778 CXXXIX,
2210 5711 2309 5766 col.
2346 5707 2504 5781 169.)
