4064 6178
1543 265 1640 319 AD
1680 263 1916 321 OPERA
1953 259 2010 315 S.
2052 257 2386 318 AMBROSII
2423 257 2804 317 APPENDIX.
3711 257 3810 315 600

2639 403 3805 415 —————————-——————_—_‘——‘

2632 419 3807 432 __—————_———-————-—-

516 261 624 319 599

1041 583 1156 667 IN
1233 580 1908 679 SEQUENTEM
1981 581 2534 666 LIBELLUM
2601 581 3276 669 ADMONITIO.

585 889 647 942 In
679 885 782 941 hoc
810 890 1046 940 tractatu
1086 883 1241 956 Virgo
1270 885 1492 952 Devota,
1534 883 1591 939 id
1621 891 1721 951 est,
1765 882 2141 955 virginitatem
2186 884 2403 956 publice
2449 885 2710 958 professa,
2751 885 2819 942 ab
2866 885 3157 941 hominum
3204 882 3552 941 saecularium
3608 900 3716 941 usu
3760 894 3817 942 et

514 975 889 1030 familiaritate
918 973 1243 1040 detcrretur,
1275 981 1328 1029 et
1359 972 1426 1028 iis
1457 971 1658 1045 quibus
1685 971 1810 1028 talis
1837 974 2177 1029 consuetudo
2215 977 2443 1047 pra-texi
2481 977 2639 1046 solet,
2673 977 2936 1048 explosis,
2967 977 3245 1049 simulque
3276 975 3428 1031 illius
3457 975 3725 1048 periculis
3755 994 3814 1036 ac

512 1064 729 1120 damnis
759 1063 865 1136 ipsi
896 1063 965 1118 ob
995 1063 1183 1119 oculos
1214 1062 1427 1134 positis,
1460 1062 1730 1117 nonnulla
1758 1062 1824 1117 de
1854 1061 2158 1119 virtutibus
2186 1064 2253 1119 ab
2283 1079 2345 1118 ea
2372 1063 2609 1120 maxime
2637 1064 3035 1136 amplectendis
3065 1064 3460 1137 adjunguntur.
3494 1066 3565 1120 Et
3588 1064 3697 1123 hoc
3714 1077 3812 1136 est,

513 1170 612 1209 cur
640 1154 877 1210 editores
907 1151 1138 1210 Romani
1167 1151 1342 1207 solitae
1374 1150 1722 1223 inscriptioni
1755 1149 1898 1206 hanc
1926 1151 2292 1223 prazmiserint
2318 1169 2328 1206 :
2371 1153 2448 1206 De
2478 1153 2699 1224 virginis
2729 1152 2908 1222 [arma
2937 1152 3164 1208 vivendi.
3209 1153 3472 1219 Quamvis
3517 1165 3708 1212 autem
3757 1174 3814 1214 ea

513 1244 741 1316 scriptio
770 1244 829 1299 in
858 1244 1117 1299 omnibus
1146 1243 1428 1299 Ambrosii
1459 1244 1699 1314 Operum
1728 1241 2069 1298 editionibus
2099 1242 2244 1299 beati
2285 1241 2527 1298 doctoris
2575 1257 2778 1297 nomen
2827 1242 2884 1297 in
2931 1242 3112 1298 fronte
3149 1250 3318 1314 gerat,
3361 1243 3580 1301 nullum
3629 1253 3815 1303 tamen

514 1332 667 1387 illius
697 1332 1132 1404 manuscriptum
1171 1332 1329 1388 licuit
1353 1331 1613 1404 reperire,
1652 1329 1796 1386 unde
1827 1331 2103 1403 intelligas
2134 1331 2281 1388 haud
2313 1333 2507 1400 multa,
2554 1337 2616 1387 ut
2660 1330 2955 1388 Ambrosio
2999 1331 3359 1399 tribueretur,
3417 1331 3587 1387 fuisse
3644 1349 3815 1407 argu-

512 1433 720 1482 menta.
750 1427 829 1481 De
858 1432 1078 1482 auctore
1109 1426 1277 1498 igitur
1307 1425 1411 1482 hoc
1442 1442 1614 1482 unum
1648 1425 1906 1497 colligere
1938 1442 2094 1498 posse
2123 1421 2285 1478 nobis
2324 1421 2600 1489 videmur,
2646 1438 2771 1477 eum
2815 1421 3068 1479 ascetivaa
3121 1421 3250 1477 vitae
3294 1419 3464 1476 fuisse
3506 1421 3811 1493 addictum,

511 1531 634 1570 cum
668 1515 746 1572 sic
778 1517 1033 1587 loquatur
1058 1516 1230 1571 :Absit
1261 1521 1318 1570 ut
1346 1521 1401 1569 tu
1429 1514 1559 1569 mihi
1587 1531 1742 1570 soror
1767 1514 1984 1583 dicaris,
2018 1531 2134 1584 qua:
2161 1529 2277 1566 cum
2307 1511 2502 1566 talibus
2530 1511 2880 1566 conversaris.
2921 1515 2995 1567 At
3033 1510 3099 1566 de
3139 1511 3314 1583 Opere
3350 1510 3469 1582 ipso
3508 1511 3814 1570 certissime

511 1604 781 1659 allirmare
811 1621 1100 1676 possumus
1129 1605 1268 1660 illud
1293 1603 1359 1658 ab
1390 1603 1754 1658 Ambrosiana
1783 1604 2097 1676 eloquentia
2124 1609 2179 1657 et
2205 1599 2515 1656 eruditione
2545 1601 2738 1672 procul
2765 1600 2973 1658 abesse.
3013 1603 3200 1674 Ipsum
3237 1599 3510 1659 contende
3535 1618 3664 1659 cum
3699 1601 3814 1676 ejus

510 1693 657 1748 veris
689 1693 846 1749 libris
879 1694 940 1748 dc
976 1693 1297 1765 Virginibus,
1327 1701 1380 1749 et
1409 1694 1680 1749 calculum
1712 1701 1870 1750 tuum
1902 1694 2019 1749 sine
2046 1692 2217 1748 dubio
2247 1692 2407 1749 nobis
2439 1692 2711 1750 conteres.

692 2018 998 2190 AD
1121 2017 2294 2191 VIRGINEM
2412 2018 3598 2196 DEVOTAM.

587 2425 914 2485 357-365
971 2427 1198 2488 CAPUT
1246 2427 1536 2484 PRIMUM.
1594 2456 1663 2466 —
1712 2427 1886 2498 (Ρεαι,
1941 2442 2094 2494 χιιν,
2125 2417 2499 2486 Adesideras,
2532 2419 2736 2477 nescio.
2779 2420 2835 2477 Si
2888 2437 3104 2491 aurum,
3153 2431 3459 2496 argentum,
3509 2423 3560 2480 si
3609 2425 3809 2496 vitam,

441 2549 447 2555 -
510 2521 597 2585 11,
631 2519 744 2588 12.)
790 2541 808 2566 ‹
842 2517 1010 2587 Audi,
1043 2517 1181 2582 ﬁlia,
1213 2524 1266 2572 et
1294 2515 1455 2572 vide:
1492 2515 1697 2572 inclina
1716 2532 1902 2571 aurem
1928 2524 2099 2584 tuam,

506 2618 558 2666 et
591 2609 917 2667 obliviscere
949 2609 1211 2681 pOpulum
1243 2615 1423 2675 tuum,
1451 2614 1504 2662 et
1531 2606 1756 2662 domum
1789 2606 1959 2678 patris
1998 2605 2099 2674 tui,

504 2700 766 2774 quoniam
818 2698 1137 2770 concupivit
1181 2699 1298 2756 Rex
1345 2695 1579 2768 speciem
1615 2703 1765 2750 tuam
1797 2714 1809 2762 ;
1843 2694 2102 2767 quoniam

503 2790 618 2862 ipse
648 2797 729 2846 est
757 2790 1029 2846 Dominus
1054 2791 1198 2844 Deus
1226 2795 1374 2854 tuus,
1409 2793 1462 2841 et
1490 2785 1796 2842 adorabunt
1815 2801 1939 2840 eum
1959 2785 2088 2855 (1).»

503 2879 680 2951 Ipsius
705 2886 760 2933 te
789 2877 1061 2933 devovisti
1093 2893 1206 2932 esse
1235 2891 1513 2947 sponsam,
1546 2874 1744 2930 devota
1787 2875 1899 2930 Deo
1941 2873 2101 2930 dice-

502 2970 599 3025 ris.
657 2968 803 3037 Quid
862 2968 965 3024 tibi
1019 2984 1144 3025 cum
1203 2965 1526 3022 hominibus
1581 2965 1957 3032 saecularibus,
2005 2971 2100 3021 aut

503 3074 665 3131 quem
713 3064 1004 3113 tractatum
1049 3056 1214 3112 habes
1259 3071 1384 3113 cum
1432 3053 1592 3110 illis?
1639 3053 1783 3122 Quid
1830 3053 1915 3109 vis
1962 3053 2100 3109 scire

503 3163 628 3204 cum
673 3145 849 3218 ipsis?
896 3146 1288 3214 Perditionem,
1321 3161 1482 3218 quam
1516 3143 1618 3217 ipsi
1657 3152 1962 3218 sequuntur
1983 3144 2010 3199 ?
2041 3142 2098 3199 Si

500 3239 804 3296 castitatem
851 3240 1070 3312 quaeris,
1101 3239 1244 3297 hanc
1276 3239 1359 3296 illi
1391 3256 1502 3294 non
1548 3237 1752 3294 habent
1788 3256 1799 3293 :
1850 3239 1895 3294 si
1931 3237 2095 3293 ﬁdem

502 3330 724 3403 quaeris,
756 3330 879 3403 quis
909 3338 989 3386 est
1017 3330 1195 3386 ﬁdelis
1229 3331 1286 3386 in
1315 3329 1446 3397 illis,
1485 3345 1644 3401 quem
1685 3337 1747 3384 tu
1784 3327 2098 3384 comitabo—-

503 3422 579 3474 ris
600 3420 628 3474 ‘I
655 3419 712 3475 Si
739 3428 918 3475 autem
952 3420 1232 3477 Christum
1264 3418 1484 3492 quaeris,
1515 3434 1624 3473 non
1658 3425 1841 3473 manet
1873 3416 1929 3471 in
1960 3416 2091 3471 illis.

501 3507 695 3563 Nescio
742 3507 876 3577 quid
923 3525 1153 3579 quaeras,
1199 3509 1386 3579 quales
1433 3506 1704 3562 amicitias
1758 3507 1843 3561 vel
1909 3507 2097 3578 quales

501 3595 714 3652 fabulas
743 3595 940 3652 habeas
977 3612 1101 3652 cum
1145 3596 1277 3653 illis.
1324 3595 1609 3652 Devovisti
1659 3595 1900 3652 animam
1942 3603 2095 3653 tuam

503 3683 573 3740 ad
636 3681 966 3740 destruenda
1032 3685 1218 3742 omnia
1283 3701 1403 3758 quae
1467 3691 1598 3740 sunt
1647 3683 1810 3756 hujus
1857 3684 2090 3741 saeculi:

2215 2509 2260 2565 si
2304 2518 2511 2566 vestem
2554 2510 2934 2583 Splendidam;
2974 2511 3080 2569 hoc
3120 2513 3224 2569 tibi
3272 2531 3382 2569 non
3432 2514 3643 2587 placuit
3684 2534 3809 2573 cum

2214 2601 2348 2668 Deo,
2380 2601 2485 2656 hoc
2512 2603 2658 2657 Deus
2684 2619 2793 2657 non
2823 2601 3147 2671 admiratur,
3179 2604 3274 2660 sed
3301 2621 3397 2661 cor
3424 2606 3732 2663 contritum
3766 2615 3814 2664 et

2216 2689 2570 2748 humiliatum
2621 2694 2796 2764 (Psal.
2848 2711 2901 2761 L,
2953 2694 3064 2765 19).
3115 2694 3259 2761 Quid
3308 2695 3506 2768 quaeris
3556 2695 3813 2754 homines

2213 2783 2400 2837 saaculi
2435 2826 2448 2850 ,
2509 2799 2645 2856 quos
2691 2791 2914 2838 sanctus
2969 2784 3246 2856 apostolus
3297 2784 3512 2857 judicat
3568 2787 3809 2856 Paulus,

2213 2870 2436 2928 dicens:
2483 2895 2502 2919 ‹
2552 2873 2798 2940 Quorum
2844 2875 2992 2928 Deus
3037 2882 3230 2930 venter
3277 2885 3376 2944 est,
3429 2883 3483 2931 et
3530 2876 3705 2949 gloria
3757 2878 3810 2932 in

2212 2960 2482 3031 pudendis
2539 2961 2804 3032 ipsorum,
2862 2963 2955 3034 qui
3015 2969 3226 3018 terrena
3278 2963 3553 3036 sapiunt:
3623 2973 3811 3020 nostra

2211 3059 2390 3106 autem
2439 3053 2784 3109 conversatio
2841 3052 2898 3108 in
2954 3054 3107 3109 cmlis
3164 3062 3246 3110 est
3297 3057 3567 3129 (Philipp.
3600 3074 3686 3125 ιιι,
3724 3059 3806 3125 19,

2211 3140 2350 3212 20)?
2382 3166 2400 3189 ι
2442 3142 2498 3198 Si
2529 3158 2654 3215 ergo
2701 3142 3173 3199 conversationem
3220 3143 3280 3201 in
3329 3146 3467 3203 cmlo
3516 3145 3807 3214 habemus,

2210 3245 2329 3301 quae
2361 3247 2578 3288 sursum
2627 3240 2755 3288 sunt
2798 3249 3038 3307 quaerere
3077 3233 3358 3303 debemus,
3407 3235 3809 3294 ubi'Christus

2209 3334 2310 3392 est,
2344 3342 2453 3381 non
2484 3345 2604 3400 quae
2645 3345 2807 3400 super
2845 3339 3044 3385 terram
3088 3330 3316 3401 (Coloss.
3362 3347 3446 3399 III,
3499 3331 3578 3401 1).
3633 3333 3807 3405 Rogo,

2208 3431 2381 3484 soror,
2413 3415 2505 3488 qui
2536 3425 2663 3472 sunt
2694 3417 2786 3474 isti
2815 3413 3068 3475 homines
3108 3419 3275 3492 hujus
3315 3419 3548 3476 saeculi?
3587 3423 3809 3478 Fratres

2209 3506 2330 3557 tuos
2374 3501 2645 3574 spiritales
2691 3503 2944 3562 homines
2991 3521 3102 3562 non
3144 3507 3408 3580 sequeris,
3459 3516 3513 3565 et
3559 3510 3808 3582 sequeris

2209 3591 2496 3647 carnales:
2549 3593 2644 3665 qui
2697 3594 2744 3649 si
2801 3612 2912 3651 non
2960 3604 3294 3666 saturentur,
3352 3598 3802 3654 murmurabunt.

2207 3675 2403 3733 Misisti
2434 3681 2752 3752 margaritas
2782 3690 2902 3739 tuas
2933 3692 3058 3740 ante
3088 3701 3301 3756 porcos,
3341 3684 3436 3758 qui
3474 3686 3806 3744 conculcent

502 3774 778 3848 quomodo
806 3782 988 3831 autem
1018 3775 1218 3849 quaeris
1254 3775 1538 3842 saculum,
1583 3774 1674 3831 cui
1719 3775 2046 3832 renuntiasti
2069 3777 2097 3833 7
2126 3786 2172 3846 Β
2206 3782 2296 3821 eas
2325 3767 2556 3839 PBdibuS
2597 3771 2732 3838 suis,
2764 3779 2818 3826 et
2845 3773 3098 3829 conversi
3149 3773 3357 3831 elidant
3401 3781 3475 3830 te.
3521 3774 3650 3831 Non
3697 3792 3805 3831 au-

501 3865 722 3922 Beverti
751 3865 836 3920 vis
865 3865 933 3922 ad
960 3865 1232 3922 vomitum
1261 3872 1418 3921 tuum
1458 3865 1601 3922 sicut
1631 3865 1803 3934 canis,
1845 3873 1940 3921 aut
1969 3867 2095 3921 vel—

498 3970 561 4018 ut
589 3979 681 4019 sus
710 3961 820 4018 lota
848 3961 1048 4018 iterum
1095 3961 1153 4017 in
1196 3962 1619 4032 volutationem,
1655 3963 1798 4020 sicut
1825 3964 2091 4036 scriptum

497 4061 577 4111 est
627 4055 717 4126 (II
743 4055 888 4111 Petr.
921 4071 982 4123 ιι,
1023 4053 1142 4126 22),
1190 4053 1407 4111 dicente
1451 4057 1752 4127 Apostolo:
1808 4079 1827 4104 α
1873 4055 1929 4111 Si
1970 4072 2091 4128 quae

497 4143 766 4211 destruxi,
808 4143 1008 4200 iterum
1047 4144 1410 4214 reaediticabo,
1450 4144 1924 4217 praevaricatorem
1957 4143 2091 4216 legis

496 4249 583 4287 me
624 4234 900 4289 constituo
937 4235 1143 4305 (Galat.
1180 4251 1240 4302 ιι,
1277 4234 1387 4306 18).
1439 4258 1460 4283 ι
1519 4235 1722 4291 Iterum
1767 4236 1881 4308 ipse
1927 4252 2090 4308 repe-

496 4323 563 4380 tit
595 4324 676 4396 (2)
717 4326 905 4381 dicens
939 4343 950 4382 :
999 4350 1018 4375 ‹
1058 4327 1334 4399 Quidquid
1369 4326 1428 4383 in
1456 4329 1655 4384 saeculo
1684 4337 1784 4397 est,
1813 4328 2086 4402 concupi-

495 4413 703 4470 scentia
734 4413 917 4470 carnis
962 4422 1065 4483 est,
1112 4423 1166 4471 et
1211 4417 1654 4489 concupiscentia
1699 4419 1983 4476 oculorum
2035 4421 2093 4490 (Ι

492 4501 651 4556 Joan.
690 4518 750 4569 ιι,
788 4501 900 4574 16),
952 4525 971 4551 ι
1013 4501 1160 4574 quod
1190 4519 1301 4559 non
1329 4513 1411 4559 est
1441 4504 1508 4560 de
1537 4506 1670 4574 Deo,
1725 4506 1818 4562 sed
1865 4508 1932 4564 de
1980 4506 2086 4564 hoc

493 4589 701 4647 mundo
758 4598 858 4647 est.
905 4591 1041 4646 ltcm
1085 4591 1220 4648 alibi
1255 4591 1434 4650 dicit:
1482 4617 1500 4642 ι
1555 4594 1613 4650 Si
1669 4595 1791 4668 quis
1845 4597 2084 4654 voluerit

491 4680 700 4736 amicus
722 4695 837 4735 esse
866 4678 1032 4752 hujus
1061 4681 1275 4751 mundi,
1303 4681 1562 4741 inimicus
1590 4685 1689 4741 Dei
1719 4686 2084 4744 constituetur

493 4768 636 4839 (Jac.
676 4785 752 4836 ιν,
787 4769 868 4840 4).
901 4791 918 4816 ι
973 4769 1118 4837 Quid
1164 4771 1324 4841 dicis,
1364 4773 1563 4830 devota
1607 4776 1771 4833 Deo?
1818 4776 1951 4849 quid
1998 4776 2082 4832 vis

487 4856 808 4916 hominibus
830 4861 1042 4933 placere
1063 4862 1091 4918 Υ
1118 4862 1252 4935 quid
1273 4863 1564 4934 desideras,
1588 4868 1675 4922 vel
1697 4866 1831 4940 quid
1851 4866 2080 4938 quaeris?

484 4947 540 5003 Si
595 4952 767 5007 Deum
811 4951 1030 5025 quaeris,
1072 4962 1253 5011 tecum
1299 4963 1425 5011 est:
1475 4956 1522 5012 si
1567 4963 1748 5012 autem
1796 4955 2077 5012 hominem

483 5041 702 5112 quaeris,
754 5059 865 5100 non
915 5042 1020 5101 hoc
1060 5044 1354 5103 devovisti.
1407 5046 1553 5115 Quid
1600 5055 1730 5103 sunt
1779 5045 2078 5103 homines?

2207 3855 2382 3911 disti:
2457 3881 2476 3905 ι
2547 3859 2724 3916 Vitate
2783 3878 2945 3918 canes
2976 3905 2992 3932 ,
3055 3863 3225 3921 vitate
3289 3864 3463 3920 malos
3521 3866 3805 3937 operarios

2207 3944 2465 4019 (Philipp.
2502 3967 2583 4018 ιιι,
2618 3951 2674 4021 2)
2699 3951 2727 4006 Ῡ
2773 3977 2791 4000 ι
2837 3952 2942 4019 Qui
2981 3961 3110 4010 sunt
3141 3953 3283 4010 isti?
3324 3954 3587 4010 Homines
3637 3955 3804 4028 hujus

2200 4036 2405 4103 saeculi,
2453 4037 2546 4110 qui
2591 4055 2702 4093 non
2747 4049 3052 4113 sequuntur
3092 4041 3322 4115 vestigia
3367 4042 3597 4101 Christi.
3653 4047 3804 4117 Rogo

2202 4130 2271 4192 te,
2317 4125 2450 4196 quid
2495 4127 2597 4182 tibi
2641 4127 3050 4198 demonstrant;
3100 4131 3190 4189 die
3237 4131 3396 4188 mihi.
3449 4131 3800 4201 Castitatem,

2199 4227 2359 4284 quam
2391 4231 2501 4270 non
2528 4215 2778 4274 habent?
2807 4218 2950 4286 Quid
2970 4219 2998 4275 ?
3028 4219 3216 4291 ﬁdem,
3261 4237 3424 4295 quam
3467 4239 3580 4278 non
3632 4225 3808 4280 inve-

2197 4302 2361 4360 niunt
2380 4305 2408 4361 ?
2437 4305 2762 4376 doctrinam,
2787 4325 2948 4382 quam
2971 4326 3082 4366 non
3111 4321 3436 4386 sequuntur,
3465 4313 3575 4369 nisi
3608 4313 3804 4371 diabo-

2198 4397 2357 4454 licam
2408 4401 2730 4472 sapientiam
2779 4402 2943 4475 hujus
2987 4405 3174 4461 saeculi
3204 4405 3232 4462 ‘l
3293 4405 3594 4478 jejunium,
3650 4407 3803 4482 quod

2195 4487 2432 4546 odiunt?
2457 4490 2865 4560 abstinentiam,
2891 4508 3054 4565 quam
3079 4492 3370 4566 judicant?
3391 4494 3799 4563 humilitatem,

2194 4592 2357 4650 quam
2407 4581 2770 4652 opprimunt?
2817 4582 3187 4652 sobrietatem,
3233 4602 3398 4658 quam
3446 4587 3746 4659 negligunt
3774 4585 3804 4643 ?

2192 4669 2460 4727 sinceram
2486 4681 2748 4742 mentem,
2791 4689 2954 4747 quam
3001 4691 3114 4731 non
3160 4676 3383 4746 habent,
3433 4677 3538 4732 nisi
3593 4677 3805 4750 dupli-

2190 4773 2307 4814 cem
2329 4759 2358 4815 ?
2389 4759 2796 4832 verecundiam,
2839 4779 3001 4836 quam
3032 4763 3333 4837 projiciunt
3369 4782 3402 4822 a
3442 4781 3497 4821 se
3518 4765 3545 4821 ?
3592 4765 3802 4823 Nescio

2189 4852 2372 4902 autem
2401 4847 2535 4920 quid
2570 4849 2656 4905 vis
2682 4851 2901 4908 studere
2929 4870 3054 4909 cum
3086 4854 3239 4926 ipsis.

2268 4959 2412 5019 366
2443 4965 2670 5024 CAPUT
2701 4968 2767 5023 II.
2798 4997 2869 5009 —
2911 4968 3014 5025 Sed
3045 4969 3178 5042 quid
3209 4968 3392 5026 dicis?
3437 4970 3554 5042 Ego
3600 4978 3800 5028 autem

2185 5063 2449 5111 converto
2474 5072 2565 5112 eos
2594 5057 2664 5112 ad
2692 5073 2797 5112 me.
2831 5057 2889 5114 Si
2918 5065 3100 5114 autem
3149 5059 3217 5115 ad
3261 5068 3316 5116 te
3345 5061 3601 5117 conversi
3659 5062 3803 5118 {ue-

481 5130 742 5189 Homines
783 5133 951 5207 hujus
993 5135 1180 5195 saeculi
1211 5155 1222 5192 :
1269 5159 1288 5184 ‹
1332 5136 1405 5193 Et
1451 5137 1711 5193 saeculum
1760 5137 1976 5204 transit,
2027 5144 2080 5194 et
2111 5144 2153 5204 Ο
2183 5143 2315 5212 rint,
2348 5161 2461 5201 non
2489 5145 2592 5200 tibi
2622 5147 2864 5219 expedit.
2895 5147 3042 5215 Quid
3072 5147 3267 5221 quarit
3291 5150 3454 5223 lupus
3469 5166 3595 5206 cum
3609 5150 3800 5224 agno?

475 5225 919 5297 concupiscentia
948 5225 1100 5298 ejus:
1133 5227 1227 5300 qui
1258 5236 1438 5284 autem
1469 5227 1662 5284 fecerit
1707 5245 1827 5301 quas
1875 5228 2077 5300 scripta

472 5322 623 5382 sunt,
683 5321 867 5370 manet
917 5314 974 5370 in
1014 5322 1278 5371 aeternum
1325 5317 1390 5382 (Ι
1431 5317 1586 5371 Joan.
1625 5333 1689 5382 ιι,
1724 5318 1836 5389 17).
1867 5342 1884 5366 ι
1928 5317 2072 5386 Quid

540 5531 558 5593 (
569 5529 620 5597 1)
644 5531 809 5604 _Rom.
844 5530 1148 5604 edit.sola,
1189 5535 1234 5604 et
1275 5531 1384 5604 ipse
1429 5529 1689 5590 Dominus
1735 5535 1876 5592 Deus
1925 5542 2063 5602 tuus,

467 5599 768 5657 adorabunt
794 5617 910 5657 cum
937 5601 1063 5674 ﬁliae
1099 5603 1244 5680 Tyri.

2184 5233 2268 5288 vel
2299 5233 2434 5305 quid
2462 5234 2657 5306 quaerit
2695 5236 2864 5305 canis,
2915 5236 3024 5292 nisi
3071 5253 3266 5308 panem
3297 5239 3326 5295 ?
3367 5238 3544 5306 Quare
3591 5249 3800 5296 autem

2180 5321 2325 5393 rugit
2365 5321 2448 5378 leo
2502 5322 2636 5394 (Isa.
2683 5340 2842 5392 XXXI,
2891 5324 2972 5396 4),
3023 5324 3132 5381 nisi
3178 5343 3277 5398 pro
3325 5326 3547 5400 praeda?
3595 5327 3693 5383 Tu
3743 5336 3799 5383 te

2247 5536 2327 5610 (2)
2361 5536 2565 5610 Eadem
2593 5538 2751 5610 Rom.
2778 5537 2910 5593 edit.
2952 5540 3152 5595 Iterum
3189 5539 3323 5594 idem
3364 5541 3663 5610 reperitur.
3717 5543 3798 5600 Et

2175 5608 2340 5678 infra,
2369 5611 2443 5665 Et
2471 5609 2602 5665 alibi
2628 5609 2826 5664 dicitur
2851 5628 2862 5666 :
2894 5610 2951 5667 Si
2975 5611 3095 5683 quis
3125 5610 3372 5678 voluerit,
3403 5608 3510 5670 etc.
