4068 6188
263 330 364 390 601

1461 326 1559 384 ΑΙ)
1597 323 1948 386 VIRGINEM
1985 323 2353 382 DEVOTAM.

3457 328 3564 388 602

265 459 438 530 ipsam
459 462 664 514 castam
695 452 935 522 custodi,
982 452 1030 510 si
1084 459 1258 526 potes.
1317 451 1462 523 Quid
1507 452 1594 509 vis
1652 451 1850 508 docere
1879 453 1932 512 A
1966 467 2100 507 nos:
2143 457 2239 506 aut
2264 450 2428 509 facite
2483 452 2732 510 arborem
2787 454 3011 522 malam,
3058 461 3114 510 et
3169 453 3390 512 fructus
3443 453 3567 528 ejus

262 547 408 620 quod
433 554 493 603 tu
521 546 641 619 ipsa
657 561 774 602 non
797 543 935 601 facis
955 543 1142 602 ?sicut
1175 542 1313 602 dicit
1333 543 1634 618 Apostolus
1659 561 1671 600 :
1707 567 1726 591 ι
1747 543 1855 600 Νο-

261 635 357 693 lite
384 635 540 693 omni
572 633 795 707 spiritui
826 632 1066 703 credere,
1098 633 1195 691 sed
1250 633 1478 707 probate
1529 632 1780 705 spiritus,
1808 631 1856 688 si

259 741 328 784 ex
354 728 471 783 Deo
499 733 628 781 sunt
659 724 718 795 (Ι
761 724 919 780 Joan.
971 741 1052 789 IV,
1085 724 1165 797 1).
1197 747 1216 772 ι
1281 723 1340 780 Si
1384 731 1569 779 autem
1625 723 1694 779 ab
1725 720 1859 795 ipsis

257 816 571 874 doctrinam
603 813 860 886 accipias,
887 813 1165 871 docebunt
1216 821 1294 882 te,
1324 812 1473 886 quod
1501 811 1735 880 faciunt,
1769 812 1858 867 vel

258 903 409 976 quod
438 912 767 977 sequuntur,
816 902 1349 976 concupiscentiam,
1407 901 1855 970 fornicationem,

257 993 578 1064 libidinem,
611 993 926 1062 avaritiam,
957 993 1235 1061 fraudem,
1286 991 1724 1061 immunditiam,
1744 992 1859 1048 im-

257 1083 612 1156 pudicitiam,
665 1083 968 1152 luxuriam,
1027 1082 1368 1150 ebrietatem,
1425 1082 1856 1154 improbitatem,

258 1173 692 1247 turpiloquium,
773 1171 1089 1240 stultitiam,
1167 1170 1456 1239 maleﬁcia,
1536 1171 1856 1239 homicidia,

258 1261 427 1331 iram,
459 1262 661 1330 rixam,
694 1268 748 1317 et
774 1277 994 1317 omnem
1046 1260 1337 1316 malitiam.
1373 1259 1519 1327 Quid
1549 1260 1710 1329 dicis,
1744 1259 1860 1315 mi-

259 1371 404 1423 sera,
439 1355 529 1410 vel
588 1351 722 1426 quid
753 1350 1031 1408 excusas?
1083 1348 1372 1406 Devovisti
1411 1350 1653 1406 animam
1682 1357 1858 1419 tuam,
1931 1367 1934 1370 ’

258 1451 322 1499 ιιι
341 1441 412 1498 ah
436 1441 572 1515 ipsis
603 1439 926 1497 hominibus
958 1439 1278 1496 recederes:
1321 1455 1470 1498 nunc
1511 1448 1697 1496 autem
1726 1441 1861 1514 quid

256 1535 464 1609 quaeris
487 1535 515 1591 ?
544 1535 718 1607 Rogo,
751 1549 863 1590 non
918 1532 1299 1600 confundaris,
1343 1531 1565 1605 quando
1593 1531 1662 1588 de
1690 1540 1744 1588 te
1775 1532 1861 1588 illi

258 1624 369 1682 sibi
417 1623 635 1680 fabulas
688 1622 923 1692 faciunt,
969 1621 1248 1680 dicentes:
1305 1623 1447 1680 Ecce
1477 1623 1679 1679 devota
1723 1624 1860 1691 Deo,

259 1731 382 1790 quae
415 1731 517 1772 nos
545 1714 835 1788 sequitur;
877 1713 1178 1787 dereliquit
1222 1713 1373 1769 enim
1404 1713 1552 1770 viam
1591 1729 1766 1782 suam,
1808 1722 1862 1770 et

259 1827 358 1884 per
375 1810 650 1868 terminos
671 1807 788 1880 agri
817 1809 904 1865 sui
933 1806 1159 1876 erravit,
1183 1808 1332 1863 viam
1362 1807 1726 1864 habitationis
1745 1825 1856 1864 sua

259 1917 378 1958 non
408 1898 650 1956 invenit.
681 1897 903 1966 Venite,
937 1913 1385 1970 praeoccupemus
1413 1913 1556 1966 eam,
1583 1904 1638 1953 et
1688 1896 1867 1955 duce-

260 2006 393 2046 mus
421 1989 483 2046 in
510 1987 658 2044 viam
690 1995 954 2043 nostram.
988 1983 1276 2054 Cecidisti,
1299 1985 1518 2054 misera,
1554 1987 1614 2042 in
1643 1987 1736 2042 via
1758 1987 1868 2043 lata

262 2087 321 2136 et
348 2078 612 2151 spatiosa,
643 2092 765 2150 qua:
793 2074 947 2132 ducit
963 2073 1034 2131 ad
1060 2082 1314 2132 mortem.
1339 2075 1578 2134 Videtur
1619 2074 1722 2132 tibi
1752 2091 1868 2132 esse

258 2168 433 2236 bona,
466 2183 588 2240 quas
607 2166 754 2222 mala
780 2173 862 2222 est
888 2183 900 2221 :
933 2164 1182 2238 sequeris
1209 2181 1306 2222 eos
1343 2181 1553 2235 amens,
1583 2172 1638 2222 et
1689 2165 1868 2222 nescis

261 2256 530 2332 quoniam
569 2261 718 2313 recta
774 2254 834 2310 in
891 2253 1109 2311 foveam
1165 2253 1336 2312 cadis.
1394 2255 1606 2312 Memor
1649 2271 1764 2312 non
1811 2271 1870 2313 es

259 2353 474 2404 arctam
505 2351 559 2402 et
591 2349 880 2416 angustam
908 2357 1024 2400 esse
1055 2342 1224 2411 viam,
1256 2360 1377 2418 quas
1409 2343 1564 2401 ducit
1592 2343 1662 2402 ad
1693 2344 1868 2402 vitam

253 2433 491 2504 (Matth.
520 2449 624 2502 vn,
649 2432 737 2501 13,
775 2431 864 2505 14)
887 2432 1235 2490 ?Lahoriosa
1287 2434 1392 2491 tibi
1453 2434 1676 2492 videtur
1727 2450 1865 2505 esse,

265 2537 388 2596 quae
421 2521 568 2578 bona
597 2527 679 2576 est
710 2537 722 2576 ε
759 2519 932 2576 oblita
959 2535 1018 2576 es
1044 2521 1256 2580 dictum
1281 2522 1452 2582 fuisse
1489 2541 1500 2580 :
1541 2547 1560 2572 ι
1605 2524 1746 2592 Quia
1773 2541 1869 2598 per

264 2613 475 2669 multas
494 2609 884 2667 tribulationes
908 2626 1011 2667 nos
1037 2619 1252 2684 oportet
1274 2612 1333 2670 in
1357 2628 1587 2686 regnum
1602 2613 1868 2670 cmlorum

270 2700 509 2758 introire
540 2699 682 2771 (Act.
742 2716 863 2768 xrv,
907 2699 999 2772 21)
1024 2700 1052 2757 ?
1080 2723 1099 2750 ι
1163 2703 1322 2761 Nunc
1351 2711 1534 2761 autem
1592 2702 1871 2762 voluntati

272 2797 381 2847 tuae
426 2788 512 2844 vis
540 2786 780 2844 studere.
812 2787 934 2845 Non
961 2788 1140 2862 legisti
1169 2790 1520 2851 Salomonem
1541 2794 1818 2852 dicentem
1846 2808 1862 2851 :

289 2915 308 2938 ι
336 2889 509 2946 Bonis
534 2888 678 2945 bona
705 2895 888 2945 creata
917 2893 1048 2944 sunt
1077 2883 1145 2941 ab
1174 2883 1365 2953 initio,
1391 2884 1652 2940 similiter
1679 2882 1872 2955 impiis

273 2985 330 3035 et
358 2977 743 3051 peccatoribus
770 2977 918 3036 bona
946 2985 1000 3033 et
1029 2977 1176 3033 mala
1204 2975 1399 3047 (Eccti.
1431 2989 1636 3042 xxxix,
1666 2973 1758 3045 30)
1783 2973 1811 3028 ?
1838 2996 1858 3022 ι

272 3073 412 3129 Item
443 3072 564 3145 ipso
592 3069 811 3128 dicente
837 3087 850 3125 :
894 3092 913 3117 ‹
940 3067 1173 3124 Initium
1203 3066 1332 3122 vitae
1362 3064 1610 3121 hominis
1653 3063 1872 3137 spirita-

270 3161 402 3219 liter
430 3169 694 3234 arguetur
720 3159 801 3229 (3)
852 3157 1016 3228 (Ibid.
1054 3155 1168 3226 31).
1205 3177 1224 3203 ι
1282 3176 1302 3202 ι
1350 3153 1624 3227 Spiritalis
1683 3154 1870 3211 omnia

262 3251 505 3324 judicat,
539 3249 656 3322 ipse
682 3255 867 3304 autem
920 3264 952 3302 a
981 3244 1202 3302 nemine
1224 3244 1508 3317 judicatur
1556 3246 1614 3318 (Ι
1642 3246 1768 3304 Cor.
1803 3264 1866 3316 II,

271 3341 391 3410 15).
426 3357 450 3388 δ
493 3335 600 3394 Ubi
631 3353 708 3406 es,
738 3337 852 3392 Deo
903 3334 1150 3391 devota?
1197 3332 1473 3407 Spiritalis
1521 3335 1742 3407 quidem
1801 3335 1869 3391 de

270 3425 402 3483 aliis
420 3425 696 3498 judicans,
729 3431 794 3480 tu
825 3423 944 3497 ipsa
966 3423 1255 3496 judicaris.
1318 3423 1462 3492 Quid
1491 3425 1690 3497 quaeris
1740 3440 1868 3482 cum

272 3515 434 3572 illis?
479 3539 499 3564 ι
527 3515 658 3583 Qum
688 3527 815 3587 pars
850 3513 1003 3570 ﬁdeli
1033 3529 1159 3571 cum
1185 3513 1405 3570 inﬁdeli
1459 3514 1548 3586 (II
1596 3515 1723 3572 Cor.
1783 3531 1865 3583 vr,

273 3609 416 3681 ιδῃ
442 3632 463 3658 ι
507 3610 597 3665 vel
653 3625 775 3682 quae
801 3624 926 3681 pars
975 3607 1152 3664 sancti
1183 3606 1428 3663 hominis
1489 3607 1557 3663 ad
1603 3609 1870 3666 carnem?

270 3697 446 3770 Virgo
484 3704 638 3770 potes
655 3713 772 3754 esse
801 3712 1052 3770 corpore,
1083 3696 1176 3753 sed
1215 3712 1328 3752 non
1358 3704 1543 3752 mente
1586 3705 1864 3769 corrupta.

272 3785 437 3844 Oculi
467 3793 653 3842 autem
683 3788 767 3843 tui
799 3785 1062 3843 obcaecati
1090 3792 1222 3842 sunt
1247 3785 1424 3842 nimio
1453 3785 1652 3843 ardore
1683 3786 1868 3843 libidi-

273 3875 384 3945 nis,
416 3874 477 3931 in
505 3875 708 3949 quibus
739 3875 889 3932 trabs
918 3873 1165 3947 subjacet
1185 3892 1197 3930 :
1220 3891 1379 3931 aures
1405 3883 1516 3931 tua:
1541 3876 1716 3948 plenas
1738 3883 1870 3931 sunt

273 3963 432 4021 omni
462 3965 728 4036 spurcitia
756 3964 910 4020 virili
935 3982 948 4021 :
982 3964 1146 4036 pedes
1174 3979 1307 4020 vero
1338 3964 1420 4020 tui
1448 3965 1666 4022 veloces
1713 3972 1867 4033 sunt,

272 4061 327 4111 et
351 4069 469 4110 non
492 4062 623 4110 sunt
671 4053 814 4126 pigri
842 4052 911 4109 ad
932 4052 1161 4124 januam
1190 4052 1345 4109 foris.
1402 4054 1507 4110 Ubi
1557 4055 1822 4111 sanctitas
1845 4056 1873 4112 ?

271 4140 368 4198 ubi
399 4141 740 4198 verecundia
760 4142 789 4199 ?
817 4141 916 4198 ubi
946 4141 1216 4197 sobrietas
1241 4141 1270 4198 ?
1303 4141 1400 4198 ubi
1451 4143 1694 4214 gravitas
1716 4145 1744 4201 ?
1774 4145 1873 4202 ubi

271 4231 498 4289 castitas
514 4231 542 4288 ?
566 4231 662 4288 ubi
690 4230 959 4287 modestia
975 4231 1002 4287 ?
1035 4230 1131 4287 ubi
1165 4230 1298 4286 ﬁdes
1317 4231 1345 4287 ?
1371 4231 1466 4287 ubi
1490 4233 1873 4291 continentia?

271 4321 370 4380 ubi
399 4335 540 4395 pura
569 4336 725 4377 mens
745 4321 774 4378 ?
802 4320 908 4378 Ubi
938 4330 1067 4377 sunt
1086 4321 1183 4377 illa
1212 4321 1414 4391 omnis,
1442 4338 1540 4395 pro
1569 4325 1770 4398 quibus
1796 4325 1875 4380 ﬁ-

273 4412 402 4470 dem
433 4420 584 4469 tuam
623 4428 976 4486 opposueras,
1033 4428 1197 4486 quam
1228 4411 1562 4485 perdidisti?
1604 4439 1623 4464 ι
1677 4415 1874 4473 Melius

1962 541 2154 597 malos.
2188 541 2536 615 Unaquaeque
2565 542 2728 599 arbor
2765 558 2837 600 ex
2864 543 3052 600 fructu
3091 559 3192 600 suo
3258 545 3567 618 cognosci-

1963 638 2056 688 tur
2086 629 2296 702 (Matth.
2336 645 2436 698 xu,
2467 629 2578 704 33).
2607 655 2626 680 ι
2669 663 2742 674 -
2777 654 2798 680 ι
2819 631 3148 705 Quicunque
3186 640 3377 690 autem
3415 641 3562 702 367

1967 729 2145 803 qualis
2167 728 2354 799 fuerit,
2384 746 2512 787 cum
2540 729 2639 786 tali
2668 746 2726 786 se
2763 729 2948 803 jungit
2982 730 3183 803 (Eccti.
3217 747 3345 800 xui,
3380 732 3500 805 20).
3531 759 3552 784 ι

1969 819 2236 877 Columba
2263 818 2492 877 dimissa
2527 819 2595 876 de
2625 836 2795 878 manu
2841 819 3106 889 hominis,
3139 820 3324 876 statim
3348 837 3569 881 reversa

1967 916 2049 964 est
2078 909 2145 964 ad
2173 923 2299 963 eum
2335 909 2396 963 in
2428 924 2609 966 arcam
2634 927 2646 966 :
2674 924 2801 964 nam
2831 925 3031 966 corvus
3060 908 3324 967 dimissus
3343 927 3568 969 carnem

1967 1005 2186 1054 secutus
2212 1005 2294 1054 est
2318 999 2472 1069 (Gen.
2507 1015 2631 1067 vin,
2663 999 2744 1069 7),
2776 1014 2941 1070 quem
2997 1005 3062 1054 tu
3089 1015 3307 1072 quoque
3333 1000 3421 1056 vis
3472 1017 3568 1058 se-

1967 1088 2083 1161 qui;
2118 1096 2176 1144 ut
2204 1104 2316 1144 non
2343 1089 2640 1145 revertaris
2670 1087 2738 1144 ad
2761 1088 2990 1162 januam
3047 1088 3279 1148 Christi.
3332 1091 3433 1148 Est
3466 1091 3570 1149 tibi

1967 1180 2312 1237 conversatio
2363 1196 2490 1236 cum
2531 1179 2728 1236 bestiis
2777 1180 2894 1252 agri
2950 1186 3004 1236 et
3055 1197 3184 1238 cum
3242 1180 3571 1239 volatilibus

1967 1270 2132 1327 coeli:
2165 1270 2306 1328 sicut
2331 1277 2387 1326 et
2433 1286 2654 1338 corvus,
2685 1285 2799 1326 non
2869 1269 3194 1327 memoraris
3239 1271 3567 1342 Dominum,

1970 1360 2066 1432 qui
2090 1367 2144 1416 te
2175 1360 2242 1417 de
2275 1359 2491 1416 diluvio
2518 1360 2778 1417 liberavit
2803 1377 2815 1416 :
2839 1376 2951 1417 non
2974 1360 3174 1433 quieris
3191 1358 3375 1417 cubile
3410 1367 3566 1417 tuum

1969 1450 2292 1506 umbrosum
2323 1459 2378 1506 et
2415 1450 2643 1517 bonum,
2677 1449 2774 1506 ubi
2803 1450 3049 1523 requiem
3083 1450 3443 1530 temporalem
3475 1449 3570 1506 ha-

1968 1538 2162 1596 buisti.
2211 1539 2334 1595 Nou
2388 1539 2494 1596 tibi
2524 1547 2651 1596 ante
2693 1539 2882 1597 oculos
2908 1547 2992 1596 est
3035 1547 3352 1612 tempestas,
3406 1547 3572 1612 atque

1969 1631 2145 1689 oblita
2171 1648 2228 1689 es
2276 1631 2602 1690 charitatem
2661 1630 2891 1700 Christi,
2931 1637 2986 1686 et
3037 1639 3190 1687 tenes
3245 1629 3571 1687 charitatem

1971 1721 2261 1779 hominum
2292 1721 2458 1794 hujus
2485 1721 2695 1789 saeculi,
2727 1720 2824 1792 qui
2853 1736 2965 1778 non
2997 1719 3203 1776 habent
3245 1718 3572 1776 charitatem

1894 1819 1941 1880 Β
1971 1812 2029 1868 in
2059 1828 2135 1880 se,
2167 1812 2276 1868 nisi
2310 1810 2674 1868 diabolicam:
2705 1809 2790 1866 illi
2812 1817 2998 1866 autem
3031 1811 3198 1866 aliam
3226 1826 3449 1867 carnem
3475 1825 3574 1867 se-

1972 1910 2241 1977 quuntur,
2271 1909 2325 1958 et
2353 1917 2467 1958 non
2520 1900 2784 1958 desinunt
2817 1899 3175 1974 quoadusque
3236 1900 3566 1956 moriantur.

1964 1986 2206 2061 'Becede,
2232 1991 2451 2059 misera,
2482 1990 2552 2047 de
2583 1989 2697 2046 illis
2715 1989 3057 2057 hominibus;
3113 2006 3183 2046 ne
3213 2005 3406 2048 carnes
3451 1999 3573 2047 tuas

1976 2084 2176 2140 electas
2203 2080 2513 2148 comedant,
2543 2081 2684 2137 talos
2719 2086 2846 2135 tuos
2891 2088 3161 2149 evertant,
3190 2087 3245 2136 et
3280 2080 3574 2153 relinqua-

1977 2173 2056 2230 ris
2083 2171 2252 2241 nuda,
2283 2179 2337 2228 et
2366 2170 2618 2244 spoliata,
2670 2169 2813 2226 sicut
2843 2169 2903 2225 in
2961 2171 3358 2228 cucumerario.
3409 2170 3573 2228 Modo

1976 2274 2161 2322 autem
2190 2263 2324 2338 quid
2348 2263 2536 2334 facies,
2564 2262 2696 2337 quia
2721 2260 2872 2319 nuda
2901 2277 2958 2319 es
2991 2269 3046 2317 et
3067 2261 3342 2335 spoliata?
3362 2259 3474 2318 Ibis
3503 2261 3573 2318 ad

1977 2354 2192 2413 vicinos
2211 2364 2354 2424 tuos,
2388 2371 2524 2428 quos
2552 2360 2679 2410 ante
2707 2351 2920 2423 oderas,
2950 2359 3142 2426 petens
3171 2350 3239 2407 ab
3269 2351 3403 2424 ipsis
3433 2366 3576 2422 ope-

1975 2444 2274 2503 rimentum
2287 2444 2516 2519 pudoris
2540 2443 2656 2501 :illi
2685 2452 2871 2501 autem
2892 2441 3022 2500 dare
3048 2442 3269 2510 nolunt,
3287 2440 3568 2498 dicentes:

1992 2561 2011 2588 ς
2064 2536 2171 2593 Ubi
2221 2543 2303 2593 est
2335 2536 2730 2591 vestimentum
2771 2540 2928 2588 tuum
2987 2531 3367 2604 splendidum,
3426 2529 3574 2603 quod

1977 2631 2104 2680 ante
2132 2631 2350 2696 portare
2361 2622 2574 2678 solebas
2595 2623 2623 2678 τ
2650 2646 2668 2667 ι
2703 2620 2848 2686 Quid
2879 2618 3110 2687 dicis,et
3132 2616 3267 2688 quid
3278 2617 3575 2689 respondes

1978 2717 2049 2786 ei,
2091 2734 2254 2790 quam
2280 2716 2454 2787 frigus
2505 2712 2829 2786 obligavit?
2861 2713 3222 2770 Gratulantur
3276 2720 3460 2768 autem
3514 2711 3576 2769 in

1979 2806 2142 2862 malis
2193 2805 2324 2872 tuis,
2383 2820 2504 2876 quae
2553 2802 2658 2859 tibi
2707 2810 3000 2860 venerunt.
3049 2802 3204 2859 Tunc
3247 2808 3302 2857 te
3349 2799 3573 2872 planges

1980 2894 2247 2952 dicendo:
2281 2896 2400 2950 Heu
2445 2894 2584 2950 mihi
2641 2893 2873 2961 miserae,
2922 2892 3013 2949 cui
3077 2891 3212 2948 talia
3253 2891 3564 2948 venerunt!

1981 2985 2128 3052 Quid
2158 2985 2296 3041 mihi
2325 2984 2534 3058 profuit
2561 2985 2658 3040 illa
2687 2983 3004 3057 captivitas,
3038 2999 3160 3057 quae
3197 2997 3284 3038 me
3313 2979 3572 3053 captiva-

1981 3074 2066 3130 vit
2094 3075 2349 3130 miseram
2387 3083 2442 3131 et
2472 3074 2749 3131 infelicem
2768 3073 2796 3131 ?
2837 3097 2857 3122 ‹
2883 3072 3003 3141 Quo
3042 3071 3136 3127 ibo
3165 3087 3196 3126 a
3215 3068 3428 3144 Spiritu
3448 3074 3566 3136 tuo,

1903 3185 1946 3245 ρ
1981 3173 2036 3220 et
2057 3181 2089 3220 a
2139 3164 2276 3220 facie
2305 3173 2401 3221 tua
2421 3180 2530 3238 quo
2559 3163 2765 3237 fugiam
2785 3164 2813 3220 ?
2842 3163 2900 3221 Si
2929 3161 3225 3220 ascendero
3256 3161 3315 3216 in
3343 3159 3571 3226 coelum,

1975 3260 2038 3309 tu
2067 3251 2280 3310 illices:
2331 3254 2377 3310 si
2432 3253 2764 3311 descendero
2811 3253 2880 3309 ad
2927 3253 3232 3321 infernum,
3291 3249 3440 3306 ades.
3508 3245 3568 3303 Si

1977 3360 2261 3417 sumpsero
2289 3361 2496 3418 pennas
2527 3362 2675 3402 meas
2704 3354 2829 3402 ante
2860 3346 3062 3413 lucem,
3084 3351 3138 3399 et
3163 3341 3486 3398 habitavero
3511 3336 3571 3391 in

1977 3440 2228 3490 extremo
2275 3435 2480 3503 maris;
2532 3435 2736 3491 etenim
2787 3435 2922 3491 illuc
2950 3449 3146 3488 manus
3198 3439 3294 3487 tua
3335 3427 3571 3485 deducet

1981 3540 2086 3592 me,
2121 3532 2175 3580 et
2211 3524 2419 3581 tenebit
2449 3541 2536 3580 me
2570 3526 2798 3582 dextera
2825 3531 2919 3581 tua
2950 3524 3126 3595 (Psat.
3190 3535 3467 3586 cxxxvm,
3502 3517 3574 3573 7-

1983 3613 2097 3686 10).
2128 3639 2147 3662 ιι
2186 3613 2341 3672 Tunc
2361 3613 2541 3671 dices:
2585 3638 2603 3664 ι
2633 3615 2842 3672 Vadam
2883 3622 2937 3670 et
2966 3619 3211 3670 revertar
3266 3610 3334 3667 ad
3381 3608 3569 3663 virum

1981 3719 2164 3759 meum
2195 3703 2554 3775 primarium;
2590 3705 2719 3777 quia
2748 3704 2948 3762 melius
2979 3702 3119 3759 mihi
3150 3709 3267 3759 erat
3294 3709 3429 3757 tunc
3458 3711 3571 3753 ma~

1981 3792 2082 3865 gis,
2114 3808 2278 3866 quam
2328 3793 2493 3849 modo
2551 3794 2789 3865 (Ossan,
2826 3794 2904 3866 7),
2971 3817 2990 3842 ι
3057 3793 3155 3866 qui
3208 3789 3349 3846 mihi
3406 3786 3572 3844 dabat

1982 3881 2310 3938 vestimenta
2353 3898 2491 3952 mea,
2541 3892 2595 3939 et
2624 3884 2808 3940 oleum
2853 3898 3035 3940 meum
3067 3881 3124 3937 in
3172 3887 3416 3952 tempore
3445 3891 3566 3932 suo.

1982 3970 2144 4027 Modo
2163 3977 2346 4026 autem
2377 3971 2512 4043 quid
2540 3972 2683 4030 facio
2703 3973 2731 4030 ?
2758 3974 2913 4030 Tunc
2945 3968 3238 4028 reverteris
3267 3969 3325 4023 in
3341 3968 3570 4024 domum

1985 4070 2133 4118 tuam
2172 4080 2298 4120 cum
2321 4063 2473 4133 ﬂetu,
2507 4064 2654 4121 unde
2701 4065 2913 4121 exieras
2942 4063 3203 4136 gaudens.
3253 4053 3478 4114 Sedebis
3513 4050 3574 4104 in

1982 4153 2182 4224 angulo
2211 4153 2409 4210 domus
2437 4162 2546 4210 tuas
2608 4155 2800 4227 lugens
2846 4161 2901 4208 et
2947 4149 3292 4214 contristata,
3351 4143 3573 4215 plorans

1981 4239 2071 4298 die
2093 4259 2154 4299 ac
2184 4253 2364 4312 nocte,
2397 4259 2648 4316 quaerens
2677 4242 2773 4315 qui
2803 4240 2969 4296 simul
2998 4247 3183 4294 tecum
3213 4231 3574 4292 contristetur

1982 4340 2036 4387 et
2068 4347 2180 4387 non
2217 4332 2322 4388 erit
2355 4350 2367 4388 :
2401 4342 2456 4389 et
2485 4332 2832 4389 consolantes
2860 4335 2936 4394 te,
2969 4335 3024 4384 et
3062 4341 3174 4382 non
3203 4320 3473 4380 invenies.
3501 4319 3576 4375 Et

1983 4419 2193 4478 dabunt
2238 4421 2345 4477 tibi
2386 4421 2816 4494 eleemosynam,
2862 4434 3001 4491 quos
3052 4421 3180 4472 ante
3225 4413 3463 4470 oderas:
3517 4415 3575 4466 et

273 4505 429 4562 enim
458 4503 637 4560 fuerat
662 4511 717 4560 te
747 4520 860 4560 non
889 4502 1110 4561 vovisse
1129 4512 1186 4561 et
1214 4503 1413 4573 facere,
1446 4522 1610 4579 quam
1647 4524 1870 4576 vovere,
1904 4549 1950 4605 Β
1984 4510 2286 4566 movebunt
2311 4509 2491 4583 capita
2524 4524 2622 4565 sua
2661 4523 2828 4581 super
2847 4516 2922 4576 te,
2958 4505 3239 4564 dicentes:
3285 4505 3424 4559 Ecce
3451 4514 3572 4574 quae

275 4603 327 4652 et
354 4609 474 4651 non
503 4593 681 4650 facere
705 4594 901 4667 (Eccte.
935 4613 995 4661 v,
1026 4594 1107 4667 4).
1132 4617 1152 4644 ι
1184 4624 1255 4637 -—
1289 4594 1448 4651 «Non
1475 4603 1630 4668 potes
1658 4595 1875 4652 duobus

275 4682 523 4740 dominis
551 4682 778 4750 servire,
817 4689 913 4739 aut
941 4684 1076 4752 Deo,
1123 4690 1218 4740 aut
1258 4699 1605 4752 mammona,
1639 4708 1658 4732 ι
1731 4683 1874 4740 sicut

275 4773 545 4846 scriptum
571 4780 653 4828 est
693 4771 906 4844 (Matth.
939 4789 1017 4842 vi,
1046 4772 1163 4846 24).
1201 4798 1220 4821 ι
1249 4773 1388 4832 Cum
1437 4791 1693 4846 perverso
1749 4772 1874 4830 sub-

276 4861 513 4920 verteris
542 4862 718 4933 (Psal.
752 4878 893 4930 xvn,
927 4861 1043 4934 27).
1074 4885 1093 4911 ι
1152 4892 1225 4905 -
1267 4887 1287 4914 ι
1311 4864 1432 4921 Non
1485 4872 1666 4938 potest
1712 4879 1875 4923 com-

278 4953 430 5011 mitti
459 4969 701 5026 pannum
731 4962 892 5012 vetus
939 4971 1066 5012 cum
1105 4972 1288 5025 novo;
1344 4958 1493 5015 tollit
1525 4960 1673 5015 enim
1704 4958 1875 5015 forti-

277 5043 532 5102 tudinem
562 5043 701 5118 ejus,
731 5053 786 5102 et
811 5044 967 5118 pejor
985 5045 1223 5103 scissura
1250 5045 1314 5103 ﬁt
1341 5047 1556 5118 (Matth.
1598 5065 1679 5117 ix,
1704 5049 1815 5121 16).
1839 5073 1858 5096 ι

280 5133 546 5191 Volatilia
574 5133 644 5190 ad
673 5134 780 5190 sibi
810 5133 1019 5190 similia
1047 5135 1424 5204 conveniunt;
1479 5144 1534 5192 et
1568 5138 1776 5194 veritas
1806 5137 1873 5194 ad

281 5241 394 5294 eos,
416 5225 511 5298 qui
537 5233 841 5298 operantur
855 5241 997 5295 eam,
1019 5234 1345 5284 revertetur.
1368 5227 1528 5285 Absit
1553 5237 1614 5285 ut
1653 5235 1713 5284 tu
1734 5229 1874 5284 mihi

281 5333 436 5373 soror
463 5333 578 5374 esse
627 5317 852 5387 dicaris,
883 5333 1007 5391 quae
1068 5332 1196 5374 cum
1247 5318 1452 5376 talibus
1505 5320 1869 5377 conversaris.

296 5431 314 5452 ι
347 5407 462 5464 Aut
512 5406 677 5465 facite
704 5406 955 5464 arborem
981 5406 1206 5476 bonam,
1247 5415 1304 5465 et
1349 5408 1566 5467 fructus
1593 5408 1712 5483 ejus
1764 5410 1874 5466 ho-

356 5568 446 5649 )
475 5567 679 5649 Eadem
734 5569 893 5625 Rom.
913 5567 1102 5649 “edit,
1128 5575 1180 5649 et
1214 5570 1584 5649 peccatoribus
1610 5574 1753 5628 mala
1774 5575 1869 5628 9...

286 5638 511 5718 [attinnt
534 5639 705 5694 omnis
732 5639 1050 5718 necessitatis
1073 5640 1144 5718 ad
1171 5638 1334 5718 vitam
1361 5642 1586 5718 hominis
1616 5662 1789 5718 _aqua
1829 5651 1876 5718 et

288 5709 441 5781 ignis,
476 5710 686 5782 ferrum
732 5716 783 5768 et
810 5712 916 5780 sat,
943 5719 1049 5771 etc.
1077 5711 1269 5771 Omnia
1295 5713 1404 5771 hac
1457 5713 1568 5788 piis
1613 5709 1771 5786 bona,
1801 5716 1876 5772 sic

1981 4606 2097 4654 erat
2132 4598 2332 4655 devota
2356 4601 2490 4669 Deo,
2523 4599 2687 4656 modo
2716 4597 2859 4655 facta
2885 4605 2964 4654 est
2995 4605 3057 4652 ut
3086 4603 3328 4652 stercora
3370 4592 3429 4647 in
3455 4589 3570 4658 via,

1983 4695 2036 4744 et
2069 4687 2214 4744 sicut
2251 4688 2447 4746 civitas
2500 4705 2621 4762 quae
2651 4696 3020 4761 expugnatur.
3053 4685 3158 4742 Ubi
3213 4693 3294 4741 est
3347 4679 3572 4739 castitas

1983 4776 2184 4834 illius?
2233 4779 2337 4836 Ubi
2368 4787 2497 4835 sunt
2551 4778 2738 4835 omnia
2787 4778 2902 4846 illa,
2961 4793 3082 4851 quae
3110 4790 3228 4830 eam
3259 4769 3575 4846 sequeban-

1983 4868 2120 4925 tur?
2147 4867 2571 4940 Dereliquerunt
2621 4867 2769 4924 enim
2797 4867 2970 4936 illam,
3002 4865 3132 4940 quia
3181 4863 3406 4921 castitas
3457 4864 3574 4918 erat

1983 4958 2102 5016 dux
2130 4975 2322 5016 eorum
2348 4977 2359 5014 :
2390 4959 2630 5032 perdidit
2649 4959 2978 5027 castitatem,
3011 4965 3066 5014 et
3095 4957 3356 5029 fugerunt
3386 4949 3575 5009 omnia

1985 5053 2099 5109 illa.
2134 5051 2295 5108 Modo
2324 5060 2506 5109 autem
2539 5051 2674 5126 quid
2729 5051 2916 5120 facies,
2967 5049 3220 5107 misera?
3272 5045 3378 5103 Ubi
3441 5049 3572 5100 sunt

1985 5141 2088 5209 illi,
2125 5158 2262 5216 quos
2293 5140 2714 5214 insequebaris?
2763 5141 3060 5199 Redimant
3109 5148 3165 5197 te
3225 5137 3273 5195 si
3320 5139 3570 5208 possunt.

1983 5234 2159 5302 Quam
2189 5240 2343 5306 potes
2362 5232 2492 5289 dare
2531 5233 3020 5290 commutationem
3073 5246 3172 5303 pro
3209 5228 3394 5285 anima
3452 5233 3568 5290 tua,

1983 5339 2147 5397 quam
2179 5322 2445 5380 fraudasti
2499 5339 2594 5396 per
2632 5323 3064 5380 inobedientiam
3118 5327 3292 5384 tuam;
3340 5323 3402 5371 ut
3458 5326 3570 5366 non

1982 5414 2201 5471 audires
2230 5413 2424 5470 fratres
2454 5422 2597 5480 tuos,
2637 5415 2724 5470 vel
2755 5429 2990 5480 sorores,
3022 5426 3142 5483 quae
3172 5408 3275 5466 tibi
3305 5405 3573 5460 demons-

1975 5578 2337 5650 peccatoribus
2402 5583 2767 5634 convertentur
2825 5576 2907 5650 in_
2948 5574 3128 5650 mata.
3174 5570 3295 5650 Κίια
3337 5567 3566 5650 hominis

1981 5641 2138 5706 Etiam
2166 5651 2482 5723 spiritaliter
2509 5655 2786 5721 arguatur,
2815 5645 2943 5721 quia
2970 5641 3257 5718 spiritalis,
3298 5649 3404 5703 etc.
