  <div class='ocr_page' id='page_1' title='image "/cluster/home/n/w/nwhite01/storage/ocr_20150623/17/hvd.32044096580436/307.png"; bbox 0 0 4068 6188; ppageno 0'>
   <div class='ocr_carea' id='block_1_1' title="bbox 509 301 615 362">
    <p class='ocr_par' dir='ltr' id='par_1_1' title="bbox 509 301 615 362">
     <span class='ocr_line' id='line_1_1' title="bbox 509 301 615 362; baseline 0.009 -1"><span class='ocrx_word' id='word_1_1' title='bbox 509 301 615 362; x_wconf 84' lang='grc'>603</span> 
     </span>
    </p>
   </div>
   <div class='ocr_carea' id='block_1_2' title="bbox 1515 294 2767 357">
    <p class='ocr_par' dir='ltr' id='par_1_2' title="bbox 1515 294 2767 357">
     <span class='ocr_line' id='line_1_2' title="bbox 1515 294 2767 357; baseline -0.005 0"><span class='ocrx_word' id='word_1_2' title='bbox 1515 300 1610 357; x_wconf 85' lang='lat' dir='ltr'>AD</span> <span class='ocrx_word' id='word_1_3' title='bbox 1650 300 1884 357; x_wconf 80' lang='lat' dir='ltr'>OPERA</span> <span class='ocrx_word' id='word_1_4' title='bbox 1921 299 1976 355; x_wconf 92' lang='lat' dir='ltr'>S.</span> <span class='ocrx_word' id='word_1_5' title='bbox 2017 295 2349 355; x_wconf 80' lang='lat' dir='ltr'>AMBROSII</span> <span class='ocrx_word' id='word_1_6' title='bbox 2384 294 2767 352; x_wconf 84' lang='lat' dir='ltr'>APPENDIX.</span> 
     </span>
    </p>
   </div>
   <div class='ocr_carea' id='block_1_3' title="bbox 3699 282 3823 345">
    <p class='ocr_par' dir='ltr' id='par_1_3' title="bbox 3699 282 3823 345">
     <span class='ocr_line' id='line_1_3' title="bbox 3699 282 3823 345; baseline 0 -2"><span class='ocrx_word' id='word_1_7' title='bbox 3699 282 3823 345; x_wconf 73' lang='grc'>604</span> 
     </span>
    </p>
   </div>
   <div class='ocr_carea' id='block_1_4' title="bbox 512 414 3815 499">
    <p class='ocr_par' dir='ltr' id='par_1_4' title="bbox 512 414 3815 499">
     <span class='ocr_line' id='line_1_4' title="bbox 512 414 3815 499; baseline -0.005 -12"><span class='ocrx_word' id='word_1_8' title='bbox 512 429 749 496; x_wconf 85' lang='lat' dir='ltr'>trahant,</span> <span class='ocrx_word' id='word_1_9' title='bbox 781 444 850 484; x_wconf 90' lang='lat' dir='ltr'>ne</span> <span class='ocrx_word' id='word_1_10' title='bbox 874 436 928 484; x_wconf 89' lang='lat' dir='ltr'>te</span> <span class='ocrx_word' id='word_1_11' title='bbox 972 426 1229 499; x_wconf 85' lang='lat' dir='ltr'>jungeres</span> <span class='ocrx_word' id='word_1_12' title='bbox 1281 443 1406 485; x_wconf 91' lang='lat' dir='ltr'>cum</span> <span class='ocrx_word' id='word_1_13' title='bbox 1438 426 1760 482; x_wconf 89' lang='lat' dir='ltr'>hominibus</span> <span class='ocrx_word' id='word_1_14' title='bbox 1807 422 2105 480; x_wconf 63' lang='lat' dir='ltr'>saeculari-</span> <span class='ocrx_word' id='word_1_15' title='bbox 2133 426 2183 485; x_wconf 83' lang='lat' dir='ltr'>A</span> <span class='ocrx_word' id='word_1_16' title='bbox 2206 423 2277 478; x_wconf 98' lang='lat' dir='ltr'>sit</span> <span class='ocrx_word' id='word_1_17' title='bbox 2306 421 2386 494; x_wconf 71' lang='grc'>(4)</span> <span class='ocrx_word' id='word_1_18' title='bbox 2419 438 2597 477; x_wconf 81' lang='lat' dir='ltr'>sermo</span> <span class='ocrx_word' id='word_1_19' title='bbox 2627 429 2755 477; x_wconf 90' lang='lat' dir='ltr'>tuus</span> <span class='ocrx_word' id='word_1_20' title='bbox 2788 439 2799 477; x_wconf 91' lang='lat'>:</span> <span class='ocrx_word' id='word_1_21' title='bbox 2830 421 2951 488; x_wconf 88' lang='lat' dir='ltr'>Est,</span> <span class='ocrx_word' id='word_1_22' title='bbox 2980 420 3242 487; x_wconf 89' lang='lat' dir='ltr'>est,Non,</span> <span class='ocrx_word' id='word_1_23' title='bbox 3263 433 3376 474; x_wconf 89' lang='lat' dir='ltr'>non</span> <span class='ocrx_word' id='word_1_24' title='bbox 3402 435 3413 474; x_wconf 90' lang='lat'>:</span> <span class='ocrx_word' id='word_1_25' title='bbox 3441 414 3595 490; x_wconf 87' lang='lat' dir='ltr'>quod</span> <span class='ocrx_word' id='word_1_26' title='bbox 3624 422 3815 472; x_wconf 83' lang='lat' dir='ltr'>autem</span> 
     </span>
    </p>
   </div>
   <div class='ocr_carea' id='block_1_5' title="bbox 511 512 2103 590">
    <p class='ocr_par' dir='ltr' id='par_1_5' title="bbox 511 512 2103 590">
     <span class='ocr_line' id='line_1_5' title="bbox 511 512 2103 590; baseline -0.007 -12"><span class='ocrx_word' id='word_1_27' title='bbox 511 520 615 578; x_wconf 88' lang='lat' dir='ltr'>bus</span> <span class='ocrx_word' id='word_1_28' title='bbox 635 520 662 576; x_wconf 82' lang='lat'><strong>?</strong></span> <span class='ocrx_word' id='word_1_29' title='bbox 688 520 847 576; x_wconf 89' lang='lat' dir='ltr'>Nunc</span> <span class='ocrx_word' id='word_1_30' title='bbox 874 525 1055 574; x_wconf 91' lang='lat' dir='ltr'>autem</span> <span class='ocrx_word' id='word_1_31' title='bbox 1086 516 1219 590; x_wconf 91' lang='lat' dir='ltr'>quid</span> <span class='ocrx_word' id='word_1_32' title='bbox 1250 516 1515 573; x_wconf 84' lang='lat' dir='ltr'>faciemus</span> <span class='ocrx_word' id='word_1_33' title='bbox 1536 516 1640 572; x_wconf 85' lang='lat' dir='ltr'>tibi</span> <span class='ocrx_word' id='word_1_34' title='bbox 1669 517 1759 572; x_wconf 87' lang='lat' dir='ltr'>vel</span> <span class='ocrx_word' id='word_1_35' title='bbox 1788 513 1922 587; x_wconf 90' lang='lat' dir='ltr'>quid</span> <span class='ocrx_word' id='word_1_36' title='bbox 1957 512 2103 569; x_wconf 86' lang='lat' dir='ltr'>dice-</span> 
     </span>
    </p>
   </div>
   <div class='ocr_carea' id='block_1_6' title="bbox 512 604 2104 682">
    <p class='ocr_par' dir='ltr' id='par_1_6' title="bbox 512 604 2104 682">
     <span class='ocr_line' id='line_1_6' title="bbox 512 604 2104 682; baseline -0.006 -15"><span class='ocrx_word' id='word_1_37' title='bbox 512 627 652 676; x_wconf 90' lang='lat' dir='ltr'>mus,</span> <span class='ocrx_word' id='word_1_38' title='bbox 681 624 817 682; x_wconf 91' lang='lat' dir='ltr'>quos</span> <span class='ocrx_word' id='word_1_39' title='bbox 854 608 1046 664; x_wconf 90' lang='lat' dir='ltr'>audire</span> <span class='ocrx_word' id='word_1_40' title='bbox 1073 607 1338 674; x_wconf 86' lang='lat' dir='ltr'>noluisti;</span> <span class='ocrx_word' id='word_1_41' title='bbox 1374 606 1484 662; x_wconf 90' lang='lat' dir='ltr'>nisi</span> <span class='ocrx_word' id='word_1_42' title='bbox 1513 614 1575 661; x_wconf 91' lang='lat' dir='ltr'>ut</span> <span class='ocrx_word' id='word_1_43' title='bbox 1625 622 1725 660; x_wconf 89' lang='lat' dir='ltr'>nos</span> <span class='ocrx_word' id='word_1_44' title='bbox 1756 605 1901 677; x_wconf 89' lang='lat' dir='ltr'>ipsos</span> <span class='ocrx_word' id='word_1_45' title='bbox 1936 604 2104 676; x_wconf 90' lang='lat' dir='ltr'>plan-</span> 
     </span>
    </p>
   </div>
   <div class='ocr_carea' id='block_1_7' title="bbox 511 693 2104 772">
    <p class='ocr_par' dir='ltr' id='par_1_7' title="bbox 511 693 2104 772">
     <span class='ocr_line' id='line_1_7' title="bbox 511 693 2104 772; baseline -0.003 -18"><span class='ocrx_word' id='word_1_46' title='bbox 511 714 698 772; x_wconf 82' lang='lat' dir='ltr'>gamus</span> <span class='ocrx_word' id='word_1_47' title='bbox 725 713 889 770; x_wconf 85' lang='lat' dir='ltr'>super</span> <span class='ocrx_word' id='word_1_48' title='bbox 918 706 990 766; x_wconf 89' lang='lat' dir='ltr'>te,</span> <span class='ocrx_word' id='word_1_49' title='bbox 1023 697 1298 754; x_wconf 81' lang='lat' dir='ltr'>dicentes:</span> <span class='ocrx_word' id='word_1_50' title='bbox 1359 696 1544 764; x_wconf 86' lang='lat' dir='ltr'>Parce,</span> <span class='ocrx_word' id='word_1_51' title='bbox 1577 694 1836 762; x_wconf 88' lang='lat' dir='ltr'>Domine,</span> <span class='ocrx_word' id='word_1_52' title='bbox 1883 710 2042 765; x_wconf 91' lang='lat' dir='ltr'>parce</span> <span class='ocrx_word' id='word_1_53' title='bbox 2076 693 2104 749; x_wconf 78' lang='lat'>?</span> 
     </span>
    </p>
   </div>
   <div class='ocr_carea' id='block_1_8' title="bbox 508 783 2106 859">
    <p class='ocr_par' dir='ltr' id='par_1_8' title="bbox 508 783 2106 859">
     <span class='ocr_line' id='line_1_8' title="bbox 508 783 2106 859; baseline -0.003 -15"><span class='ocrx_word' id='word_1_54' title='bbox 508 788 614 856; x_wconf 88' lang='lat' dir='ltr'>Qui</span> <span class='ocrx_word' id='word_1_55' title='bbox 644 788 783 845; x_wconf 91' lang='lat' dir='ltr'>forte</span> <span class='ocrx_word' id='word_1_56' title='bbox 810 787 999 844; x_wconf 89' lang='lat' dir='ltr'>ﬂetum</span> <span class='ocrx_word' id='word_1_57' title='bbox 1029 796 1277 844; x_wconf 91' lang='lat' dir='ltr'>nostrum</span> <span class='ocrx_word' id='word_1_58' title='bbox 1308 794 1362 842; x_wconf 91' lang='lat' dir='ltr'>et</span> <span class='ocrx_word' id='word_1_59' title='bbox 1412 785 1679 859; x_wconf 84' lang='lat' dir='ltr'>gemitum</span> <span class='ocrx_word' id='word_1_60' title='bbox 1711 784 1976 841; x_wconf 85' lang='lat' dir='ltr'>exaudire</span> <span class='ocrx_word' id='word_1_61' title='bbox 2008 783 2106 840; x_wconf 92' lang='lat' dir='ltr'>di-</span> 
     </span>
    </p>
   </div>
   <div class='ocr_carea' id='block_1_9' title="bbox 509 874 2101 952">
    <p class='ocr_par' dir='ltr' id='par_1_9' title="bbox 509 874 2101 952">
     <span class='ocr_line' id='line_1_9' title="bbox 509 874 2101 952; baseline -0.003 -19"><span class='ocrx_word' id='word_1_62' title='bbox 509 885 724 952; x_wconf 89' lang='lat' dir='ltr'>gnetur,</span> <span class='ocrx_word' id='word_1_63' title='bbox 770 885 834 934; x_wconf 90' lang='lat' dir='ltr'>ut</span> <span class='ocrx_word' id='word_1_64' title='bbox 860 877 954 934; x_wconf 87' lang='lat' dir='ltr'>det</span> <span class='ocrx_word' id='word_1_65' title='bbox 978 877 1084 933; x_wconf 83' lang='lat' dir='ltr'>tibi</span> <span class='ocrx_word' id='word_1_66' title='bbox 1120 877 1367 933; x_wconf 90' lang='lat' dir='ltr'>animum</span> <span class='ocrx_word' id='word_1_67' title='bbox 1424 876 1785 933; x_wconf 90' lang='lat' dir='ltr'>convertendi</span> <span class='ocrx_word' id='word_1_68' title='bbox 1816 874 1884 931; x_wconf 89' lang='lat' dir='ltr'>ad</span> <span class='ocrx_word' id='word_1_69' title='bbox 1920 875 2101 945; x_wconf 90' lang='lat' dir='ltr'>ipsum</span> 
     </span>
    </p>
   </div>
   <div class='ocr_carea' id='block_1_10' title="bbox 509 963 2097 1038">
    <p class='ocr_par' dir='ltr' id='par_1_10' title="bbox 509 963 2097 1038">
     <span class='ocr_line' id='line_1_10' title="bbox 509 963 2097 1038; baseline -0.003 -16"><span class='ocrx_word' id='word_1_70' title='bbox 509 966 727 1033; x_wconf 88' lang='lat' dir='ltr'>denuo;</span> <span class='ocrx_word' id='word_1_71' title='bbox 798 975 861 1023; x_wconf 91' lang='lat' dir='ltr'>ut</span> <span class='ocrx_word' id='word_1_72' title='bbox 937 982 1266 1023; x_wconf 90' lang='lat' dir='ltr'>rememores</span> <span class='ocrx_word' id='word_1_73' title='bbox 1329 973 1551 1038; x_wconf 89' lang='lat' dir='ltr'>peccata</span> <span class='ocrx_word' id='word_1_74' title='bbox 1623 973 1740 1033; x_wconf 91' lang='lat' dir='ltr'>tua,</span> <span class='ocrx_word' id='word_1_75' title='bbox 1819 963 2097 1019; x_wconf 87' lang='lat' dir='ltr'>dicendo:</span> 
     </span>
    </p>
   </div>
   <div class='ocr_carea' id='block_1_11' title="bbox 522 1052 2099 1130">
    <p class='ocr_par' dir='ltr' id='par_1_11' title="bbox 522 1052 2099 1130">
     <span class='ocr_line' id='line_1_11' title="bbox 522 1052 2099 1130; baseline -0.004 -17"><span class='ocrx_word' id='word_1_76' title='bbox 522 1079 544 1105; x_wconf 78' lang='grc' dir='ltr'>ι</span> <span class='ocrx_word' id='word_1_77' title='bbox 571 1056 802 1125; x_wconf 81' lang='lat' dir='ltr'>Quantis</span> <span class='ocrx_word' id='word_1_78' title='bbox 831 1056 1063 1130; x_wconf 89' lang='lat' dir='ltr'>panibus</span> <span class='ocrx_word' id='word_1_79' title='bbox 1092 1054 1418 1113; x_wconf 87' lang='lat' dir='ltr'>mercenarii</span> <span class='ocrx_word' id='word_1_80' title='bbox 1450 1056 1622 1127; x_wconf 84' lang='lat' dir='ltr'>patris</span> <span class='ocrx_word' id='word_1_81' title='bbox 1658 1055 1767 1110; x_wconf 89' lang='lat' dir='ltr'>mei</span> <span class='ocrx_word' id='word_1_82' title='bbox 1797 1052 2099 1120; x_wconf 88' lang='lat' dir='ltr'>abundant,</span> 
     </span>
    </p>
   </div>
   <div class='ocr_carea' id='block_1_12' title="bbox 507 1139 2098 1217">
    <p class='ocr_par' dir='ltr' id='par_1_12' title="bbox 507 1139 2098 1217">
     <span class='ocr_line' id='line_1_12' title="bbox 507 1139 2098 1217; baseline -0.004 -17"><span class='ocrx_word' id='word_1_83' title='bbox 507 1160 606 1217; x_wconf 90' lang='lat' dir='ltr'>ego</span> <span class='ocrx_word' id='word_1_84' title='bbox 647 1152 829 1202; x_wconf 90' lang='lat' dir='ltr'>autem</span> <span class='ocrx_word' id='word_1_85' title='bbox 877 1146 1019 1200; x_wconf 86' lang='lat' dir='ltr'>fame</span> <span class='ocrx_word' id='word_1_86' title='bbox 1048 1144 1259 1216; x_wconf 79' lang='lat' dir='ltr'>pereo?</span> <span class='ocrx_word' id='word_1_87' title='bbox 1300 1144 1526 1214; x_wconf 85' lang='lat' dir='ltr'>Surgam</span> <span class='ocrx_word' id='word_1_88' title='bbox 1568 1143 1775 1214; x_wconf 82' lang='lat' dir='ltr'>itaque,</span> <span class='ocrx_word' id='word_1_89' title='bbox 1818 1148 1869 1196; x_wconf 89' lang='lat' dir='ltr'>et</span> <span class='ocrx_word' id='word_1_90' title='bbox 1901 1139 2098 1195; x_wconf 88' lang='lat' dir='ltr'>vadam</span> 
     </span>
    </p>
   </div>
   <div class='ocr_carea' id='block_1_13' title="bbox 507 1230 2096 1309">
    <p class='ocr_par' dir='ltr' id='par_1_13' title="bbox 507 1230 2096 1309">
     <span class='ocr_line' id='line_1_13' title="bbox 507 1230 2096 1309; baseline -0.004 -17"><span class='ocrx_word' id='word_1_91' title='bbox 507 1237 577 1294; x_wconf 89' lang='lat' dir='ltr'>ad</span> <span class='ocrx_word' id='word_1_92' title='bbox 605 1244 812 1309; x_wconf 85' lang='lat' dir='ltr'>patrem</span> <span class='ocrx_word' id='word_1_93' title='bbox 860 1251 1067 1301; x_wconf 90' lang='lat' dir='ltr'>meum,</span> <span class='ocrx_word' id='word_1_94' title='bbox 1110 1242 1164 1291; x_wconf 87' lang='lat' dir='ltr'>et</span> <span class='ocrx_word' id='word_1_95' title='bbox 1188 1235 1368 1291; x_wconf 91' lang='lat' dir='ltr'>dicam</span> <span class='ocrx_word' id='word_1_96' title='bbox 1399 1234 1484 1291; x_wconf 89' lang='lat' dir='ltr'>illi</span> <span class='ocrx_word' id='word_1_97' title='bbox 1511 1252 1520 1290; x_wconf 95' lang='lat'>:</span> <span class='ocrx_word' id='word_1_98' title='bbox 1569 1235 1747 1303; x_wconf 91' lang='lat' dir='ltr'>Pater,</span> <span class='ocrx_word' id='word_1_99' title='bbox 1781 1230 2003 1306; x_wconf 82' lang='lat' dir='ltr'>peccavi</span> <span class='ocrx_word' id='word_1_100' title='bbox 2036 1232 2096 1286; x_wconf 93' lang='lat' dir='ltr'>in</span> 
     </span>
    </p>
   </div>
   <div class='ocr_carea' id='block_1_14' title="bbox 506 1323 2102 1399">
    <p class='ocr_par' dir='ltr' id='par_1_14' title="bbox 506 1323 2102 1399">
     <span class='ocr_line' id='line_1_14' title="bbox 506 1323 2102 1399; baseline -0.003 -17"><span class='ocrx_word' id='word_1_101' title='bbox 506 1326 707 1382; x_wconf 79' lang='lat' dir='ltr'>ccelum</span> <span class='ocrx_word' id='word_1_102' title='bbox 761 1331 815 1380; x_wconf 86' lang='lat' dir='ltr'>et</span> <span class='ocrx_word' id='word_1_103' title='bbox 843 1341 1027 1381; x_wconf 89' lang='lat' dir='ltr'>coram</span> <span class='ocrx_word' id='word_1_104' title='bbox 1060 1333 1141 1393; x_wconf 87' lang='lat' dir='ltr'>te;</span> <span class='ocrx_word' id='word_1_105' title='bbox 1187 1324 1302 1397; x_wconf 89' lang='lat' dir='ltr'>jam</span> <span class='ocrx_word' id='word_1_106' title='bbox 1334 1342 1447 1381; x_wconf 91' lang='lat' dir='ltr'>non</span> <span class='ocrx_word' id='word_1_107' title='bbox 1502 1342 1624 1382; x_wconf 90' lang='lat' dir='ltr'>sum</span> <span class='ocrx_word' id='word_1_108' title='bbox 1692 1326 1859 1399; x_wconf 90' lang='lat' dir='ltr'>digna</span> <span class='ocrx_word' id='word_1_109' title='bbox 1916 1323 2102 1381; x_wconf 89' lang='lat' dir='ltr'>vocari</span> 
     </span>
    </p>
   </div>
   <div class='ocr_carea' id='block_1_15' title="bbox 507 1413 2100 1486">
    <p class='ocr_par' dir='ltr' id='par_1_15' title="bbox 507 1413 2100 1486">
     <span class='ocr_line' id='line_1_15' title="bbox 507 1413 2100 1486; baseline 0 -17"><span class='ocrx_word' id='word_1_110' title='bbox 507 1413 625 1469; x_wconf 87' lang='lat' dir='ltr'>ﬁlia</span> <span class='ocrx_word' id='word_1_111' title='bbox 657 1420 771 1481; x_wconf 89' lang='lat' dir='ltr'>tua,</span> <span class='ocrx_word' id='word_1_112' title='bbox 803 1413 1021 1486; x_wconf 89' lang='lat' dir='ltr'>suscipe</span> <span class='ocrx_word' id='word_1_113' title='bbox 1053 1431 1138 1470; x_wconf 90' lang='lat' dir='ltr'>me</span> <span class='ocrx_word' id='word_1_114' title='bbox 1177 1415 1321 1472; x_wconf 90' lang='lat' dir='ltr'>sicut</span> <span class='ocrx_word' id='word_1_115' title='bbox 1373 1432 1541 1472; x_wconf 92' lang='lat' dir='ltr'>unam</span> <span class='ocrx_word' id='word_1_116' title='bbox 1599 1432 1670 1471; x_wconf 86' lang='lat' dir='ltr'>ex</span> <span class='ocrx_word' id='word_1_117' title='bbox 1699 1416 1920 1472; x_wconf 90' lang='lat' dir='ltr'>ancillis</span> <span class='ocrx_word' id='word_1_118' title='bbox 1967 1415 2100 1479; x_wconf 86' lang='lat' dir='ltr'>tuis,</span> 
     </span>
    </p>
   </div>
   <div class='ocr_carea' id='block_1_16' title="bbox 509 1504 2104 1578">
    <p class='ocr_par' dir='ltr' id='par_1_16' title="bbox 509 1504 2104 1578">
     <span class='ocr_line' id='line_1_16' title="bbox 509 1504 2104 1578; baseline 0.001 -20"><span class='ocrx_word' id='word_1_119' title='bbox 509 1511 571 1559; x_wconf 91' lang='lat' dir='ltr'>ut</span> <span class='ocrx_word' id='word_1_120' title='bbox 600 1504 785 1560; x_wconf 89' lang='lat' dir='ltr'>vivam</span> <span class='ocrx_word' id='word_1_121' title='bbox 811 1504 962 1577; x_wconf 83' lang='lat' dir='ltr'>(Luc.</span> <span class='ocrx_word' id='word_1_122' title='bbox 1019 1522 1117 1576; x_wconf 83' lang='lat' dir='ltr'>xv,</span> <span class='ocrx_word' id='word_1_123' title='bbox 1152 1506 1375 1578; x_wconf 88' lang='grc'>17-19).</span> <span class='ocrx_word' id='word_1_124' title='bbox 1409 1530 1428 1553; x_wconf 80' lang='grc'>›</span> <span class='ocrx_word' id='word_1_125' title='bbox 1471 1505 1618 1573; x_wconf 90' lang='lat' dir='ltr'>Quid</span> <span class='ocrx_word' id='word_1_126' title='bbox 1644 1505 1691 1560; x_wconf 91' lang='lat' dir='ltr'>si</span> <span class='ocrx_word' id='word_1_127' title='bbox 1722 1505 1865 1561; x_wconf 89' lang='lat' dir='ltr'>forte</span> <span class='ocrx_word' id='word_1_128' title='bbox 1922 1521 2020 1575; x_wconf 90' lang='lat' dir='ltr'>pro</span> <span class='ocrx_word' id='word_1_129' title='bbox 2050 1512 2104 1559; x_wconf 91' lang='lat' dir='ltr'>te</span> 
     </span>
    </p>
   </div>
   <div class='ocr_carea' id='block_1_17' title="bbox 508 1592 2104 1665">
    <p class='ocr_par' dir='ltr' id='par_1_17' title="bbox 508 1592 2104 1665">
     <span class='ocr_line' id='line_1_17' title="bbox 508 1592 2104 1665; baseline -0.001 -16"><span class='ocrx_word' id='word_1_130' title='bbox 508 1592 772 1651; x_wconf 88' lang='lat' dir='ltr'>occiderit</span> <span class='ocrx_word' id='word_1_131' title='bbox 802 1593 1045 1650; x_wconf 88' lang='lat' dir='ltr'>vitulum</span> <span class='ocrx_word' id='word_1_132' title='bbox 1094 1600 1241 1659; x_wconf 85' lang='lat'>368</span> <span class='ocrx_word' id='word_1_133' title='bbox 1297 1595 1458 1649; x_wconf 90' lang='lat' dir='ltr'>illum</span> <span class='ocrx_word' id='word_1_134' title='bbox 1489 1593 1796 1665; x_wconf 88' lang='lat' dir='ltr'>saginatum</span> <span class='ocrx_word' id='word_1_135' title='bbox 1829 1592 1857 1648; x_wconf 71' lang='lat' dir='ltr'>‘I</span> <span class='ocrx_word' id='word_1_136' title='bbox 1910 1592 2104 1648; x_wconf 89' lang='lat' dir='ltr'>Zelaus</span> 
     </span>
    </p>
   </div>
   <div class='ocr_carea' id='block_1_18' title="bbox 507 1689 2102 1764">
    <p class='ocr_par' dir='ltr' id='par_1_18' title="bbox 507 1689 2102 1764">
     <span class='ocr_line' id='line_1_18' title="bbox 507 1689 2102 1764; baseline -0.003 -15"><span class='ocrx_word' id='word_1_137' title='bbox 507 1691 656 1749; x_wconf 89' lang='lat' dir='ltr'>enim</span> <span class='ocrx_word' id='word_1_138' title='bbox 704 1700 757 1749; x_wconf 88' lang='lat' dir='ltr'>te</span> <span class='ocrx_word' id='word_1_139' title='bbox 815 1695 1006 1749; x_wconf 90' lang='lat' dir='ltr'>zelor:</span> <span class='ocrx_word' id='word_1_140' title='bbox 1064 1717 1083 1740; x_wconf 78' lang='grc' dir='ltr'>ι</span> <span class='ocrx_word' id='word_1_141' title='bbox 1143 1692 1478 1764; x_wconf 87' lang='lat' dir='ltr'>Desponsavi</span> <span class='ocrx_word' id='word_1_142' title='bbox 1535 1691 1685 1747; x_wconf 92' lang='lat' dir='ltr'>enim</span> <span class='ocrx_word' id='word_1_143' title='bbox 1716 1699 1771 1747; x_wconf 90' lang='lat' dir='ltr'>te</span> <span class='ocrx_word' id='word_1_144' title='bbox 1829 1690 1929 1746; x_wconf 91' lang='lat' dir='ltr'>uni</span> <span class='ocrx_word' id='word_1_145' title='bbox 1976 1689 2102 1745; x_wconf 88' lang='lat' dir='ltr'>viro</span> 
     </span>
    </p>
   </div>
   <div class='ocr_carea' id='block_1_19' title="bbox 2209 506 3824 584">
    <p class='ocr_par' dir='ltr' id='par_1_19' title="bbox 2209 506 3824 584">
     <span class='ocr_line' id='line_1_19' title="bbox 2209 506 3824 584; baseline -0.003 -17"><span class='ocrx_word' id='word_1_146' title='bbox 2209 513 2446 584; x_wconf 84' lang='lat' dir='ltr'>amplius</span> <span class='ocrx_word' id='word_1_147' title='bbox 2490 519 2592 580; x_wconf 90' lang='lat' dir='ltr'>est,</span> <span class='ocrx_word' id='word_1_148' title='bbox 2622 528 2653 567; x_wconf 90' lang='lat' dir='ltr'><strong>a</strong></span> <span class='ocrx_word' id='word_1_149' title='bbox 2681 512 2827 566; x_wconf 91' lang='lat' dir='ltr'>malo</span> <span class='ocrx_word' id='word_1_150' title='bbox 2881 518 2964 567; x_wconf 90' lang='lat' dir='ltr'>est</span> <span class='ocrx_word' id='word_1_151' title='bbox 2992 511 3204 584; x_wconf 81' lang='lat' dir='ltr'>(Matth.</span> <span class='ocrx_word' id='word_1_152' title='bbox 3254 527 3313 577; x_wconf 88' lang='lat' dir='ltr'>v,</span> <span class='ocrx_word' id='word_1_153' title='bbox 3343 506 3559 580; x_wconf 62' lang='lat'>34-37).</span> <span class='ocrx_word' id='word_1_154' title='bbox 3595 531 3616 555; x_wconf 75' lang='grc' dir='ltr'>ι</span> <span class='ocrx_word' id='word_1_155' title='bbox 3687 508 3824 563; x_wconf 81' lang='lat' dir='ltr'>Ira-</span> 
     </span>
    </p>
   </div>
   <div class='ocr_carea' id='block_1_20' title="bbox 2210 594 3824 673">
    <p class='ocr_par' dir='ltr' id='par_1_20' title="bbox 2210 594 3824 673">
     <span class='ocr_line' id='line_1_20' title="bbox 2210 594 3824 673; baseline -0.004 -15"><span class='ocrx_word' id='word_1_156' title='bbox 2210 619 2379 670; x_wconf 86' lang='lat' dir='ltr'>scere,</span> <span class='ocrx_word' id='word_1_157' title='bbox 2411 610 2466 658; x_wconf 91' lang='lat' dir='ltr'>et</span> <span class='ocrx_word' id='word_1_158' title='bbox 2486 602 2601 658; x_wconf 90' lang='lat' dir='ltr'>noli</span> <span class='ocrx_word' id='word_1_159' title='bbox 2630 617 2853 673; x_wconf 90' lang='lat' dir='ltr'>peccare</span> <span class='ocrx_word' id='word_1_160' title='bbox 2887 600 3071 671; x_wconf 76' lang='lat' dir='ltr'>(Psal.</span> <span class='ocrx_word' id='word_1_161' title='bbox 3105 616 3186 668; x_wconf 86' lang='lat' dir='ltr'>1v,</span> <span class='ocrx_word' id='word_1_162' title='bbox 3223 598 3306 670; x_wconf 83' lang='lat'>5),</span> <span class='ocrx_word' id='word_1_163' title='bbox 3355 596 3424 653; x_wconf 88' lang='lat' dir='ltr'>ad</span> <span class='ocrx_word' id='word_1_164' title='bbox 3469 594 3824 654; x_wconf 83' lang='lat' dir='ltr'>excusandas</span> 
     </span>
    </p>
   </div>
   <div class='ocr_carea' id='block_1_21' title="bbox 2210 687 3825 766">
    <p class='ocr_par' dir='ltr' id='par_1_21' title="bbox 2210 687 3825 766">
     <span class='ocr_line' id='line_1_21' title="bbox 2210 687 3825 766; baseline -0.005 -16"><span class='ocrx_word' id='word_1_165' title='bbox 2210 695 2589 751; x_wconf 83' lang='lat' dir='ltr'>excusationes</span> <span class='ocrx_word' id='word_1_166' title='bbox 2627 694 2684 750; x_wconf 91' lang='lat' dir='ltr'>in</span> <span class='ocrx_word' id='word_1_167' title='bbox 2714 693 2953 766; x_wconf 87' lang='lat' dir='ltr'>peccatis</span> <span class='ocrx_word' id='word_1_168' title='bbox 3000 708 3128 750; x_wconf 90' lang='lat' dir='ltr'>eum</span> <span class='ocrx_word' id='word_1_169' title='bbox 3155 690 3477 747; x_wconf 90' lang='lat' dir='ltr'>hominibus</span> <span class='ocrx_word' id='word_1_170' title='bbox 3534 687 3825 762; x_wconf 81' lang='lat' dir='ltr'>aperanti-</span> 
     </span>
    </p>
   </div>
   <div class='ocr_carea' id='block_1_22' title="bbox 2208 777 3820 856">
    <p class='ocr_par' dir='ltr' id='par_1_22' title="bbox 2208 777 3820 856">
     <span class='ocr_line' id='line_1_22' title="bbox 2208 777 3820 856; baseline -0.005 -17"><span class='ocrx_word' id='word_1_171' title='bbox 2208 783 2313 839; x_wconf 90' lang='lat' dir='ltr'>bus</span> <span class='ocrx_word' id='word_1_172' title='bbox 2339 783 2687 856; x_wconf 86' lang='lat' dir='ltr'>iniquitatem</span> <span class='ocrx_word' id='word_1_173' title='bbox 2720 784 2896 854; x_wconf 83' lang='lat' dir='ltr'>(Psal.</span> <span class='ocrx_word' id='word_1_174' title='bbox 2931 798 3056 849; x_wconf 81' lang='lat' dir='ltr'>ch,</span> <span class='ocrx_word' id='word_1_175' title='bbox 3111 779 3194 853; x_wconf 76' lang='lat' dir='ltr'>li).</span> <span class='ocrx_word' id='word_1_176' title='bbox 3246 779 3494 835; x_wconf 86' lang='lat' dir='ltr'>Humilia</span> <span class='ocrx_word' id='word_1_177' title='bbox 3538 787 3617 846; x_wconf 90' lang='lat' dir='ltr'>te,</span> <span class='ocrx_word' id='word_1_178' title='bbox 3669 777 3820 845; x_wconf 86' lang='lat' dir='ltr'>ﬁlia,</span> 
     </span>
    </p>
   </div>
   <div class='ocr_carea' id='block_1_23' title="bbox 2210 866 3818 945">
    <p class='ocr_par' dir='ltr' id='par_1_23' title="bbox 2210 866 3818 945">
     <span class='ocr_line' id='line_1_23' title="bbox 2210 866 3818 945; baseline -0.004 -16"><span class='ocrx_word' id='word_1_179' title='bbox 2210 883 2336 930; x_wconf 87' lang='lat' dir='ltr'>ante</span> <span class='ocrx_word' id='word_1_180' title='bbox 2362 873 2681 942; x_wconf 82' lang='lat' dir='ltr'>Dominum,</span> <span class='ocrx_word' id='word_1_181' title='bbox 2714 872 2977 945; x_wconf 88' lang='lat' dir='ltr'>quoniam</span> <span class='ocrx_word' id='word_1_182' title='bbox 3026 895 3045 919; x_wconf 84' lang='grc'><strong>‹</strong></span> <span class='ocrx_word' id='word_1_183' title='bbox 3091 873 3238 927; x_wconf 91' lang='lat' dir='ltr'>Deus</span> <span class='ocrx_word' id='word_1_184' title='bbox 3268 868 3521 943; x_wconf 86' lang='lat' dir='ltr'>superbis</span> <span class='ocrx_word' id='word_1_185' title='bbox 3578 866 3818 936; x_wconf 79' lang='lat' dir='ltr'>resistit,</span> 
     </span>
    </p>
   </div>
   <div class='ocr_carea' id='block_1_24' title="bbox 2209 959 3796 1034">
    <p class='ocr_par' dir='ltr' id='par_1_24' title="bbox 2209 959 3796 1034">
     <span class='ocr_line' id='line_1_24' title="bbox 2209 959 3796 1034; baseline -0.004 -13"><span class='ocrx_word' id='word_1_186' title='bbox 2209 965 2515 1021; x_wconf 87' lang='lat' dir='ltr'>humilibus</span> <span class='ocrx_word' id='word_1_187' title='bbox 2572 972 2753 1020; x_wconf 89' lang='lat' dir='ltr'>autem</span> <span class='ocrx_word' id='word_1_188' title='bbox 2813 964 2908 1020; x_wconf 88' lang='lat' dir='ltr'>dat</span> <span class='ocrx_word' id='word_1_189' title='bbox 2947 962 3175 1033; x_wconf 79' lang='lat' dir='ltr'>gratiam</span> <span class='ocrx_word' id='word_1_190' title='bbox 3232 962 3293 1034; x_wconf 91' lang='grc' dir='ltr'>(Ι</span> <span class='ocrx_word' id='word_1_191' title='bbox 3338 962 3487 1017; x_wconf 83' lang='lat' dir='ltr'>Petr.</span> <span class='ocrx_word' id='word_1_192' title='bbox 3546 978 3606 1029; x_wconf 87' lang='lat' dir='ltr'>v,</span> <span class='ocrx_word' id='word_1_193' title='bbox 3661 959 3742 1031; x_wconf 75' lang='grc' dir='ltr'>ὅ).</span> <span class='ocrx_word' id='word_1_194' title='bbox 3776 984 3796 1006; x_wconf 75' lang='grc' dir='ltr'>ι</span> 
     </span>
    </p>
   </div>
   <div class='ocr_carea' id='block_1_25' title="bbox 2208 1050 3816 1120">
    <p class='ocr_par' dir='ltr' id='par_1_25' title="bbox 2208 1050 3816 1120">
     <span class='ocr_line' id='line_1_25' title="bbox 2208 1050 3816 1120; baseline -0.002 -11"><span class='ocrx_word' id='word_1_195' title='bbox 2208 1054 2420 1110; x_wconf 84' lang='lat' dir='ltr'>Accede</span> <span class='ocrx_word' id='word_1_196' title='bbox 2435 1054 2504 1109; x_wconf 88' lang='lat' dir='ltr'>ad</span> <span class='ocrx_word' id='word_1_197' title='bbox 2533 1054 2851 1120; x_wconf 90' lang='lat' dir='ltr'>Dominum,</span> <span class='ocrx_word' id='word_1_198' title='bbox 2891 1062 2954 1109; x_wconf 89' lang='lat' dir='ltr'>ut</span> <span class='ocrx_word' id='word_1_199' title='bbox 2982 1050 3263 1108; x_wconf 89' lang='lat' dir='ltr'>illuminet</span> <span class='ocrx_word' id='word_1_200' title='bbox 3297 1058 3374 1118; x_wconf 89' lang='lat' dir='ltr'>te,</span> <span class='ocrx_word' id='word_1_201' title='bbox 3422 1056 3477 1106; x_wconf 90' lang='lat' dir='ltr'>et</span> <span class='ocrx_word' id='word_1_202' title='bbox 3508 1065 3629 1106; x_wconf 91' lang='lat' dir='ltr'>non</span> <span class='ocrx_word' id='word_1_203' title='bbox 3686 1066 3816 1106; x_wconf 89' lang='lat' dir='ltr'>ern-</span> 
     </span>
    </p>
   </div>
   <div class='ocr_carea' id='block_1_26' title="bbox 2208 1142 3817 1218">
    <p class='ocr_par' dir='ltr' id='par_1_26' title="bbox 2208 1142 3817 1218">
     <span class='ocr_line' id='line_1_26' title="bbox 2208 1142 3817 1218; baseline -0.002 -17"><span class='ocrx_word' id='word_1_204' title='bbox 2208 1145 2393 1202; x_wconf 88' lang='lat' dir='ltr'>besces</span> <span class='ocrx_word' id='word_1_205' title='bbox 2422 1148 2480 1202; x_wconf 90' lang='lat' dir='ltr'>in</span> <span class='ocrx_word' id='word_1_206' title='bbox 2511 1154 2806 1218; x_wconf 87' lang='lat' dir='ltr'>conspectu</span> <span class='ocrx_word' id='word_1_207' title='bbox 2836 1145 2987 1201; x_wconf 92' lang='lat' dir='ltr'>illius</span> <span class='ocrx_word' id='word_1_208' title='bbox 3020 1145 3195 1215; x_wconf 84' lang='lat' dir='ltr'>(Psal.</span> <span class='ocrx_word' id='word_1_209' title='bbox 3228 1159 3434 1212; x_wconf 82' lang='lat' dir='ltr'>xxxm,</span> <span class='ocrx_word' id='word_1_210' title='bbox 3487 1142 3570 1215; x_wconf 85' lang='lat'>6).</span> <span class='ocrx_word' id='word_1_211' title='bbox 3604 1142 3817 1199; x_wconf 81' lang='lat' dir='ltr'>Recede</span> 
     </span>
    </p>
   </div>
   <div class='ocr_carea' id='block_1_27' title="bbox 2209 1236 3813 1312">
    <p class='ocr_par' dir='ltr' id='par_1_27' title="bbox 2209 1236 3813 1312">
     <span class='ocr_line' id='line_1_27' title="bbox 2209 1236 3813 1312; baseline -0.002 -16"><span class='ocrx_word' id='word_1_212' title='bbox 2209 1239 2276 1296; x_wconf 92' lang='lat' dir='ltr'>de</span> <span class='ocrx_word' id='word_1_213' title='bbox 2308 1241 2585 1312; x_wconf 87' lang='lat' dir='ltr'>voluptate</span> <span class='ocrx_word' id='word_1_214' title='bbox 2614 1238 2823 1306; x_wconf 66' lang='lat' dir='ltr'>saeculi,</span> <span class='ocrx_word' id='word_1_215' title='bbox 2850 1246 2904 1293; x_wconf 91' lang='lat' dir='ltr'>et</span> <span class='ocrx_word' id='word_1_216' title='bbox 2934 1236 3102 1294; x_wconf 90' lang='lat' dir='ltr'>indue</span> <span class='ocrx_word' id='word_1_217' title='bbox 3127 1245 3182 1295; x_wconf 90' lang='lat' dir='ltr'>te</span> <span class='ocrx_word' id='word_1_218' title='bbox 3211 1236 3529 1294; x_wconf 88' lang='lat' dir='ltr'>constantia</span> <span class='ocrx_word' id='word_1_219' title='bbox 3557 1236 3813 1293; x_wconf 85' lang='lat' dir='ltr'>virtutis.</span> 
     </span>
    </p>
   </div>
   <div class='ocr_carea' id='block_1_28' title="bbox 2208 1325 3813 1400">
    <p class='ocr_par' dir='ltr' id='par_1_28' title="bbox 2208 1325 3813 1400">
     <span class='ocr_line' id='line_1_28' title="bbox 2208 1325 3813 1400; baseline -0.001 -17"><span class='ocrx_word' id='word_1_220' title='bbox 2208 1330 2429 1400; x_wconf 90' lang='lat' dir='ltr'>Depone</span> <span class='ocrx_word' id='word_1_221' title='bbox 2459 1330 2787 1385; x_wconf 88' lang='lat' dir='ltr'>vestimenta</span> <span class='ocrx_word' id='word_1_222' title='bbox 2816 1328 2981 1400; x_wconf 86' lang='lat' dir='ltr'>hujus</span> <span class='ocrx_word' id='word_1_223' title='bbox 3010 1328 3221 1395; x_wconf 61' lang='lat' dir='ltr'>saeculi,</span> <span class='ocrx_word' id='word_1_224' title='bbox 3261 1334 3316 1382; x_wconf 91' lang='lat' dir='ltr'>et</span> <span class='ocrx_word' id='word_1_225' title='bbox 3344 1325 3517 1382; x_wconf 89' lang='lat' dir='ltr'>indue</span> <span class='ocrx_word' id='word_1_226' title='bbox 3547 1333 3602 1381; x_wconf 91' lang='lat' dir='ltr'>te</span> <span class='ocrx_word' id='word_1_227' title='bbox 3618 1325 3813 1382; x_wconf 86' lang='lat' dir='ltr'>tunica</span> 
     </span>
    </p>
   </div>
   <div class='ocr_carea' id='block_1_29' title="bbox 2210 1416 3817 1491">
    <p class='ocr_par' dir='ltr' id='par_1_29' title="bbox 2210 1416 3817 1491">
     <span class='ocr_line' id='line_1_29' title="bbox 2210 1416 3817 1491; baseline -0.002 -17"><span class='ocrx_word' id='word_1_228' title='bbox 2210 1419 2609 1490; x_wconf 87' lang='lat' dir='ltr'>perpetuitatis.</span> <span class='ocrx_word' id='word_1_229' title='bbox 2686 1419 3017 1491; x_wconf 88' lang='lat' dir='ltr'>Derelinque</span> <span class='ocrx_word' id='word_1_230' title='bbox 3071 1418 3225 1474; x_wconf 91' lang='lat' dir='ltr'>cibos</span> <span class='ocrx_word' id='word_1_231' title='bbox 3279 1416 3441 1472; x_wconf 88' lang='lat' dir='ltr'>istius</span> <span class='ocrx_word' id='word_1_232' title='bbox 3489 1416 3703 1483; x_wconf 78' lang='lat' dir='ltr'>saeculi,</span> <span class='ocrx_word' id='word_1_233' title='bbox 3760 1424 3817 1471; x_wconf 91' lang='lat' dir='ltr'>et</span> 
     </span>
    </p>
   </div>
   <div class='ocr_carea' id='block_1_30' title="bbox 2210 1504 3811 1580">
    <p class='ocr_par' dir='ltr' id='par_1_30' title="bbox 2210 1504 3811 1580">
     <span class='ocr_line' id='line_1_30' title="bbox 2210 1504 3811 1580; baseline -0.001 -17"><span class='ocrx_word' id='word_1_234' title='bbox 2210 1509 2394 1580; x_wconf 85' lang='lat' dir='ltr'>accipe</span> <span class='ocrx_word' id='word_1_235' title='bbox 2409 1509 2513 1564; x_wconf 90' lang='lat' dir='ltr'>tibi</span> <span class='ocrx_word' id='word_1_236' title='bbox 2534 1508 2730 1566; x_wconf 89' lang='lat' dir='ltr'>Sancta</span> <span class='ocrx_word' id='word_1_237' title='bbox 2759 1516 3077 1565; x_wconf 90' lang='lat' dir='ltr'>sanctorum</span> <span class='ocrx_word' id='word_1_238' title='bbox 3101 1508 3207 1580; x_wconf 82' lang='lat'>(5).</span> <span class='ocrx_word' id='word_1_239' title='bbox 3231 1507 3537 1563; x_wconf 86' lang='lat' dir='ltr'>Memorare</span> <span class='ocrx_word' id='word_1_240' title='bbox 3557 1504 3811 1574; x_wconf 85' lang='lat' dir='ltr'>Sidrach,</span> 
     </span>
    </p>
   </div>
   <div class='ocr_carea' id='block_1_31' title="bbox 2209 1596 3816 1669">
    <p class='ocr_par' dir='ltr' id='par_1_31' title="bbox 2209 1596 3816 1669">
     <span class='ocr_line' id='line_1_31' title="bbox 2209 1596 3816 1669; baseline -0.002 -17"><span class='ocrx_word' id='word_1_241' title='bbox 2209 1596 2436 1664; x_wconf 88' lang='lat' dir='ltr'>Misach,</span> <span class='ocrx_word' id='word_1_242' title='bbox 2486 1597 2804 1669; x_wconf 85' lang='lat' dir='ltr'>Abdenago,</span> <span class='ocrx_word' id='word_1_243' title='bbox 2867 1606 2922 1654; x_wconf 92' lang='lat' dir='ltr'>et</span> <span class='ocrx_word' id='word_1_244' title='bbox 2949 1597 3144 1654; x_wconf 90' lang='lat' dir='ltr'>Daniel</span> <span class='ocrx_word' id='word_1_245' title='bbox 3200 1611 3482 1652; x_wconf 88' lang='lat' dir='ltr'>recusasse</span> <span class='ocrx_word' id='word_1_246' title='bbox 3533 1610 3732 1651; x_wconf 87' lang='lat' dir='ltr'>carnes</span> <span class='ocrx_word' id='word_1_247' title='bbox 3758 1602 3816 1650; x_wconf 87' lang='lat' dir='ltr'>et</span> 
     </span>
    </p>
   </div>
   <div class='ocr_carea' id='block_1_32' title="bbox 2211 1683 3805 1759">
    <p class='ocr_par' dir='ltr' id='par_1_32' title="bbox 2211 1683 3805 1759">
     <span class='ocr_line' id='line_1_32' title="bbox 2211 1683 3805 1759; baseline -0.002 -18"><span class='ocrx_word' id='word_1_248' title='bbox 2211 1686 2406 1741; x_wconf 90' lang='lat' dir='ltr'>vinum</span> <span class='ocrx_word' id='word_1_249' title='bbox 2433 1687 2753 1758; x_wconf 83' lang='lat' dir='ltr'>gentilium,</span> <span class='ocrx_word' id='word_1_250' title='bbox 2771 1695 2826 1743; x_wconf 91' lang='lat' dir='ltr'>et</span> <span class='ocrx_word' id='word_1_251' title='bbox 2849 1687 3120 1759; x_wconf 89' lang='lat' dir='ltr'>accepisse</span> <span class='ocrx_word' id='word_1_252' title='bbox 3146 1685 3254 1741; x_wconf 91' lang='lat' dir='ltr'>sibi</span> <span class='ocrx_word' id='word_1_253' title='bbox 3283 1684 3434 1741; x_wconf 91' lang='lat' dir='ltr'>olera</span> <span class='ocrx_word' id='word_1_254' title='bbox 3449 1691 3499 1739; x_wconf 88' lang='lat' dir='ltr'>et</span> <span class='ocrx_word' id='word_1_255' title='bbox 3517 1683 3805 1755; x_wconf 83' lang='lat' dir='ltr'>legumina</span> 
     </span>
    </p>
   </div>
   <div class='ocr_carea' id='block_1_33' title="bbox 508 1774 3813 1852">
    <p class='ocr_par' dir='ltr' id='par_1_33' title="bbox 508 1774 3813 1852">
     <span class='ocr_line' id='line_1_33' title="bbox 508 1774 3813 1852; baseline -0.002 -18"><span class='ocrx_word' id='word_1_256' title='bbox 508 1779 780 1851; x_wconf 82' lang='lat' dir='ltr'>virginem</span> <span class='ocrx_word' id='word_1_257' title='bbox 819 1790 1025 1838; x_wconf 87' lang='lat' dir='ltr'>castam</span> <span class='ocrx_word' id='word_1_258' title='bbox 1085 1780 1347 1836; x_wconf 86' lang='lat' dir='ltr'>exhibere</span> <span class='ocrx_word' id='word_1_259' title='bbox 1404 1779 1645 1837; x_wconf 87' lang='lat' dir='ltr'>Christo.</span> <span class='ocrx_word' id='word_1_260' title='bbox 1705 1779 1896 1835; x_wconf 87' lang='lat' dir='ltr'>Timeo</span> <span class='ocrx_word' id='word_1_261' title='bbox 1952 1778 2098 1835; x_wconf 89' lang='lat' dir='ltr'>enim</span> <span class='ocrx_word' id='word_1_262' title='bbox 2133 1792 2176 1852; x_wconf 82' lang='grc' dir='ltr'>Β</span> <span class='ocrx_word' id='word_1_263' title='bbox 2213 1777 2378 1847; x_wconf 86' lang='lat' dir='ltr'>(Dan.</span> <span class='ocrx_word' id='word_1_264' title='bbox 2413 1793 2452 1843; x_wconf 87' lang='grc' dir='ltr'>ι,</span> <span class='ocrx_word' id='word_1_265' title='bbox 2483 1776 2659 1847; x_wconf 77' lang='grc'>8-12).</span> <span class='ocrx_word' id='word_1_266' title='bbox 2691 1777 2970 1832; x_wconf 89' lang='lat' dir='ltr'>Memento</span> <span class='ocrx_word' id='word_1_267' title='bbox 2985 1774 3353 1833; x_wconf 87' lang='lat' dir='ltr'>Machabaeam</span> <span class='ocrx_word' id='word_1_268' title='bbox 3375 1780 3590 1845; x_wconf 87' lang='lat' dir='ltr'>propter</span> <span class='ocrx_word' id='word_1_269' title='bbox 3607 1787 3813 1828; x_wconf 85' lang='lat' dir='ltr'>carnes</span> 
     </span>
    </p>
   </div>
   <div class='ocr_carea' id='block_1_34' title="bbox 507 1867 2098 1941">
    <p class='ocr_par' dir='ltr' id='par_1_34' title="bbox 507 1867 2098 1941">
     <span class='ocr_line' id='line_1_34' title="bbox 507 1867 2098 1941; baseline 0 -18"><span class='ocrx_word' id='word_1_270' title='bbox 507 1883 595 1936; x_wconf 93' lang='lat' dir='ltr'>ne,</span> <span class='ocrx_word' id='word_1_271' title='bbox 671 1868 815 1924; x_wconf 90' lang='lat' dir='ltr'>sicut</span> <span class='ocrx_word' id='word_1_272' title='bbox 876 1885 1100 1941; x_wconf 89' lang='lat' dir='ltr'>serpens</span> <span class='ocrx_word' id='word_1_273' title='bbox 1166 1870 1347 1924; x_wconf 90' lang='lat' dir='ltr'>Evam</span> <span class='ocrx_word' id='word_1_274' title='bbox 1400 1868 1623 1926; x_wconf 81' lang='lat' dir='ltr'>seduxit</span> <span class='ocrx_word' id='word_1_275' title='bbox 1703 1867 1906 1924; x_wconf 89' lang='lat' dir='ltr'>astutia</span> <span class='ocrx_word' id='word_1_276' title='bbox 1982 1884 2098 1937; x_wconf 89' lang='lat' dir='ltr'>sua,</span> 
     </span>
    </p>
   </div>
   <div class='ocr_carea' id='block_1_35' title="bbox 506 1953 2104 2028">
    <p class='ocr_par' dir='ltr' id='par_1_35' title="bbox 506 1953 2104 2028">
     <span class='ocr_line' id='line_1_35' title="bbox 506 1953 2104 2028; baseline 0 -19"><span class='ocrx_word' id='word_1_277' title='bbox 506 1954 587 2010; x_wconf 89' lang='lat' dir='ltr'>sic</span> <span class='ocrx_word' id='word_1_278' title='bbox 651 1956 733 2011; x_wconf 91' lang='lat' dir='ltr'>tui</span> <span class='ocrx_word' id='word_1_279' title='bbox 815 1972 1008 2013; x_wconf 87' lang='lat' dir='ltr'>sensus</span> <span class='ocrx_word' id='word_1_280' title='bbox 1072 1965 1522 2028; x_wconf 88' lang='lat' dir='ltr'>corrumpantur,</span> <span class='ocrx_word' id='word_1_281' title='bbox 1606 1963 1660 2012; x_wconf 92' lang='lat' dir='ltr'>et</span> <span class='ocrx_word' id='word_1_282' title='bbox 1728 1953 1993 2012; x_wconf 88' lang='lat' dir='ltr'>excidant</span> <span class='ocrx_word' id='word_1_283' title='bbox 2071 1970 2104 2009; x_wconf 91' lang='lat' dir='ltr'>a</span> 
     </span>
    </p>
   </div>
   <div class='ocr_carea' id='block_1_36' title="bbox 506 2042 2098 2117">
    <p class='ocr_par' dir='ltr' id='par_1_36' title="bbox 506 2042 2098 2117">
     <span class='ocr_line' id='line_1_36' title="bbox 506 2042 2098 2117; baseline -0.002 -16"><span class='ocrx_word' id='word_1_284' title='bbox 506 2042 771 2101; x_wconf 84' lang='lat' dir='ltr'>charitate</span> <span class='ocrx_word' id='word_1_285' title='bbox 827 2060 949 2117; x_wconf 75' lang='lat' dir='ltr'>quae</span> <span class='ocrx_word' id='word_1_286' title='bbox 1006 2054 1087 2102; x_wconf 91' lang='lat' dir='ltr'>est</span> <span class='ocrx_word' id='word_1_287' title='bbox 1132 2047 1191 2102; x_wconf 92' lang='lat' dir='ltr'>in</span> <span class='ocrx_word' id='word_1_288' title='bbox 1252 2046 1473 2104; x_wconf 90' lang='lat' dir='ltr'>Christo</span> <span class='ocrx_word' id='word_1_289' title='bbox 1519 2046 1647 2102; x_wconf 88' lang='lat' dir='ltr'>Jesu</span> <span class='ocrx_word' id='word_1_290' title='bbox 1705 2045 1795 2117; x_wconf 89' lang='lat' dir='ltr'>(II</span> <span class='ocrx_word' id='word_1_291' title='bbox 1845 2044 1971 2100; x_wconf 86' lang='lat' dir='ltr'>Cor.</span> <span class='ocrx_word' id='word_1_292' title='bbox 2019 2060 2098 2111; x_wconf 86' lang='lat' dir='ltr'>x1,</span> 
     </span>
    </p>
   </div>
   <div class='ocr_carea' id='block_1_37' title="bbox 505 2132 722 2206">
    <p class='ocr_par' dir='ltr' id='par_1_37' title="bbox 505 2132 722 2206">
     <span class='ocr_line' id='line_1_37' title="bbox 505 2132 722 2206; baseline 0 -16"><span class='ocrx_word' id='word_1_293' title='bbox 505 2132 559 2202; x_wconf 82' lang='lat'>2,</span> <span class='ocrx_word' id='word_1_294' title='bbox 592 2134 671 2206; x_wconf 87' lang='lat'>3).</span> <span class='ocrx_word' id='word_1_295' title='bbox 704 2159 722 2181; x_wconf 74' lang='grc' dir='ltr'>ι</span> 
     </span>
    </p>
   </div>
   <div class='ocr_carea' id='block_1_38' title="bbox 578 2222 2102 2299">
    <p class='ocr_par' dir='ltr' id='par_1_38' title="bbox 578 2222 2102 2299">
     <span class='ocr_line' id='line_1_38' title="bbox 578 2222 2102 2299; baseline -0.003 -18"><span class='ocrx_word' id='word_1_296' title='bbox 578 2222 805 2281; x_wconf 84' lang='lat' dir='ltr'><strong>CAPUT</strong></span> <span class='ocrx_word' id='word_1_297' title='bbox 844 2226 938 2282; x_wconf 90' lang='lat' dir='ltr'>IlI.</span> <span class='ocrx_word' id='word_1_298' title='bbox 968 2257 1039 2267; x_wconf 94' lang='lat'><strong><em>—</em></strong></span> <span class='ocrx_word' id='word_1_299' title='bbox 1075 2225 1217 2283; x_wconf 89' lang='lat' dir='ltr'>Vide</span> <span class='ocrx_word' id='word_1_300' title='bbox 1243 2242 1372 2299; x_wconf 88' lang='lat' dir='ltr'>ergo</span> <span class='ocrx_word' id='word_1_301' title='bbox 1391 2233 1446 2282; x_wconf 91' lang='lat' dir='ltr'>et</span> <span class='ocrx_word' id='word_1_302' title='bbox 1474 2236 1606 2283; x_wconf 86' lang='lat' dir='ltr'>cave</span> <span class='ocrx_word' id='word_1_303' title='bbox 1634 2225 1701 2281; x_wconf 91' lang='lat' dir='ltr'>de</span> <span class='ocrx_word' id='word_1_304' title='bbox 1755 2224 1877 2281; x_wconf 89' lang='lat' dir='ltr'>istis</span> <span class='ocrx_word' id='word_1_305' title='bbox 1923 2222 2102 2278; x_wconf 86' lang='lat' dir='ltr'>homi-</span> 
     </span>
    </p>
   </div>
   <div class='ocr_carea' id='block_1_39' title="bbox 506 2313 2104 2382">
    <p class='ocr_par' dir='ltr' id='par_1_39' title="bbox 506 2313 2104 2382">
     <span class='ocr_line' id='line_1_39' title="bbox 506 2313 2104 2382; baseline -0.002 -12"><span class='ocrx_word' id='word_1_306' title='bbox 506 2313 694 2382; x_wconf 88' lang='lat' dir='ltr'>nibus,</span> <span class='ocrx_word' id='word_1_307' title='bbox 713 2322 775 2370; x_wconf 90' lang='lat' dir='ltr'>ut</span> <span class='ocrx_word' id='word_1_308' title='bbox 804 2315 945 2371; x_wconf 90' lang='lat' dir='ltr'>mihi</span> <span class='ocrx_word' id='word_1_309' title='bbox 977 2332 1133 2373; x_wconf 91' lang='lat' dir='ltr'>soror</span> <span class='ocrx_word' id='word_1_310' title='bbox 1159 2324 1215 2372; x_wconf 94' lang='lat' dir='ltr'>et</span> <span class='ocrx_word' id='word_1_311' title='bbox 1243 2316 1469 2373; x_wconf 91' lang='lat' dir='ltr'>domina</span> <span class='ocrx_word' id='word_1_312' title='bbox 1511 2314 1836 2371; x_wconf 91' lang='lat' dir='ltr'>nomineris.</span> <span class='ocrx_word' id='word_1_313' title='bbox 1882 2339 1899 2362; x_wconf 78' lang='grc' dir='ltr'>ι</span> <span class='ocrx_word' id='word_1_314' title='bbox 1957 2315 2104 2369; x_wconf 85' lang='lat' dir='ltr'>Intra</span> 
     </span>
    </p>
   </div>
   <div class='ocr_carea' id='block_1_40' title="bbox 504 2402 2096 2475">
    <p class='ocr_par' dir='ltr' id='par_1_40' title="bbox 504 2402 2096 2475">
     <span class='ocr_line' id='line_1_40' title="bbox 504 2402 2096 2475; baseline 0.001 -16"><span class='ocrx_word' id='word_1_315' title='bbox 504 2402 565 2459; x_wconf 92' lang='lat' dir='ltr'>in</span> <span class='ocrx_word' id='word_1_316' title='bbox 592 2404 935 2474; x_wconf 90' lang='lat' dir='ltr'>cubiculum,</span> <span class='ocrx_word' id='word_1_317' title='bbox 967 2406 1154 2462; x_wconf 88' lang='lat' dir='ltr'>clauso</span> <span class='ocrx_word' id='word_1_318' title='bbox 1173 2405 1316 2461; x_wconf 92' lang='lat' dir='ltr'>ostio</span> <span class='ocrx_word' id='word_1_319' title='bbox 1331 2421 1426 2462; x_wconf 89' lang='lat' dir='ltr'>ora</span> <span class='ocrx_word' id='word_1_320' title='bbox 1447 2405 1663 2461; x_wconf 88' lang='lat' dir='ltr'>Patrem</span> <span class='ocrx_word' id='word_1_321' title='bbox 1684 2411 1845 2460; x_wconf 92' lang='lat' dir='ltr'>tuum</span> <span class='ocrx_word' id='word_1_322' title='bbox 1876 2404 2096 2475; x_wconf 84' lang='lat' dir='ltr'>(Matth.</span> 
     </span>
    </p>
   </div>
   <div class='ocr_carea' id='block_1_41' title="bbox 510 2494 2095 2567">
    <p class='ocr_par' dir='ltr' id='par_1_41' title="bbox 510 2494 2095 2567">
     <span class='ocr_line' id='line_1_41' title="bbox 510 2494 2095 2567; baseline -0.003 -15"><span class='ocrx_word' id='word_1_323' title='bbox 510 2512 585 2562; x_wconf 83' lang='lat' dir='ltr'>v1,</span> <span class='ocrx_word' id='word_1_324' title='bbox 616 2495 697 2567; x_wconf 91' lang='lat'>6),</span> <span class='ocrx_word' id='word_1_325' title='bbox 734 2520 754 2543; x_wconf 78' lang='grc' dir='ltr'>ι</span> <span class='ocrx_word' id='word_1_326' title='bbox 803 2503 867 2551; x_wconf 90' lang='lat' dir='ltr'>ut</span> <span class='ocrx_word' id='word_1_327' title='bbox 892 2495 984 2551; x_wconf 92' lang='lat' dir='ltr'>det</span> <span class='ocrx_word' id='word_1_328' title='bbox 1009 2494 1111 2552; x_wconf 89' lang='lat' dir='ltr'>tibi</span> <span class='ocrx_word' id='word_1_329' title='bbox 1146 2503 1388 2552; x_wconf 88' lang='lat' dir='ltr'>mentem</span> <span class='ocrx_word' id='word_1_330' title='bbox 1417 2495 1621 2552; x_wconf 91' lang='lat' dir='ltr'>bonam</span> <span class='ocrx_word' id='word_1_331' title='bbox 1650 2501 1705 2550; x_wconf 91' lang='lat' dir='ltr'>et</span> <span class='ocrx_word' id='word_1_332' title='bbox 1725 2494 2095 2562; x_wconf 89' lang='lat' dir='ltr'>intellectum,</span> 
     </span>
    </p>
   </div>
   <div class='ocr_carea' id='block_1_42' title="bbox 506 2582 2103 2659">
    <p class='ocr_par' dir='ltr' id='par_1_42' title="bbox 506 2582 2103 2659">
     <span class='ocr_line' id='line_1_42' title="bbox 506 2582 2103 2659; baseline -0.002 -18"><span class='ocrx_word' id='word_1_333' title='bbox 506 2591 568 2641; x_wconf 91' lang='lat' dir='ltr'>ut</span> <span class='ocrx_word' id='word_1_334' title='bbox 594 2584 735 2641; x_wconf 81' lang='lat' dir='ltr'>scias</span> <span class='ocrx_word' id='word_1_335' title='bbox 786 2600 924 2656; x_wconf 89' lang='lat' dir='ltr'>quos</span> <span class='ocrx_word' id='word_1_336' title='bbox 952 2583 1151 2642; x_wconf 89' lang='lat' dir='ltr'>debeas</span> <span class='ocrx_word' id='word_1_337' title='bbox 1208 2586 1384 2659; x_wconf 87' lang='lat' dir='ltr'>sequi,</span> <span class='ocrx_word' id='word_1_338' title='bbox 1422 2592 1476 2640; x_wconf 90' lang='lat' dir='ltr'>et</span> <span class='ocrx_word' id='word_1_339' title='bbox 1501 2600 1638 2657; x_wconf 90' lang='lat' dir='ltr'>quos</span> <span class='ocrx_word' id='word_1_340' title='bbox 1697 2584 1872 2640; x_wconf 66' lang='lat' dir='ltr'>vitare</span> <span class='ocrx_word' id='word_1_341' title='bbox 1901 2601 1914 2651; x_wconf 92' lang='lat'>;</span> <span class='ocrx_word' id='word_1_342' title='bbox 1973 2582 2103 2655; x_wconf 91' lang='lat' dir='ltr'>quia</span> 
     </span>
    </p>
   </div>
   <div class='ocr_carea' id='block_1_43' title="bbox 505 2671 2102 2748">
    <p class='ocr_par' dir='ltr' id='par_1_43' title="bbox 505 2671 2102 2748">
     <span class='ocr_line' id='line_1_43' title="bbox 505 2671 2102 2748; baseline -0.002 -18"><span class='ocrx_word' id='word_1_343' title='bbox 505 2674 669 2731; x_wconf 89' lang='lat' dir='ltr'>multi</span> <span class='ocrx_word' id='word_1_344' title='bbox 695 2682 825 2731; x_wconf 91' lang='lat' dir='ltr'>sunt</span> <span class='ocrx_word' id='word_1_345' title='bbox 854 2674 950 2748; x_wconf 88' lang='lat' dir='ltr'>qui</span> <span class='ocrx_word' id='word_1_346' title='bbox 980 2673 1198 2747; x_wconf 89' lang='lat' dir='ltr'>ﬁngunt</span> <span class='ocrx_word' id='word_1_347' title='bbox 1219 2690 1276 2731; x_wconf 92' lang='lat' dir='ltr'>se</span> <span class='ocrx_word' id='word_1_348' title='bbox 1314 2690 1430 2730; x_wconf 90' lang='lat' dir='ltr'>esse</span> <span class='ocrx_word' id='word_1_349' title='bbox 1456 2674 1604 2747; x_wconf 91' lang='lat' dir='ltr'>quod</span> <span class='ocrx_word' id='word_1_350' title='bbox 1653 2688 1765 2728; x_wconf 92' lang='lat' dir='ltr'>non</span> <span class='ocrx_word' id='word_1_351' title='bbox 1794 2679 1944 2741; x_wconf 91' lang='lat' dir='ltr'>sunt,</span> <span class='ocrx_word' id='word_1_352' title='bbox 2004 2671 2102 2728; x_wconf 89' lang='lat' dir='ltr'>sed</span> 
     </span>
    </p>
   </div>
   <div class='ocr_carea' id='block_1_44' title="bbox 505 2760 2102 2837">
    <p class='ocr_par' dir='ltr' id='par_1_44' title="bbox 505 2760 2102 2837">
     <span class='ocr_line' id='line_1_44' title="bbox 505 2760 2102 2837; baseline -0.003 -17"><span class='ocrx_word' id='word_1_353' title='bbox 505 2764 887 2822; x_wconf 89' lang='lat' dir='ltr'>mentiuntur:</span> <span class='ocrx_word' id='word_1_354' title='bbox 917 2773 972 2822; x_wconf 90' lang='lat' dir='ltr'>et</span> <span class='ocrx_word' id='word_1_355' title='bbox 994 2764 1174 2821; x_wconf 88' lang='lat' dir='ltr'>nescis</span> <span class='ocrx_word' id='word_1_356' title='bbox 1203 2763 1465 2837; x_wconf 89' lang='lat' dir='ltr'>quoniam</span> <span class='ocrx_word' id='word_1_357' title='bbox 1495 2762 1565 2820; x_wconf 91' lang='lat' dir='ltr'>de</span> <span class='ocrx_word' id='word_1_358' title='bbox 1613 2761 1797 2818; x_wconf 89' lang='lat' dir='ltr'>anima</span> <span class='ocrx_word' id='word_1_359' title='bbox 1822 2768 1920 2816; x_wconf 89' lang='lat' dir='ltr'>tua</span> <span class='ocrx_word' id='word_1_360' title='bbox 1973 2760 2102 2833; x_wconf 89' lang='lat' dir='ltr'>agi-</span> 
     </span>
    </p>
   </div>
   <div class='ocr_carea' id='block_1_45' title="bbox 504 2851 2102 2928">
    <p class='ocr_par' dir='ltr' id='par_1_45' title="bbox 504 2851 2102 2928">
     <span class='ocr_line' id='line_1_45' title="bbox 504 2851 2102 2928; baseline -0.001 -17"><span class='ocrx_word' id='word_1_361' title='bbox 504 2862 631 2923; x_wconf 88' lang='lat' dir='ltr'>tur;</span> <span class='ocrx_word' id='word_1_362' title='bbox 661 2871 730 2912; x_wconf 91' lang='lat' dir='ltr'>ne</span> <span class='ocrx_word' id='word_1_363' title='bbox 757 2857 964 2913; x_wconf 88' lang='lat' dir='ltr'>ducant</span> <span class='ocrx_word' id='word_1_364' title='bbox 989 2862 1043 2911; x_wconf 92' lang='lat' dir='ltr'>te</span> <span class='ocrx_word' id='word_1_365' title='bbox 1088 2856 1388 2928; x_wconf 87' lang='lat' dir='ltr'>captivam,</span> <span class='ocrx_word' id='word_1_366' title='bbox 1439 2854 1584 2911; x_wconf 90' lang='lat' dir='ltr'>sicut</span> <span class='ocrx_word' id='word_1_367' title='bbox 1643 2853 1845 2910; x_wconf 89' lang='lat' dir='ltr'>bovem</span> <span class='ocrx_word' id='word_1_368' title='bbox 1890 2851 1986 2925; x_wconf 91' lang='lat' dir='ltr'>qui</span> <span class='ocrx_word' id='word_1_369' title='bbox 2031 2852 2102 2909; x_wconf 88' lang='lat' dir='ltr'>ad</span> 
     </span>
    </p>
   </div>
   <div class='ocr_carea' id='block_1_46' title="bbox 503 2941 2094 3013">
    <p class='ocr_par' dir='ltr' id='par_1_46' title="bbox 503 2941 2094 3013">
     <span class='ocr_line' id='line_1_46' title="bbox 503 2941 2094 3013; baseline -0.003 -13"><span class='ocrx_word' id='word_1_370' title='bbox 503 2943 837 3000; x_wconf 87' lang='lat' dir='ltr'>occisionem</span> <span class='ocrx_word' id='word_1_371' title='bbox 866 2942 1124 2999; x_wconf 90' lang='lat' dir='ltr'>ducitur:</span> <span class='ocrx_word' id='word_1_372' title='bbox 1152 2951 1248 2999; x_wconf 87' lang='lat' dir='ltr'>aut</span> <span class='ocrx_word' id='word_1_373' title='bbox 1276 2945 1432 3000; x_wconf 90' lang='lat' dir='ltr'>velut</span> <span class='ocrx_word' id='word_1_374' title='bbox 1473 2959 1688 3011; x_wconf 88' lang='lat' dir='ltr'>canem,</span> <span class='ocrx_word' id='word_1_375' title='bbox 1725 2950 1795 3009; x_wconf 43' lang='lat' dir='ltr'>ut,</span> <span class='ocrx_word' id='word_1_376' title='bbox 1816 2941 2094 3013; x_wconf 83' lang='lat' dir='ltr'>alligetur.</span> 
     </span>
    </p>
   </div>
   <div class='ocr_carea' id='block_1_47' title="bbox 504 3031 2100 3104">
    <p class='ocr_par' dir='ltr' id='par_1_47' title="bbox 504 3031 2100 3104">
     <span class='ocr_line' id='line_1_47' title="bbox 504 3031 2100 3104; baseline -0.002 -15"><span class='ocrx_word' id='word_1_377' title='bbox 504 3032 583 3089; x_wconf 87' lang='lat' dir='ltr'>Ne</span> <span class='ocrx_word' id='word_1_378' title='bbox 611 3031 839 3088; x_wconf 87' lang='lat' dir='ltr'>festines</span> <span class='ocrx_word' id='word_1_379' title='bbox 866 3032 1011 3088; x_wconf 91' lang='lat' dir='ltr'>sicut</span> <span class='ocrx_word' id='word_1_380' title='bbox 1034 3031 1154 3088; x_wconf 88' lang='lat' dir='ltr'>avis</span> <span class='ocrx_word' id='word_1_381' title='bbox 1181 3032 1240 3087; x_wconf 90' lang='lat' dir='ltr'>in</span> <span class='ocrx_word' id='word_1_382' title='bbox 1267 3032 1545 3104; x_wconf 87' lang='lat' dir='ltr'>laqueum.</span> <span class='ocrx_word' id='word_1_383' title='bbox 1566 3031 1716 3088; x_wconf 86' lang='lat' dir='ltr'>Audi</span> <span class='ocrx_word' id='word_1_384' title='bbox 1740 3048 1851 3097; x_wconf 87' lang='lat' dir='ltr'>me,</span> <span class='ocrx_word' id='word_1_385' title='bbox 1875 3046 2100 3087; x_wconf 89' lang='lat' dir='ltr'>remove</span> 
     </span>
    </p>
   </div>
   <div class='ocr_carea' id='block_1_48' title="bbox 2212 1862 3814 1939">
    <p class='ocr_par' dir='ltr' id='par_1_48' title="bbox 2212 1862 3814 1939">
     <span class='ocr_line' id='line_1_48' title="bbox 2212 1862 3814 1939; baseline -0.002 -17"><span class='ocrx_word' id='word_1_386' title='bbox 2212 1866 2464 1938; x_wconf 88' lang='lat' dir='ltr'>porcinas</span> <span class='ocrx_word' id='word_1_387' title='bbox 2503 1882 2714 1939; x_wconf 88' lang='lat' dir='ltr'>passam</span> <span class='ocrx_word' id='word_1_388' title='bbox 2747 1866 2938 1934; x_wconf 91' lang='lat' dir='ltr'>fuisse,</span> <span class='ocrx_word' id='word_1_389' title='bbox 2966 1873 3020 1921; x_wconf 90' lang='lat' dir='ltr'>et</span> <span class='ocrx_word' id='word_1_390' title='bbox 3049 1865 3198 1921; x_wconf 88' lang='lat' dir='ltr'>ﬁlios</span> <span class='ocrx_word' id='word_1_391' title='bbox 3256 1863 3432 1936; x_wconf 91' lang='lat' dir='ltr'>ipsius</span> <span class='ocrx_word' id='word_1_392' title='bbox 3454 1871 3665 1919; x_wconf 87' lang='lat' dir='ltr'>assatos</span> <span class='ocrx_word' id='word_1_393' title='bbox 3718 1862 3814 1919; x_wconf 89' lang='lat' dir='ltr'>vel</span> 
     </span>
    </p>
   </div>
   <div class='ocr_carea' id='block_1_49' title="bbox 2209 1954 3799 2031">
    <p class='ocr_par' dir='ltr' id='par_1_49' title="bbox 2209 1954 3799 2031">
     <span class='ocr_line' id='line_1_49' title="bbox 2209 1954 3799 2031; baseline -0.003 -17"><span class='ocrx_word' id='word_1_394' title='bbox 2209 1959 2384 2015; x_wconf 85' lang='lat' dir='ltr'>frixos</span> <span class='ocrx_word' id='word_1_395' title='bbox 2412 1959 2468 2015; x_wconf 91' lang='lat' dir='ltr'>in</span> <span class='ocrx_word' id='word_1_396' title='bbox 2495 1961 2616 2015; x_wconf 89' lang='lat' dir='ltr'>oleo</span> <span class='ocrx_word' id='word_1_397' title='bbox 2649 1960 2739 2031; x_wconf 88' lang='lat' dir='ltr'>(II</span> <span class='ocrx_word' id='word_1_398' title='bbox 2760 1961 2935 2017; x_wconf 82' lang='lat' dir='ltr'>Mach.</span> <span class='ocrx_word' id='word_1_399' title='bbox 2968 1976 3071 2026; x_wconf 85' lang='lat' dir='ltr'>vn,</span> <span class='ocrx_word' id='word_1_400' title='bbox 3105 1958 3132 2013; x_wconf 91' lang='grc'>1</span> <span class='ocrx_word' id='word_1_401' title='bbox 3164 1956 3322 2029; x_wconf 83' lang='lat' dir='ltr'>seq.).</span> <span class='ocrx_word' id='word_1_402' title='bbox 3355 1954 3620 2023; x_wconf 83' lang='lat' dir='ltr'>Ambula,</span> <span class='ocrx_word' id='word_1_403' title='bbox 3656 1954 3799 2024; x_wconf 88' lang='lat' dir='ltr'>ﬁlia,</span> 
     </span>
    </p>
   </div>
   <div class='ocr_carea' id='block_1_50' title="bbox 2212 2044 3813 2117">
    <p class='ocr_par' dir='ltr' id='par_1_50' title="bbox 2212 2044 3813 2117">
     <span class='ocr_line' id='line_1_50' title="bbox 2212 2044 3813 2117; baseline -0.001 -14"><span class='ocrx_word' id='word_1_404' title='bbox 2212 2048 2269 2103; x_wconf 89' lang='lat' dir='ltr'>in</span> <span class='ocrx_word' id='word_1_405' title='bbox 2299 2048 2492 2105; x_wconf 87' lang='lat' dir='ltr'>habitu</span> <span class='ocrx_word' id='word_1_406' title='bbox 2519 2056 2730 2117; x_wconf 75' lang='lat' dir='ltr'>sancto,</span> <span class='ocrx_word' id='word_1_407' title='bbox 2761 2065 2887 2105; x_wconf 91' lang='lat' dir='ltr'>cum</span> <span class='ocrx_word' id='word_1_408' title='bbox 2912 2046 3269 2113; x_wconf 86' lang='lat' dir='ltr'>verecundia,</span> <span class='ocrx_word' id='word_1_409' title='bbox 3299 2053 3354 2102; x_wconf 90' lang='lat' dir='ltr'>et</span> <span class='ocrx_word' id='word_1_410' title='bbox 3408 2044 3730 2114; x_wconf 88' lang='lat' dir='ltr'>sobrietate,</span> <span class='ocrx_word' id='word_1_411' title='bbox 3760 2054 3813 2102; x_wconf 89' lang='lat' dir='ltr'>et</span> 
     </span>
    </p>
   </div>
   <div class='ocr_carea' id='block_1_51' title="bbox 2212 2134 3813 2210">
    <p class='ocr_par' dir='ltr' id='par_1_51' title="bbox 2212 2134 3813 2210">
     <span class='ocr_line' id='line_1_51' title="bbox 2212 2134 3813 2210; baseline -0.001 -18"><span class='ocrx_word' id='word_1_412' title='bbox 2212 2137 2497 2209; x_wconf 87' lang='lat' dir='ltr'>gravitate.</span> <span class='ocrx_word' id='word_1_413' title='bbox 2560 2139 2782 2210; x_wconf 88' lang='lat' dir='ltr'>Depone</span> <span class='ocrx_word' id='word_1_414' title='bbox 2811 2136 3186 2202; x_wconf 89' lang='lat' dir='ltr'>mendacium,</span> <span class='ocrx_word' id='word_1_415' title='bbox 3244 2136 3469 2208; x_wconf 89' lang='lat' dir='ltr'>loquere</span> <span class='ocrx_word' id='word_1_416' title='bbox 3518 2134 3813 2191; x_wconf 87' lang='lat' dir='ltr'>veritatem</span> 
     </span>
    </p>
   </div>
   <div class='ocr_carea' id='block_1_52' title="bbox 2210 2223 3809 2298">
    <p class='ocr_par' dir='ltr' id='par_1_52' title="bbox 2210 2223 3809 2298">
     <span class='ocr_line' id='line_1_52' title="bbox 2210 2223 3809 2298; baseline -0.002 -15"><span class='ocrx_word' id='word_1_417' title='bbox 2210 2244 2335 2284; x_wconf 90' lang='lat' dir='ltr'>cum</span> <span class='ocrx_word' id='word_1_418' title='bbox 2367 2226 2627 2298; x_wconf 85' lang='lat' dir='ltr'>proximo</span> <span class='ocrx_word' id='word_1_419' title='bbox 2678 2237 2791 2284; x_wconf 89' lang='lat' dir='ltr'>tuo.</span> <span class='ocrx_word' id='word_1_420' title='bbox 2825 2227 2953 2295; x_wconf 90' lang='lat' dir='ltr'>Ora,</span> <span class='ocrx_word' id='word_1_421' title='bbox 3009 2226 3145 2295; x_wconf 89' lang='lat' dir='ltr'>ﬁlia,</span> <span class='ocrx_word' id='word_1_422' title='bbox 3196 2227 3315 2282; x_wconf 90' lang='lat' dir='ltr'>sine</span> <span class='ocrx_word' id='word_1_423' title='bbox 3363 2223 3809 2292; x_wconf 86' lang='lat' dir='ltr'>intermissione;</span> 
     </span>
    </p>
   </div>
   <div class='ocr_carea' id='block_1_53' title="bbox 2205 2314 3812 2389">
    <p class='ocr_par' dir='ltr' id='par_1_53' title="bbox 2205 2314 3812 2389">
     <span class='ocr_line' id='line_1_53' title="bbox 2205 2314 3812 2389; baseline -0.001 -19"><span class='ocrx_word' id='word_1_424' title='bbox 2205 2315 2395 2387; x_wconf 90' lang='lat' dir='ltr'>jejuna</span> <span class='ocrx_word' id='word_1_425' title='bbox 2422 2316 2758 2389; x_wconf 89' lang='lat' dir='ltr'>frequenter,</span> <span class='ocrx_word' id='word_1_426' title='bbox 2790 2325 2844 2373; x_wconf 91' lang='lat' dir='ltr'>et</span> <span class='ocrx_word' id='word_1_427' title='bbox 2880 2317 2951 2373; x_wconf 90' lang='lat' dir='ltr'>da</span> <span class='ocrx_word' id='word_1_428' title='bbox 3007 2317 3435 2389; x_wconf 84' lang='lat' dir='ltr'>eleemosynam,</span> <span class='ocrx_word' id='word_1_429' title='bbox 3481 2339 3501 2364; x_wconf 88' lang='grc'>‹</span> <span class='ocrx_word' id='word_1_430' title='bbox 3547 2314 3812 2389; x_wconf 89' lang='lat' dir='ltr'>quoniam</span> 
     </span>
    </p>
   </div>
   <div class='ocr_carea' id='block_1_54' title="bbox 2211 2400 3814 2478">
    <p class='ocr_par' dir='ltr' id='par_1_54' title="bbox 2211 2400 3814 2478">
     <span class='ocr_line' id='line_1_54' title="bbox 2211 2400 3814 2478; baseline -0.002 -18"><span class='ocrx_word' id='word_1_431' title='bbox 2211 2406 2560 2478; x_wconf 88' lang='lat' dir='ltr'>eleemosyna</span> <span class='ocrx_word' id='word_1_432' title='bbox 2587 2424 2619 2462; x_wconf 88' lang='lat' dir='ltr'>a</span> <span class='ocrx_word' id='word_1_433' title='bbox 2665 2414 2841 2462; x_wconf 90' lang='lat' dir='ltr'>morte</span> <span class='ocrx_word' id='word_1_434' title='bbox 2899 2406 3120 2475; x_wconf 90' lang='lat' dir='ltr'>liberat,</span> <span class='ocrx_word' id='word_1_435' title='bbox 3152 2413 3208 2461; x_wconf 92' lang='lat' dir='ltr'>et</span> <span class='ocrx_word' id='word_1_436' title='bbox 3235 2420 3347 2461; x_wconf 89' lang='lat' dir='ltr'>non</span> <span class='ocrx_word' id='word_1_437' title='bbox 3377 2403 3589 2476; x_wconf 88' lang='lat' dir='ltr'>patitur</span> <span class='ocrx_word' id='word_1_438' title='bbox 3644 2400 3729 2458; x_wconf 88' lang='lat' dir='ltr'>ire</span> <span class='ocrx_word' id='word_1_439' title='bbox 3759 2401 3814 2457; x_wconf 89' lang='lat' dir='ltr'>in</span> 
     </span>
    </p>
   </div>
   <div class='ocr_carea' id='block_1_55' title="bbox 2210 2495 3814 2572">
    <p class='ocr_par' dir='ltr' id='par_1_55' title="bbox 2210 2495 3814 2572">
     <span class='ocr_line' id='line_1_55' title="bbox 2210 2495 3814 2572; baseline -0.002 -19"><span class='ocrx_word' id='word_1_440' title='bbox 2210 2497 2460 2555; x_wconf 90' lang='lat' dir='ltr'>tenebras</span> <span class='ocrx_word' id='word_1_441' title='bbox 2491 2499 2647 2571; x_wconf 89' lang='lat' dir='ltr'>(Tob.</span> <span class='ocrx_word' id='word_1_442' title='bbox 2707 2516 2789 2565; x_wconf 85' lang='lat' dir='ltr'>Iv,</span> <span class='ocrx_word' id='word_1_443' title='bbox 2822 2498 2935 2572; x_wconf 91' lang='grc'>11).</span> <span class='ocrx_word' id='word_1_444' title='bbox 2976 2523 2995 2546; x_wconf 81' lang='grc'>›</span> <span class='ocrx_word' id='word_1_445' title='bbox 3039 2498 3241 2555; x_wconf 88' lang='lat' dir='ltr'>Munus</span> <span class='ocrx_word' id='word_1_446' title='bbox 3265 2496 3475 2553; x_wconf 87' lang='lat' dir='ltr'>bonum</span> <span class='ocrx_word' id='word_1_447' title='bbox 3529 2501 3615 2552; x_wconf 89' lang='lat' dir='ltr'>est</span> <span class='ocrx_word' id='word_1_448' title='bbox 3667 2495 3814 2551; x_wconf 88' lang='lat' dir='ltr'>elee-</span> 
     </span>
    </p>
   </div>
   <div class='ocr_carea' id='block_1_56' title="bbox 2211 2584 3811 2661">
    <p class='ocr_par' dir='ltr' id='par_1_56' title="bbox 2211 2584 3811 2661">
     <span class='ocr_line' id='line_1_56' title="bbox 2211 2584 3811 2661; baseline -0.001 -20"><span class='ocrx_word' id='word_1_449' title='bbox 2211 2603 2461 2659; x_wconf 85' lang='lat' dir='ltr'>mosyna,</span> <span class='ocrx_word' id='word_1_450' title='bbox 2493 2604 2615 2661; x_wconf 59' lang='lat' dir='ltr'>quas</span> <span class='ocrx_word' id='word_1_451' title='bbox 2644 2596 2841 2661; x_wconf 87' lang='lat' dir='ltr'>purgat</span> <span class='ocrx_word' id='word_1_452' title='bbox 2868 2604 3089 2645; x_wconf 89' lang='lat' dir='ltr'>omnem</span> <span class='ocrx_word' id='word_1_453' title='bbox 3118 2588 3335 2645; x_wconf 89' lang='lat' dir='ltr'>sordem</span> <span class='ocrx_word' id='word_1_454' title='bbox 3389 2593 3446 2642; x_wconf 89' lang='lat' dir='ltr'>et</span> <span class='ocrx_word' id='word_1_455' title='bbox 3473 2584 3811 2658; x_wconf 87' lang='lat' dir='ltr'>squalorem.</span> 
     </span>
    </p>
   </div>
   <div class='ocr_carea' id='block_1_57' title="bbox 2207 2674 3815 2750">
    <p class='ocr_par' dir='ltr' id='par_1_57' title="bbox 2207 2674 3815 2750">
     <span class='ocr_line' id='line_1_57' title="bbox 2207 2674 3815 2750; baseline -0.001 -19"><span class='ocrx_word' id='word_1_456' title='bbox 2207 2676 2374 2731; x_wconf 89' lang='lat' dir='ltr'>Beata</span> <span class='ocrx_word' id='word_1_457' title='bbox 2401 2678 2527 2746; x_wconf 90' lang='lat' dir='ltr'>eris,</span> <span class='ocrx_word' id='word_1_458' title='bbox 2561 2678 2608 2733; x_wconf 90' lang='lat' dir='ltr'>si</span> <span class='ocrx_word' id='word_1_459' title='bbox 2634 2677 2751 2736; x_wconf 76' lang='lat' dir='ltr'>haec</span> <span class='ocrx_word' id='word_1_460' title='bbox 2780 2678 2968 2734; x_wconf 92' lang='lat' dir='ltr'>omnia</span> <span class='ocrx_word' id='word_1_461' title='bbox 2995 2695 3123 2735; x_wconf 89' lang='lat' dir='ltr'>cum</span> <span class='ocrx_word' id='word_1_462' title='bbox 3152 2676 3370 2750; x_wconf 89' lang='lat' dir='ltr'>legeris,</span> <span class='ocrx_word' id='word_1_463' title='bbox 3398 2674 3589 2732; x_wconf 84' lang='lat' dir='ltr'>facias.</span> <span class='ocrx_word' id='word_1_464' title='bbox 3621 2674 3815 2730; x_wconf 85' lang='lat' dir='ltr'>Zelare</span> 
     </span>
    </p>
   </div>
   <div class='ocr_carea' id='block_1_58' title="bbox 2189 2765 3811 2842">
    <p class='ocr_par' dir='ltr' id='par_1_58' title="bbox 2189 2765 3811 2842">
     <span class='ocr_line' id='line_1_58' title="bbox 2189 2765 3811 2842; baseline 0 -19"><span class='ocrx_word' id='word_1_465' title='bbox 2189 2767 2357 2841; x_wconf 79' lang='lat' dir='ltr'>:quod</span> <span class='ocrx_word' id='word_1_466' title='bbox 2383 2768 2592 2825; x_wconf 89' lang='lat' dir='ltr'>bonum</span> <span class='ocrx_word' id='word_1_467' title='bbox 2620 2776 2723 2836; x_wconf 87' lang='lat' dir='ltr'>est,</span> <span class='ocrx_word' id='word_1_468' title='bbox 2752 2776 2815 2824; x_wconf 91' lang='lat' dir='ltr'>ut</span> <span class='ocrx_word' id='word_1_469' title='bbox 2866 2769 3016 2842; x_wconf 91' lang='lat' dir='ltr'>quod</span> <span class='ocrx_word' id='word_1_470' title='bbox 3047 2770 3258 2825; x_wconf 89' lang='lat' dir='ltr'>malum</span> <span class='ocrx_word' id='word_1_471' title='bbox 3293 2775 3374 2825; x_wconf 90' lang='lat' dir='ltr'>est</span> <span class='ocrx_word' id='word_1_472' title='bbox 3434 2765 3811 2824; x_wconf 84' lang='lat' dir='ltr'>obliviscaris.</span> 
     </span>
    </p>
   </div>
   <div class='ocr_carea' id='block_1_59' title="bbox 2210 2856 3810 2931">
    <p class='ocr_par' dir='ltr' id='par_1_59' title="bbox 2210 2856 3810 2931">
     <span class='ocr_line' id='line_1_59' title="bbox 2210 2856 3810 2931; baseline 0 -20"><span class='ocrx_word' id='word_1_473' title='bbox 2210 2856 2507 2913; x_wconf 91' lang='lat' dir='ltr'>Benedicat</span> <span class='ocrx_word' id='word_1_474' title='bbox 2554 2866 2605 2914; x_wconf 91' lang='lat' dir='ltr'>te</span> <span class='ocrx_word' id='word_1_475' title='bbox 2634 2858 2812 2927; x_wconf 87' lang='lat' dir='ltr'>Pater,</span> <span class='ocrx_word' id='word_1_476' title='bbox 2852 2866 2907 2914; x_wconf 92' lang='lat' dir='ltr'>et</span> <span class='ocrx_word' id='word_1_477' title='bbox 2935 2857 3137 2927; x_wconf 88' lang='lat' dir='ltr'>Filius,</span> <span class='ocrx_word' id='word_1_478' title='bbox 3187 2864 3242 2914; x_wconf 86' lang='lat' dir='ltr'>et</span> <span class='ocrx_word' id='word_1_479' title='bbox 3272 2856 3510 2931; x_wconf 87' lang='lat' dir='ltr'>Spiritus</span> <span class='ocrx_word' id='word_1_480' title='bbox 3564 2863 3810 2924; x_wconf 86' lang='lat' dir='ltr'>sanctus,</span> 
     </span>
    </p>
   </div>
   <div class='ocr_carea' id='block_1_60' title="bbox 2207 2944 3812 3021">
    <p class='ocr_par' dir='ltr' id='par_1_60' title="bbox 2207 2944 3812 3021">
     <span class='ocr_line' id='line_1_60' title="bbox 2207 2944 3812 3021; baseline -0.001 -18"><span class='ocrx_word' id='word_1_481' title='bbox 2207 2944 2593 3004; x_wconf 89' lang='lat' dir='ltr'>benedictione</span> <span class='ocrx_word' id='word_1_482' title='bbox 2624 2963 2732 3021; x_wconf 90' lang='lat' dir='ltr'>qua</span> <span class='ocrx_word' id='word_1_483' title='bbox 2759 2955 2941 3020; x_wconf 90' lang='lat' dir='ltr'>patres</span> <span class='ocrx_word' id='word_1_484' title='bbox 2954 2954 3175 3005; x_wconf 90' lang='lat' dir='ltr'>nostros</span> <span class='ocrx_word' id='word_1_485' title='bbox 3189 2946 3521 3004; x_wconf 86' lang='lat' dir='ltr'>benedicere</span> <span class='ocrx_word' id='word_1_486' title='bbox 3542 2944 3812 3019; x_wconf 86' lang='lat' dir='ltr'>dignatus</span> 
     </span>
    </p>
   </div>
   <div class='ocr_carea' id='block_1_61' title="bbox 2206 3032 3809 3108">
    <p class='ocr_par' dir='ltr' id='par_1_61' title="bbox 2206 3032 3809 3108">
     <span class='ocr_line' id='line_1_61' title="bbox 2206 3032 3809 3108; baseline -0.001 -17"><span class='ocrx_word' id='word_1_487' title='bbox 2206 3043 2289 3091; x_wconf 88' lang='lat' dir='ltr'>est</span> <span class='ocrx_word' id='word_1_488' title='bbox 2320 3035 2624 3106; x_wconf 86' lang='lat' dir='ltr'>Abraham,</span> <span class='ocrx_word' id='word_1_489' title='bbox 2655 3038 2825 3105; x_wconf 85' lang='lat' dir='ltr'>Isaac,</span> <span class='ocrx_word' id='word_1_490' title='bbox 2856 3045 2911 3094; x_wconf 89' lang='lat' dir='ltr'>et</span> <span class='ocrx_word' id='word_1_491' title='bbox 2956 3036 3143 3094; x_wconf 87' lang='lat' dir='ltr'>Jacob.</span> <span class='ocrx_word' id='word_1_492' title='bbox 3194 3036 3306 3094; x_wconf 88' lang='lat' dir='ltr'>Ora</span> <span class='ocrx_word' id='word_1_493' title='bbox 3348 3052 3449 3108; x_wconf 89' lang='lat' dir='ltr'>pro</span> <span class='ocrx_word' id='word_1_494' title='bbox 3479 3050 3586 3104; x_wconf 91' lang='lat' dir='ltr'>me,</span> <span class='ocrx_word' id='word_1_495' title='bbox 3645 3032 3809 3100; x_wconf 82' lang='lat' dir='ltr'>ﬁlia;</span> 
     </span>
    </p>
   </div>
   <div class='ocr_carea' id='block_1_62' title="bbox 506 3120 3807 3211">
    <p class='ocr_par' dir='ltr' id='par_1_62' title="bbox 506 3120 3807 3211">
     <span class='ocr_line' id='line_1_62' title="bbox 506 3120 3807 3211; baseline 0.001 -33"><span class='ocrx_word' id='word_1_496' title='bbox 506 3120 699 3193; x_wconf 89' lang='lat' dir='ltr'>pedem</span> <span class='ocrx_word' id='word_1_497' title='bbox 741 3128 926 3211; x_wconf 59' lang='lat' dir='ltr'>tuum_</span> <span class='ocrx_word' id='word_1_498' title='bbox 949 3121 1019 3178; x_wconf 91' lang='lat' dir='ltr'>de</span> <span class='ocrx_word' id='word_1_499' title='bbox 1045 3121 1182 3191; x_wconf 87' lang='lat' dir='ltr'>illis,</span> <span class='ocrx_word' id='word_1_500' title='bbox 1237 3120 1594 3211; x_wconf 86' lang='lat' dir='ltr'>sedesedula</span> <span class='ocrx_word' id='word_1_501' title='bbox 1647 3121 1707 3178; x_wconf 89' lang='lat' dir='ltr'>in</span> <span class='ocrx_word' id='word_1_502' title='bbox 1764 3120 1929 3211; x_wconf 86' lang='lat' dir='ltr'>domo</span> <span class='ocrx_word' id='word_1_503' title='bbox 1977 3127 2094 3189; x_wconf 87' lang='lat' dir='ltr'>tua,</span> <span class='ocrx_word' id='word_1_504' title='bbox 2127 3151 2171 3211; x_wconf 68' lang='grc' dir='ltr'><strong>ρ</strong></span> <span class='ocrx_word' id='word_1_505' title='bbox 2206 3124 2336 3198; x_wconf 90' lang='lat' dir='ltr'>quia</span> <span class='ocrx_word' id='word_1_506' title='bbox 2364 3134 2418 3183; x_wconf 91' lang='lat' dir='ltr'>et</span> <span class='ocrx_word' id='word_1_507' title='bbox 2451 3142 2550 3198; x_wconf 85' lang='lat' dir='ltr'>ego</span> <span class='ocrx_word' id='word_1_508' title='bbox 2599 3127 2872 3184; x_wconf 89' lang='lat' dir='ltr'>sollicitus</span> <span class='ocrx_word' id='word_1_509' title='bbox 2931 3143 3053 3183; x_wconf 89' lang='lat' dir='ltr'>sum</span> <span class='ocrx_word' id='word_1_510' title='bbox 3082 3125 3151 3183; x_wconf 89' lang='lat' dir='ltr'>de</span> <span class='ocrx_word' id='word_1_511' title='bbox 3201 3134 3278 3195; x_wconf 87' lang='lat' dir='ltr'>te,</span> <span class='ocrx_word' id='word_1_512' title='bbox 3336 3126 3482 3183; x_wconf 88' lang='lat' dir='ltr'>sicut</span> <span class='ocrx_word' id='word_1_513' title='bbox 3535 3125 3807 3197; x_wconf 87' lang='lat' dir='ltr'>scriptum</span> 
     </span>
    </p>
   </div>
   <div class='ocr_carea' id='block_1_63' title="bbox 501 3209 2098 3285">
    <p class='ocr_par' dir='ltr' id='par_1_63' title="bbox 501 3209 2098 3285">
     <span class='ocr_line' id='line_1_63' title="bbox 501 3209 2098 3285; baseline 0 -19"><span class='ocrx_word' id='word_1_514' title='bbox 501 3226 727 3285; x_wconf 87' lang='lat' dir='ltr'>operare</span> <span class='ocrx_word' id='word_1_515' title='bbox 761 3209 1017 3268; x_wconf 87' lang='lat' dir='ltr'>manibus</span> <span class='ocrx_word' id='word_1_516' title='bbox 1045 3211 1158 3268; x_wconf 90' lang='lat' dir='ltr'>tuis</span> <span class='ocrx_word' id='word_1_517' title='bbox 1194 3210 1343 3284; x_wconf 91' lang='lat' dir='ltr'>quod</span> <span class='ocrx_word' id='word_1_518' title='bbox 1379 3210 1590 3268; x_wconf 90' lang='lat' dir='ltr'>bonum</span> <span class='ocrx_word' id='word_1_519' title='bbox 1624 3218 1742 3279; x_wconf 88' lang='lat' dir='ltr'>est;</span> <span class='ocrx_word' id='word_1_520' title='bbox 1779 3217 1842 3267; x_wconf 92' lang='lat' dir='ltr'>ut</span> <span class='ocrx_word' id='word_1_521' title='bbox 1892 3210 2098 3267; x_wconf 88' lang='lat' dir='ltr'>habeas</span> 
     </span>
    </p>
   </div>
   <div class='ocr_carea' id='block_1_64' title="bbox 502 3300 2098 3375">
    <p class='ocr_par' dir='ltr' id='par_1_64' title="bbox 502 3300 2098 3375">
     <span class='ocr_line' id='line_1_64' title="bbox 502 3300 2098 3375; baseline -0.002 -16"><span class='ocrx_word' id='word_1_522' title='bbox 502 3301 649 3360; x_wconf 89' lang='lat' dir='ltr'>unde</span> <span class='ocrx_word' id='word_1_523' title='bbox 690 3302 1101 3360; x_wconf 87' lang='lat' dir='ltr'>communicare</span> <span class='ocrx_word' id='word_1_524' title='bbox 1156 3300 1332 3375; x_wconf 91' lang='lat' dir='ltr'>possis</span> <span class='ocrx_word' id='word_1_525' title='bbox 1369 3300 1751 3358; x_wconf 89' lang='lat' dir='ltr'>necessitatem</span> <span class='ocrx_word' id='word_1_526' title='bbox 1808 3300 2098 3358; x_wconf 88' lang='lat' dir='ltr'>sustinen—</span> 
     </span>
    </p>
   </div>
   <div class='ocr_carea' id='block_1_65' title="bbox 499 3389 2097 3462">
    <p class='ocr_par' dir='ltr' id='par_1_65' title="bbox 499 3389 2097 3462">
     <span class='ocr_line' id='line_1_65' title="bbox 499 3389 2097 3462; baseline -0.004 -12"><span class='ocrx_word' id='word_1_527' title='bbox 499 3392 670 3451; x_wconf 90' lang='lat' dir='ltr'>tibus.</span> <span class='ocrx_word' id='word_1_528' title='bbox 706 3393 814 3450; x_wconf 88' lang='lat' dir='ltr'>Ora</span> <span class='ocrx_word' id='word_1_529' title='bbox 828 3392 948 3449; x_wconf 90' lang='lat' dir='ltr'>sine</span> <span class='ocrx_word' id='word_1_530' title='bbox 978 3391 1410 3462; x_wconf 89' lang='lat' dir='ltr'>intermissione,</span> <span class='ocrx_word' id='word_1_531' title='bbox 1433 3407 1535 3449; x_wconf 91' lang='lat' dir='ltr'>nec</span> <span class='ocrx_word' id='word_1_532' title='bbox 1565 3390 1747 3448; x_wconf 87' lang='lat' dir='ltr'>facilis</span> <span class='ocrx_word' id='word_1_533' title='bbox 1767 3389 2013 3447; x_wconf 90' lang='lat' dir='ltr'>videaris</span> <span class='ocrx_word' id='word_1_534' title='bbox 2038 3389 2097 3444; x_wconf 90' lang='lat' dir='ltr'>in</span> 
     </span>
    </p>
   </div>
   <div class='ocr_carea' id='block_1_66' title="bbox 499 3481 2098 3555">
    <p class='ocr_par' dir='ltr' id='par_1_66' title="bbox 499 3481 2098 3555">
     <span class='ocr_line' id='line_1_66' title="bbox 499 3481 2098 3555; baseline -0.003 -17"><span class='ocrx_word' id='word_1_535' title='bbox 499 3483 715 3555; x_wconf 86' lang='lat' dir='ltr'>plateis.</span> <span class='ocrx_word' id='word_1_536' title='bbox 756 3483 916 3541; x_wconf 88' lang='lat' dir='ltr'>Certa</span> <span class='ocrx_word' id='word_1_537' title='bbox 942 3482 1149 3540; x_wconf 89' lang='lat' dir='ltr'>bonum</span> <span class='ocrx_word' id='word_1_538' title='bbox 1180 3490 1479 3551; x_wconf 88' lang='lat' dir='ltr'>certamen,</span> <span class='ocrx_word' id='word_1_539' title='bbox 1508 3498 1668 3538; x_wconf 88' lang='lat' dir='ltr'>curre</span> <span class='ocrx_word' id='word_1_540' title='bbox 1716 3481 2002 3546; x_wconf 89' lang='lat' dir='ltr'>velocius;</span> <span class='ocrx_word' id='word_1_541' title='bbox 2036 3486 2098 3535; x_wconf 92' lang='lat' dir='ltr'>ut</span> 
     </span>
    </p>
   </div>
   <div class='ocr_carea' id='block_1_67' title="bbox 498 3569 2096 3644">
    <p class='ocr_par' dir='ltr' id='par_1_67' title="bbox 498 3569 2096 3644">
     <span class='ocr_line' id='line_1_67' title="bbox 498 3569 2096 3644; baseline -0.002 -17"><span class='ocrx_word' id='word_1_542' title='bbox 498 3571 952 3642; x_wconf 84' lang='lat' dir='ltr'>comprehendas,</span> <span class='ocrx_word' id='word_1_543' title='bbox 985 3573 1045 3628; x_wconf 91' lang='lat' dir='ltr'>in</span> <span class='ocrx_word' id='word_1_544' title='bbox 1099 3589 1208 3644; x_wconf 90' lang='lat' dir='ltr'>quo</span> <span class='ocrx_word' id='word_1_545' title='bbox 1267 3570 1662 3643; x_wconf 90' lang='lat' dir='ltr'>comprehensa</span> <span class='ocrx_word' id='word_1_546' title='bbox 1708 3587 1765 3627; x_wconf 90' lang='lat' dir='ltr'>es</span> <span class='ocrx_word' id='word_1_547' title='bbox 1817 3587 1850 3625; x_wconf 89' lang='lat' dir='ltr'>a</span> <span class='ocrx_word' id='word_1_548' title='bbox 1875 3569 2096 3626; x_wconf 87' lang='lat' dir='ltr'>Christo</span> 
     </span>
    </p>
   </div>
   <div class='ocr_carea' id='block_1_68' title="bbox 503 3660 2097 3734">
    <p class='ocr_par' dir='ltr' id='par_1_68' title="bbox 503 3660 2097 3734">
     <span class='ocr_line' id='line_1_68' title="bbox 503 3660 2097 3734; baseline 0.001 -19"><span class='ocrx_word' id='word_1_549' title='bbox 503 3660 765 3732; x_wconf 75' lang='lat' dir='ltr'>(Philipp.</span> <span class='ocrx_word' id='word_1_550' title='bbox 800 3679 883 3730; x_wconf 89' lang='grc' dir='ltr'>ιιι,</span> <span class='ocrx_word' id='word_1_551' title='bbox 919 3662 1033 3734; x_wconf 80' lang='grc'>12).</span> <span class='ocrx_word' id='word_1_552' title='bbox 1065 3662 1312 3717; x_wconf 89' lang='lat' dir='ltr'>Audiant</span> <span class='ocrx_word' id='word_1_553' title='bbox 1339 3669 1394 3717; x_wconf 91' lang='lat' dir='ltr'>te</span> <span class='ocrx_word' id='word_1_554' title='bbox 1432 3660 1707 3729; x_wconf 88' lang='lat' dir='ltr'>homines,</span> <span class='ocrx_word' id='word_1_555' title='bbox 1739 3669 1793 3717; x_wconf 90' lang='lat' dir='ltr'>et</span> <span class='ocrx_word' id='word_1_556' title='bbox 1838 3661 2097 3717; x_wconf 80' lang='lat' dir='ltr'>laetentur</span> 
     </span>
    </p>
   </div>
   <div class='ocr_carea' id='block_1_69' title="bbox 498 3749 2097 3824">
    <p class='ocr_par' dir='ltr' id='par_1_69' title="bbox 498 3749 2097 3824">
     <span class='ocr_line' id='line_1_69' title="bbox 498 3749 2097 3824; baseline 0.001 -18"><span class='ocrx_word' id='word_1_557' title='bbox 498 3749 566 3806; x_wconf 88' lang='lat' dir='ltr'>de</span> <span class='ocrx_word' id='word_1_558' title='bbox 592 3750 738 3807; x_wconf 93' lang='lat' dir='ltr'>bono</span> <span class='ocrx_word' id='word_1_559' title='bbox 776 3751 999 3819; x_wconf 83' lang='lat' dir='ltr'>animo;</span> <span class='ocrx_word' id='word_1_560' title='bbox 1032 3758 1086 3807; x_wconf 91' lang='lat' dir='ltr'>et</span> <span class='ocrx_word' id='word_1_561' title='bbox 1115 3750 1183 3807; x_wconf 92' lang='lat' dir='ltr'>de</span> <span class='ocrx_word' id='word_1_562' title='bbox 1212 3759 1397 3808; x_wconf 89' lang='lat' dir='ltr'>mente</span> <span class='ocrx_word' id='word_1_563' title='bbox 1428 3768 1537 3824; x_wconf 90' lang='lat' dir='ltr'>qua</span> <span class='ocrx_word' id='word_1_564' title='bbox 1565 3750 1732 3807; x_wconf 88' lang='lat' dir='ltr'>vivis.</span> <span class='ocrx_word' id='word_1_565' title='bbox 1783 3778 1801 3799; x_wconf 79' lang='grc' dir='ltr'>ι</span> <span class='ocrx_word' id='word_1_566' title='bbox 1830 3753 1911 3809; x_wconf 89' lang='lat' dir='ltr'>Da</span> <span class='ocrx_word' id='word_1_567' title='bbox 1944 3753 2097 3808; x_wconf 90' lang='lat' dir='ltr'>elee—</span> 
     </span>
    </p>
   </div>
   <div class='ocr_carea' id='block_1_70' title="bbox 499 3839 2092 3912">
    <p class='ocr_par' dir='ltr' id='par_1_70' title="bbox 499 3839 2092 3912">
     <span class='ocr_line' id='line_1_70' title="bbox 499 3839 2092 3912; baseline 0.001 -18"><span class='ocrx_word' id='word_1_568' title='bbox 499 3855 810 3912; x_wconf 81' lang='lat' dir='ltr'>mosynani,</span> <span class='ocrx_word' id='word_1_569' title='bbox 842 3847 897 3896; x_wconf 90' lang='lat' dir='ltr'>et</span> <span class='ocrx_word' id='word_1_570' title='bbox 945 3856 1067 3897; x_wconf 91' lang='lat' dir='ltr'>ecce</span> <span class='ocrx_word' id='word_1_571' title='bbox 1113 3839 1301 3897; x_wconf 85' lang='lat' dir='ltr'>omnia</span> <span class='ocrx_word' id='word_1_572' title='bbox 1326 3839 1536 3897; x_wconf 90' lang='lat' dir='ltr'>munda</span> <span class='ocrx_word' id='word_1_573' title='bbox 1590 3847 1753 3896; x_wconf 90' lang='lat' dir='ltr'>erunt</span> <span class='ocrx_word' id='word_1_574' title='bbox 1779 3840 1884 3896; x_wconf 90' lang='lat' dir='ltr'>tibi</span> <span class='ocrx_word' id='word_1_575' title='bbox 1944 3839 2092 3911; x_wconf 73' lang='lat' dir='ltr'>(Luc.</span> 
     </span>
    </p>
   </div>
   <div class='ocr_carea' id='block_1_71' title="bbox 496 3927 2095 4002">
    <p class='ocr_par' dir='ltr' id='par_1_71' title="bbox 496 3927 2095 4002">
     <span class='ocr_line' id='line_1_71' title="bbox 496 3927 2095 4002; baseline -0.001 -17"><span class='ocrx_word' id='word_1_576' title='bbox 496 3945 576 3997; x_wconf 75' lang='grc' dir='ltr'>ιιι,</span> <span class='ocrx_word' id='word_1_577' title='bbox 608 3927 725 4001; x_wconf 81' lang='grc'>41).</span> <span class='ocrx_word' id='word_1_578' title='bbox 756 3954 774 3977; x_wconf 73' lang='grc' dir='ltr'>ι</span> <span class='ocrx_word' id='word_1_579' title='bbox 818 3929 941 3985; x_wconf 86' lang='grc' dir='ltr'>Νοιι</span> <span class='ocrx_word' id='word_1_580' title='bbox 969 3938 1022 3986; x_wconf 92' lang='lat' dir='ltr'>te</span> <span class='ocrx_word' id='word_1_581' title='bbox 1069 3929 1248 4002; x_wconf 83' lang='lat' dir='ltr'>pigeat</span> <span class='ocrx_word' id='word_1_582' title='bbox 1274 3929 1500 3987; x_wconf 89' lang='lat' dir='ltr'>visitare</span> <span class='ocrx_word' id='word_1_583' title='bbox 1538 3929 1824 3997; x_wconf 87' lang='lat' dir='ltr'>inﬁrmos;</span> <span class='ocrx_word' id='word_1_584' title='bbox 1883 3945 1953 3985; x_wconf 91' lang='lat' dir='ltr'>ex</span> <span class='ocrx_word' id='word_1_585' title='bbox 2004 3927 2095 3984; x_wconf 91' lang='lat' dir='ltr'>his</span> 
     </span>
    </p>
   </div>
   <div class='ocr_carea' id='block_1_72' title="bbox 496 4017 2089 4090">
    <p class='ocr_par' dir='ltr' id='par_1_72' title="bbox 496 4017 2089 4090">
     <span class='ocr_line' id='line_1_72' title="bbox 496 4017 2089 4090; baseline 0 -17"><span class='ocrx_word' id='word_1_586' title='bbox 496 4017 646 4074; x_wconf 89' lang='lat' dir='ltr'>enim</span> <span class='ocrx_word' id='word_1_587' title='bbox 680 4018 737 4074; x_wconf 90' lang='lat' dir='ltr'>in</span> <span class='ocrx_word' id='word_1_588' title='bbox 750 4018 1049 4076; x_wconf 89' lang='lat' dir='ltr'>dilectione</span> <span class='ocrx_word' id='word_1_589' title='bbox 1060 4017 1389 4075; x_wconf 87' lang='lat' dir='ltr'>ﬁrmaberis.</span> <span class='ocrx_word' id='word_1_590' title='bbox 1429 4044 1447 4067; x_wconf 78' lang='grc' dir='ltr'>ι</span> <span class='ocrx_word' id='word_1_591' title='bbox 1467 4021 1588 4076; x_wconf 91' lang='lat' dir='ltr'>Non</span> <span class='ocrx_word' id='word_1_592' title='bbox 1605 4018 1818 4090; x_wconf 89' lang='lat' dir='ltr'>jurabis</span> <span class='ocrx_word' id='word_1_593' title='bbox 1840 4018 2089 4085; x_wconf 90' lang='lat' dir='ltr'>omnino,</span> 
     </span>
    </p>
   </div>
   <div class='ocr_carea' id='block_1_73' title="bbox 496 4109 2094 4184">
    <p class='ocr_par' dir='ltr' id='par_1_73' title="bbox 496 4109 2094 4184">
     <span class='ocr_line' id='line_1_73' title="bbox 496 4109 2094 4184; baseline -0.001 -16"><span class='ocrx_word' id='word_1_594' title='bbox 496 4127 673 4184; x_wconf 86' lang='lat' dir='ltr'>neque</span> <span class='ocrx_word' id='word_1_595' title='bbox 729 4128 826 4184; x_wconf 91' lang='lat' dir='ltr'>per</span> <span class='ocrx_word' id='word_1_596' title='bbox 886 4127 1101 4180; x_wconf 84' lang='lat' dir='ltr'>verum,</span> <span class='ocrx_word' id='word_1_597' title='bbox 1156 4127 1336 4184; x_wconf 91' lang='lat' dir='ltr'>neque</span> <span class='ocrx_word' id='word_1_598' title='bbox 1401 4127 1498 4184; x_wconf 91' lang='lat' dir='ltr'>per</span> <span class='ocrx_word' id='word_1_599' title='bbox 1545 4110 1937 4167; x_wconf 87' lang='lat' dir='ltr'>mendacium:</span> <span class='ocrx_word' id='word_1_600' title='bbox 1997 4109 2094 4166; x_wconf 89' lang='lat' dir='ltr'>sed</span> 
     </span>
    </p>
   </div>
   <div class='ocr_carea' id='block_1_74' title="bbox 569 4275 2091 4350">
    <p class='ocr_par' dir='ltr' id='par_1_74' title="bbox 569 4275 2091 4350">
     <span class='ocr_line' id='line_1_74' title="bbox 569 4275 2091 4350; baseline -0.002 -19"><span class='ocrx_word' id='word_1_601' title='bbox 569 4275 649 4347; x_wconf 77' lang='grc'>(4)</span> <span class='ocrx_word' id='word_1_602' title='bbox 680 4277 849 4350; x_wconf 68' lang='lat' dir='ltr'>Rom.</span> <span class='ocrx_word' id='word_1_603' title='bbox 872 4277 1029 4345; x_wconf 91' lang='lat' dir='ltr'>edit.,</span> <span class='ocrx_word' id='word_1_604' title='bbox 1087 4294 1250 4349; x_wconf 83' lang='lat' dir='ltr'>neque</span> <span class='ocrx_word' id='word_1_605' title='bbox 1272 4294 1369 4350; x_wconf 82' lang='lat' dir='ltr'>per</span> <span class='ocrx_word' id='word_1_606' title='bbox 1394 4277 1599 4345; x_wconf 72' lang='lat' dir='ltr'>uelum,</span> <span class='ocrx_word' id='word_1_607' title='bbox 1634 4293 1798 4347; x_wconf 78' lang='lat' dir='ltr'>neque</span> <span class='ocrx_word' id='word_1_608' title='bbox 1848 4291 1948 4347; x_wconf 82' lang='lat' dir='ltr'>per</span> <span class='ocrx_word' id='word_1_609' title='bbox 1994 4281 2091 4329; x_wconf 84' lang='lat' dir='ltr'>ter-</span> 
     </span>
    </p>
   </div>
   <div class='ocr_carea' id='block_1_75' title="bbox 496 4348 1030 4416">
    <p class='ocr_par' dir='ltr' id='par_1_75' title="bbox 496 4348 1030 4416">
     <span class='ocr_line' id='line_1_75' title="bbox 496 4348 1030 4416; baseline 0.009 -17"><span class='ocrx_word' id='word_1_610' title='bbox 496 4363 615 4399; x_wconf 84' lang='lat' dir='ltr'>ram</span> <span class='ocrx_word' id='word_1_611' title='bbox 641 4364 652 4401; x_wconf 88' lang='lat'>:</span> <span class='ocrx_word' id='word_1_612' title='bbox 687 4349 774 4402; x_wconf 84' lang='lat' dir='ltr'>sed</span> <span class='ocrx_word' id='word_1_613' title='bbox 803 4348 892 4416; x_wconf 81' lang='lat' dir='ltr'>sit,</span> <span class='ocrx_word' id='word_1_614' title='bbox 925 4357 1030 4406; x_wconf 90' lang='lat' dir='ltr'>etc.</span> 
     </span>
    </p>
   </div>
   <div class='ocr_carea' id='block_1_76' title="bbox 2204 3213 3807 3289">
    <p class='ocr_par' dir='ltr' id='par_1_76' title="bbox 2204 3213 3807 3289">
     <span class='ocr_line' id='line_1_76' title="bbox 2204 3213 3807 3289; baseline 0.001 -20"><span class='ocrx_word' id='word_1_615' title='bbox 2204 3223 2319 3271; x_wconf 90' lang='lat' dir='ltr'>est:</span> <span class='ocrx_word' id='word_1_616' title='bbox 2364 3238 2384 3263; x_wconf 77' lang='grc' dir='ltr'>ι</span> <span class='ocrx_word' id='word_1_617' title='bbox 2414 3215 2579 3273; x_wconf 87' lang='lat' dir='ltr'>Orate</span> <span class='ocrx_word' id='word_1_618' title='bbox 2608 3231 2706 3289; x_wconf 91' lang='lat' dir='ltr'>pro</span> <span class='ocrx_word' id='word_1_619' title='bbox 2738 3215 2977 3273; x_wconf 88' lang='lat' dir='ltr'>invicem</span> <span class='ocrx_word' id='word_1_620' title='bbox 3007 3216 3148 3287; x_wconf 83' lang='lat' dir='ltr'>(Jac.</span> <span class='ocrx_word' id='word_1_621' title='bbox 3178 3233 3234 3284; x_wconf 92' lang='lat' dir='ltr'>v,</span> <span class='ocrx_word' id='word_1_622' title='bbox 3270 3215 3384 3288; x_wconf 82' lang='grc'>16).</span> <span class='ocrx_word' id='word_1_623' title='bbox 3416 3238 3437 3264; x_wconf 74' lang='grc' dir='ltr'>ι</span> <span class='ocrx_word' id='word_1_624' title='bbox 3497 3214 3658 3282; x_wconf 86' lang='lat' dir='ltr'>Item,</span> <span class='ocrx_word' id='word_1_625' title='bbox 3690 3213 3807 3271; x_wconf 79' lang='lat' dir='ltr'>fra-</span> 
     </span>
    </p>
   </div>
   <div class='ocr_carea' id='block_1_77' title="bbox 2205 3303 3800 3377">
    <p class='ocr_par' dir='ltr' id='par_1_77' title="bbox 2205 3303 3800 3377">
     <span class='ocr_line' id='line_1_77' title="bbox 2205 3303 3800 3377; baseline 0 -18"><span class='ocrx_word' id='word_1_626' title='bbox 2205 3310 2288 3359; x_wconf 91' lang='lat' dir='ltr'>ter</span> <span class='ocrx_word' id='word_1_627' title='bbox 2316 3303 2544 3361; x_wconf 81' lang='lat' dir='ltr'>fratrem</span> <span class='ocrx_word' id='word_1_628' title='bbox 2572 3304 2840 3377; x_wconf 88' lang='lat' dir='ltr'>adjuvans</span> <span class='ocrx_word' id='word_1_629' title='bbox 2866 3304 3201 3361; x_wconf 82' lang='lat' dir='ltr'>exaltabitur</span> <span class='ocrx_word' id='word_1_630' title='bbox 3231 3304 3422 3377; x_wconf 81' lang='lat' dir='ltr'>(Prov.</span> <span class='ocrx_word' id='word_1_631' title='bbox 3472 3319 3642 3367; x_wconf 80' lang='lat' dir='ltr'>xvm,</span> <span class='ocrx_word' id='word_1_632' title='bbox 3681 3305 3800 3373; x_wconf 86' lang='grc'>19).</span> 
     </span>
    </p>
   </div>
   <div class='ocr_carea' id='block_1_78' title="bbox 2204 3392 3804 3461">
    <p class='ocr_par' dir='ltr' id='par_1_78' title="bbox 2204 3392 3804 3461">
     <span class='ocr_line' id='line_1_78' title="bbox 2204 3392 3804 3461; baseline -0.001 -11"><span class='ocrx_word' id='word_1_633' title='bbox 2204 3396 2427 3451; x_wconf 83' lang='lat' dir='ltr'>Exaltet</span> <span class='ocrx_word' id='word_1_634' title='bbox 2454 3404 2508 3452; x_wconf 91' lang='lat' dir='ltr'>te</span> <span class='ocrx_word' id='word_1_635' title='bbox 2537 3397 2807 3455; x_wconf 91' lang='lat' dir='ltr'>Dominus</span> <span class='ocrx_word' id='word_1_636' title='bbox 2834 3396 2892 3452; x_wconf 91' lang='lat' dir='ltr'>in</span> <span class='ocrx_word' id='word_1_637' title='bbox 2940 3395 3288 3453; x_wconf 86' lang='lat' dir='ltr'>sanctitatem</span> <span class='ocrx_word' id='word_1_638' title='bbox 3319 3402 3373 3452; x_wconf 91' lang='lat' dir='ltr'>et</span> <span class='ocrx_word' id='word_1_639' title='bbox 3419 3392 3804 3461; x_wconf 88' lang='lat' dir='ltr'>dilectionem,</span> 
     </span>
    </p>
   </div>
   <div class='ocr_carea' id='block_1_79' title="bbox 2204 3482 3802 3557">
    <p class='ocr_par' dir='ltr' id='par_1_79' title="bbox 2204 3482 3802 3557">
     <span class='ocr_line' id='line_1_79' title="bbox 2204 3482 3802 3557; baseline -0.001 -17"><span class='ocrx_word' id='word_1_640' title='bbox 2204 3484 2349 3542; x_wconf 90' lang='lat' dir='ltr'>sicut</span> <span class='ocrx_word' id='word_1_641' title='bbox 2374 3484 2642 3557; x_wconf 86' lang='lat' dir='ltr'>scriptum</span> <span class='ocrx_word' id='word_1_642' title='bbox 2692 3494 2807 3543; x_wconf 88' lang='lat' dir='ltr'>est:</span> <span class='ocrx_word' id='word_1_643' title='bbox 2853 3510 2871 3533; x_wconf 85' lang='grc' dir='ltr'>ι</span> <span class='ocrx_word' id='word_1_644' title='bbox 2926 3485 3032 3553; x_wconf 89' lang='lat' dir='ltr'>Qui</span> <span class='ocrx_word' id='word_1_645' title='bbox 3091 3483 3278 3556; x_wconf 83' lang='lat' dir='ltr'>diligit</span> <span class='ocrx_word' id='word_1_646' title='bbox 3331 3482 3559 3540; x_wconf 87' lang='lat' dir='ltr'>fratrem</span> <span class='ocrx_word' id='word_1_647' title='bbox 3612 3497 3802 3549; x_wconf 89' lang='lat' dir='ltr'>suum,</span> 
     </span>
    </p>
   </div>
   <div class='ocr_carea' id='block_1_80' title="bbox 2204 3572 3801 3646">
    <p class='ocr_par' dir='ltr' id='par_1_80' title="bbox 2204 3572 3801 3646">
     <span class='ocr_line' id='line_1_80' title="bbox 2204 3572 3801 3646; baseline -0.001 -17"><span class='ocrx_word' id='word_1_648' title='bbox 2204 3574 2380 3644; x_wconf 85' lang='lat' dir='ltr'>legem</span> <span class='ocrx_word' id='word_1_649' title='bbox 2421 3575 2675 3646; x_wconf 90' lang='lat' dir='ltr'>implevit</span> <span class='ocrx_word' id='word_1_650' title='bbox 2706 3575 2882 3646; x_wconf 87' lang='lat' dir='ltr'>(Rom.</span> <span class='ocrx_word' id='word_1_651' title='bbox 2910 3591 3037 3644; x_wconf 84' lang='lat' dir='ltr'>xm,</span> <span class='ocrx_word' id='word_1_652' title='bbox 3066 3573 3148 3646; x_wconf 93' lang='lat'>8).</span> <span class='ocrx_word' id='word_1_653' title='bbox 3178 3597 3198 3622; x_wconf 76' lang='grc' dir='ltr'>ι</span> <span class='ocrx_word' id='word_1_654' title='bbox 3231 3603 3305 3617; x_wconf 90' lang='lat'>-—</span> <span class='ocrx_word' id='word_1_655' title='bbox 3366 3597 3386 3621; x_wconf 76' lang='grc' dir='ltr'>ι</span> <span class='ocrx_word' id='word_1_656' title='bbox 3408 3572 3643 3645; x_wconf 87' lang='lat' dir='ltr'>Impleat</span> <span class='ocrx_word' id='word_1_657' title='bbox 3696 3573 3801 3628; x_wconf 89' lang='lat' dir='ltr'>Do-</span> 
     </span>
    </p>
   </div>
   <div class='ocr_carea' id='block_1_81' title="bbox 2204 3661 3801 3735">
    <p class='ocr_par' dir='ltr' id='par_1_81' title="bbox 2204 3661 3801 3735">
     <span class='ocr_line' id='line_1_81' title="bbox 2204 3661 3801 3735; baseline 0.002 -19"><span class='ocrx_word' id='word_1_658' title='bbox 2204 3662 2391 3719; x_wconf 90' lang='lat' dir='ltr'>minus</span> <span class='ocrx_word' id='word_1_659' title='bbox 2412 3679 2605 3720; x_wconf 90' lang='lat' dir='ltr'>omnes</span> <span class='ocrx_word' id='word_1_660' title='bbox 2632 3663 2925 3735; x_wconf 88' lang='lat' dir='ltr'>petitiones</span> <span class='ocrx_word' id='word_1_661' title='bbox 2952 3671 3074 3721; x_wconf 89' lang='lat' dir='ltr'>tuas</span> <span class='ocrx_word' id='word_1_662' title='bbox 3106 3663 3284 3735; x_wconf 81' lang='lat' dir='ltr'>(Psal.</span> <span class='ocrx_word' id='word_1_663' title='bbox 3316 3678 3439 3730; x_wconf 71' lang='lat' dir='ltr'>xxx,</span> <span class='ocrx_word' id='word_1_664' title='bbox 3463 3661 3545 3732; x_wconf 89' lang='lat'>7).</span> <span class='ocrx_word' id='word_1_665' title='bbox 3578 3687 3598 3710; x_wconf 75' lang='grc' dir='ltr'>ι</span> <span class='ocrx_word' id='word_1_666' title='bbox 3633 3662 3801 3719; x_wconf 63' lang='lat' dir='ltr'>Praes-</span> 
     </span>
    </p>
   </div>
   <div class='ocr_carea' id='block_1_82' title="bbox 2204 3749 3796 3824">
    <p class='ocr_par' dir='ltr' id='par_1_82' title="bbox 2204 3749 3796 3824">
     <span class='ocr_line' id='line_1_82' title="bbox 2204 3749 3796 3824; baseline 0.001 -18"><span class='ocrx_word' id='word_1_667' title='bbox 2204 3759 2283 3807; x_wconf 91' lang='lat' dir='ltr'>tet</span> <span class='ocrx_word' id='word_1_668' title='bbox 2311 3751 2417 3809; x_wconf 92' lang='lat' dir='ltr'>hoc</span> <span class='ocrx_word' id='word_1_669' title='bbox 2455 3752 2557 3808; x_wconf 90' lang='lat' dir='ltr'>tibi</span> <span class='ocrx_word' id='word_1_670' title='bbox 2588 3754 2732 3809; x_wconf 91' lang='lat' dir='ltr'>Deus</span> <span class='ocrx_word' id='word_1_671' title='bbox 2759 3753 2918 3808; x_wconf 91' lang='lat' dir='ltr'>Pater</span> <span class='ocrx_word' id='word_1_672' title='bbox 2945 3768 3043 3824; x_wconf 91' lang='lat' dir='ltr'>per</span> <span class='ocrx_word' id='word_1_673' title='bbox 3070 3750 3257 3808; x_wconf 71' lang='lat' dir='ltr'>Iesum</span> <span class='ocrx_word' id='word_1_674' title='bbox 3286 3749 3573 3809; x_wconf 89' lang='lat' dir='ltr'>Christum</span> <span class='ocrx_word' id='word_1_675' title='bbox 3590 3749 3796 3807; x_wconf 89' lang='lat' dir='ltr'>Filium</span> 
     </span>
    </p>
   </div>
   <div class='ocr_carea' id='block_1_83' title="bbox 2203 3839 3799 3914">
    <p class='ocr_par' dir='ltr' id='par_1_83' title="bbox 2203 3839 3799 3914">
     <span class='ocr_line' id='line_1_83' title="bbox 2203 3839 3799 3914; baseline -0.001 -17"><span class='ocrx_word' id='word_1_676' title='bbox 2203 3857 2389 3911; x_wconf 87' lang='lat' dir='ltr'>suum,</span> <span class='ocrx_word' id='word_1_677' title='bbox 2420 3842 2721 3898; x_wconf 89' lang='lat' dir='ltr'>Dominum</span> <span class='ocrx_word' id='word_1_678' title='bbox 2754 3850 2809 3899; x_wconf 93' lang='lat' dir='ltr'>et</span> <span class='ocrx_word' id='word_1_679' title='bbox 2838 3844 3037 3910; x_wconf 90' lang='lat' dir='ltr'>Deum,</span> <span class='ocrx_word' id='word_1_680' title='bbox 3067 3857 3272 3914; x_wconf 87' lang='lat' dir='ltr'>regem,</span> <span class='ocrx_word' id='word_1_681' title='bbox 3299 3839 3573 3914; x_wconf 89' lang='lat' dir='ltr'>judicem,</span> <span class='ocrx_word' id='word_1_682' title='bbox 3603 3840 3799 3896; x_wconf 85' lang='lat' dir='ltr'>salva-</span> 
     </span>
    </p>
   </div>
   <div class='ocr_carea' id='block_1_84' title="bbox 2202 3929 3793 4005">
    <p class='ocr_par' dir='ltr' id='par_1_84' title="bbox 2202 3929 3793 4005">
     <span class='ocr_line' id='line_1_84' title="bbox 2202 3929 3793 4005; baseline 0 -20"><span class='ocrx_word' id='word_1_683' title='bbox 2202 3939 2397 3998; x_wconf 91' lang='lat' dir='ltr'>torem,</span> <span class='ocrx_word' id='word_1_684' title='bbox 2431 3932 2943 4005; x_wconf 86' lang='lat' dir='ltr'>redemptoremque</span> <span class='ocrx_word' id='word_1_685' title='bbox 2996 3939 3270 3999; x_wconf 91' lang='lat' dir='ltr'>nostrum,</span> <span class='ocrx_word' id='word_1_686' title='bbox 3302 3930 3399 4004; x_wconf 91' lang='lat' dir='ltr'>qui</span> <span class='ocrx_word' id='word_1_687' title='bbox 3422 3938 3504 3987; x_wconf 90' lang='lat' dir='ltr'>est</span> <span class='ocrx_word' id='word_1_688' title='bbox 3551 3929 3793 3987; x_wconf 88' lang='lat' dir='ltr'>benedi-</span> 
     </span>
    </p>
   </div>
   <div class='ocr_carea' id='block_1_85' title="bbox 2200 4019 3791 4093">
    <p class='ocr_par' dir='ltr' id='par_1_85' title="bbox 2200 4019 3791 4093">
     <span class='ocr_line' id='line_1_85' title="bbox 2200 4019 3791 4093; baseline -0.001 -16"><span class='ocrx_word' id='word_1_689' title='bbox 2200 4029 2322 4077; x_wconf 88' lang='lat' dir='ltr'>ctus</span> <span class='ocrx_word' id='word_1_690' title='bbox 2347 4038 2473 4078; x_wconf 91' lang='lat' dir='ltr'>cum</span> <span class='ocrx_word' id='word_1_691' title='bbox 2504 4021 2713 4093; x_wconf 90' lang='lat' dir='ltr'>Spiritu</span> <span class='ocrx_word' id='word_1_692' title='bbox 2740 4030 2951 4091; x_wconf 87' lang='lat' dir='ltr'>sancto,</span> <span class='ocrx_word' id='word_1_693' title='bbox 2984 4036 3082 4093; x_wconf 91' lang='lat' dir='ltr'>per</span> <span class='ocrx_word' id='word_1_694' title='bbox 3103 4020 3291 4077; x_wconf 89' lang='lat' dir='ltr'>omnia</span> <span class='ocrx_word' id='word_1_695' title='bbox 3321 4019 3523 4077; x_wconf 60' lang='lat' dir='ltr'>saecula</span> <span class='ocrx_word' id='word_1_696' title='bbox 3546 4020 3791 4077; x_wconf 58' lang='lat' dir='ltr'>saeculo-</span> 
     </span>
    </p>
   </div>
   <div class='ocr_carea' id='block_1_86' title="bbox 2202 4128 2558 4181">
    <p class='ocr_par' dir='ltr' id='par_1_86' title="bbox 2202 4128 2558 4181">
     <span class='ocr_line' id='line_1_86' title="bbox 2202 4128 2558 4181; baseline 0.003 -15"><span class='ocrx_word' id='word_1_697' title='bbox 2202 4128 2346 4181; x_wconf 90' lang='lat' dir='ltr'>rum,</span> <span class='ocrx_word' id='word_1_698' title='bbox 2377 4128 2558 4168; x_wconf 89' lang='lat' dir='ltr'>amen.</span> 
     </span>
    </p>
   </div>
   <div class='ocr_carea' id='block_1_87' title="bbox 2275 4271 3791 4345">
    <p class='ocr_par' dir='ltr' id='par_1_87' title="bbox 2275 4271 3791 4345">
     <span class='ocr_line' id='line_1_87' title="bbox 2275 4271 3791 4345; baseline -0.002 -14"><span class='ocrx_word' id='word_1_699' title='bbox 2275 4275 2356 4345; x_wconf 81' lang='lat'>(5)</span> <span class='ocrx_word' id='word_1_700' title='bbox 2402 4275 2603 4331; x_wconf 87' lang='lat' dir='ltr'>Eadem</span> <span class='ocrx_word' id='word_1_701' title='bbox 2661 4271 2820 4334; x_wconf 79' lang='lat' dir='ltr'>Rom.</span> <span class='ocrx_word' id='word_1_702' title='bbox 2876 4275 3034 4345; x_wconf 88' lang='lat' dir='ltr'>edit.,</span> <span class='ocrx_word' id='word_1_703' title='bbox 3098 4275 3194 4331; x_wconf 78' lang='lat' dir='ltr'>tibi</span> <span class='ocrx_word' id='word_1_704' title='bbox 3243 4291 3412 4331; x_wconf 78' lang='lat' dir='ltr'>escam</span> <span class='ocrx_word' id='word_1_705' title='bbox 3466 4279 3791 4329; x_wconf 73' lang='lat' dir='ltr'>sanctorum.</span> 
     </span>
    </p>
   </div>
   <div class='ocr_carea' id='block_1_88' title="bbox 2203 4346 2705 4413">
    <p class='ocr_par' dir='ltr' id='par_1_88' title="bbox 2203 4346 2705 4413">
     <span class='ocr_line' id='line_1_88' title="bbox 2203 4346 2705 4413; baseline 0.006 -13"><span class='ocrx_word' id='word_1_706' title='bbox 2203 4346 2358 4401; x_wconf 89' lang='lat' dir='ltr'>Haud</span> <span class='ocrx_word' id='word_1_707' title='bbox 2389 4346 2705 4413; x_wconf 74' lang='lat' dir='ltr'>infeliciter.</span> 
     </span>
    </p>
   </div>
   <div class='ocr_carea' id='block_1_89' title="bbox 2578 4492 2824 4503">
    <p class='ocr_par' dir='ltr' id='par_1_89' title="bbox 2578 4492 2824 4503">
     <span class='ocr_line' id='line_1_89' title="bbox 2578 4492 2824 4503; baseline 0.004 -2"><span class='ocrx_word' id='word_1_708' title='bbox 2578 4492 2824 4503; x_wconf 55' lang='grc' dir='ltr'>-α</span> 
     </span>
    </p>
   </div>
   <div class='ocr_carea' id='block_1_90' title="bbox 1668 4666 2616 4753">
    <p class='ocr_par' dir='ltr' id='par_1_90' title="bbox 1668 4666 2616 4753">
     <span class='ocr_line' id='line_1_90' title="bbox 1668 4666 2616 4753; baseline 0 -3"><span class='ocrx_word' id='word_1_709' title='bbox 1668 4668 1799 4751; x_wconf 89' lang='grc' dir='ltr'>ΙΝ</span> <span class='ocrx_word' id='word_1_710' title='bbox 1896 4666 2616 4753; x_wconf 83' lang='lat' dir='ltr'>SERMONES</span> 
     </span>
    </p>
   </div>
   <div class='ocr_carea' id='block_1_91' title="bbox 1298 4842 3649 4931">
    <p class='ocr_par' dir='ltr' id='par_1_91' title="bbox 1298 4842 3649 4931">
     <span class='ocr_line' id='line_1_91' title="bbox 1298 4842 3649 4931; baseline 0.001 -34"><span class='ocrx_word' id='word_1_711' title='bbox 1298 4843 1670 4902; x_wconf 83' lang='lat' dir='ltr'>HACTENUS</span> <span class='ocrx_word' id='word_1_712' title='bbox 1709 4845 1838 4901; x_wconf 93' lang='lat' dir='ltr'>SUB</span> <span class='ocrx_word' id='word_1_713' title='bbox 1878 4845 2212 4931; x_wconf 75' lang='lat' dir='ltr'>AMBROSlI</span> <span class='ocrx_word' id='word_1_714' title='bbox 2249 4843 2519 4900; x_wconf 89' lang='lat' dir='ltr'>NOMINE</span> <span class='ocrx_word' id='word_1_715' title='bbox 2557 4842 2980 4901; x_wconf 87' lang='lat' dir='ltr'>EVULGATOS</span> <span class='ocrx_word' id='word_1_716' title='bbox 3626 4850 3649 4877; x_wconf 73' lang='grc' dir='ltr'><em>δ</em></span> 
     </span>
    </p>
   </div>
   <div class='ocr_carea' id='block_1_92' title="bbox 1871 4988 2399 5064">
    <p class='ocr_par' dir='ltr' id='par_1_92' title="bbox 1871 4988 2399 5064">
     <span class='ocr_line' id='line_1_92' title="bbox 1871 4988 2399 5064; baseline 0.006 -4"><span class='ocrx_word' id='word_1_717' title='bbox 1871 4988 2399 5064; x_wconf 88' lang='lat' dir='ltr'>ADMONlTlO.</span> 
     </span>
    </p>
   </div>
   <div class='ocr_carea' id='block_1_93' title="bbox 562 5303 3776 5388">
    <p class='ocr_par' dir='ltr' id='par_1_93' title="bbox 562 5303 3776 5388">
     <span class='ocr_line' id='line_1_93' title="bbox 562 5303 3776 5388; baseline -0.005 -15"><span class='ocrx_word' id='word_1_718' title='bbox 562 5318 913 5385; x_wconf 90' lang='lat' dir='ltr'>Sermonum,</span> <span class='ocrx_word' id='word_1_719' title='bbox 947 5331 1084 5387; x_wconf 90' lang='lat' dir='ltr'>quos</span> <span class='ocrx_word' id='word_1_720' title='bbox 1106 5314 1163 5369; x_wconf 90' lang='lat' dir='ltr'>in</span> <span class='ocrx_word' id='word_1_721' title='bbox 1195 5312 1607 5388; x_wconf 88' lang='lat' dir='ltr'>antiquioribus</span> <span class='ocrx_word' id='word_1_722' title='bbox 1638 5311 1914 5369; x_wconf 90' lang='lat' dir='ltr'>Ambrosii</span> <span class='ocrx_word' id='word_1_723' title='bbox 1963 5309 2138 5367; x_wconf 90' lang='lat' dir='ltr'>nostri</span> <span class='ocrx_word' id='word_1_724' title='bbox 2169 5308 2506 5368; x_wconf 89' lang='lat' dir='ltr'>editionibus</span> <span class='ocrx_word' id='word_1_725' title='bbox 2534 5307 2845 5380; x_wconf 87' lang='lat' dir='ltr'>persolvere</span> <span class='ocrx_word' id='word_1_726' title='bbox 2870 5313 2973 5375; x_wconf 88' lang='lat' dir='ltr'>est,</span> <span class='ocrx_word' id='word_1_727' title='bbox 3033 5303 3375 5364; x_wconf 89' lang='lat' dir='ltr'>mentionem</span> <span class='ocrx_word' id='word_1_728' title='bbox 3423 5320 3595 5379; x_wconf 89' lang='lat' dir='ltr'>prope</span> <span class='ocrx_word' id='word_1_729' title='bbox 3650 5303 3776 5362; x_wconf 84' lang='lat' dir='ltr'>fecit</span> 
     </span>
    </p>
   </div>
   <div class='ocr_carea' id='block_1_94' title="bbox 494 5395 3777 5483">
    <p class='ocr_par' dir='ltr' id='par_1_94' title="bbox 494 5395 3777 5483">
     <span class='ocr_line' id='line_1_94' title="bbox 494 5395 3777 5483; baseline -0.005 -16"><span class='ocrx_word' id='word_1_730' title='bbox 494 5426 676 5478; x_wconf 90' lang='lat' dir='ltr'>nemo,</span> <span class='ocrx_word' id='word_1_731' title='bbox 698 5409 792 5483; x_wconf 89' lang='lat' dir='ltr'>qui</span> <span class='ocrx_word' id='word_1_732' title='bbox 823 5416 1034 5480; x_wconf 88' lang='lat' dir='ltr'>partem</span> <span class='ocrx_word' id='word_1_733' title='bbox 1060 5422 1247 5463; x_wconf 90' lang='lat' dir='ltr'>eorum</span> <span class='ocrx_word' id='word_1_734' title='bbox 1285 5405 1435 5462; x_wconf 88' lang='lat' dir='ltr'>haud</span> <span class='ocrx_word' id='word_1_735' title='bbox 1467 5404 1801 5461; x_wconf 91' lang='lat' dir='ltr'>mediocrem</span> <span class='ocrx_word' id='word_1_736' title='bbox 1835 5402 2012 5459; x_wconf 92' lang='lat' dir='ltr'>eidem</span> <span class='ocrx_word' id='word_1_737' title='bbox 2040 5410 2231 5459; x_wconf 88' lang='lat' dir='ltr'>sancto</span> <span class='ocrx_word' id='word_1_738' title='bbox 2284 5401 2405 5455; x_wconf 89' lang='lat' dir='ltr'>viro</span> <span class='ocrx_word' id='word_1_739' title='bbox 2435 5414 2717 5471; x_wconf 88' lang='lat' dir='ltr'>perperam</span> <span class='ocrx_word' id='word_1_740' title='bbox 2746 5396 2997 5466; x_wconf 89' lang='lat' dir='ltr'>attribui,</span> <span class='ocrx_word' id='word_1_741' title='bbox 3028 5403 3082 5452; x_wconf 90' lang='lat' dir='ltr'>et</span> <span class='ocrx_word' id='word_1_742' title='bbox 3113 5395 3259 5454; x_wconf 91' lang='lat' dir='ltr'>inter</span> <span class='ocrx_word' id='word_1_743' title='bbox 3296 5396 3534 5451; x_wconf 89' lang='lat' dir='ltr'>aliorum</span> <span class='ocrx_word' id='word_1_744' title='bbox 3561 5395 3777 5451; x_wconf 88' lang='lat' dir='ltr'>Patrum</span> 
     </span>
    </p>
   </div>
   <div class='ocr_carea' id='block_1_95' title="bbox 492 5484 3777 5572">
    <p class='ocr_par' dir='ltr' id='par_1_95' title="bbox 492 5484 3777 5572">
     <span class='ocr_line' id='line_1_95' title="bbox 492 5484 3777 5572; baseline -0.005 -17"><span class='ocrx_word' id='word_1_745' title='bbox 492 5502 688 5572; x_wconf 88' lang='lat' dir='ltr'>Opera,</span> <span class='ocrx_word' id='word_1_746' title='bbox 714 5499 955 5556; x_wconf 85' lang='lat' dir='ltr'>maxime</span> <span class='ocrx_word' id='word_1_747' title='bbox 984 5513 1116 5553; x_wconf 90' lang='lat' dir='ltr'>vero</span> <span class='ocrx_word' id='word_1_748' title='bbox 1144 5495 1289 5553; x_wconf 90' lang='lat' dir='ltr'>beati</span> <span class='ocrx_word' id='word_1_749' title='bbox 1318 5493 1547 5552; x_wconf 87' lang='lat' dir='ltr'>Maximi</span> <span class='ocrx_word' id='word_1_750' title='bbox 1587 5491 1931 5551; x_wconf 88' lang='lat' dir='ltr'>circumferri</span> <span class='ocrx_word' id='word_1_751' title='bbox 1959 5508 2071 5549; x_wconf 91' lang='lat' dir='ltr'>non</span> <span class='ocrx_word' id='word_1_752' title='bbox 2100 5490 2405 5564; x_wconf 74' lang='lat' dir='ltr'>agnoverit.</span> <span class='ocrx_word' id='word_1_753' title='bbox 2461 5491 2707 5547; x_wconf 84' lang='lat' dir='ltr'>Romana</span> <span class='ocrx_word' id='word_1_754' title='bbox 2743 5487 2916 5545; x_wconf 91' lang='lat' dir='ltr'>editio</span> <span class='ocrx_word' id='word_1_755' title='bbox 2945 5486 3148 5543; x_wconf 90' lang='lat' dir='ltr'>nedum</span> <span class='ocrx_word' id='word_1_756' title='bbox 3182 5486 3498 5544; x_wconf 88' lang='lat' dir='ltr'>mederetur</span> <span class='ocrx_word' id='word_1_757' title='bbox 3525 5484 3658 5543; x_wconf 86' lang='lat' dir='ltr'>huic</span> <span class='ocrx_word' id='word_1_758' title='bbox 3686 5484 3777 5541; x_wconf 87' lang='lat' dir='ltr'>in—</span> 
     </span>
    </p>
   </div>
   <div class='ocr_carea' id='block_1_96' title="bbox 491 5572 3772 5660">
    <p class='ocr_par' dir='ltr' id='par_1_96' title="bbox 491 5572 3772 5660">
     <span class='ocr_line' id='line_1_96' title="bbox 491 5572 3772 5660; baseline -0.004 -18"><span class='ocrx_word' id='word_1_759' title='bbox 491 5590 802 5657; x_wconf 82' lang='lat' dir='ltr'>commodo,</span> <span class='ocrx_word' id='word_1_760' title='bbox 826 5589 964 5645; x_wconf 93' lang='lat' dir='ltr'>alios</span> <span class='ocrx_word' id='word_1_761' title='bbox 993 5587 1217 5660; x_wconf 87' lang='lat' dir='ltr'>insuper</span> <span class='ocrx_word' id='word_1_762' title='bbox 1249 5585 1492 5659; x_wconf 88' lang='lat' dir='ltr'>adjectos</span> <span class='ocrx_word' id='word_1_763' title='bbox 1538 5582 1717 5640; x_wconf 87' lang='lat' dir='ltr'>voluit</span> <span class='ocrx_word' id='word_1_764' title='bbox 1757 5582 1824 5641; x_wconf 89' lang='lat' dir='ltr'>ab</span> <span class='ocrx_word' id='word_1_765' title='bbox 1856 5582 2078 5656; x_wconf 88' lang='lat' dir='ltr'>ingenio</span> <span class='ocrx_word' id='word_1_766' title='bbox 2124 5581 2377 5654; x_wconf 83' lang='lat' dir='ltr'>styloque</span> <span class='ocrx_word' id='word_1_767' title='bbox 2407 5578 2775 5635; x_wconf 86' lang='lat' dir='ltr'>Ambrosiano</span> <span class='ocrx_word' id='word_1_768' title='bbox 2803 5576 2975 5650; x_wconf 89' lang='lat' dir='ltr'>magis</span> <span class='ocrx_word' id='word_1_769' title='bbox 3004 5576 3384 5645; x_wconf 88' lang='lat' dir='ltr'>abhorrentes,</span> <span class='ocrx_word' id='word_1_770' title='bbox 3419 5592 3583 5651; x_wconf 90' lang='lat' dir='ltr'>quam</span> <span class='ocrx_word' id='word_1_771' title='bbox 3616 5572 3772 5649; x_wconf 87' lang='lat' dir='ltr'>primi</span> 
     </span>
    </p>
   </div>
   <div class='ocr_carea' id='block_1_97' title="bbox 495 5670 3768 5754">
    <p class='ocr_par' dir='ltr' id='par_1_97' title="bbox 495 5670 3768 5754">
     <span class='ocr_line' id='line_1_97' title="bbox 495 5670 3768 5754; baseline -0.004 -20"><span class='ocrx_word' id='word_1_772' title='bbox 495 5676 601 5734; x_wconf 86' lang='lat' dir='ltr'>illi.</span> <span class='ocrx_word' id='word_1_773' title='bbox 644 5674 748 5732; x_wconf 88' lang='lat' dir='ltr'>Sed</span> <span class='ocrx_word' id='word_1_774' title='bbox 800 5694 913 5737; x_wconf 90' lang='lat' dir='ltr'>non</span> <span class='ocrx_word' id='word_1_775' title='bbox 968 5679 1193 5737; x_wconf 86' lang='lat' dir='ltr'>unicum</span> <span class='ocrx_word' id='word_1_776' title='bbox 1222 5677 1465 5754; x_wconf 87' lang='lat' dir='ltr'>ejusdem</span> <span class='ocrx_word' id='word_1_777' title='bbox 1524 5674 1784 5735; x_wconf 87' lang='lat' dir='ltr'>editionis</span> <span class='ocrx_word' id='word_1_778' title='bbox 1812 5676 1870 5733; x_wconf 90' lang='lat' dir='ltr'>in</span> <span class='ocrx_word' id='word_1_779' title='bbox 1924 5692 1988 5733; x_wconf 88' lang='lat' dir='ltr'>ea</span> <span class='ocrx_word' id='word_1_780' title='bbox 2034 5692 2091 5731; x_wconf 89' lang='lat' dir='ltr'>re</span> <span class='ocrx_word' id='word_1_781' title='bbox 2150 5673 2257 5732; x_wconf 92' lang='lat' dir='ltr'>hoc</span> <span class='ocrx_word' id='word_1_782' title='bbox 2289 5680 2571 5750; x_wconf 89' lang='lat' dir='ltr'>peccatum</span> <span class='ocrx_word' id='word_1_783' title='bbox 2618 5682 2701 5730; x_wconf 88' lang='lat' dir='ltr'>est</span> <span class='ocrx_word' id='word_1_784' title='bbox 2752 5680 3015 5745; x_wconf 61' lang='lat' dir='ltr'>prieterea</span> <span class='ocrx_word' id='word_1_785' title='bbox 3039 5670 3188 5729; x_wconf 89' lang='lat' dir='ltr'>enim</span> <span class='ocrx_word' id='word_1_786' title='bbox 3229 5677 3286 5729; x_wconf 90' lang='lat' dir='ltr'>et</span> <span class='ocrx_word' id='word_1_787' title='bbox 3340 5684 3623 5729; x_wconf 89' lang='lat' dir='ltr'>sermones</span> <span class='ocrx_word' id='word_1_788' title='bbox 3662 5679 3768 5725; x_wconf 87' lang='lat' dir='ltr'>non</span> 
     </span>
    </p>
   </div>
  </div>
