4068 6188
345 334 449 395 605
884 335 1254 397 SERMONES
1291 334 1349 394 S.
1388 332 1743 393 AMBROSIO
1784 332 2153 391 HACTENUS
2191 332 2529 391 ASCBIPTI.
2566 364 2637 376 —
2674 334 3097 391 ADMONITIO.
3536 331 3641 390 606

343 480 542 537 paucos
567 464 636 522 ab
667 465 905 522 aliorum
935 467 1108 524 classe
1136 466 1355 522 avulsos
1381 464 1441 520 in
1475 463 1683 519 alienas
1734 460 1891 518 sedes
1934 458 2271 529 amandavit,
2303 469 2357 516 et
2386 464 2558 517 multa
2597 479 2722 518 cum
2755 463 2811 517 in
2841 462 3042 530 titulis,
3096 470 3213 518 tum
3255 462 3313 517 in
3360 462 3480 535 ipso
3508 477 3637 517 con-

343 561 521 625 textu,
553 572 663 629 quo
693 556 1014 613 viderentur
1042 557 1214 630 magis
1241 553 1616 622 Ambrosiani,
1647 551 1874 626 propria
1901 549 2221 607 immutavit
2256 551 2612 619 auctoritate;
2646 552 2789 609 unde
2816 551 3050 624 contigit
3078 551 3138 607 in
3165 568 3400 608 errorem
3434 549 3632 609 induci

340 640 595 701 homines
628 644 836 718 alioqui
868 644 1266 718 sagacissimos.
2182 666 2185 669 '

410 732 758 808 Quapropter
786 743 847 791 ut
878 736 935 791 in
967 744 1245 809 posterum
1280 736 1509 793 lectores
1556 733 1622 789 ab
1669 728 1993 803 hujusmodi
2034 728 2224 785 fraude
2280 731 2656 800 liberaremus,
2692 747 2879 788 omnes
2907 735 3201 790 Sermones
3230 729 3325 802 qui
3356 726 3637 784 Ambrosii

339 839 543 881 nomen
570 824 631 882 in
671 825 1009 898 quibuslibet
1036 825 1375 884 editionibus
1403 840 1514 897 prae
1545 840 1601 879 se
1629 822 1837 889 ferunt,
1870 821 1938 876 ad
1968 834 2197 875 examen
2226 822 2430 892 placuit
2461 838 2714 878 revocare
2751 840 2762 877 :
2801 838 2907 894 qua
2953 821 3011 876 in
3061 836 3294 877 censura
3332 824 3454 891 post
3484 813 3637 871 adbi-

337 910 536 983 bitam,
571 931 678 987 qua
711 915 972 987 majorem
1000 932 1112 972 non
1149 915 1447 982 valuimus,
1479 911 1826 984 diligentiam
1872 919 1923 965 et
1957 910 2325 975 severitatem,
2348 912 2663 966 eorumdem
2694 910 3043 977 Sermonum,
3075 908 3325 981 exceptis
3356 905 3635 963 concioni-

336 997 443 1056 bus
471 1009 727 1074 quatuor,
758 1003 1025 1060 nimirum
1056 1006 1121 1061 In
1156 1003 1343 1074 funere
1378 999 1754 1061 Valentiniani.
1787 998 1854 1053 1η
1879 997 2067 1068 funere
2114 999 2411 1066 Theodosii,
2441 1000 2519 1053 De
2557 999 2789 1054 basilicis
2826 1017 2933 1054 non
2982 999 3273 1066 tradendis,
3321 1014 3384 1053 ac
3412 996 3488 1051 De
3516 993 3641 1049 reliJ

338 1088 481 1159 quiis
508 1097 811 1146 sanctorum
844 1092 1086 1149 Gervasii
1113 1099 1161 1147 et
1190 1091 1449 1159 Protasii,
1498 1105 1633 1162 quas
1664 1085 1940 1142 edidimus
1969 1085 2206 1157 propriis
2257 1090 2409 1155 locis,
2434 1090 2651 1144 nullum
2687 1090 2919 1145 omnino
2954 1087 3442 1160 deprehendimus,
3474 1099 3638 1157 quem

338 1196 468 1238 cum
503 1182 688 1256 aliqua
708 1185 824 1241 veri
853 1185 1034 1257 specie
1062 1201 1125 1242 ac
1148 1182 1515 1240 similitudine
1545 1179 1774 1238 attribui
1805 1177 2099 1234 Ambrosio
2147 1194 2300 1249 posse
2347 1178 2759 1234 arbitraremur.
2810 1178 3112 1233 Enimvero
3152 1178 3270 1235 illic
3306 1176 3493 1233 omnia
3520 1182 3637 1229 tan-

340 1276 527 1340 topere
556 1286 588 1325 a
622 1271 797 1328 sancti
832 1271 1071 1328 doctoris
1100 1273 1412 1329 elocutione
1464 1287 1526 1327 ac
1580 1267 1856 1325 tractandi
1887 1269 2101 1324 ratione
2140 1267 2503 1339 discrepantia
2536 1269 2696 1325 nobis
2722 1268 2842 1324 visa
2879 1275 3030 1336 sunt,
3064 1275 3124 1322 ut
3152 1266 3293 1323 nulli
3321 1265 3639 1321 dubitemus

338 1363 583 1412 nostram
633 1357 692 1413 in
763 1361 1093 1418 sententiam
1153 1368 1423 1432 quotquot
1479 1356 1699 1414 eosdem
1727 1400 1743 1425 ,
1814 1372 1922 1430 qua
1978 1373 2077 1428 par
2135 1367 2235 1427 est,
2296 1357 2599 1414 attentione
2648 1358 3067 1426 examinabunt,
3125 1355 3358 1430 pedibus
3415 1368 3635 1411 conces-

335 1458 512 1501 suros.

404 1532 563 1602 Quod
590 1535 761 1607 igitur
787 1535 1144 1595 Cassiodorus
1172 1536 1296 1609 (lib.
1328 1537 1407 1592 De
1436 1536 1605 1592 instit.
1641 1536 1810 1593 divin.
1844 1538 1971 1593 Litt.
2005 1554 2125 1610 cap.
2157 1538 2216 1608 5)
2250 1546 2407 1595 aetate
2455 1555 2553 1594 sua
2578 1538 2838 1596 homilias
2885 1554 2981 1596 seu
3037 1554 3316 1595 sermones
3361 1534 3638 1593 exstitisse

332 1623 593 1696 afﬁrmat,
627 1627 722 1700 qui
754 1627 1038 1685 Ambrosii
1069 1644 1270 1685 nomen
1304 1627 1362 1682 iu
1378 1627 1559 1683 fronte
1589 1634 1859 1699 gererent,
1909 1627 2015 1683 nisi
2055 1627 2310 1685 credatur
2342 1628 2606 1683 memoria
2637 1644 2735 1683 sua
2755 1629 2841 1683 vel
2872 1628 3008 1684 falsa
3035 1627 3343 1700 cujuspiam
3370 1625 3638 1681 relatione

332 1713 593 1788 deceptus
631 1732 768 1785 esse,
815 1716 1113 1774 dicendum
1143 1718 1250 1774 erit
1272 1716 1389 1789 jam
1418 1717 1628 1773 dudum
1679 1716 1953 1773 excidisse
1984 1716 2078 1772 illa
2109 1718 2465 1789 exemplaria.
2507 1717 2665 1783 Quod
2698 1735 2828 1773 vero
2858 1718 2926 1773 ad
2957 1734 3019 1773 ea
3050 1717 3251 1790 quibus
3280 1716 3639 1772 continentur

332 1802 375 1859 ii
401 1820 705 1874 sermones,
738 1804 832 1878 qui
854 1805 1033 1863 eidem
1060 1806 1287 1862 Praesuli
1319 1822 1467 1862 nunc
1498 1805 1845 1873 tribuuntur,
1879 1806 2088 1861 nullius
2116 1807 2461 1863 auctoritatis
2491 1807 2587 1862 illa
2620 1815 2895 1879 putamus.
2928 1808 3193 1880 Namque,
3228 1814 3291 1861 ut
3312 1805 3637 1877 plurimum,

332 1901 431 1949 aut
454 1894 820 1951 recentiorem
849 1896 1153 1969 praeferunt
1182 1911 1429 1962 manum,
1460 1902 1555 1950 aut
1596 1895 1725 1951 libri
1756 1896 1911 1954 fuere
1938 1898 2064 1953 usui
2095 1899 2304 1955 chorali
2346 1899 2729 1967 inservientes,
2762 1898 3026 1953 nimirum
3056 1896 3401 1953 lectionuarii
3443 1904 3496 1951 et
3527 1894 3641 1950 ho-

335 1982 590 2052 miliarii,
621 2000 854 2057 quorum
904 1991 1246 2040 momentum
1269 1982 1613 2039 levissimum
1640 2001 1755 2041 esse
1798 1987 2017 2060 negabit
2043 2005 2226 2046 nemo.
2275 1991 2379 2046 Sed
2427 2006 2495 2045 ne
2525 1988 2922 2045 vetustioribus
2965 1989 3186 2065 quidem
3219 1987 3504 2044 codicibus
3533 1985 3639 2043 hac

334 2070 396 2128 in
426 2089 485 2129 re
518 2072 686 2129 ﬁdem
727 2073 928 2130 habere
957 2072 1089 2130 satis
1122 2081 1307 2130 tutum
1347 2081 1447 2129 est.
1480 2074 1702 2130 Etenim
1735 2074 1895 2132 docet
1936 2078 2294 2150 experientia,
2320 2096 2429 2153 quo
2460 2078 2633 2150 magis
2665 2080 2749 2135 illi
2798 2080 2991 2135 ﬁerent
3018 2079 3349 2146 vendibiles,
3390 2076 3637 2133 homiliis

333 2172 428 2220 aut
457 2165 805 2222 sermonibus
834 2165 1034 2240 quibus
1062 2165 1407 2233 constabant,
1439 2181 1635 2238 magna
1665 2167 1892 2226 nomina
1921 2188 2061 2243 saepe
2090 2171 2289 2244 saepius
2342 2172 2410 2227 ab
2455 2172 2783 2245 antiquariis
2830 2172 3105 2243 inscripta
3146 2186 3280 2226 esse.
3313 2170 3428 2225 Hoc
3456 2167 3636 2240 ipsum
3714 2173 3721 2179 ’

330 2258 389 2315 in
423 2258 514 2314 bis
541 2259 886 2316 sermonibus
914 2267 1098 2333 aperte
1125 2259 1477 2333 cognoscitur
1502 2277 1516 2327 ;
1550 2276 1676 2316 cum
1708 2260 1857 2316 enim
1887 2261 2201 2334 antiquiora
2234 2262 2478 2333 ipsorum
2509 2263 2849 2334 exemplaria
2878 2262 3037 2317 nulla
3078 2260 3378 2316 habeamus
3406 2258 3636 2315 condice

330 2349 712 2423 Lugdunensi,
759 2348 917 2422 cujus
960 2348 1143 2405 varias
1190 2348 1452 2406 lectiones
1499 2348 1792 2405 clarissimi
1832 2349 2041 2405 Baluzii
2072 2351 2330 2409 amicitiae
2362 2351 2644 2421 debemus,
2695 2359 2750 2408 et
2776 2350 3005 2408 condice
3035 2348 3301 2414 Gallensi,
3328 2363 3489 2421 quem
3519 2363 3551 2402 a
3580 2363 3636 2402 se

334 2446 630 2498 tractatum
653 2447 814 2513 atque
842 2456 1134 2496 excussum
1164 2446 1393 2496 testatur
1412 2438 1768 2495 Mabillonius
1794 2448 1978 2495 noster
2016 2450 2141 2498 ante
2174 2442 2327 2499 mille
2357 2459 2530 2498 annos
2558 2450 2844 2498 exaratum
2877 2457 3013 2510 esse,
3045 2438 3423 2496 nihilominus
3447 2445 3633 2493 tamen

338 2530 543 2586 horum
573 2538 801 2603 uterque
839 2544 1117 2585 sermones
1145 2528 1393 2585 continet
1417 2528 1688 2585 Gallensis
1718 2530 1940 2603 quidem
1960 2530 2352 2604 Augustinum,
2385 2530 2769 2602 Lugdunensis
2799 2547 2930 2585 vero
2960 2529 3319 2585 Ambrosium
3338 2533 3627 2597 auctorem

331 2618 477 2676 falso
508 2626 864 2687 ostentantes,
896 2626 949 2676 et
978 2618 1279 2675 maximam
1310 2626 1520 2692 partem
1551 2626 1739 2675 sancto
1775 2620 2023 2676 Maximo
2079 2622 2469 2690 restituendos,
2515 2630 2576 2677 ut
2621 2621 2689 2676 de
2735 2619 3083 2677 Gallensibus
3128 2616 3487 2673 Mabillonius
3519 2616 3633 2686 ipse

342 2706 652 2779 proﬁtetur.
683 2708 771 2763 Ex
817 2706 1015 2764 borum
1045 2723 1276 2766 censura
1322 2707 1392 2767 de
1438 2708 1794 2782 Lugdunensi
1846 2717 2053 2767 statuas
2108 2712 2257 2780 licet,
2315 2726 2441 2766 cum
2474 2717 2707 2782 utroque
2758 2708 2948 2765 codice
2997 2705 3171 2762 iidem
3232 2703 3631 2777 propemodum

336 2812 620 2854 sermones
645 2797 1029 2854 exhibeantur.

403 2888 593 2960 Neque
620 2905 753 2945 vero
773 2888 1140 2945 admirabitur
1168 2887 1458 2961 quisquam
1494 2885 1654 2941 beato
1708 2885 1952 2941 Maximo
1989 2892 2073 2941 tot
2110 2901 2389 2942 sermones
2436 2886 2658 2956 ascribi,
2718 2883 3165 2959 quandoquidem
3206 2899 3317 2940 non
3348 2883 3632 2956 ignoratur

340 2985 583 3049 quantus
607 2978 665 3034 in
693 2977 1074 3035 concionando
1102 2976 1197 3032 hic
1238 2982 1460 3031 sanctus
1488 2974 1783 3030 exstiterit.
1812 2976 1969 3044 Quod
1996 2984 2178 3033 autem
2223 2995 2293 3035 ex
2332 2977 2451 3050 ejus
2504 2978 2851 3036 sermonibus
2881 2994 3005 3052 pars
3036 2994 3149 3034 non
3181 2976 3412 3032 minima
3445 2982 3632 3031 trans-

330 3068 513 3140 cripta
545 3069 620 3125 sit
658 3069 718 3124 in
749 3067 1032 3124 Ambrosii
1063 3081 1285 3133 nomen,
1314 3070 1511 3137 praeter
1539 3073 1867 3121 memoratas
1908 3067 2235 3140 scriptorum
2258 3069 2496 3141 fraudes,
2544 3069 2601 3127 id
2653 3070 2820 3126 etiam
2869 3068 3002 3126 hinc
3048 3068 3229 3142 potuit
3282 3065 3624 3138 contingere,

333 3158 482 3229 quod
512 3174 640 3214 cum
666 3158 844 3230 Opera
872 3156 1049 3213 sancti
1078 3154 1320 3212 doctoris
1349 3155 1523 3210 nostri
1547 3154 1739 3211 sedulo
1768 3158 2059 3225 evolverit,
2096 3176 2398 3233 magnaque
2427 3160 2734 3232 fragmenta
2779 3176 2848 3215 ex
2891 3159 3098 3217 eisdem
3129 3174 3191 3216 ac
3220 3157 3568 3231 potissimum
3596 3171 3626 3212 e

329 3246 745 3303 Commentario
765 3246 824 3301 in
855 3246 1057 3303 Lucam
1085 3245 1152 3301 ad
1183 3244 1411 3301 verbum
1441 3256 1697 3320 excerpta
1724 3246 2008 3313 indiderit,
2043 3248 2279 3305 incautis
2340 3249 2580 3304 librariis
2630 3248 2851 3304 errandi
2912 3245 3208 3320 praebuerit
3259 3244 3624 3311 occasionem,

326 3333 464 3390 Inde
493 3334 752 3391 similiter
779 3334 1049 3408 conjicere
1073 3335 1259 3391 forsan
1291 3335 1452 3391 liceat
1488 3353 1600 3392 non
1648 3335 1819 3394 alium
1849 3345 2128 3394 auctorem
2176 3337 2334 3394 libris
2371 3354 2466 3393 seu
2499 3337 2847 3393 sermonibus
2871 3338 2949 3393 De
2988 3335 3333 3393 sacramentis
3366 3349 3625 3407 quaeren-

329 3424 463 3482 dum
499 3443 635 3495 esse,
668 3444 830 3501 quam
860 3428 1113 3484 eumdem
1142 3426 1447 3483 Maximum
1481 3443 1494 3482 :
1526 3427 1616 3485 cui
1646 3427 1976 3501 conjecturae
2008 3430 2159 3485 locus
2186 3444 2249 3484 ac
2277 3435 2496 3501 tempus
2523 3427 2962 3501 patrocinantur.

400 3514 530 3582 Quae
558 3523 686 3572 sunt
718 3534 750 3573 a
778 3516 938 3573 nobis
974 3517 1237 3574 hactenus
1264 3514 1431 3584 dicta,
1466 3517 1692 3587 planum
1739 3516 1951 3572 faciunt
2009 3517 2155 3573 solos
2202 3532 2503 3585 sermones,
2559 3533 2629 3572 ex
2659 3515 2859 3589 quibus
2888 3515 2948 3569 in
2986 3513 3253 3569 librorum
3292 3510 3524 3565 formam
3554 3506 3622 3564 ab

321 3602 619 3660 Ambrosio
652 3604 771 3678 ipso
800 3603 1057 3674 redactis,
1088 3612 1273 3661 tomus
1319 3604 1471 3677 prior
1507 3612 1656 3661 totus
1689 3605 1801 3661 fere
1835 3606 2207 3678 componitur,
2255 3614 2309 3663 et
2336 3622 2533 3679 magna
2581 3621 2797 3679 quoque
2842 3620 2967 3675 pars
3008 3600 3349 3675 posterioris,
3373 3597 3621 3654 Ambro-

322 3692 508 3750 sianos
537 3702 686 3751 certo
718 3696 923 3752 vocari.
965 3697 1076 3753 Nos
1120 3695 1291 3768 igitur
1315 3702 1521 3750 temere
1560 3695 1752 3751 fecisse
1784 3712 1893 3753 non
1926 3697 2263 3766 videbimur,
2295 3697 2441 3771 quod
2469 3697 2686 3753 nullum
2718 3713 2907 3753 eorum
2946 3710 3083 3767 quos
3109 3692 3203 3749 hic
3231 3689 3616 3764 expendimus,

320 3782 467 3840 inter
483 3786 661 3858 Opera
686 3787 861 3845 sancti
891 3787 1145 3845 Doctoris
1174 3802 1304 3843 vera
1337 3793 1390 3841 et
1420 3787 1706 3857 explorata
1756 3787 2112 3845 ediderimus.
2143 3787 2280 3845 Cum
2316 3796 2497 3843 autem
2530 3805 2601 3843 ex
2631 3787 2720 3843 bis
2769 3786 2866 3841 alii
2901 3802 3015 3841 non
3047 3784 3155 3841 nisi
3185 3782 3330 3856 apud
3374 3779 3620 3837 Ambro-

319 3872 487 3943 sium,
521 3875 616 3931 alii
646 3892 780 3933 vero
808 3877 976 3933 etiam
1003 3877 1137 3933 alibi
1177 3875 1388 3949 vulgati
1429 3884 1669 3946 exstent,
1715 3877 1927 3949 priores
1983 3886 2193 3933 tantum
2220 3876 2628 3945 exhibebimus,
2660 3892 2728 3931 ne
2757 3875 2997 3948 pondere
3029 3874 3215 3929 minus
3242 3870 3368 3927 utili
3408 3875 3618 3925 crescat

318 3964 605 4022 volumen.
648 3966 908 4023 Attamen
955 3976 1017 4024 ut
1050 3967 1222 4039 magis
1253 3974 1433 4038 pateat
1479 3983 1581 4023 nos
1631 3966 1881 4023 liberiori
1921 3982 2151 4023 censura
2197 3965 2621 4038 haudquaquam
2669 3981 2816 4033 usos,
2848 3963 3119 4036 cujusque
3152 3957 3421 4017 sermonis
3450 3954 3618 4026 capiti

317 4055 557 4112 strictim
587 4058 985 4128 praemittemus
1031 4074 1120 4114 eas
1147 4057 1404 4125 rationes,
1440 4058 1595 4128 queis
1638 4074 1707 4113 ne
1738 4057 1896 4113 illum
1926 4054 2349 4112 Ambrosianum
2376 4055 2789 4122 arbitraremur,
2837 4053 3060 4109 adducti
3089 4066 3299 4107 sumus.
3335 4047 3445 4101 Nec
3478 4059 3617 4114 pro-

315 4150 504 4215 pterea
545 4143 976 4215 obluctabimur,
1023 4145 1070 4201 si
1115 4145 1243 4219 quis
1289 4146 1555 4202 lectorum
1599 4144 1819 4203 eosdem
1867 4161 2145 4203 sermones
2184 4145 2520 4218 argumentis
2563 4143 2873 4216 potioribus
2908 4136 3201 4196 Ambrosio
3231 4140 3419 4190 nostro
3450 4130 3617 4186 iverit

316 4230 684 4289 vindicatum.
1218 4272 1222 4283 ι

384 4318 548 4387 Quod
581 4336 744 4393 porro
771 4320 840 4377 ad
869 4336 959 4377 eas
987 4321 1303 4390 conciones,
1332 4338 1452 4395 quae
1482 4321 1540 4377 in
1578 4321 1816 4378 aliorum
1858 4323 2079 4379 Patrum
2129 4324 2388 4396 operibus
2438 4324 2929 4389 circumferuntur,
2977 4335 3102 4377 cum
3149 4333 3261 4390 prae
3313 4313 3523 4371 caeteris
3551 4329 3615 4369 eo

313 4424 536 4483 quoque
565 4408 891 4482 przejudicio
920 4410 1047 4466 solae
1086 4408 1354 4477 laborent,
1385 4410 1533 4482 quod
1580 4426 1692 4466 non
1729 4412 1904 4485 magis
1932 4413 2249 4483 Ambrosio,
2301 4430 2462 4486 quam
2493 4413 2579 4468 vel
2610 4410 2853 4469 Maximo
2882 4409 2971 4464 vel
3023 4406 3190 4464 alicui
3217 4405 3373 4465 alteri
3402 4403 3614 4478 adjudi-

314 4506 452 4556 cata
477 4507 629 4567 sunt,
679 4500 865 4556 minus
903 4498 1098 4556 timide
1140 4499 1285 4571 ipsas
1316 4499 1633 4557 recidimus.
1664 4500 1742 4555 Ne
1773 4518 1905 4559 vero
1930 4504 2208 4575 negotium
2242 4504 2482 4576 cuipiam
2508 4503 2739 4561 facessat
2769 4503 2865 4559 illa
2893 4499 3146 4569 mutatio,
3181 4500 3399 4573 gemino
3430 4496 3613 4553 indice

314 4586 722 4658 providebitur.
772 4588 1019 4655 Quorum
1048 4588 1108 4644 in
1136 4589 1317 4661 primo
1351 4605 1629 4646 sermones
1658 4590 1851 4647 omissi
1882 4592 2302 4651 collocabuntur
2330 4595 2425 4650 tali
2473 4594 2686 4664 ordine,
2717 4600 2779 4649 ut
2808 4610 2918 4649 non
2951 4593 3131 4649 solum
3177 4605 3341 4664 quam
3372 4587 3609 4662 quisque

312 4677 500 4734 sedem
539 4684 700 4734 antea
727 4677 786 4733 in
816 4677 1154 4734 editionibus
1194 4677 1576 4735 Ambrosianis
1623 4678 1945 4748 obtinuerit,
2000 4697 2193 4738 verum
2233 4684 2398 4740 etiam
2452 4683 2598 4756 apud
2652 4700 2815 4757 quem
2862 4684 3087 4739 Patrum
3138 4678 3462 4752 reperiatur,
3496 4691 3608 4731 uno

314 4765 529 4822 intuitu
568 4765 851 4823 advertere
882 4767 974 4825 sit.
1006 4769 1070 4824 In
1096 4768 1336 4825 secundo
1358 4768 1541 4825 indice
1579 4768 1783 4841 triplex
1812 4770 1977 4825 series
2007 4786 2197 4827 eorum
2229 4789 2568 4842 sermonum,
2607 4791 2744 4847 quos
2795 4775 3117 4839 retinemus,
3158 4770 3233 4827 ita
3260 4774 3606 4833 contexetur,

313 4863 373 4913 ut
407 4872 601 4913 omnes
628 4855 1006 4913 Ambrosianae
1040 4857 1331 4924 editiones,
1361 4858 1600 4933 antiquae
1629 4858 1908 4927 videlicet,
1944 4861 2206 4930 Romana,
2232 4872 2285 4919 et
2318 4880 2461 4919 nova
2490 4872 2674 4920 nostra
2704 4882 2732 4921 e
2764 4864 2986 4937 regione
3008 4861 3248 4919 invicem
3281 4857 3386 4915 sibi
3417 4856 3608 4930 positae

312 4953 718 5020 comparentur.
752 4945 858 5003 Sed
888 4946 1043 5018 prius
1072 4946 1321 5019 quaedam
1342 4948 1411 5003 ad
1435 4947 1671 5005 omissos
1690 4965 1969 5004 sermones
2000 4950 2282 5021 speciatim
2316 4953 2650 5024 pertinentia
2678 4950 2993 5009 annotanda
3020 4956 3170 5006 sunt.

385 5037 659 5093 Sermone:
687 5036 751 5092 de
785 5038 1057 5109 Tempore.
1098 5068 1169 5078 —
1194 5036 1410 5093 Priores
1438 5037 1572 5106 duo,
1612 5040 1871 5096 Romanae
1902 5040 2114 5098 scilicet
2156 5042 2418 5101 editionis
2446 5046 2661 5118 primus
2692 5061 2755 5103 ac
2796 5044 3013 5110 tertius,
3052 5040 3110 5095 in
3140 5036 3380 5096 Gallensi
3419 5034 3607 5093 codice

312 5123 625 5198 Augustino
653 5124 1056 5196 attribuuntur,
1088 5126 1182 5183 sed
1213 5127 1272 5182 in
1304 5125 1621 5184 Corbeiensi
1666 5144 1729 5184 ac
1766 5128 2145 5199 Germanensi,
2179 5133 2413 5207 aliisque
2448 5135 2701 5206 pluribus
2750 5131 2952 5189 dantur
3000 5130 3262 5197 Maximo,
3305 5142 3466 5201 quem
3500 5122 3605 5178 toti

312 5213 543 5286 spirant.
575 5213 721 5271 Idem
755 5216 919 5272 etiam
951 5216 1020 5272 de
1047 5216 1296 5288 sequenti
1320 5217 1502 5275 dicere
1534 5217 1681 5286 licet,
1714 5217 1874 5290 cujus
1905 5220 2322 5295 inscriptionem
2349 5223 2525 5280 codex
2542 5222 2923 5295 Lugdunensis
2950 5237 3136 5276 veram
3170 5217 3315 5273 hanc
3343 5213 3599 5288 praefert:

310 5303 602 5359 Direndum
627 5311 748 5361 ante
769 5306 963 5363 Natale
992 5305 1230 5361 Domini.

381 5392 621 5461 Quartus
647 5394 1002 5463 omissorum,
1034 5394 1129 5468 qui
1159 5401 1347 5452 sextus
1395 5403 1478 5453 est
1510 5398 1770 5455 Romanas
1808 5398 2093 5468 editionis,
2125 5399 2183 5454 in
2231 5396 2552 5470 Appendice
2601 5397 3004 5468 Augustiniana
3033 5393 3271 5451 Caesarie
3300 5386 3597 5443 addicitur.

313 5482 452 5542 Huic
482 5484 734 5557 opinioni
765 5484 911 5542 haud
956 5487 1336 5554 reclamamus,
1369 5487 1718 5546 admonuisse
1757 5507 1951 5562 nempe
1977 5490 2222 5547 contenti
2256 5468 2691 5559 comparationes
2730 5487 2789 5542 in
2821 5503 2883 5541 eo
2914 5502 3051 5549 esse,
3082 5498 3201 5555 quae
3248 5494 3375 5535 cum
3407 5468 3633 5549 legan-'

313 5580 404 5629 tur
430 5574 489 5629 in
518 5575 867 5632 sermonibus
898 5593 1062 5648 supra
1102 5578 1442 5648 memoratis,
1473 5579 1954 5653 interpolationem
1988 5578 2248 5635 videntur
2278 5592 2524 5649 arguere.
2574 5576 2891 5631 Sermonem
2923 5571 3126 5645 pariter
3156 5574 3277 5641 post
3307 5565 3407 5622 hos
3438 5566 3599 5622 omis-

314 5679 453 5733 sum,
480 5661 536 5718 id
570 5674 670 5734 est,
704 5664 1094 5723 duodecimum
1125 5666 1289 5724 dictae
1317 5666 1585 5724 editionis
1613 5670 1800 5725 eadem
1832 5668 2124 5743 Appendix
2165 5667 2363 5723 tribuit
2406 5667 2640 5725 Caesario
2680 5683 2691 5719 :
2747 5662 3039 5719 Ambrosio
3068 5674 3196 5714 sane
3226 5674 3350 5715 eum
3390 5659 3485 5732 qui
3528 5658 3602 5716 le-

317 5755 476 5826 gerit,
497 5769 663 5813 nemo
692 5754 917 5815 tribuet.
933 5756 1046 5817 Nec
1060 5756 1172 5815 alio
1196 5757 1366 5817 modo
1388 5756 1455 5816 de
1484 5758 1860 5832 subsequenti,
1880 5774 2043 5832 quem
2063 5757 2123 5815 in
2142 5757 2463 5832 Appendice
2478 5771 2789 5814 sermonem
2811 5750 3107 5826 Augustini
3135 5750 3302 5809 etiam
3334 5750 3595 5826 reperias,
