4064 6178
493 275 596 335 607
1499 274 1595 331 AD
1633 273 1869 332 OPERA
1907 272 1963 330 S.
2006 272 2098 329 AM

2188 270 2342 330 :osn
2377 271 2760 333 APPENDIX.
3239 353 3250 363 α
3685 279 3793 338 eos

491 400 918 474 disputabimus.
974 402 1111 458 Nam
1167 415 1295 459 cum
1333 399 1838 473 manuscriptorum
1892 397 2116 472 quidam
2151 397 2466 469 Ambrosio,
2498 398 2723 472 quidam
2762 399 3074 473 Augustino
3108 401 3271 458 illum
3324 401 3624 474 ascribant,
3686 421 3796 464 nos

491 507 618 550 cum
651 489 969 550 Corbeiensi
997 488 1208 546 nemini
1236 489 1554 545 astruimus.

563 579 670 648 Qui
700 579 800 637 hos
826 580 1055 653 excipit,
1102 579 1161 636 in
1213 580 1530 654 Appendice
1556 579 1755 652 sapius
1783 577 1950 636 citata
1979 577 2157 634 solum
2186 573 2383 647 incipit
2412 574 2480 631 ab
2511 575 2629 632 istis
2649 575 2834 634 verbis
2862 595 2873 634 :
2913 575 3058 635 Dicit
3085 578 3346 636 Dominus
3375 580 3435 635 in
3462 581 3788 654 Evangelia,

491 676 598 726 etc.
626 669 769 725 Eum
801 669 1060 727 similiter
1082 670 1354 726 Gallensis
1401 671 1576 727 codex
1611 669 1689 724 ita
1741 667 1966 736 dividit,
1999 674 2058 722 ut
2088 666 2221 721 novi
2253 666 2520 723 sermonis
2549 668 2737 724 eadem
2769 667 2935 724 verba
2963 668 3073 726 sint
3103 669 3416 726 exordium.
3443 670 3618 738 Quam
3654 689 3795 730 vero

491 756 678 828 inepta
700 757 772 814 sit
809 757 932 816 haec
960 758 1184 828 divisio,
1216 776 1285 816 ex
1314 761 1495 834 primo
1533 766 1754 832 aspectu
1783 772 2108 829 cognoscere
2145 764 2244 812 est.
2281 757 2441 814 Hunc
2466 774 2625 830 porro
2657 757 2798 815 sicut
2845 766 2898 814 et
2936 766 3272 832 sequentem,
3307 761 3403 833 qui
3433 761 3786 820 continuatio

492 845 610 920 ejus
637 864 753 905 esse
791 848 1033 915 videtur,
1065 851 1275 922 optimo
1300 849 1427 923 jure
1454 848 1699 906 Maximo
1728 847 2048 920 adjudicant
2081 863 2092 900 :
2144 844 2238 900 sed
2289 845 2382 901 ille
2447 863 2664 921 quoque
2720 864 2882 921 quem
2939 849 3187 905 Romana
3230 847 3405 905 editio
3455 849 3789 909 vicesimum

491 945 748 1010 quartum
779 947 1052 1007 numerat,
1071 938 1401 1011 jamdudum
1430 939 1608 995 eidem
1639 937 1877 994 antistiti
1908 935 2221 992 vindicatus
2247 943 2348 991 est.

561 1028 808 1084 Duorum
836 1029 1185 1103 sequentium
1215 1031 1365 1102 prior
1393 1031 1528 1086 olim
1568 1026 2052 1102 quinquagesimus
2078 1033 2265 1082 sextus
2297 1025 2441 1081 inter
2469 1025 2901 1099 Augustinianos
2927 1025 3324 1096 collocabatur,
3357 1043 3507 1086 nunc
3536 1027 3779 1088 Caesario

489 1117 776 1175 restitutus
804 1126 906 1188 est,
944 1119 1102 1191 cujus
1136 1120 1436 1176 dictionem
1488 1118 1636 1174 haud
1668 1135 1860 1190 parum
1908 1115 2092 1172 refert.
2141 1113 2417 1171 Posterior
2447 1122 2628 1171 autem
2660 1132 2770 1171 non
2802 1115 3005 1171 minori
3037 1115 3162 1188 jure
3191 1116 3367 1173 eidem
3398 1118 3547 1174 Patri
3585 1120 3788 1176 reddi-

489 1216 580 1266 tus
608 1209 740 1276 fuit;
774 1209 928 1265 illius
961 1216 1140 1264 tamen
1163 1225 1288 1282 pars
1318 1225 1429 1264 non
1462 1207 1693 1262 minima
1747 1205 2063 1263 Babaniano
2114 1202 2333 1260 cuidam
2382 1202 2623 1257 sermoni
2673 1203 2957 1272 inseritur,
2995 1203 3154 1276 cujus
3199 1205 3402 1260 lemma
3431 1212 3512 1261 est
3545 1222 3556 1261 :
3593 1206 3675 1261 De
3693 1207 3794 1278 je—

479 1294 642 1366 junio
663 1299 904 1367 Domini,
936 1305 982 1354 et
1000 1297 1207 1354 ratione
1234 1296 1716 1368 quadragesimalis
1737 1294 1952 1365 jejunii.

559 1387 749 1445 Sermo
783 1389 1094 1446 tricesimus
1120 1404 1300 1444 nonus
1327 1388 1586 1444 Romana}
1629 1385 1889 1442 editionis
1927 1385 2002 1441 ita
2036 1382 2394 1440 inscribitur:
2433 1383 2543 1440 Cur
2576 1383 2818 1440 Christus
2839 1383 3052 1454 jejunia
3079 1383 3139 1439 in
3165 1385 3386 1454 deserto,
3419 1393 3525 1443 etc.
3556 1387 3660 1445 Hic
3697 1399 3792 1447 est

488 1476 545 1532 in
572 1477 890 1550 Appendice
936 1477 1341 1550 Augustiniana
1367 1477 1700 1533 centesimus
1747 1473 2197 1548 quadragesimus
2227 1473 2516 1544 septimus,
2555 1474 2651 1548 qui
2695 1481 2748 1530 et
2802 1473 2897 1530 alii
2953 1472 3084 1541 duo,
3142 1475 3408 1530 nimirum
3467 1477 3789 1533 tricesimus

486 1567 751 1638 septimus
779 1583 841 1624 ac
871 1566 1204 1634 tricesimus,
1236 1582 1265 1622 e
1301 1565 1503 1639 quibus
1533 1566 1670 1620 alter
1717 1563 1782 1620 de
1841 1563 2021 1635 prima
2075 1560 2284 1618 Christi
2329 1561 2636 1617 tentatione
2680 1562 2944 1635 disputat,
2991 1563 3128 1618 alter
3182 1563 3248 1619 de
3299 1562 3557 1631 secunda,
3617 1563 3790 1619 unius

486 1653 839 1728 ejusdemque
877 1657 1116 1714 auctoris
1141 1663 1290 1724 sunt,
1325 1661 1381 1709 at
1410 1662 1559 1710 certo
1589 1653 1792 1711 certius
1831 1669 1942 1708 non
1979 1651 2281 1709 Ambrosii.
2314 1652 2550 1708 Tantum
2599 1654 2801 1728 quippe
2831 1653 3129 1710 abhorrent
3175 1669 3206 1709 a
3253 1653 3398 1726 ston
3428 1653 3567 1726 ejus,
3597 1670 3793 1728 quan-

490 1749 606 1799 tum
639 1744 707 1800 ad
737 1743 967 1802 Maximi
995 1743 1164 1800 iidem
1191 1742 1480 1801 accedunt.

555 1831 659 1900 Qui
700 1849 930 1889 numero
960 1832 1374 1906 quadragesimo
1403 1831 1580 1904 primo
1623 1831 1682 1887 in
1707 1833 1951 1888 Romana
1988 1829 2231 1888 editione
2260 1830 2506 1905 ponitur,
2556 1831 2823 1906 cujusque
2859 1848 3055 1904 magna
3101 1831 3406 1904 fragmenta
3446 1831 3502 1887 in
3551 1830 3790 1888 homilia

483 1918 692 1975 Rabani
723 1919 901 1976 Mauri
930 1921 989 1976 in
1018 1921 1364 1977 Dominicam
1409 1919 1628 1977 tertiam
1661 1920 2091 1993 quadragesimae
2121 1921 2626 1994 deprehenduntur,
2675 1922 2734 1978 in
2772 1921 3091 1995 Appendice
3121 1921 3524 1994 Augustiniana
3566 1922 3785 1994 adjudi-

481 2014 638 2065 catur
691 2017 881 2066 sancto
939 2010 1196 2068 Ctesario.
1231 2011 1627 2068 Verumtamen
1663 2009 1720 2065 in
1743 2009 1892 2067 hunc
1922 2027 2230 2066 sermonem
2283 2011 2431 2067 haud
2457 2012 2598 2068 male
2629 2012 2878 2085 quadrat,
2923 2010 3070 2085 quod
3115 2011 3431 2068 Gennadius
3461 2022 3729 2069 memorat
3757 2030 3791 2069 a

480 2098 724 2157 Maximo
759 2100 1054 2157 conciones
1110 2101 1359 2173 scriptas,
1392 2102 1470 2156 De
1515 2099 1726 2170 Jejunio
1765 2100 1982 2172 speciali
2035 2101 2486 2173 Quadragesimw,
2543 2107 2599 2156 et
2639 2101 2779 2172 quod
2834 2117 2939 2155 non
2995 2100 3064 2154 sit
3118 2099 3176 2154 in
3221 2117 3277 2155 eo
3321 2099 3635 2170 jocandum.
3678 2101 3786 2158 Sed

479 2187 703 2246 aliunde
737 2208 847 2248 non
879 2193 1062 2249 minus
1090 2193 1313 2250 videtur
1341 2209 1456 2249 esse
1501 2191 1749 2262 Caesarii,
1797 2206 1961 2266 quam
2001 2207 2182 2247 sermo
2211 2191 2512 2248 vicesimus
2564 2199 2755 2247 sextus
2795 2192 3054 2249 Romana;
3110 2189 3393 2260 editionis,
3426 2207 3590 2265 quem
3619 2192 3691 2250 ab
3718 2211 3785 2251 eo

478 2279 745 2354 scriptum
771 2283 958 2340 nullus
984 2283 1245 2357 ambigat.

549 2369 1009 2445 Quadragesimus
1057 2374 1332 2432 secundus
1377 2380 1691 2430 memoratae
1720 2372 1982 2429 editionis
2028 2370 2169 2426 nihil
2203 2371 2361 2442 plane
2405 2369 2568 2426 habet
2604 2369 2752 2445 quod
2794 2386 2905 2426 non
2937 2371 3111 2444 sapiat
3141 2377 3392 2429 sanctum
3446 2373 3779 2431 Maximum.

477 2458 627 2516 Idem
657 2461 919 2520 similiter
943 2465 1011 2520 de
1064 2463 1483 2537 quadragesimo
1513 2463 1748 2536 septimo
1795 2462 2148 2518 statuendum
2197 2471 2300 2531 est,
2331 2461 2488 2534 cujus
2519 2462 2743 2518 initium
2776 2461 2963 2519 eadem
3010 2463 3255 2520 Romana
3282 2463 3452 2521 editio
3497 2480 3783 2539 perperam

477 2555 740 2616 mutarat,
776 2567 1051 2627 quemque
1079 2553 1321 2610 Maximo
1349 2554 1536 2610 deberi
1568 2552 1775 2608 indicat
1816 2551 2133 2608 Gennadius
2180 2552 2281 2608 sub
2319 2552 2422 2609 hoc
2451 2552 2614 2610 titulo
2654 2571 2666 2609 :
2700 2555 2778 2610 De
2801 2554 2943 2610 Juda
2967 2553 3261 2626 proditore.

547 2638 644 2695 His
675 2638 1006 2714 adjungatur
1033 2643 1482 2716 quadragesimus
1525 2650 1771 2711 octavus,
1829 2652 1881 2698 et
1911 2642 2006 2715 qui
2035 2658 2104 2698 ex
2147 2657 2211 2697 eo
2241 2643 2500 2714 pendent,
2555 2642 3003 2717 quadragesimus
3054 2659 3233 2700 nonus
3275 2651 3329 2701 et
3376 2644 3784 2720 quinquagesiu

474 2743 618 2785 mus.
647 2731 756 2786 Hos
792 2732 941 2788 enim
973 2734 1202 2791 Maximi
1230 2752 1345 2791 esse
1384 2734 1526 2791 nihil
1553 2751 1664 2790 non
1711 2735 1930 2791 clamat.
1971 2735 2094 2791 Non
2124 2750 2414 2806 possumus
2455 2741 2638 2790 autem
2679 2735 2820 2808 quin,
2845 2735 2939 2791 hic
2966 2735 3376 2807 expostulemus
3411 2753 3537 2793 cum
3567 2739 3782 2795 Roma-

474 2818 562 2876 nis
589 2820 916 2893 editoribus,
949 2823 1042 2897 qui
1074 2842 1199 2882 cum
1232 2825 1388 2894 alibi,
1411 2834 1532 2882 tum
1559 2825 1618 2880 in
1653 2823 1852 2879 ultimo
1883 2822 2083 2880 horum
2116 2839 2454 2894 sermonum,
2481 2825 2720 2898 plurima
2758 2825 3159 2898 refragantibus
3194 2826 3316 2883 aliis
3344 2825 3686 2886 editionibus
3718 2847 3783 2888 ac

474 2911 882 2984 manuscriptis,
915 2912 1212 2970 immutare
1237 2930 1349 2970 non
1370 2913 1716 2970 dubitarunt.

544 2996 735 3054 Sermo
756 3001 1242 3076 quinquagesimus
1269 3002 1500 3074 primus,
1533 3003 1677 3059 sicut
1707 3009 1758 3058 et
1807 3001 1917 3058 duo
1943 3004 2196 3077 proxime
2225 3006 2478 3080 subjecti,
2528 3007 2674 3063 inter
2717 3005 3083 3064 Maximianos
3130 3023 3346 3082 quoque
3402 3007 3780 3080 reperiuntur.

471 3087 582 3144 Nec
610 3089 928 3148 dubitamus
955 3092 1090 3166 quin
1137 3093 1196 3149 hi
1244 3093 1348 3166 ipsi
1379 3094 1510 3162 sint,
1545 3095 1639 3169 qui
1671 3105 2048 3152 memorantur
2074 3115 2104 3153 a
2130 3097 2416 3154 Gennadio
2460 3095 2562 3152 sub
2592 3096 2679 3152 his
2708 3096 2886 3152 titulis
2916 3115 2927 3153 :
2961 3097 3038 3152 De
3084 3113 3233 3152 cruce
3278 3097 3515 3165 Domini,
3564 3098 3645 3153 De
3691 3116 3782 3154 se-

465 3179 657 3250 pulcro
680 3179 812 3251 ejus,
843 3183 922 3239 De
951 3185 1332 3241 resurrectione
1359 3185 1544 3258 ipsius.
1578 3184 1837 3258 Ejusdem
1870 3186 2097 3241 Maximi
2150 3196 2279 3243 sunt
2335 3186 2538 3259 pariter
2580 3185 3065 3260 quinquagesimus
3112 3185 3357 3260 quintus,
3392 3193 3445 3242 et
3474 3185 3774 3261 quinqua-

474 3269 715 3341 gesimus
745 3279 953 3343 sextus,
985 3275 1080 3347 qui
1109 3274 1453 3333 continuatio
1502 3283 1584 3333 est
1625 3276 2066 3351 quinquagesimi
2115 3276 2287 3348 tertii,
2335 3293 2447 3333 non
2497 3292 2652 3334 secus
2681 3293 2743 3334 ac
2783 3276 3225 3350 quinquagesimi
3271 3277 3772 3350 quinquagesimus

469 3360 757 3433 septimus.

541 3449 776 3508 Caesario
805 3452 1115 3510 restituitur
1140 3453 1198 3510 in
1226 3455 1632 3527 Augustiniana
1673 3453 1992 3527 Appendice
2041 3452 2528 3526 quinquagesimus
2558 3461 2806 3522 octavus,
2861 3453 2957 3526 qui
2986 3470 3085 3510 cur
3129 3452 3427 3527 aliquando
3473 3452 3787 3510 attributus

468 3540 639 3598 fuerit
679 3543 993 3616 Ambrosio,
1026 3546 1168 3602 nihil
1198 3548 1358 3618 plane
1401 3547 1584 3602 habet.
1612 3547 1716 3602 Sed
1746 3564 1846 3604 nec
1883 3543 2082 3620 potiori
2123 3543 2247 3614 jure
2294 3541 2536 3615 ejusdem
2585 3542 2809 3598 nomine
2859 3543 3070 3598 censeri
3117 3541 3321 3597 meruit
3369 3541 3775 3614 sexagesimus.

469 3629 605 3685 Nam
635 3640 997 3705 praeterquam
1026 3634 1173 3708 quod
1207 3634 1264 3690 in
1295 3635 1520 3691 Maximi
1551 3635 1907 3703 editionibus,
1942 3643 1995 3691 et
2039 3633 2431 3706 manuscriptis
2466 3649 2577 3689 non
2607 3633 2795 3706 paucis
2825 3632 2930 3704 ipsi
2961 3631 3295 3701 vindicatur,
3329 3649 3450 3706 quae
3494 3633 3556 3688 in
3585 3649 3652 3688 eo
3682 3632 3771 3688 di-

465 3723 670 3773 cuntur
699 3717 766 3774 de
792 3718 1066 3793 baptismo
1095 3723 1490 3795 apostolorum,
1521 3739 1646 3782 cum
1680 3723 1748 3780 iis
1792 3739 1911 3796 qua:
1941 3724 1999 3780 in
2026 3724 2295 3798 Apologia
2340 3723 2518 3780 David
2547 3739 2666 3796 cap.
2712 3723 2766 3791 9,
2813 3738 2969 3778 num.
3006 3721 3098 3788 50,
3141 3723 3317 3795 legere
3374 3722 3527 3794 licet,
3573 3731 3773 3794 aperte

463 3812 731 3876 pugnant.

532 3894 942 3968 Sexagesimum
964 3898 1206 3971 primum
1247 3908 1440 3972 praeter
1468 3902 1576 3958 alia
1602 3901 1843 3958 Maximo
1887 3900 1944 3958 id
1973 3902 2136 3958 etiam
2158 3902 2426 3972 vindicat,
2466 3901 2612 3976 quod
2643 3918 2744 3957 nos
2788 3901 2856 3957 ad
2896 3916 3204 3957 sermonem
3239 3901 3770 3975 quinquagesimum

461 3982 781 4054 septimum,
815 4000 976 4057 quem
1021 3985 1267 4058 ejusdem
1315 3989 1563 4060 prmsulis
1593 4007 1708 4046 esse
1756 4007 1921 4062 supra
1948 3989 2217 4062 diximus,
2250 3991 2473 4047 videtur
2520 3991 2822 4047 remittere.
2875 3990 3033 4058 Quod
3063 3999 3246 4046 autem
3275 3991 3342 4047 de
3365 3991 3582 4063 jejunio
3615 3992 3772 4049 Sab-

458 4069 573 4128 bati
610 4080 736 4129 ante
766 4074 1122 4132 Pentecosten
1151 4076 1242 4132 hic
1274 4086 1628 4147 memoratur,
1665 4079 1733 4134 iis
1764 4097 1875 4135 non
1904 4081 2178 4155 congruit,
2235 4097 2356 4153 quae
2399 4080 2456 4134 in
2482 4079 2822 4150 sexagesimo
2851 4079 3039 4135 eadem
3067 4077 3133 4134 de
3165 4095 3221 4135 re
3250 4079 3453 4134 tradita
3480 4081 3710 4137 fuerunt
3745 4097 3760 4136 :

459 4161 799 4238 proindeque
828 4164 1074 4223 incidere
1111 4174 1290 4240 potest
1316 4167 1500 4241 aliqua
1529 4167 1823 4238 dubitatio,
1865 4187 1999 4226 num
2029 4171 2169 4226 forte
2197 4170 2266 4226 ad
2294 4175 2573 4226 auctorem
2601 4168 2675 4224 sit
2712 4167 3033 4224 referendus
3059 4168 3250 4225 eodem
3283 4168 3530 4226 Maximo
3558 4185 3776 4227 recen-

459 4251 659 4308 tiorem
673 4296 686 4310 .

529 4341 720 4399 Sermo
746 4345 1116 4417 sexagesimus
1145 4353 1371 4421 quartus
1397 4345 1539 4402 nihil
1561 4346 1712 4402 aliud
1741 4355 1841 4416 est,
1888 4364 2052 4421 quam
2107 4345 2299 4405 Basilii
2345 4343 2566 4400 homilia
2607 4343 2664 4398 in
2706 4343 2903 4400 dictum
2947 4342 3086 4399 illud
3132 4361 3198 4399 ea:
3247 4343 3540 4415 Evangelia
3586 4362 3773 4402 secun-

402 4437 415 4449 °
458 4430 584 4486 dum
615 4433 814 4488 Lucam
847 4451 858 4488 :
893 4439 1172 4491 Destruam
1201 4439 1393 4493 horrea
1421 4454 1556 4506 mea,
1597 4445 1730 4504 etc.,
1761 4440 2047 4495 nonnullis
2094 4446 2279 4495 tamen
2311 4433 2510 4507 partim
2551 4431 2777 4499 additis,
2812 4431 3012 4506 partim
3044 4433 3255 4489 recisis.
3287 4433 3497 4488 Eadem
3529 4431 3773 4489 homilia

457 4518 735 4576 Basiliana
756 4520 1113 4578 Ambrosium
1145 4524 1202 4578 in
1232 4525 1374 4580 libro
1403 4527 1464 4581 de
1490 4527 1730 4584 Nabuthe
1757 4543 1918 4582 usum
1950 4527 2228 4594 vidimus;
2272 4541 2385 4581 non
2416 4533 2602 4581 tamen
2640 4539 2710 4578 ex
2756 4522 2861 4578 hoc
2891 4522 3096 4579 inferre
3128 4523 3257 4579 licet
3287 4531 3570 4580 auctorem
3611 4541 3768 4597 quo-

456 4623 561 4682 que
590 4607 756 4681 hujus
799 4611 1066 4668 sermonis
1095 4613 1449 4670 Ambrosium
1478 4631 1612 4673 esse.
1645 4617 1907 4686 Quinimo
1952 4618 1997 4674 si
2047 4615 2449 4674 contendantur
2485 4629 2611 4670 cum
2652 4611 2758 4668 hoc
2797 4628 3049 4668 sermone
3097 4629 3218 4685 quin
3267 4613 3327 4669 in
3376 4613 3568 4670 eodem
3617 4614 3765 4672 libro

455 4690 524 4756 ex
555 4700 654 4756 illa
683 4699 916 4758 homilia
946 4703 1195 4763 imitatus
1245 4715 1327 4764 est
1368 4715 1592 4764 sanctus
1617 4709 1962 4779 Ambrosius,
1995 4711 2145 4766 illico
2196 4713 2557 4780 cognoscetur
2598 4705 2890 4760 Doctorem
2924 4713 3175 4760 nostrum
3209 4705 3405 4760 Basilii
3452 4705 3766 4762 sententias

454 4791 630 4846 multo
661 4790 923 4848 nobiliori
951 4794 1163 4852 ratione
1203 4811 1318 4853 esse
1348 4795 1794 4871 interpretatum,
1846 4815 2008 4872 quam
2038 4798 2355 4853 tralatorem
2384 4790 2552 4862 hujus
2594 4791 2864 4847 sermonis
2899 4794 3100 4866 quippe
3147 4793 3242 4866 qui
3288 4794 3456 4851 verba
3505 4811 3574 4849 ex
3621 4809 3766 4848 ver—

453 4879 539 4936 bis
570 4880 850 4938 serviliter
878 4882 1134 4954 reddens,
1165 4893 1280 4941 tota
1308 4886 1641 4958 elocutione,
1691 4903 1754 4944 ac
1804 4889 2152 4962 potissimum
2201 4886 2257 4940 in
2289 4883 2357 4940 iis
2384 4880 2621 4949 laciniis,
2675 4896 2810 4954 quas
2846 4882 3149 4940 identidem
3178 4883 3247 4940 de
3277 4901 3378 4942 suo
3407 4885 3652 4941 intexuit
3689 4885 3764 4942 ab

451 4969 747 5026 Ambrosio
772 4971 926 5028 abest
955 4989 1122 5046 quam
1154 4975 1491 5048 longissime.

522 5057 936 5132 Sexagesimum
971 5072 1211 5134 sextum,
1253 5066 1349 5139 qui
1397 5067 1588 5123 eodem
1641 5081 1871 5121 numero
1900 5063 1958 5118 in
1989 5062 2304 5137 Appendice
2347 5065 2879 5140 Augustinianorum
2909 5079 3228 5120 sermonum
3259 5069 3460 5131 exstat,
3493 5062 3763 5135 opinatur

449 5150 807 5209 Mabillonius
837 5152 907 5209 ad
937 5154 1316 5223 undecimum,
1348 5156 1442 5229 qui
1489 5155 1556 5212 ab
1600 5155 1718 5227 ipso
1747 5163 2009 5228 tanquam
2039 5154 2269 5210 Maximi
2307 5156 2488 5212 editus
2533 5155 2662 5224 fuit,
2711 5153 2905 5212 referri
2961 5169 3140 5226 posse.
3169 5153 3566 5211 Verumtamen
3600 5151 3762 5209 illius

447 5242 648 5314 stylus,
672 5250 864 5300 nostro
893 5243 1118 5318 quidem
1139 5244 1376 5317 judicio,
1412 5246 1479 5301 ab
1508 5244 1673 5316 hujus
1710 5245 1888 5300 Patris
1934 5243 2211 5300 scribendi
2266 5245 2431 5302 modo
2473 5252 2686 5302 tantum
2718 5244 3010 5317 discrepat,
3060 5251 3124 5300 ut
3153 5243 3411 5301 eumdem
3441 5260 3760 5301 sermonem

445 5335 658 5392 auctori
686 5335 927 5410 cuipiam
953 5337 1244 5410 posteriori
1281 5337 1561 5394 lubentius
1589 5336 1985 5408 adjudicemus.

517 5422 877 5482 Sermonibus
915 5426 976 5482 de
1012 5429 1264 5498 Tempore
1297 5425 1553 5497 subjectae
1595 5426 1810 5481 fuerant
1851 5425 1912 5481 in
1947 5426 2192 5482 Romana
2221 5423 2464 5482 editione
2493 5423 2785 5482 conciones
2819 5422 3051 5497 aliquot,
3103 5439 3345 5496 quarum
3389 5431 3501 5480 tres
3551 5421 3757 5493 prima;

447 5529 642 5586 nempe
673 5516 736 5571 de
768 5516 1043 5585 Basilicis,
1073 5525 1128 5572 et
1155 5517 1211 5570 in
1239 5515 1426 5586 funere
1453 5515 1811 5573 Valentiniani
1853 5533 1915 5571 ac
1969 5512 2248 5572 Theodosii
2300 5512 2685 5583 imperatorum
2737 5527 2835 5566 suo
2886 5525 3161 5583 quamque
3188 5511 3314 5566 loco
3345 5508 3709 5566 exhibuimus
3737 5527 3752 5564 :

445 5607 697 5670 quartam
719 5616 899 5660 autem
926 5605 1030 5660 soli
1059 5603 1325 5672 Maximo,
1355 5602 1516 5675 cujus
1543 5611 1597 5659 et
1625 5604 1833 5676 stylum
1855 5602 2019 5676 sapit,
2051 5609 2105 5659 et
2125 5602 2183 5658 in
2211 5601 2438 5658 Patrum
2458 5602 2804 5660 Bibliotheca
2827 5600 2943 5674 jam
2968 5618 3173 5658 nomen
3201 5601 3445 5675 praefert,
3486 5600 3750 5656 relictum

445 5689 750 5744 voluimus.

521 5777 798 5837 Sermones
825 5779 888 5836 de
917 5782 1142 5845 Sanctis.
1176 5814 1246 5826 —
1272 5781 1557 5844 Secundus
1594 5798 1932 5852 sermonum,
1964 5797 2101 5859 quos
2145 5788 2347 5840 vocant
2387 5782 2450 5838 de
2491 5781 2718 5852 Sanctis,
2765 5781 2912 5855 apud
2955 5781 3328 5856 Augustinum
3367 5785 3531 5853 atque
3575 5776 3752 5836 Maxi-
