4064 6178
304 269 408 360 609
839 300 1209 360 SERMONES
1247 303 1302 359 s.
1345 301 1702 359 AMBROSIO
1741 301 2113 360 HACTENUS
2153 301 2490 360 ASCRIPTI.
2531 333 2599 346 —
2635 305 3051 362 ADMONITIO.
3493 311 3598 368 610

304 437 455 483 mum
487 423 669 480 editus
695 423 800 481 fuit
833 441 845 480 :
878 424 973 482 sed
1000 425 1130 484 huic
1159 427 1258 483 uni
1279 443 1391 483 non
1412 428 1593 486 solum
1624 427 1817 496 dictio,
1851 444 2044 484 verum
2073 427 2239 484 etiam
2273 443 2399 484 cum
2447 427 2902 502 quinquagesimo
2932 436 3128 487 octavo
3160 430 3403 488 afﬁnitas
3449 431 3608 490 illum

303 512 518 570 asserit.

373 601 693 657 Sermonem
728 601 1007 675 quintum,
1051 605 1146 679 qui
1177 605 1245 662 ab
1273 605 1570 662 Ambrosio
1617 606 1676 661 in
1706 605 2030 663 Gervasium
2085 615 2139 664 et
2169 607 2475 663 Protasium
2509 605 2702 664 fratres
2749 615 3018 680 martyres
3042 607 3264 666 habitus
3294 609 3424 679 fuit,
3457 609 3610 667 inter

301 689 560 761 epistolas
587 689 978 747 constituimus
1012 707 1024 745 :
1085 709 1248 766 quem
1279 694 1461 750 locum
1519 693 1636 766 ejus
1668 693 1968 766 genuinum
2000 711 2116 751 esse
2147 697 2206 751 in
2253 695 2649 753 Admonitione
2683 695 2816 768 ipsis
2844 698 3124 770 praimissa
3165 697 3604 758 demonstratum

301 785 400 834 est.

367 868 562 923 Sermo
591 876 779 926 sextus
826 870 1041 942 pridem
1078 871 1322 929 Maximo
1373 873 1620 930 redditus
1653 873 1780 941 fuit,
1835 888 1937 928 nec
1976 872 2272 930 obscurum
2304 882 2384 930 est
2438 876 2598 931 illum
2634 892 2664 932 a
2695 877 2851 933 nullo
2880 877 2988 933 nisi
3019 876 3350 934 Taurinensi
3391 877 3605 934 dictum

299 959 492 1016 fuisse.

366 1048 632 1106 Decimus
666 1049 725 1106 in
755 1049 1074 1122 Appendice
1094 1051 1334 1122 Operum
1356 1050 1651 1123 Augustini
1675 1049 1880 1106 dicitur
1900 1049 2183 1106 Ambrosio
2207 1052 2380 1107 verius
2408 1053 2546 1123 forte
2571 1071 2728 1124 quam
2745 1054 3040 1125 Augustino
3075 1055 3301 1110 tributus
3326 1072 3338 1110 :
3363 1055 3459 1113 sed
3480 1072 3607 1114 vere

302 1139 533 1210 utrique
581 1138 984 1210 abjudicandus
1015 1140 1173 1196 nobis
1207 1141 1446 1208 videtur,
1479 1149 1531 1196 et
1577 1139 1695 1212 pari
1721 1138 1864 1210 jure.
1901 1141 2037 1196 Nam
2083 1140 2127 1196 si
2159 1141 2458 1198 dictionem
2491 1143 2610 1214 ejus
2639 1145 2936 1216 expendas,
2965 1161 3084 1200 eam
3116 1162 3226 1200 non
3255 1147 3428 1219 magis
3460 1149 3605 1202 Am-

297 1228 467 1284 brosii
512 1245 626 1286 esse
675 1245 838 1304 quam
869 1231 1166 1303 Augustini
1196 1233 1345 1288 ultro
1374 1229 1632 1287 fateberis
1671 1246 1683 1285 :
1715 1230 1992 1303 simulque
2021 1229 2277 1287 advertes
2313 1239 2596 1288 auctorem
2625 1231 2744 1304 ejus
2771 1232 2948 1289 videri
2979 1232 3375 1306 Chrysostomo
3406 1243 3602 1308 poste-

295 1315 498 1373 riorem
509 1361 522 1372 .

359 1407 767 1465 Duodecimum
826 1409 988 1464 etiam
1023 1409 1264 1482 reperias
1319 1408 1378 1464 in
1411 1409 1728 1481 Appendice
1785 1407 2238 1481 Augustiniania,
2270 1411 2364 1467 sed
2398 1422 2659 1484 praeterea
2687 1413 2831 1484 apud
2862 1413 3165 1470 Maximum
3195 1423 3395 1484 exstat,
3429 1415 3520 1472 cui
3549 1425 3603 1474 et

293 1510 570 1554 consensu
622 1495 967 1554 eruditorum
1023 1498 1366 1554 attribuitur.
1399 1497 1503 1554 Sed
1551 1514 1652 1554 nec
1679 1499 1840 1554 aliter
1895 1497 1962 1554 de
1995 1499 2154 1554 tertio
2182 1497 2397 1555 decimo
2428 1501 2593 1556 statui
2625 1500 2821 1568 debet;
2861 1502 3062 1576 quippe
3091 1503 3188 1575 qui
3218 1505 3490 1562 sermonis
3515 1504 3604 1563 dei

293 1592 543 1658 tempore
574 1587 828 1644 vicesimi
858 1589 1062 1662 quarti,
1096 1605 1256 1662 quem
1287 1587 1516 1645 Maximi
1547 1605 1663 1645 esse
1695 1605 1859 1661 supra
1890 1587 2155 1656 vidimus,
2186 1589 2534 1644 continuatio
2564 1589 2655 1645 sit.

358 1676 596 1733 Decimo
625 1677 861 1750 septimo
908 1663 1276 1751 fragmentum
1324 1677 1600 1751 quoddam
1631 1677 1689 1733 in
1718 1677 1960 1736 editione
1989 1679 2236 1734 Romana
2265 1678 2588 1751 praeﬁgitur,
2621 1678 2768 1752 quod
2799 1680 2857 1734 in
2885 1679 3128 1752 antiquis
3163 1681 3592 1753 praetermissum

291 1774 372 1823 est
400 1785 416 1835 ;
445 1767 722 1841 integrum
776 1784 908 1826 vero
939 1769 1089 1826 hunc
1118 1785 1428 1826 sermonem
1458 1768 1685 1825 exhibet
1713 1768 1902 1825 eadem
1945 1765 2243 1840 Appendix
2271 1768 2700 1840 Augustiniana.
2742 1769 2811 1824 Ut
2843 1785 3006 1841 porro
3034 1778 3215 1844 pateat
3243 1771 3326 1827 illi
3357 1772 3600 1830 sermoni

287 1855 724 1914 Ambrosianum
769 1858 911 1914 nihil
943 1859 1142 1931 inesse,
1174 1859 1222 1917 is
1268 1858 1654 1916 tantummodo
1683 1875 1809 1914 cum
1843 1857 1912 1913 iis
1957 1856 2291 1928 conferatur,
2321 1875 2441 1933 qua:
2472 1859 2540 1916 de
2588 1859 2643 1916 S.
2677 1857 2972 1916 Laurentio
3017 1859 3075 1916 in
3107 1860 3264 1918 libris
3297 1862 3600 1935 Ofﬁciorum

291 1948 524 2020 scripsit
551 1949 890 2007 Ambrosius.

363 2038 630 2095 Decimus
657 2048 880 2097 octavus
911 2041 1057 2096 inter
1084 2039 1311 2097 Maximi
1339 2055 1617 2096 sermones
1649 2037 1868 2111 legitur,
1896 2036 1955 2093 in
1984 2053 2094 2110 quo
2123 2034 2240 2108 ejus
2270 2035 2552 2108 ingenium
2588 2045 2749 2108 atque
2778 2038 3019 2094 elocutio
3047 2037 3502 2111 deprehenditur.

360 2126 711 2184 Vicesimum
767 2145 985 2202 quoque
1032 2129 1270 2201 reperire
1316 2135 1397 2184 est
1425 2127 1570 2200 apud
1629 2126 1957 2182 Maximum.
2007 2125 2064 2181 Si
2095 2133 2280 2182 tamen
2323 2125 2430 2191 illi,
2479 2124 2657 2182 sicuti
2687 2126 2926 2196 videtur,
2962 2127 3316 2184 ascribendus
3342 2129 3436 2196 sit,
3475 2146 3600 2188 cum

289 2217 570 2289 Oportebit
626 2233 657 2273 a
686 2217 856 2274 sciolo
920 2217 1179 2292 quopiam
1210 2218 1271 2272 de
1299 2223 1478 2272 sancto
1542 2215 1777 2274 Michlwe
1830 2213 1927 2269 illa
1974 2214 2040 2269 de
2097 2229 2260 2270 causa
2314 2229 2428 2269 esse
2468 2213 2830 2286 inscriptum,
2887 2215 3015 2288 quia
3045 2215 3103 2271 in
3133 2215 3238 2273 hoc
3285 2217 3423 2274 festo
3463 2217 3600 2274 illud

289 2305 682 2377 Evangelium,
724 2306 869 2378 quod
934 2306 1178 2378 ejusdem
1237 2305 1506 2362 sermonis
1558 2311 1944 2376 argumentum
2000 2308 2102 2370 est,
2159 2302 2263 2374 legi
2313 2303 2622 2359 consuevit.
2678 2303 2840 2375 Apud
2895 2304 3148 2360 eumdem
3201 2305 3598 2362 Taurinensem

287 2395 592 2451 vicesimus
645 2395 855 2467 primus
909 2412 1036 2452 cum
1095 2413 1225 2452 vero
1284 2412 1382 2452 suo
1436 2395 1602 2450 titulo
1658 2400 1858 2461 exstat,
1917 2392 2022 2448 isto
2083 2390 2294 2448 scilicet
2341 2392 2403 2446 de
2459 2393 2876 2464 Hospitalitate;
2945 2401 3108 2466 atque
3167 2395 3304 2451 adeo
3334 2395 3599 2452 credibile

286 2493 365 2541 est
443 2485 599 2540 hunc
661 2484 840 2557 ipsum
925 2502 1040 2543 esse
1117 2503 1279 2560 quem
1355 2486 1424 2543 ab
1483 2486 1672 2542 eodem
1736 2485 1966 2557 praesule
2038 2484 2100 2538 de
2173 2483 2424 2539 Avaritia
2497 2490 2545 2539 et
2610 2485 2984 2556 Hospitalitate
3047 2485 3311 2557 scriptum
3367 2493 3598 2543 testatur

287 2577 633 2634 Gennadius.
701 2578 923 2635 Nullam
952 2596 1080 2652 ergo
1126 2595 1345 2636 causam
1406 2579 1601 2635 habuit
1659 2579 1904 2634 Romana
1949 2574 2122 2631 editio
2180 2589 2280 2630 cur
2335 2572 2496 2628 illum
2554 2573 2919 2630 inscriberet:
2949 2575 3016 2628 In
3045 2575 3196 2629 Festo
3246 2575 3416 2630 sancti
3447 2578 3600 2630 Luca

347 2669 643 2724 anaeltstce.

347 2688 377 2724 a
458 2685 643 2724 cusuc.

289 2685 639 2815 wszgnwnes
668 2775 693 2814 e
718 2757 996 2830 prioribus
1027 2761 1198 2818 tomis.
1229 2792 1300 2802 —
1319 2761 1510 2817 Sermo
1525 2760 1586 2814 de
1615 2758 1804 2814 arbore
1835 2754 2115 2811 interdicta
2140 2754 2196 2809 in
2226 2749 2521 2826 Augustini
2553 2750 2868 2822 Appendice
2903 2748 3153 2806 ordinem
3186 2749 3360 2808 ducit.
3386 2750 3594 2808 Ibidem

285 2849 618 2905 observatur
673 2847 823 2903 hunc
879 2865 1184 2905 sermonem
1247 2851 1538 2905 varietates
1595 2847 1795 2904 habere
1852 2843 1998 2916 apud
2055 2841 2432 2908 Ambrosium,
2501 2839 2594 2896 sed
2654 2853 2728 2894 ea)
2788 2838 3010 2894 fuerunt
3059 2838 3126 2894 ab
3156 2839 3460 2895 editoribus
3489 2845 3587 2894 aut

286 2939 578 3012 elegantia:
631 2947 724 2994 aut
755 2937 979 3010 majoris
1007 2957 1133 2997 cum
1193 2939 1559 2996 Ambrosiano
1593 2938 1740 3012 stylo
1789 2931 2137 3008 cognationis
2195 2947 2357 2987 causa
2387 2929 2646 2985 inductae.
2679 2928 2800 2984 Non
2830 2927 3034 2999 mirum
3085 2927 3254 3000 igitur
3282 2929 3326 2984 si
3358 2927 3583 3001 quidem

285 3029 618 3087 eruditioris
645 3028 812 3084 etiam
837 3027 1037 3100 judicii
1069 3046 1138 3086 ex
1192 3031 1279 3088 his
1311 3031 1588 3103 deceptus,
1621 3029 1758 3102 quin
1811 3027 1956 3083 idem
1985 3040 2174 3081 sermo
2203 3022 2375 3078 tribui
2405 3020 2578 3092 possit
2633 3025 2821 3075 sancto
2851 3017 3088 3084 doctori,
3117 3017 3258 3074 nihil
3288 3017 3581 3091 prohibere

285 3119 656 3176 existimavit.
686 3122 895 3177 Auctor
915 3121 1068 3176 illius
1096 3123 1254 3194 plane
1285 3122 1587 3194 ignoratur.
1617 3118 1905 3178 Manichaei
1927 3133 2058 3172 vero
2087 3115 2205 3170 illic
2237 3113 2650 3184 impugnantur,
2682 3109 2776 3166 sed
2793 3125 2903 3166 non
2926 3109 3112 3182 rigidi,
3141 3107 3591 3182 quandoquidem

286 3209 342 3264 hi
388 3209 607 3265 bonum
659 3225 774 3265 esse
821 3209 1016 3265 vinum
1071 3228 1181 3266 non
1220 3210 1545 3268 difﬁtentur.
1605 3209 1947 3281 Quapropter
1993 3212 2088 3261 aut
2125 3201 2524 3268 Marcionistas,
2580 3207 2675 3255 aut
2712 3215 2804 3254 eos
2857 3198 3144 3256 haereticos
3173 3199 3344 3254 fuisse
3374 3212 3595 3254 necesse

285 3309 388 3368 est,
422 3315 567 3372 quos
595 3297 653 3354 in
702 3297 844 3354 libro
873 3300 935 3354 de
963 3300 1248 3369 Paradiso,
1287 3301 1381 3357 ubi
1427 3300 1613 3358 eadem
1645 3298 1893 3366 materia,
1928 3295 2023 3352 sed
2067 3292 2278 3349 ratione
2311 3292 2468 3362 longe
2500 3288 2626 3356 alia,
2662 3295 3044 3360 pertractatur,
3066 3287 3317 3345 confutet
3346 3286 3601 3343 Ambro-

288 3406 429 3446 81113.

357 3481 518 3535 Duos
571 3493 850 3534 sermones
903 3477 966 3533 de
1009 3483 1189 3533 sancto
1217 3477 1420 3534 Elisaeo
1468 3477 1526 3534 in
1560 3478 1736 3550 prima
1765 3483 1923 3549 parte
1978 3473 2153 3533 Musei
2193 3470 2372 3530 Italici
2427 3465 2783 3524 Mabillonius
2817 3473 3002 3522 noster
3041 3472 3300 3538 tanquam
3349 3463 3599 3522 nondum

289 3565 509 3640 publici
558 3565 700 3638 juris
755 3567 928 3624 factos
985 3566 1074 3622 edi
1134 3569 1351 3624 curavit
1411 3584 1422 3622 :
1488 3568 1583 3624 sed
1639 3567 1844 3624 erroris
1898 3582 2065 3623 causa
2120 3565 2179 3620 in
2237 3565 2495 3620 Romanae
2552 3557 2834 3626 editionis,
2895 3557 2990 3613 ubi
3047 3557 3228 3614 alieno
3265 3559 3385 3615 loco
3433 3556 3599 3629 positi

287 3656 537 3726 fuerant,
594 3656 976 3724 confusionem
1006 3657 1199 3715 referri
1230 3658 1412 3715 debet.
1473 3658 1746 3716 Caeterum
1784 3671 2132 3729 nequaquam
2159 3649 2576 3716 reluctabimur,
2617 3646 2915 3720 quominus
2965 3646 3194 3704 Maximi
3249 3664 3365 3705 esse
3401 3646 3605 3705 dican-

288 3755 652 3893 mlGermonis
680 3836 737 3892 in
769 3847 933 3910 caput
989 3854 1072 3895 vn
1103 3837 1204 3894 Job
1234 3837 1331 3893 illa
1386 3852 1649 3909 germana
1698 3831 1988 3904 inscriptio
2042 3837 2155 3888 est:
2189 3831 2266 3888 De
2311 3829 2619 3886 carnalibus
2675 3828 2906 3885 hostibus
2957 3846 3063 3886 non
3111 3829 3422 3896 metuendis,
3475 3827 3608 3885 etde

291 3924 493 3997 gratiis
516 3931 633 3994 post
664 3927 837 3980 cibum
884 3928 1098 3998 agendis
1125 3946 1138 3994 ;
1174 3928 1281 3985 hoc
1319 3929 1467 3985 enim
1496 3925 1665 3984 titulo
1695 3921 2011 3982 Gennadius
2039 3921 2217 3994 ipsum
2266 3920 2496 3990 indicat,
2539 3937 2640 3978 nec
2670 3937 2780 3978 non
2810 3920 3039 3977 Maximi
3067 3920 3213 3994 apud
3244 3935 3407 3994 quem
3437 3919 3604 3974 etiam

296 4012 453 4066 idem
488 4010 736 4081 habetur,
767 4030 883 4069 esse
915 4015 1207 4087 signiﬁcat.

381 4098 446 4153 In
483 4099 718 4170 psalmos
748 4118 847 4158 XXI
869 4119 960 4159 cxx
989 4119 1053 4160 ac
1081 4091 1234 4162 cxvn
1262 4105 1634 4163 enarrationes
1654 4102 1772 4160 sive
1802 4115 2083 4156 sermones
2106 4096 2254 4155 inter
2283 4097 2652 4156 Maximianos
2660 4097 2786 4172 jure
2814 4106 3122 4154 censentur.
3156 4098 3218 4152 In
3247 4093 3595 4152 editionibus

295 4186 690 4246 Ambrosianis
773 4193 1036 4264 quasdam
1097 4194 1351 4266 periodos
1406 4197 1602 4253 horum
1689 4207 2004 4249 sermonum
2078 4188 2295 4262 primus
2348 4189 2598 4258 exhibet,
2679 4205 2800 4262 quae
2863 4204 2974 4242 non
3058 4186 3410 4260 reperiuntur
3459 4182 3605 4256 apud

205 4339 210 4341 _
292 4276 632 4346 Maximum,
664 4277 759 4335 sed
790 4278 906 4335 ista:
949 4297 1062 4336 non
1091 4290 1222 4338 sunt
1271 4286 1453 4356 magni
1485 4284 1774 4342 momenti.
1807 4280 2025 4338 Tertius
2053 4287 2235 4336 autem
2275 4279 2454 4335 eidem
2482 4278 2727 4335 Maximo
2756 4277 2814 4333 in
2844 4277 3090 4334 Romano
3120 4275 3405 4333 Breviario
3433 4273 3608 4331 resti-

297 4373 460 4424 tutus
499 4373 598 4423 est.
3412 4396 3414 4399 ·

375 4457 670 4514 Enarratio
700 4455 757 4514 in
789 4466 953 4532 caput
985 4476 1126 4517 xxxx
1165 4459 1591 4517 Proverbiorum
1623 4461 1767 4534 apud
1795 4460 2191 4533 Augustinum,
2235 4459 2324 4517 cui
2361 4459 2674 4528 ascribitur,
2705 4475 2842 4532 pura
2871 4458 2976 4533 legi
3004 4466 3205 4532 potest,
3235 4474 3301 4516 ac
3328 4456 3450 4514 sine
3482 4454 3605 4513 illis

300 4544 726 4617 additamentis,
753 4564 873 4622 quae
905 4557 966 4605 ut
995 4551 1170 4622 magis
1201 4548 1568 4606 Ambrosiana
1591 4549 1952 4623 judicaretur,
1985 4549 2164 4605 eidem
2193 4551 2436 4606 intexuit
2465 4551 2710 4606 Romana
2738 4549 2932 4606 editio.

378 4638 444 4693 In
483 4646 647 4710 caput
688 4656 749 4694 m
779 4639 1151 4696 Ecclesiastici
1183 4657 1466 4698 sermones
1494 4641 1606 4697 duo
1633 4641 1695 4697 de
1720 4642 2065 4714 Eleemosyna
2093 4648 2282 4698 sancto
2301 4641 2566 4710 Maximo,
2588 4639 3058 4712 cujusdictionem
3087 4637 3316 4714 pulchre
3336 4639 3607 4706 referunt,

304 4728 364 4784 in
397 4726 641 4798 ejusdem
673 4730 836 4785 etiam
867 4729 1206 4786 editionibus
1235 4731 1636 4789 attribuuntur.

379 4817 460 4872 De
487 4833 739 4872 sermone
767 4814 824 4870 in
855 4827 1014 4890 caput
1055 4836 1073 4875 1
1103 4819 1256 4876 Isaias
1289 4837 1398 4877 non
1426 4821 1581 4877 aliud
1629 4837 1845 4896 quoque
1872 4818 2222 4878 sentiendum
2254 4826 2336 4875 est
2365 4838 2375 4876 :
2406 4818 2500 4875 sed
2531 4835 2631 4876 nec
2658 4819 2823 4875 etiam
2852 4819 2918 4877 de
2937 4819 3284 4876 sermonibus
3312 4817 3534 4876 duobus
3554 4814 3612 4872 in

303 4915 474 4980 caput
502 4924 604 4964 xm
652 4907 932 4964 Danielis:
991 4907 1050 4964 hi
1101 4910 1304 4983 quippe
1359 4929 1550 4970 omnes
1575 4920 1629 4970 et
1659 4914 1996 4970 evolvuntur
2050 4909 2196 4984 apud
2225 4909 2552 4977 Maximum,
2582 4915 2636 4964 et
2665 4907 2784 4980 ejus
2828 4925 2945 4966 esse
2973 4925 3006 4966 a
3034 4908 3342 4978 Gennadio,
3369 4907 3614 4965 indicata

303 4996 577 5072 cujusque
605 4996 986 5070 inscriptione,
1017 5008 1414 5057 asseverantur.

381 5089 542 5147 Prior
568 5107 882 5147 sermonum
916 5091 971 5147 in
998 5101 1161 5164 caput
1191 5109 1252 5148 III
1281 5099 1334 5148 et
1364 5111 1418 5149 1v
1451 5093 1604 5150 Jonas
1634 5110 1744 5150 non
1772 5103 1854 5151 est
1881 5092 2107 5149 alterius
2137 5091 2245 5148 nisi
2275 5089 2526 5159 Maximi,
2549 5089 2639 5148 cui
2661 5088 2930 5145 editiones
2959 5086 3203 5160 ejusdem
3228 5087 3426 5155 Patris,
3464 5085 3610 5142 sicut

307 5186 363 5236 et
393 5177 732 5247 Gennadius,
765 5179 923 5236 illum
955 5187 1249 5237 astruunt:
1284 5183 1552 5253 posterior
1581 5198 1713 5238 vero
1743 5183 1800 5240 in
1830 5186 2007 5243 Musca
2040 5183 2228 5239 Italico
2259 5181 2360 5237 sub
2391 5179 2618 5236 Maximi
2651 5178 2878 5235 nomine
2897 5195 2928 5234 a
2956 5177 3281 5233 Mabillonio
3301 5177 3484 5233 editus
3505 5172 3612 5229 fuit

307 5267 472 5337 Quod
505 5285 634 5325 vero
664 5269 821 5326 illum
843 5270 1088 5327 nondum
1118 5271 1397 5344 vulgatum
1429 5273 1796 5340 existimavit,
1831 5272 2232 5347 perturbationi
2261 5270 2525 5327 editionis
2552 5270 2811 5326 Romanae
2841 5267 3226 5340 imputandum
3257 5276 3358 5323 est.

385 5356 670 5414 Postremo
705 5375 831 5416 cum
862 5376 1042 5416 sermo
1071 5359 1128 5415 in
1157 5367 1318 5432 caput
1344 5379 1360 5418 ι
1386 5361 1666 5419 Μειίεοὴὶω
1697 5362 1968 5418 sermonis
1997 5362 2053 5417 in
2074 5366 2238 5432 caput
2277 5375 2356 5414 vn
2378 5357 2499 5427 Job,
2532 5373 2695 5431 quem
2739 5356 2968 5413 Maximi
3007 5371 3122 5412 esse
3151 5363 3310 5411 antea
3339 5349 3614 5425 probavi-

313 5461 463 5516 mus,
493 5446 840 5506 continuatio
868 5448 960 5516 sit,
991 5447 1060 5505 ad
1079 5447 1330 5506 eumdem
1360 5467 1578 5526 quoque
1604 5459 1884 5510 auctorem
1914 5451 2188 5524 pertinere
2218 5447 2571 5506 manifestum
2614 5452 2717 5504 est.
