4068 6188
435 236 540 299 619

501 361 643 414 Ordo
657 363 818 425 antiq.
849 362 973 412 edit.
999 362 1188 411 Ambr.

503 464 617 515 Non
640 464 887 515 exstabat.

504 748 617 800 Non
647 745 901 796 exstabat.

648 1042 832 1092 SERMO
860 1051 984 1091 vm.

492 1119 569 1168 De
583 1118 810 1169 Sabbato
823 1131 922 1179 quo
939 1117 1194 1165 Dominus

442 1194 668 1237 manum,
722 1190 857 1229 etc.:
895 1180 1188 1241 Diligenter

441 1255 529 1293 vos
552 1243 773 1298 audisse,
810 1252 905 1290 etc.

510 1322 622 1371 Non
659 1321 913 1371 exstabat.

630 1588 1011 1661 Ssmudxxvu.

511 1687 587 1737 De
607 1686 863 1751 Jejuniis.

632 1894 818 1946 SERMO
848 1904 1010 1954 xxm.

508 1975 583 2026 De
604 1974 1032 2039 Quadragesima.

631 2188 817 2241 SERMO
849 2194 1005 2236 xxw.

508 2267 639 2317 Item
684 2266 750 2317 de
776 2260 1197 2326 Quadragesima.

644 2474 829 2527 SERMO
853 2483 987 2524 xxv.

514 2552 588 2602 De
619 2550 1046 2615 Quadragesima.

631 2760 816 2812 Snmuo
837 2768 997 2809 xxvr.

514 2837 592 2887 De
613 2836 1039 2899 Quadragesima.

620 3040 805 3093 SERMO
827 3050 1022 3091 xxxiv.

511 3118 591 3170 De
615 3118 1041 3182 Quadragesima.

510 3325 625 3378 Non
656 3325 864 3375 exstaba
881 3333 912 3375 t.

511 3607 626 3657 Non
650 3608 897 3656 exstabat.

511 3890 628 3941 Non
654 3890 905 3940 exstabat.

625 4186 811 4239 ειςΜο
835 4195 1007 4235 xxxv.

516 4264 799 4325 Dejejunio
822 4264 1025 4312 Domini
1050 4264 1099 4311 in
1129 4262 1195 4312 do

451 4338 604 4385 serto,
629 4336 726 4375 etc.

606 4475 791 4525 SERMO
819 4485 1013 4525 xxxvr.

517 4552 592 4601 De
617 4551 1043 4614 Quadragesima.

520 4754 632 4804 Non
660 4757 912 4808 exstabat.

516 5039 630 5091 Non
663 5038 918 5089 exstabat.

514 5324 628 5375 Non
658 5323 912 5375 exstabat.

1511 238 1608 292 AD
1646 236 1880 294 OPEBA
1917 233 1973 292 S.
2013 232 2345 292 AMBROSII
2376 230 2757 289 APPENDIX.

1847 359 1987 411 Ordo
2021 360 2170 423 hujus
2204 359 2328 409 edit.

1908 459 2119 511 SERMO
2151 461 2283 513 XIV.

1692 542 1962 592 Dominica
1986 542 2042 591 in
2069 540 2477 603 Septuagesima.

1364 605 1622 657 Redimite
1636 618 1742 659 vos,
1764 605 1944 652 fratres
1960 602 2273 659 charissitni,
2294 605 2413 651 dum
2430 602 2649 666 pretium
2665 602 2885 662 habetis,

1302 669 1506 731 quando
1529 681 1713 715 novum
1744 676 1945 728 tempus
1976 666 2242 721 inchoatis,
2277 674 2373 716 vtc.

1908 747 2118 798 SERMO
2156 750 2264 799 XV.

1732 828 2001 878 Dominica
2024 828 2079 877 in
2100 827 2449 889 Sexagesima.

1358 889 1520 940 Adest
1556 902 1769 950 tempus,
1802 891 2089 937 charissimi
2132 887 2333 947 fratres,
2387 887 2523 952 quod
2559 888 2894 949 Sexagesima

1303 961 1547 1011 vocatur;
1582 961 1631 1002 et
1658 952 1772 1002 ideo
1796 966 2006 999 necesse
2030 960 2108 999 est
2145 961 2193 997 ut
2222 952 2324 999 vita
2350 961 2537 1009 vestra,
2562 960 2659 1001 etc.

1926 1032 2138 1083 SERMO
2159 1032 2291 1083 XVI.

1432 1116 1520 1167 Ubi
1547 1115 1768 1167 Sabbato
1796 1115 2047 1165 Dominus
2072 1126 2291 1163 manum
2317 1113 2529 1163 aridam
2546 1111 2769 1162 curavit.

1361 1178 1657 1251 Diligenter
1680 1192 1767 1226 vos
1784 1176 1990 1226 audisse
2012 1175 2181 1234 credo,
2212 1177 2413 1235 fratres,
2441 1175 2795 1236 evangelicam
2828 1172 2899 1220 le-

1306 1247 1546 1300 ctionem,
1572 1247 1667 1288 etc.

1926 1322 2139 1373 SERMO
2162 1322 2316 1374 XVII.

1700 1404 1772 1453 De
1792 1405 1974 1453 sancta
2006 1401 2418 1465 Quadragesima
2448 1401 2491 1451 Ι.

1370 1464 1503 1513 Ecce
1520 1463 1705 1513 adsunt
1727 1465 1839 1513 dies
1864 1465 2027 1512 sancti
2050 1474 2100 1511 et
2133 1460 2333 1526 tem'pus
2356 1460 2689 1525 acceptabile,
2713 1460 2897 1509 fratres

1306 1527 1615 1584 charissimi,
1654 1534 1751 1575 etc.

1885 1606 2098 1658 SERMO
2133 1608 2313 1659 XVIII.

1685 1687 1757 1737 De
1783 1688 1967 1737 sancta
1985 1686 2399 1748 Quadragestma
2426 1686 2495 1737 II.

1369 1748 1740 1813 Testimonium
1777 1750 2011 1809 perhibet
2041 1758 2247 1797 sanctus
2274 1750 2551 1810 Apostolus
2577 1748 2642 1800 de
2672 1749 2898 1813 prophe-

1311 1812 1374 1861 tis
1405 1811 1616 1863 dicens:
1652 1809 1902 1874 Tempore
1932 1819 2155 1874 accepto,
2189 1819 2285 1860 etc.

1916 1893 2127 1947 SERMO
2148 1896 2284 1946 XIX.

1678 1976 1749 2027 De
1771 1977 1953 2027 sancta
1980 1974 2393 2037 Quadragesima
2426 1975 2523 2026 III.

1370 2038 1572 2102 Sanctae
1596 2037 2017 2102 Quadragesimze
2043 2036 2309 2097 rationem,
2343 2038 2490 2101 cujus
2515 2036 2667 2087 hodie
2691 2037 2894 2088 initium

1308 2100 1646 2160 celebramus,
1676 2108 1773 2150 etc.

1926 2180 2136 2233 SERMO
2162 2182 2272 2231 XX.

1679 2264 1750 2313 De
1776 2263 1958 2313 sancta
1998 2258 2412 2322 Quadragesima
2431 2259 2525 2322 IV.

1368 2325 1613 2388 Retinent
1643 2324 1810 2388 adhuc
1838 2320 2027 2372 sensus
2057 2320 2234 2377 vestri,
2261 2323 2463 2382 fratres,
2509 2320 2608 2372 hoc
2630 2335 2723 2372 nos
2748 2337 2899 2388 supe-

1306 2387 1440 2437 riore
1464 2386 1752 2451 Dominica,
1774 2394 1870 2435 etc.

1928 2467 2139 2519 SERMO
2161 2469 2293 2519 XXI.

1694 2552 1765 2601 De
1795 2551 1980 2612 sancta
2010 2550 2423 2612 Quadragesima
2456 2550 2511 2600 V.

1369 2613 1690 2685 Intellexisse
1726 2626 1821 2685 vos.
1867 2609 2038 2684 credo,
2080 2609 2276 2670 fratres,
2314 2613 2577 2674 superiore
2610 2609 2897 2671 Dominica,

1306 2691 1399 2729 cur
1421 2679 1530 2726 haec
1556 2685 1727 2725 nostra
1750 2679 1966 2737 jejunio,
1990 2684 2086 2722 etc.

1910 2755 2120 2807 SERMO
2138 2756 2295 2806 XXII.

1678 2837 1750 2886 De
1777 2837 1961 2885 sancta
1993 2833 2404 2896 Quadragesima
2441 2834 2524 2885 VI.

1371 2902 1480 2948 Non
1509 2913 1669 2961 usque
1690 2898 1818 2961 adeo
1842 2894 2134 2945 contristari
2161 2894 2428 2957 debemus,
2455 2898 2653 2954 fratres,
2683 2894 2820 2959 quod
2843 2896 2893 2944 in

1310 2963 1392 3011 his
1413 2957 1854 3022 Quadragesimaa,
1870 2968 1965 3008 etc.

1893 3039 2104 3091 SERMO
2129 3040 2308 3090 XXIII.

1678 3120 1749 3170 De
1770 3122 1951 3170 sancta
1971 3120 2383 3181 Quadragesima
2411 3120 2522 3170 VII.

1378 3183 1623 3234 Nonnulli
1657 3182 2079 3243 Christianorum,
2109 3184 2308 3239 fratres,
2336 3183 2693 3231 existimantes
2718 3180 2904 3231 divini-

1314 3249 1447 3309 tatis,
1471 3250 1566 3296 etc.

1895 3328 2106 3381 SERMO
2140 3328 2321 3380 XXIV.

1648 3411 1720 3461 De
1750 3412 1935 3461 sancta
1969 3408 2383 3470 Quadragesima
2423 3407 2561 3459 VIII.

1377 3472 1543 3533 Quam
1569 3472 1826 3520 timendus
1859 3478 1955 3529 est,
1980 3468 2161 3518 fratres
2190 3468 2615 3530 charissimi,dies
2639 3468 2726 3519 ille
2764 3468 2902 3533 judi-

1318 3536 1403 3594 cii,
1435 3538 1483 3583 in
1513 3547 1613 3597 quo
1640 3534 1909 3592 Dominus,
1935 3540 2031 3581 etc.

1901 3614 2113 3667 SERMO
2155 3616 2311 3667 XXV.

1681 3696 1754 3747 De
1782 3696 1964 3745 sancta
1990 3694 2409 3757 Quadragesima
2430 3694 2524 3745 IX.

1376 3757 1508 3807 Ecce
1537 3771 1680 3821 nunc
1728 3760 2134 3821 tempusadest,
2179 3759 2228 3804 in
2273 3771 2375 3821 quo
2416 3759 2467 3806 et
2494 3767 2699 3820 peccata
2730 3766 2903 3810 vestra

1314 3820 1546 3870 confiteri
1574 3820 1679 3870 Deo
1701 3829 1752 3868 et
1775 3817 2047 3878 sacerdoti,
2082 3828 2181 3867 etc.

1899 3899 2110 3953 SERMO
2132 3902 2311 3955 XXVI.

1714 3981 1786 4032 De
1805 3982 1987 4043 sancta
2005 3980 2418 4043 Quadragesima
2434 3980 2496 4030 X.

1376 4044 1587 4092 Lectum
1615 4052 1693 4091 est
1718 4057 1852 4090 nunc
1875 4044 1923 4090 in
1941 4042 2253 4101 Evangelio:
2291 4045 2395 4092 Virt‘
2412 4042 2663 4094 Νεηῖυίεω
2691 4046 2912 4103 surgent

1312 4106 1373 4156 in
1395 4106 1601 4169 judicio
1734 4105 1983 4155 Pharisaei
2008 4106 2358 4163 paenitentiam
2386 4105 2713 4168 simulabant,
2742 4115 2842 4157 etc.

1896 4184 2108 4236 SEBMO
2130 4186 2332 4238 XXVII.

1310 4266 1598 4336 De‘jejunio
1615 4265 1821 4336 Domini
1838 4264 1893 4313 in
1903 4265 2219 4336 deserto,_qui
2230 4264 2377 4336 esth
2388 4265 2804 4336 Quadragesima
2815 4269 2906 4336 XI.

1377 4326 1678 4390 Mémimsse
1696 4326 1850 4375 debet
1871 4336 2043 4390 vestra
2067 4326 2293 4388 dilectio,
2321 4328 2516 4390 fratres,
2547 4326 2643 4380 hoc
2669 4345 2749 4380 me
2770 4334 2910 4380 ante-

1313 4393 1447 4441 riore
1480 4389 1746 4439 Dominica
1780 4388 2108 4451 praedicasse,
2148 4402 2250 4437 etc.

1873 4469 2084 4521 SERMO
2112 4471 2338 4522 XXVIII.

1667 4551 1737 4600 De
1764 4552 1947 4600 sancta
1969 4549 2381 4612 Quadragesima
2416 4553 2531 4604 XII.

1379 4614 1515 4662 Ante
1542 4611 1651 4661 dies
1675 4613 1996 4677 devotionem
2040 4611 2230 4660 sancta:
2252 4612 2673 4674 Quadragesima)
2712 4614 2908 4677 praedi-

1314 4685 1492 4726 cantes
1519 4688 1779 4725 sacrarum
1816 4674 2102 4723 litterarum
2134 4676 2385 4736 exeuipla,
2410 4683 2508 4725 etc.

1903 4754 2114 4806 SERMO
2138 4757 2319 4807 XXIX.

1657 4836 1729 4886 De
1751 4835 1933 4885 sancta
1961 4833 2374 4896 Quadragesima
2394 4834 2541 4887 XIII.

1378 4899 1536 4962 Agite
1567 4900 1777 4962 gratias,
1795 4896 2010 4962 fratres,
2030 4896 2219 4962 divinas
2247 4897 2441 4959 pietati,
2468 4910 2584 4962 quae
2598 4912 2687 4949 vos
2712 4898 2779 4950 ad
2802 4914 2906 4951 me-

1317 4957 1458 5011 dium
1482 4957 1906 5021 Quadragesimas
1940 4957 2191 5020 perduxit,
2221 4957 2318 5008 etc.

1902 5038 2114 5091 SERMO
2146 5041 2306 5093 XXX.

1672 5121 1743 5171 De
1768 5121 1951 5170 sancta
1976 5119 2389 5183 Quadragesima
2418 5121 2559 5173 XIV.

1380 5182 1820 5248 Scitote,_fratres,
1848 5184 2089 5248 quoniam
2135 5182 2460 5248 cuius‘opera
2501 5184 2721 5248 quisque
2763 5184 2908 5246 facit,

1318 5247 1431 5307 ejus
1455 5254 1505 5294 et
1541 5246 1676 5294 filius
1706 5243 1932 5293 vocatur.
1965 5243 2116 5294 Unde
2142 5243 2400 5310 etJudzei,
2432 5243 2531 5298 etc:

1903 5325 2113 5378 SERMO
2139 5327 2323 5378 XXXI.

1679 5403 1940 5452 Dominica
1969 5405 2017 5451 in
2046 5405 2221 5454 Ruuis
2250 5406 2552 5456 Paltnarum.

1690 5467 1761 5518 De
1784 5469 1966 5530 sancta
1990 5468 2402 5530 Qtwtragesirna
2428 5471 2468 5518 Χ
2483 5468 2533 5519 ν.

1387 5527 1635 5579 Veniente
1658 5529 1879 5577 Domino
1908 5543 2080 5578 nostro
2103 5527 2227 5579 Jesu
2253 5532 2455 5581 Christo
2481 5533 2545 5582 ad
2584 5534 2759 5583 urbem
2787 5533 2909 5586 Hie-

1324 5593 1543 5640 rusalem
1573 5600 1691 5640 antu
1718 5607 1805 5641 srx
1843 5591 1953 5639 dies
1985 5593 2255 5655 passionis,
2282 5602 2377 5643 nte.

3650 227 3760 287 620

3061 350 3204 403 Ordo
3254 353 3335 402 ed.
3366 351 3519 403 Rom.
3566 354 3759 403 Ambr.

3215 458 3398 509 Sannio
3426 468 3569 508 xxn.

3063 534 3124 584 In
3146 536 3566 599 Septuagesima.

3188 743 3377 794 διεκλίο
3402 753 3564 792 xxiii.

3068 822 3126 871 In
3157 821 3506 885 Sexagesima.

3187 1029 3372 1080 SERMO
3390 1040 3569 1081 xxvn.

3065 1106 3215 1155 Fet-ia
3251 1112 3287 1168 76
3352 1116 3464 1168 post
3500 1108 3634 1157 diem
3676 1110 3763 1159 Ci-

3005 1183 3203 1218 nerum.
3243 1167 3307 1219 Te
3336 1167 3511 1219 autem
3533 1171 3765 1232 faciente

3004 1233 3395 1293 eleemosynam,
3409 1234 3547 1282 nesci
3551 1238 3629 1291 at,
3654 1243 3734 1283 etc
3746 1273 3761 1284 .

3177 1314 3362 1365 Saxum
3385 1325 3585 1365 xxvm.

3065 1392 3344 1466 Dominica
3359 1396 3521 1458 prima
3532 1393 3768 1455 Quadra-

3004 1468 3239 1517 gemmae.

3187 1602 3373 1653 Samo
3406 1613 3564 1654 xxxx.

3068 1678 3264 1729 Eadem
3281 1681 3569 1731 Dominica.

3181 1887 3367 1939 εωο
3397 1897 3578 1938 xxxn.

3072 1960 3265 2012 Eadem
3301 1962 3593 2013 Dominica.

3158 2170 3344 2223 SBRMO
3368 2182 3609 2223 xxxvm.

3071 2253 3343 2303 Dominica
3364 2255 3589 2305 secunda
3612 2253 3764 2316 Qua-

3010 2314 3334 2380 dragesimte.

3187 2464 3373 2517 Saluto
3398 2474 3591 2514 xxxvr.

3064 2550 3212 2600 Feria
3228 2550 3699 2614 6postDominicam
3721 2555 3763 2603 l.

3207 2758 3391 2810 SBBMO
3422 2769 3554 2810 xxx.

3013 2837 3343 2949 ImBominica
3369 2844 3386 2887 ι
3418 2837 3764 2901 Quadragesi-

3207 3043 3392 3095 SERMO
3409 3054 3564 3095 XXXI.

3075 3119 3267 3171 Eadem
3294 3120 3586 3172 Dominica.

3170 3327 3358 3380 SERMO
3382 3338 3590 3378 xxxm.

3080 3406 3232 3456 Feria
3248 3414 3274 3457 ‘2
3300 3418 3413 3472 post
3427 3408 3579 3459 Dom.
3601 3407 3771 3470 1οη-

3014 3468 3218 3531 drages.

3187 3613 3373 3666 SERMO
3396 3625 3597 3665 ωῐν.

3079 3690 3225 3741 Feria
3250 3697 3277 3741 3
3295 3703 3403 3754 post
3419 3692 3571 3743 Dom.
3597 3698 3614 3743 ι
3635 3693 3771 3754 Qua-

3014 3752 3216 3815 drages.
3234 3774 3246 3819 ε
3261 3752 3389 3819 Ecce
3401 3766 3547 3807 nunc
3561 3752 3767 3819 tenipus

3016 3816 3343 3878 acceptabite,
3372 3826 3467 3869 etc.

3194 3901 3381 3953 SERMO
3406 3911 3581 3951 xxxv.

3075 3977 3220 4028 Feria
3235 3982 3261 4028 4
3277 3989 3393 4040 post
3410 3985 3426 4028 t
3448 3979 3766 4029 Dominicam

3021 4038 3168 4100 ρυεά
3177 4038 3345 4104 rages.

3174 4185 3360 4237 Saturo
3389 4194 3611 4236 xxxvn.

3085 4263 3233 4313 Feria
3251 4269 3277 4313 6
3294 4266 3568 4328 postDom.
3594 4270 3610 4315 1
3638 4263 3768 4323 Qua-

3021 4322 3224 4388 drages.

3235 4474 3421 4527 SERMO
3460 4488 3549 4527 χι..

3083 4550 3230 4600 Feria
3244 4557 3269 4602 3
3283 4565 3397 4617 post
3412 4556 3559 4605 Dom.
3581 4565 3623 4606 ῐι
3637 4553 3767 4614 Qua-

3019 4610 3224 4676 dragcs.

3205 4758 3390 4811 Saturo
3422 4770 3583 4809 XLIII.

3082 4834 3349 4885 Dominica
3363 4850 3419 4890 xv
3434 4836 3771 4902 Quadragesi-

3022 4911 3134 4948 ωω.

3213 5043 3398 5097 Saturo
3429 5054 3584 5097 κων.

3086 5120 3357 5173 Dominica
3378 5123 3431 5172 in
3445 5123 3708 5174 Passione.

3226 5332 3411 5388 SERMO
3432 5343 3561 5385 xnv.

3084 5410 3354 5464 Dominica
3378 5415 3426 5463 in
3453 5412 3635 5465 Ramis
3661 5410 3774 5461 Pal-

3022 5485 3243 5527 marum.
