4064 6178
497 331 603 389 623

497 557 639 614 Ordo
685 553 847 617 antiq.
906 548 989 602 ed.
1053 546 1237 598 Ambr.

560 783 679 837 Non
708 778 958 832 exstabat.

681 1074 868 1125 SERMO
890 1082 1057 1121 LXXV.

560 1157 621 1206 In
674 1153 829 1203 natali
893 1151 989 1203 SS.
1057 1150 1246 1211 Canlii,

497 1218 755 1277 Cantiani,
778 1222 876 1267 etc.

674 1301 859 1351 SERMO
905 1308 1060 1347 LXIII.

562 1382 637 1430 De
688 1376 846 1427 natali
899 1374 952 1425 S.
1031 1372 1247 1425 Joannis

501 1443 771 1506 Baptista).

685 1595 876 1645 SERMO
910 1602 1060 1643 LXIV.

563 1676 694 1727 Item
715 1672 779 1723 de
807 1670 1007 1724 eodem.

683 1882 870 1933 SERMO
926 1890 1053 1930 LXV.

561 1960 693 2011 Item
705 1960 769 2011 de
785 1958 1245 2024 JoanneBaptista.

681 2153 868 2204 SERMO
894 2159 1064 2202 LXVII.

560 2233 638 2285 De
656 2232 811 2283 natali
830 2236 1249 2293 sanctorumapo-

499 2298 747 2348 stolorum
803 2293 943 2344 Petri
987 2299 1038 2340 et
1078 2292 1241 2342 Pauli.

730 2440 916 2493 SERMO
950 2447 1027 2488 Vi.

559 2521 637 2572 De
662 2518 959 2581 Margarita.

682 2787 868 2840 δειλιίο
890 2795 1047 2836 XCIII.

561 2867 619 2918 In
652 2865 807 2915 natali
835 2864 930 2915 SS.
964 2870 1247 2924 martyrum

498 2929 700 2981 Nazarii
731 2936 782 2975 et
810 2927 968 2976 Celsi.

686 3071 874 3122 SERMO
904 3076 1055 3118 LXIX.

562 3155 637 3204 De
709 3150 866 3199 natali
910 3148 965 3199 8.
1017 3143 1250 3197 Eusebii

499 3213 720 3269 Vercell.
752 3212 914 3275 episc.

686 3368 872 3419 SERMO
916 3374 1048 3414 LXX.

501 3448 639 3561 b"De
659 3442 979 3507 depositione
996 3441 1051 3491 S.
1081 3438 1244 3488 Euse-

538 3525 593 3561 ιι.

664 3651 850 3702 Saluio
886 3654 1082 3696 LXXIII.
1182 3676 1199 3691 κ

563 3730 640 3780 De
666 3736 842 3779 sancto
869 3724 1146 3787 Cypriano.

678 3935 864 3987 Saluio
887 3941 1075 3983 LXXVI.

553 4019 643 4071 'De
726 4016 880 4066 natali
953 4023 1243 4065 sanctorum

506 4091 805 4145 martyrum.

565 4229 682 4281 Non
712 4225 962 4278 exstabat.

669 4516 854 4567 Saturo
880 4523 1076 4563 LXXIV.

572 4597 646 4646 De
676 4594 829 4645 natali
849 4601 1154 4656 martyrum.

629 4801 813 4853 SRRMO
857 4810 1126 4851 LXXXVIII.

573 4877 650 4928 De
675 4878 857 4927 bellico
881 4878 1116 4929 tumultu.

651 5080 836 5139 Sannio
872 5096 1098 5136 LXXXIX.

576 5168 651 5218 De
668 5167 987 5218 dedicatione
1005 5168 1248 5219 basilicae.

1527 323 1625 379 AD
1663 321 1897 381 OPERA
1933 320 1989 377 S.
2027 318 2361 379 AMBROSII
2398 316 2777 376 APPENDIX.

1911 546 2053 598 Ordo
2100 548 2252 611 hujus
2277 544 2398 595 edit.

1674 666 2083 728 SERMONES
2121 667 2222 726 DE
2266 652 2623 726 SANCTIS.

1910 773 2122 825 SERMO
2169 773 2393 824 XLVIII.

1479 855 1542 905 In
1564 854 1692 916 festo
1743 857 1944 916 sancte
1970 853 2176 916 Agnetis
2204 852 2498 916 virginiset
2542 848 2820 916 martyris.

1564 912 1629 965 ’in
1669 926 1769 966 toto
1797 915 1983 965 mundo
2015 912 2397 977 Virgineus'ﬂos
2431 912 2612 961 Mariae
2640 916 2941 959 immarces-

1354 995 1399 1028 Cl
1443 996 1453 1027 l
1481 995 1552 1028 es.
1581 990 1675 1028 etc.

1539 1017 1552 1040 ν
1582 1017 1675 1031 uls.

1941 1059 2155 1112 SEBMO
2185 1060 2359 1109 XLIX.

1631 1142 1694 1190 In
1710 1140 1879 1191 natali
1915 1141 2002 1193 SS.
2033 1141 2226 1201 Cantii,
2257 1138 2528 1200 Cantiani,
2564 1146 2659 1186 etc.

1354 1200 1520 1253 Hodie
1543 1201 1953 1253 beatissimorum
1972 1197 2401 1264 Gantii,Uantiani
2423 1213 2475 1250 et
2496 1197 2939 1259 Cantianillaz,etc.

2010 1286 2220 1338 SERMO
2256 1287 2310 1336 L.

1567 1371 1631 1420 In
1669 1368 1855 1424 Natali
1900 1369 2067 1419 sancti
2125 1368 2347 1419 Joannis
2404 1366 2650 1427 Baptista
2686 1366 2731 1416 Ι.

1415 1430 1473 1479 In
1519 1435 1681 1480 sancti
1732 1446 1792 1480 ac
1826 1432 2111 1481 beatissimi
2140 1431 2360 1481 Joannis
2384 1424 2636 1490 Baptistae
2679 1424 2939 1488 laudibus,

1352 1494 1498 1557 cujus
1524 1495 1752 1544 natalem
1777 1493 1928 1544 hodie
1952 1493 2292 1552 celebramus,
2315 1502 2416 1541 etc.

1352 1660 1423 1709 De
1469 1658 1830 1721 praerogativa
1874 1576 2315 1721 θῙιιειῗῗηῗΜδῖηΙὲἱέ
2333 1655 2565 1721 Joannis
2592 1653 2846 1715 Baptistae
2876 1652 2948 1704 II.

1417 1715 1592 1831 sanlcti
1621 1715 1838 1776 Joannis
1882 1715 2129 1783 Baptistae
2186 1718 2405 1766 natalem
2450 1715 2600 1765 hodie
2642 1725 2946 1779 prosecutu-

1420 1806 1461 1835 ε.
1487 1802 1512 1835 e
1539 1799 1584 1835 c.

1359 1806 1462 1854 rus,
1487 1806 1584 1839 eus.

1969 1864 2182 1918 SERMO
2234 1863 2338 1913 LII.

1481 1955 1553 2005 De
1579 1952 1689 2002 vita
1731 1946 1991 2011 ejusdem_
2008 1944 2177 2011 sancti
2199 1942 2419 1993 Joannis
2452 1942 2693 2011 Baptista:
2727 1941 2825 2011 III_.

1420 2004 1656 2066 Diximus
1681 2004 1933 2073 superiori
1964 2008 2248 2073 Dominica.
2279 2020 2395 2054 cum
2428 2006 2621 2073 silentii
2654 2004 2814 2053 nostri
2856 2015 2951 2051 ve-

1361 2082 1498 2130 niam
1531 2068 1822 2142 peteremus
1842 2069 1982 2138 quod
2009 2083 2099 2132 pro
2122 2068 2285 2117 salute
2315 2069 2592 2126 communi,
2626 2078 2723 2118 etc.

1968 2151 2178 2205 SERMO
2206 2152 2331 2202 LIII.
2382 2206 2393 2213 ,

1513 2242 1576 2293 In
1619 2239 1789 2290 natali
1812 2236 1898 2288 SS.
1928 2233 2298 2295 Apostolorum
2321 2230 2466 2295 Petri
2492 2228 2725 2295 et_Pau_li
2754 2229 2796 2279 Ι.

1425 2289 1882 2355 Νιιῖἐι-Ιειιιιιθιιιίεδί
1943 2289 2141 2345 morum
2174 2292 2519 2355 apostolorum
2549 2292 2690 2341 Petri
2714 2298 2764 2340 et
2800 2289 2950 2340 Pauli

1363 2366 1512 2417 hodie
1539 2365 1875 2421 celebrantes,
1909 2358 2127 2408 diversis
2155 2356 2341 2418 epulis,
2374 2363 2471 2407 etc.

1983 2439 2195 2495 SERMO
2220 2440 2346 2491 LIV.

1357 2531 1428 2583 De
1450 2531 1677 2595 neglecta
1702 2523 2025 2579 solemnitate
2051 2522 2322 2595 beatorum
2349 2516 2711 2580 apostolorum
2737 2515 2882 2567 Petri
2909 2517 2958 2566 et

1422 2656 1561 2706 Satis
1588 2654 1653 2703 ad
1675 2584 2304 2712 correptionempggsIIrgn
2330 2643 2548 2694 arbitror
2578 2655 2727 2707 posse
2750 2655 2808 2690 su
2819 2641 2953 2691 Hice-

1362 2733 1436 2784 re,
1467 2718 1651 2767 fratres
1672 2710 1866 2774 dilecti,
1890 2710 2044 2776 quod,
2070 2717 2166 2758 etc.

1980 2790 2191 2845 SERMO
2242 2791 2347 2841 LV.

1577 2877 1642 2927 In
1661 2875 1792 2939 festo
1816 2873 1909 2939 SS.
1927 2870 2152 2939 Nazarii
2184 2872 2237 2939 et
2261 2869 2399 2921 Celsi
2418 2869 2739 2939 martyrum.

1424 2931 1996 2999 Etiamsi'martyribus
2045 2936 2271 2999 regionis
2326 2941 2583 2999 eXtraneae
2611 2931 2692 2992 pia
2714 2935 2951 2977 votorum

1363 3001 1535 3052 debita
1569 2995 1921 3059 redderemus,
1958 2996 2176 3059 propriis
2209 2995 2493 3048 consulere.
2529 3001 2626 3045 etc.

1983 3077 2196 3129 SERMO
2230 3076 2358 3129 LVI.

1574 3164 1639 3214 In
1665 3161 1796 3224 festo
1820 3159 1987 3212 sancti
2012 3154 2521 3224 Eusebiimartyris,
2548 3160 2665 3224 etc”
2682 3154 2740 3224 _I_.

1426 3226 1509 3277 Ad
1565 3212 1727 3273 sancti
1752 3212 2010 3284 'martyris
2058 3218 2264 3284 Eusebii
2293 3212 2734 3284 laudem'aliquid
2757 3212 2951 3264 addere

1363 3290 1512 3351 velle,
1542 3288 1818 3352 decerpere
1843 3279 1938 3334 est.
1972 3284 2097 3332 Tam
2132 3281 2473 3329 ineﬂ‘abilium
2493 3279 2651 3336 enim,
2684 3287 2783 3331 etc.

1951 3365 2162 3419 SERMO
2211 3365 2361 3417 LVII.

1690 3450 1753 3501 In
1802 3448 1883 3499 die
1930 3444 2263 3508 depositionis
2292 3441 2526 3508 ejusdem
2537 3442 2617 3508 _II.

1422 3513 1807 3576 Depositionem
1840 3509 1896 3560 S.
1928 3501 2136 3557 Edsebii
2165 3501 2402 3569 martyris
2431 3502 2579 3554 hodie
2599 3501 2946 3561 celebramus,

1363 3584 1460 3627 etc.

1950 3650 2161 3705 SERMO
2190 3652 2360 3704 LVIII.

1482 3733 1680 3784 Eadem
1702 3731 1784 3783 die
1833 3730 1891 3782 in
1917 3730 2045 3795 festo
2068 3731 2235 3781 sancti
2278 3728 2535 3795 Cypriani
2546 3724 2823 3795 martyris.

1364 3859 1394 3908 b
1425 3799 1557 3845 Ante
1592 3796 1703 3844 dies
1750 3808 1863 3843 cum
1913 3788 2194 3842 beatissimi
2251 3788 2487 3853 mzi'r'iyris
2521 3788 2762 3853 Cypriani
2805 3788 2944 3838 cele-

1402 3871 1650 3918 raremus,
1687 3865 1786 3906 etc.

1979 3936 2190 3990 SERMO
2206 3938 2334 3989 LIX.

1672 4022 1779 4071 Pro
1846 4017 2105 4069 communi
2148 4017 2307 4067 unius
2360 4014 2634 4078 martyris.

1425 4082 1477 4133 Si
1528 4091 1773 4146 quantum
1821 4095 2031 4130 necesse
2075 4088 2153 4127 est
2188 4079 2376 4138 dicere,
2414 4086 2466 4125 ct
2496 4089 2590 4141 vos
2635 4077 2835 4139 oportet
2858 4088 2947 4124 au-

1362 4145 1493 4206 dire,
1530 4145 1629 4196 etc.

2009 4222 2219 4276 SERMO
2250 4223 2355 4272 LX.

1362 4309 1425 4359 In
1466 4307 1636 4357 natali
1694 4304 1857 4356 unius
1915 4303 2192 4366 martyris,
2246 4312 2352 4350 sive
2400 4298 2589 4366 Domni
2609 4363 2617 4366 _
2637 4294 2947 4366 Domiciani.

1421 4369 1557 4418 Dum
1605 4369 1923 4418 celebramus
1966 4360 2129 4420 hodie,
2178 4360 2365 4414 't'ratres
2404 4361 2714 4422 cliarissimi,
2751 4360 2946 4410 mortui

1355 4432 1500 4496 justi,
1523 4445 1620 4483 etc.

1974 4509 2186 4562 SERMO
2218 4509 2348 4561 LXI.

1789 4595 1898 4643 Pro
1924 4589 2183 4642 communi
2209 4591 2526 4650 martyrum.

1430 4657 1648 4718 Dignum
1674 4664 1725 4704 et
1773 4669 2055 4718 congruum
2099 4660 2194 4707 est,
2243 4648 2440 4710 fratres,
2469 4658 2522 4698 ut
2560 4656 2673 4711 post
2701 4648 2932 4698 lmtitiam

1365 4718 1593 4779 Pasclize,
1618 4721 1715 4770 etc.

1950 4794 2161 4850 SERMO
2205 4796 2354 4846 LXII.

1570 4883 1678 4931 Pro
1724 4879 1985 4929 communi
2028 4877 2390 4939 plurimorum
2417 4873 2738 4939 martyrum.

1426 4943 1596 4993 Movth
1631 4945 1843 4991 fortasse
1881 4955 1987 4994 vos.
2024 4935 2219 4991 fratres,
2249 4936 2384 4999 quod
2418 4938 2665 4984 tumultus
2688 4935 2937 4985 bellorum

1362 5015 1413 5056 et
1435 5006 1750 5055 incursiones
1779 5003 2071 5067 prmliorum
2100 5001 2224 5055 ﬁeri,
2258 5008 2356 5049 etc.

1951 5085 2162 5139 SERMO
2188 5085 2361 5135 LXIII.

1357 5171 1430 5221 De
1444 5181 1593 5221 servo
1617 5168 1935 5220 centurionis
1958 5167 2012 5218 in
2038 5165 2343 5280 Evlangelio,
2368 5164 2425 5214 in
2454 5163 2773 5216 dedicatione
2792 5160 2942 5215 Basi-

2126 5241 2234 5280 ww.

1422 5294 1665 5356 Legimus
1690 5297 1736 5343 in
1770 5301 1948 5344 sancto
1975 5241 2394 5356 Evan‘gﬁocuin
2418 5290 2734 5356 centurionis
2766 5288 2950 5352 cujus--

1357 5356 1473 5406 dam
1499 5351 1677 5407 servus
1699 5361 1838 5421 gravi
1870 5356 2117 5421 paralysis
2139 5351 2469 5417 'zegritiidine,
2498 5354 2598 5400 etc.

1993 5544 2308 5597 κωφο-

3699 309 3801 367 824

3516 437 3799 451 -———-—_

3056 536 3196 589 Ordo
3266 535 3347 589 ed.
3417 536 3570 590 Rom.
3623 538 3804 591 Ambr.

3119 762 3234 813 Non
3269 761 3523 816 exstabat.

3282 1058 3470 1109 SERMO
3512 1069 3587 1107 iV.

3085 1198 3095 1208 _
3120 1134 3182 1208 In
3230 1134 3355 1208 festo
3380 1132 3473 1185 SS.
3497 1136 3813 1201 (lantii,Can-

3060 1204 3204 1260 tiani,
3239 1205 3340 1247 etc.

3287 1281 3475 1331 SERMO
3496 1293 3598 1332 VII.

3123 1357 3182 1407 In
3218 1359 3349 1409 festo
3404 1363 3570 1412 sancti
3594 1362 3817 1414 Joannis

3061 1420 3324 1485 Baptistae.

3272 1566 3341 1619 SE
3358 1578 3476 1618 RMO
3506 1580 3627 1621 VIII.

3125 1651 3200 1701 De
3246 1652 3580 1715 praerogativa
3671 1653 3817 1716 ejus-

3063 1713 3198 1773 dem,
3221 1713 3323 1765 etc.

3280 1859 3473 1911 Sannio
3516 1870 3592 1909 IX.

3125 1938 3204 1989 De
3255 1937 3376 1989 Vita
3409 1938 3667 2002 ejusdem,
3719 1950 3819 1995 etc.

3301 2144 3486 2197 Sannio
3510 2157 3568 2196 X.

3122 2222 3181 2271 In
3200 2224 3354 2290 [esto
3411 2224 3505 2290 ss.
3552 2229 3821 2290 apostolo-

3062 2298 3174 2336 rum
3197 2286 3336 2338 Petri
3364 2294 3414 2339 et
3448 2286 3627 2340 Pauli.

3312 2436 3501 2488 Sannio
3527 2445 3565 2485 ι.

3098 2515 3190 2589 .In.
3224 2516 3352 2589 [esto
3406 2524 3597 2589 sanctas
3646 2514 3827 2566 Lucia:

3061 2586 3278 2641 Virginis
3301 2587 3352 2627 et
3379 2586 3640 2640 martyris.

3278 2795 3461 2847 SERMO
3493 2806 3609 2846 XIV.

3123 2873 3178 2924 In
3216 2871 3349 2920 t‘esto
3386 2873 3477 2924 SS.
3532 2873 3750 2925 Nazarii
3780 2884 3830 2925 et

3062 2933 3199 2985 Celsi
3251 2944 3549 3000 martyrum.

3281 3085 3467 3138 SERMO
3518 3099 3613 3141 XV.

3120 3166 3184 3239 In
3214 3166 3343 3239 festo
3401 3172 3559 3219 sancti
3605 3169 3832 3226 Eusebii

3060 3235 3314 3293 martyris,
3346 3239 3447 3280 etc.

3249 3373 3443 3424 Saluto
3488 3385 3603 3427 XVI.

3060 3450 3196 3563 de};
3225 3450 3309 3500 die
3329 3448 3663 3516 depositionis
3690 3474 3834 3525 ejus.

3258 3667 3443 3721 Saluto
3464 3677 3571 3717 XIX

3121 3742 3185 3817 In,
3258 3746 3397 3817 festo
3451 3746 3504 3798 S.
3571 3746 3831 3811 Cypriani

3061 3815 3319 3871 martyris,
3349 3816 3450 3857 etc.

3241 3956 3426 4009 SERMO
3444 3966 3616 4008 XXIII.

3122 4036 3268 4110 Pro.
3315 4040 3574 4087 communi
3668 4041 3835 4090 unius

3060 4107 3299 4164 martyris
3333 4116 3422 4164 per
3445 4115 3654 4153 annum.

3121 4242 3242 4295 Non
3269 4243 3527 4294 exstabat.

3246 4496 3432 4549 SERMO
3476 4505 3617 4547 XXII.

3126 4575 3227 4625 Pro
3245 4576 3499 4624 communi
3530 4576 3831 4638 martyrum

3063 4646 3290 4702 tempore
3310 4638 3538 4687 Paschie.

3237 4789 3421 4841 SERMO
3465 4794 3624 4837 XXIV.

3122 4872 3227 4922 Pro
3279 4869 3535 4920 communi
3577 4868 3838 4932 plurimo-

3061 4948 3175 4984 rum
3209 4943 3507 4997 martyrum.

3246 5078 3429 5133 SBRMO
3450 5086 3607 5129 XXVI.

3122 5161 3180 5211 In
3245 5160 3374 5208 festo
3468 5156 3833 5209 dedicationis

3060 5223 3325 5275 Ecclesiae.
