4068 6188
1212 557 2592 737 SERMONES

446 850 971 939 SANCTO
1059 848 1775 937 AMBROSIO
1868 843 2594 932 HACTENUS
2678 843 3373 930 ASCRIPTI.

794 1176 936 1236 391
977 1179 1214 1237 SERMO
1241 1180 1286 1235 Ι.

705 1287 997 1344 Dominica
1025 1288 1049 1342 Ι
1076 1286 1383 1342 Adventus.

238 1414 308 1469 In
365 1414 609 1468 Romana
656 1411 882 1467 editione
927 1410 1164 1481 primum
1228 1412 1483 1482 vulgatus
1535 1428 1547 1466 :
1589 1411 1679 1465 sed
1724 1426 1840 1464 eum

310 1483 597 1538 Ambrosio
629 1498 914 1554 perperam
932 1483 1273 1554 attributum,
1305 1499 1423 1553 qute
1450 1481 1512 1536 de
1542 1482 1835 1554 Adventus,

310 1555 457 1624 quod
480 1553 666 1609 nomen
685 1553 792 1609 non
828 1553 939 1608 nisi
963 1556 1130 1609 multo
1154 1560 1276 1624 post
1302 1553 1645 1609 Ambrosium
1670 1554 1838 1608 inno-

310 1626 417 1682 tuit
471 1625 526 1680 in
574 1627 833 1691 Ecclesia,
884 1624 1094 1694 jejunio
1135 1624 1406 1692 dicuntur,
1464 1626 1608 1680 clare
1657 1632 1840 1679 osten-

311 1698 465 1752 dunt.
515 1698 727 1752 Accedit
757 1698 912 1751 etiam
939 1697 1079 1766 quod
1119 1714 1175 1751 eo
1215 1705 1440 1768 tempore
1467 1696 1840 1768 confessionem

306 1769 614 1836 criminum,
660 1776 708 1823 et
738 1768 1112 1823 continentiam
1148 1769 1214 1823 ab
1260 1767 1516 1838 amplexu
1568 1767 1840 1839 conjugali

309 1841 471 1911 quasi
506 1840 857 1911 necessariam
918 1839 1104 1911 indicit
1150 1846 1357 1907 auctor,
1418 1839 1559 1909 quod
1611 1840 1841 1894 maxime

310 1910 551 1966 alienum
595 1917 670 1965 est
736 1910 801 1965 ab
855 1910 1158 1965 Ambrosio.
1221 1911 1458 1980 Denique
1525 1917 1841 1965 correctores

308 1983 518 2038 Decreti
568 1983 916 2037 observarunt
960 1982 1119 2036 verba
1145 1981 1339 2037 ibidem
1362 1981 1425 2037 de
1449 1981 1680 2036 secubitu
1707 1998 1842 2036 con-

300 2051 498 2125 iugum
528 2053 709 2125 citata,
732 2070 846 2125 non
872 2052 930 2125 in
975 2054 1085 2125 hoc,
1127 2053 1215 2109 sed
1244 2054 1301 2108 in
1341 2070 1577 2109 sermone
1612 2053 1842 2125 quodam

312 2122 388 2179 de
410 2123 836 2196 Quadragesima
863 2124 1116 2181 inveniri.

309 2254 362 2310 1.
404 2253 522 2311 Hoc
561 2261 793 2327 tempus,
826 2253 1024 2310 fratres
1058 2253 1394 2324 charissimi,
1424 2270 1539 2311 non
1559 2254 1840 2313 immerito

233 2342 463 2399 Domini
510 2342 798 2399 Adventus
848 2350 1097 2412 vocatur,
1148 2358 1250 2400 nec
1300 2344 1419 2400 sine
1465 2361 1628 2401 causa
1663 2345 1839 2402 sancti

233 2430 424 2488 Patres
462 2431 761 2488 adventum
793 2431 1019 2488 Domini
1063 2432 1338 2489 celebrare
1371 2442 1677 2504 coeperunt,
1714 2450 1842 2490 ser—

234 2536 429 2578 mones
473 2522 540 2579 de
570 2521 659 2577 his
703 2520 901 2578 diebus
930 2520 1000 2577 ad
1047 2523 1315 2594 populum
1366 2521 1725 2590 habuerunt;
1780 2523 1836 2578 id
1869 2531 1915 2591 B

234 2626 475 2684 namque
516 2610 641 2669 ideo
669 2610 1053 2677 instituerunt,
1076 2619 1136 2667 ut
1161 2628 1218 2667 se
1246 2611 1625 2686 unusquisque
1659 2611 1839 2669 ﬁdelis

234 2711 565 2774 praepararet
585 2710 639 2758 et
678 2702 1012 2772 emendaret,
1071 2719 1180 2777 quo
1208 2703 1373 2777 digne
1413 2705 1514 2761 Dei
1561 2721 1625 2762 ac
1651 2705 1836 2762 Domi-

235 2790 296 2847 ni
348 2792 438 2849 sui
480 2793 842 2851 Nativ1tatem
890 2792 1167 2851 celebrare
1196 2796 1423 2852 valeret.
1458 2798 1594 2853 Nam
1627 2796 1675 2852 si
1722 2796 1839 2851 ali-

236 2885 365 2958 quis
411 2895 656 2944 vestrum
705 2888 975 2944 seniorem
1025 2905 1188 2945 suum
1214 2888 1273 2944 in
1304 2889 1422 2961 ejus
1449 2889 1676 2945 domum
1706 2906 1837 2945 sus-

237 2985 522 3049 cepturus,
559 2978 627 3034 ab
672 2977 936 3033 omnibus
963 2976 1222 3033 sordibus
1251 2986 1306 3033 et
1338 2978 1646 3033 immundis
1674 2978 1838 3034 rebus

236 3064 415 3137 ipsam
445 3067 671 3123 domum
702 3065 1015 3133 mundaret,
1038 3074 1092 3121 et
1122 3081 1359 3140 quaeque
1383 3066 1617 3122 honesta
1648 3074 1702 3123 et
1730 3083 1839 3123 ne-

235 3155 474 3212 cessaria
545 3164 748 3219 essent,
812 3154 1117 3210 secundum
1189 3169 1343 3210 suam
1411 3153 1835 3226 possibilitatem

229 3251 564 3317 praepararet
596 3251 682 3299 :et
712 3243 821 3300 hoc
852 3243 989 3300 facit
1014 3243 1269 3300 mortalis
1306 3255 1664 3317 suscepturus
1691 3263 1835 3302 mor-

226 3337 399 3392 talem
433 3353 445 3391 :
480 3340 687 3407 quanto
734 3333 910 3406 magis
953 3350 1010 3391 se
1039 3334 1321 3404 mundare
1348 3334 1512 3393 debet
1562 3346 1834 3407 creatura,

228 3431 296 3478 ut
320 3439 423 3478 suo
454 3421 699 3479 Creatori
736 3423 1020 3496 apparenti
1065 3423 1122 3478 in
1153 3439 1315 3481 carne
1348 3440 1461 3479 non
1489 3425 1776 3499 displiceat
1805 3427 1833 3483 ‘l

231 3509 336 3566 Ille
358 3508 544 3582 justus
566 3509 721 3568 venit
755 3511 825 3567 ad
852 3529 953 3568 nos
980 3519 1313 3585 peccatores,
1341 3520 1401 3569 ut
1423 3529 1493 3569 ex
1520 3517 1832 3587 peccatori-

227 3597 338 3656 bus
382 3600 587 3657 faceret
625 3600 806 3673 justos
847 3619 859 3657 :
893 3602 1020 3674 pius
1057 3600 1212 3658 venit
1252 3601 1320 3658 ad
1369 3602 1591 3675 impios,
1640 3612 1702 3660 ut
1729 3620 1832 3663 nos

228 3687 441 3747 faceret
467 3690 588 3763 pios
646 3708 658 3747 :
710 3690 940 3747 humilis
984 3691 1140 3749 venit
1194 3691 1264 3748 ad
1311 3693 1596 3766 superbos,
1650 3702 1712 3750 ut
1760 3712 1830 3751 ex

228 3778 483 3852 superbis
538 3780 740 3837 faceret
786 3780 1046 3838 humiles.
1078 3782 1223 3850 Quid
1250 3783 1410 3855 plura
1429 3784 1458 3840 ‘l
1504 3784 1605 3840 Ille
1632 3791 1830 3842 natura

1870 1170 1921 1229 Α
1950 1165 2162 1222 deliciae
2191 1163 2465 1237 spiritales
2494 1164 2758 1221 meliores
2788 1172 2922 1221 sunt
2964 1182 3128 1239 quam
3160 1168 3426 1225 carnales.
3474 1171 3548 1227 Et

1954 1256 2132 1311 multo
2161 1254 2360 1312 melius
2404 1263 2485 1311 est
2514 1254 2755 1311 animam
2806 1272 3004 1312 ornare
3036 1257 3340 1315 virtutibus
3381 1276 3545 1333 quam

1949 1362 2150 1417 corpus
2177 1344 2431 1416 pretiosis
2461 1344 2689 1401 induere
2711 1345 2976 1403 vestibus.

2025 1434 2078 1490 3.
2122 1435 2250 1492 Hinc
2275 1434 2605 1504 admonitio,
2656 1434 2875 1498 fratres,
2926 1434 3135 1492 idcirco
3177 1437 3246 1493 ad
3275 1453 3375 1493 vos
3403 1436 3549 1495 facta

1950 1532 2054 1593 est,
2112 1532 2174 1579 ut
2202 1522 2298 1598 qui
2328 1524 2464 1580 boni
2494 1533 2645 1593 sunt,
2706 1541 2803 1596 per
2831 1524 2977 1581 hanc
3017 1524 3130 1581 sint
3158 1525 3437 1596 meliores,
3493 1534 3548 1584 et

1947 1612 2044 1686 qui
2076 1614 2252 1669 malos
2282 1629 2338 1668 se
2372 1630 2488 1670 esse
2518 1613 2793 1682 recolunt,
2845 1614 3156 1671 certissime
3202 1623 3546 1672 convertan-

1947 1711 2076 1769 tur;
2126 1709 2188 1758 ut
2216 1701 2420 1774 pariter
2467 1702 2525 1756 in
2557 1700 2646 1757 die
2676 1702 2981 1760 Dominicaa
3024 1704 3343 1762 Nativitatis
3373 1708 3547 1765 laetari

1948 1791 2274 1863 spiritaliter
2329 1798 2677 1859 mereantur;
2725 1792 2845 1865 ipso
2901 1801 3215 1865 praestante,
3274 1795 3369 1868 qui
3416 1813 3546 1854 cum

1950 1881 2110 1937 Patre
2137 1889 2192 1937 et
2222 1879 2435 1955 Spiritu
2475 1888 2665 1939 sancto
2697 1880 2843 1939 vivit
2883 1891 2938 1940 et
2982 1891 3172 1957 regnat
3200 1900 3296 1958 per
3325 1883 3548 1944 inﬁnita

1951 1971 2149 2029 saecula
2175 1973 2527 2043 saeculorum,
2557 1988 2736 2031 amen.

2484 2150 2629 2210 392
2665 2144 2902 2202 SERMO
2941 2146 3011 2203 II.

2305 2263 2384 2319 De
2425 2262 2604 2319 Natali
2644 2262 2871 2320 Domini
2908 2262 3184 2321 veniente.

1948 2390 2015 2445 In
2052 2395 2151 2445 vet.
2203 2386 2326 2443 edit.
2375 2390 2516 2443 male
2540 2387 2869 2458 inscribitur,
2912 2390 3047 2445 Item
3098 2388 3165 2445 de
3206 2390 3387 2446 Natali
3424 2392 3546 2448 Do-

2022 2460 2196 2534 mini:
2231 2460 2435 2534 melius
2478 2461 2535 2513 in
2573 2460 2687 2515 cod.
2715 2463 2883 2534 Lugd.
2912 2461 3232 2534 Sequentia,
3255 2462 3323 2534 de
3364 2462 3541 2518 Natali

2021 2531 2244 2587 Domini
2290 2531 2546 2586 veniente
2571 2550 2584 2598 ;
2636 2532 2774 2586 unde
2802 2531 3070 2602 intelligas
3096 2533 3261 2586 moris
3293 2532 3458 2602 fuisse
3486 2534 3545 2588 in

2023 2603 2191 2673 Lugd.
2240 2604 2499 2669 Ecclesia,
2540 2589 2597 2656 u't
2630 2619 2725 2672 per
2750 2605 2932 2673 plures
2951 2589 3256 2658 Dominicas
3281 2589 3544 2673 populum

2023 2620 2191 2673 Lnga.
2240 2620 2499 2669 Ecclesia,
2540 2620 2597 2656 ut
2630 2620 2725 2672 per
2792 2620 2932 2658 mres
2951 2620 3256 2658 uomimcas
3281 2620 3543 2673 populum

2019 2675 2091 2729 ad
2118 2674 2608 2753 Natalempomini
2636 2620 3001 2753 selegi-dudum
3030 2680 3417 2753 prwpararent
3441 2691 3543 2753 sa-

2022 2690 2091 2729 aa
2118 2690 2608 2753 lvatatemyommi
2636 2690 3001 2729 celebrandum
3010 2690 3417 2798 dprwpararent
3442 2691 3543 2729 sa-

2022 2745 2273 2799 cerdotes.
2321 2744 2464 2798 Licet
2485 2761 2653 2813 porro
2684 2745 2739 2798 in
2769 2762 2868 2799 ms.
2912 2745 3005 2801 Vin
3052 2787 3064 2798 .
3099 2744 3372 2798 tribuatur
3414 2744 3543 2799 Au-

2018 2816 2229 2886 gustino
2274 2821 2321 2868 et
2368 2815 2427 2886 in,
2448 2814 2762 2886 quibusdam
2792 2814 3093 2881 Ambrosio,
3137 2814 3323 2870 melius
3371 2821 3544 2870 tamen

2021 2885 2160 2940 inter
2200 2885 2563 2943 Maximianos
2612 2885 2808 2955 referri
2830 2892 3017 2957 potest,
3066 2902 3183 2939 cum
3224 2886 3375 2941 illius
3420 2903 3543 2941 ser-

2022 2957 2214 3026 monis,
2264 2958 2356 3027 qui
2380 2959 2438 3011 in
2461 2960 2611 3014 Rom.
2646 2959 2769 3013 edit.
2801 2963 3026 3028 quartus
3055 2958 3297 3023 habetur,
3336 2964 3385 3012 et
3408 2959 3541 3015 Ma-

2022 3030 2159 3084 ximi
2189 3046 2294 3083 esse
2314 3030 2574 3100 probatus
2606 3036 2701 3097 est,
2734 3029 3060 3085 continuatio
3085 3029 3174 3097 sit,
3212 3029 3355 3099 quod
3381 3031 3541 3086 Era-

2018 3118 2163 3157 smus
2192 3101 2249 3156 in
2276 3101 2515 3172 margine
2546 3102 2837 3157 advertisse
2864 3101 3020 3157 etiam
3048 3101 3275 3163 videtur,

2021 3246 2071 3301 1.
2117 3245 2260 3301 Satis
2304 3244 2629 3317 abundeque
2665 3244 2871 3301 dixisse
2911 3260 2998 3300 me
3049 3243 3213 3300 credo
3257 3242 3537 3316 superiore

1946 3336 2237 3393 Dominica
2266 3335 2729 3408 quemadmodum
2760 3335 2968 3408 compti
2994 3335 3080 3391 vel
3104 3333 3268 3389 nitidi
3287 3333 3538 3390 Natalem

1945 3426 2174 3483 Domini
2230 3426 2510 3498 suscipere
2565 3424 2883 3490 debeamus,
2943 3431 2997 3479 et
3060 3422 3539 3496 supervenientem

1944 3515 2313 3573 festivitatem
2344 3515 2465 3588 ejus
2490 3515 2643 3571 omni
2675 3514 2978 3571 ambitione
3004 3512 3241 3569 retinere
3268 3512 3373 3586 (1).
3423 3512 3539 3570 Re—

1947 3605 2143 3675 tinere,
2191 3605 2442 3679 inquam,
2500 3613 2565 3662 ut
2618 3612 2672 3661 et
2728 3603 2775 3659 si
2832 3603 2950 3660 dies
3004 3601 3371 3660 solemnitatis
3421 3600 3539 3674 ejus

1943 3703 2201 3764 transeat,
2261 3694 2405 3767 apud
2452 3710 2558 3751 nos
2614 3701 2799 3750 tamen
2845 3692 3302 3751 sanctificationis
3364 3691 3539 3765 ipsius

1940 3783 2229 3840 beatitudo
2256 3791 2613 3855 permaneat:
2665 3782 2783 3840 haec
2828 3782 2976 3840 enim
3008 3782 3180 3855 gratia
3206 3781 3410 3838 natalis
3457 3774 3542 3841 ed

228 3867 434 3939 bonus,
464 3872 620 3927 venit
660 3870 731 3927 ad
760 3870 1036 3941 homines,
1080 3872 1176 3945 qui
1204 3880 1362 3929 erant
1393 3874 1543 3948 pleni
1570 3875 1829 3932 omnibus
1864 3890 1906 3950 ί]
1940 3875 2165 3932 Domini
2195 3874 2516 3942 Salvatoris,
2562 3884 2621 3932 ut
2649 3874 2708 3930 in
2745 3875 2997 3930 futurum
3029 3874 3097 3929 ad
3125 3873 3539 3945 praedestinatos

229 3959 414 4015 malis.

299 4049 358 4106 2.
390 4048 734 4123 Quapropter
762 4048 1051 4107 hortamur
1078 4066 1177 4108 vos
1213 4058 1276 4107 ut
1312 4050 1402 4107 his
1440 4051 1636 4109 diebus
1662 4054 1832 4111 abun-

227 4136 458 4196 dantius
510 4140 887 4212 eleemosynas
943 4138 1181 4208 faciatis,
1245 4141 1318 4197 ad
1366 4143 1657 4199 ecclesiam
1712 4145 1834 4200 fre-

229 4228 495 4301 quentius
559 4228 925 4297 conveniatis,
1002 4228 1408 4295 confessionem
1480 4240 1829 4303 peccatorum

230 4324 542 4374 vestrorum
588 4318 881 4390 purissime
937 4317 1151 4374 faciatis
1202 4335 1215 4374 :
1273 4328 1327 4375 et
1373 4336 1484 4375 non
1531 4323 1709 4378 solum
1765 4322 1834 4379 ab

230 4406 391 4463 omni
429 4406 805 4475 immunditia,
853 4407 950 4463 sed
994 4407 1158 4463 etiam
1190 4407 1257 4462 ab
1301 4408 1569 4467 uxoribus
1598 4412 1834 4485 propriis

231 4504 644 4561 studiosissime
688 4521 786 4561 vos
811 4506 1191 4577 contineatis:
1226 4506 1416 4563 odium
1444 4506 1831 4574 nihilominus,

232 4595 375 4653 iram
405 4602 461 4653 et
497 4596 956 4669 indignationem,
990 4599 1284 4655 clamorem
1320 4605 1375 4654 et
1412 4597 1831 4671 blasphemiam,

233 4688 552 4762 superbiam
610 4699 772 4763 atque
814 4689 1163 4762 jactantiam,
1220 4706 1346 4747 cum
1405 4689 1557 4745 omni
1628 4689 1834 4745 carnali

236 4776 606 4835 delectatione
636 4781 825 4851 procul
868 4798 900 4836 a
921 4780 1080 4837 vobis
1113 4780 1391 4853 repellatis
1426 4797 1439 4846 ;
1472 4787 1534 4835 ut
1562 4795 1688 4835 cum
1718 4778 1835 4836 dies

235 4868 541 4926 Dominicaa
604 4869 921 4926 Nativitatis
976 4870 1280 4939 advenerit,
1321 4869 1615 4928 salubriter
1650 4870 1832 4943 ipsum

235 4958 518 5017 celebrare
566 4962 805 5034 possitis.
848 4962 920 5018 Et
958 4961 1101 5017 sicut
1131 4962 1292 5017 multi
1339 4970 1470 5019 sunt
1510 4962 1736 5019 solliciti
1766 4962 1833 5019 de

240 5049 560 5106 carnalibus
605 5050 840 5119 divitiis,
881 5058 935 5106 et
961 5050 1028 5106 de
1076 5050 1331 5123 pretiosis
1373 5053 1740 5121 vestimentis,
1770 5059 1833 5108 ut

240 5139 686 5199 honorabiliores
713 5142 926 5199 caeteris
954 5142 1249 5199 videantur
1277 5142 1336 5197 in
1368 5142 1464 5198 illa
1484 5141 1573 5197 die
1597 5161 1609 5199 :
1643 5143 1720 5199 ita
1736 5160 1834 5199 vos

1946 3973 2207 4034 transeat,
2232 3965 2290 4021 in
2319 3966 2657 4038 praeteritum
2690 3972 2969 4022 remaneat
2998 3963 3067 4020 ad
3096 3963 3344 4019 devotos.
3368 3963 3539 4033 Opor-

1942 4065 2022 4112 tet
2052 4072 2178 4128 ergo
2208 4071 2323 4111 esse
2353 4071 2454 4111 nos
2483 4055 2774 4111 sanctitate
2802 4070 2991 4126 puros,
3040 4052 3276 4108 mundos
3312 4048 3541 4122 pudici-

1942 4146 2039 4214 tia,
2082 4145 2290 4202 nitidos
2320 4145 2635 4212 honestate;
2695 4152 2757 4199 ut
2787 4159 2896 4217 quo
2943 4142 3088 4198 diem
3118 4141 3320 4196 festum
3363 4137 3540 4193 adve-

1942 4237 2063 4291 nire
2096 4235 2461 4308 propinquius
2491 4233 2792 4301 cernimus,
2844 4248 2908 4287 eo
2956 4229 3264 4286 accuratius
3308 4224 3540 4283 inceda-

1944 4341 2086 4379 mus.
2117 4323 2172 4379 Si
2204 4322 2352 4379 enim
2385 4320 2734 4377 mulierculas
2767 4317 2947 4374 solent
2977 4316 3187 4388 aliquas
3217 4315 3380 4372 ferias
3407 4330 3539 4370 sus-

1943 4421 2206 4485 cepturze,
2251 4412 2493 4467 maculas
2540 4409 2776 4465 vestium
2825 4424 3047 4464 suarum
3112 4422 3253 4480 aqua
3306 4404 3536 4473 diluere,

1943 4519 2044 4559 cur
2100 4518 2211 4557 non
2264 4500 2437 4573 magis
2489 4516 2589 4555 nos
2648 4497 2931 4570 excepturi
2993 4495 3243 4554 Natalem
3290 4494 3538 4565 Domini,

1948 4593 2191 4650 maculas
2221 4591 2532 4647 animarum
2581 4598 2893 4645 nostrarum
2931 4585 3154 4645 ﬂetibus
3200 4584 3539 4642 abluamus?

2012 4685 2068 4741 2.
2111 4686 2184 4739 Et
2227 4683 2337 4738 ίιιω
2380 4681 2605 4755 quidem
2653 4680 2699 4736 si
2747 4678 2883 4735 adeo
2934 4678 3150 4734 infectae
3195 4685 3249 4733 et
3294 4676 3538 4733 obscurae

1945 4773 2203 4831 sordibus
2249 4771 2463 4828 fuerint
2512 4771 2621 4842 (2),
2669 4776 2731 4824 ut
2776 4769 3020 4825 maculas
3071 4767 3187 4823 sola
3240 4783 3381 4841 aqua
3427 4780 3540 4823 non

1946 4876 2160 4942 purget,
2213 4866 2427 4922 addunt
2453 4862 2750 4920 mollitiem
2782 4860 2910 4930 olei,
2943 4860 3165 4933 saponis
3192 4860 3357 4916 etiam
3388 4857 3540 4916 acri-

1946 4964 2221 5021 moniam:
2278 4977 2380 5018 nos
2408 4975 2628 5034 quoque
2658 4958 2703 5014 si
2737 4966 2844 5016 tam
2877 4975 3041 5032 grave
3080 4963 3363 5030 peccatum
3408 4954 3539 5010 fue-

1944 5053 2039 5123 rit,
2086 5061 2149 5109 ut
2176 5052 2230 5109 id
2261 5050 2491 5107 minime
2520 5048 2656 5106 solis
2699 5048 2921 5105 ﬂetibus
2948 5047 3225 5115 abluatur,
3272 5036 3538 5102 addamus

1944 5142 2337 5201 misericordiae
2367 5142 2489 5197 oleo
2520 5139 2877 5197 acrimoniam
2894 5137 3117 5212 jejunii.
3141 5136 3367 5194 Nullum
3388 5131 3537 5188 enim

238 5231 598 5289 sollicitiores
634 5239 810 5290 estote
838 5232 907 5289 de
933 5231 1274 5305 spiritalibus
1315 5232 1530 5289 divitiis
1568 5239 1622 5288 et
1670 5234 1834 5289 vesti-
1868 5252 1917 5310 D
1947 5243 2058 5291 tam
2091 5250 2252 5306 grave
2282 5232 2548 5289 delictum
2579 5238 2679 5297 est,
2729 5228 2876 5303 quod
2904 5244 3016 5284 non
3049 5232 3312 5300 purgetur
3357 5218 3539 5277 absti-

246 5323 484 5391 mentis;
538 5322 670 5397 quia
717 5322 862 5380 sicut
908 5320 1093 5378 anima
1140 5322 1336 5377 melior
1391 5329 1474 5379 est
1517 5338 1704 5391 carne,
1758 5325 1837 5380 ita

314 5492 397 5565 (1)
436 5495 621 5552 Codex
670 5495 839 5567 Reg,
873 5490 1143 5567 superiore
1172 5493 1467 5567 tractatu...
1506 5496 1554 5545 et
1580 5508 1835 5567 superve-

249 5560 416 5637 niente
458 5560 909 5637 festioitatevejus
932 5560 999 5619 ab
1045 5567 1190 5617 omnt
1238 5560 1520 5616 ambitione
1557 5560 1836 5619 abstinere

249 5635 465 5707 inmua,
484 5640 558 5695 ita
591 5645 665 5706 ut,
696 5646 801 5695 etc.

346 5705 405 5782 2)
440 5705 657 5772 Codex,
693 5708 893 5785 Lugd.,
944 5713 993 5766 et
1023 5706 1132 5764 illa:
1158 5705 1366 5780 quidem
1408 5708 1598 5765 reculoe
1630 5708 1677 5763 si
1703 5708 1831 5764 adeo

1948 5323 2158 5392 nentia,
2211 5320 2583 5394 eleemosynis
2613 5319 3030 5391 exstinguatur;
3083 5315 3162 5372 ait
3201 5312 3349 5369 enim
3401 5323 3537 5365 san-

1941 5488 2167 5559 infectie
2193 5493 2241 5543 et
2270 5487 2504 5542 obscura:
2554 5486 2797 5559 sordibus
2819 5482 3021 5554 fuerint
3047 5500 3061 5549 ;
3111 5480 3280 5559 Yind.
3307 5485 3531 5559 _auten_i,

1942 5548 2016 5618 Et
2044 5562 2153 5617 illte
2182 5560 2393 5631 quidem
2435 5558 2482 5613 si
2519 5559 2649 5631 adeo
2682 5548 2883 5627 infecta:
2922 5570 3022 5631 res
3048 5548 3273 5631 cellulis.
3295 5548 3530 5631 [uerintz

1942 5632 2054 5690 duo
2084 5621 2249 5689 alii...
2281 5631 2329 5688 si
2356 5631 2487 5687 adeo
2514 5628 2719 5700 infectis
2738 5621 2823 5683 res
2853 5624 3099 5683 sordibus
3128 5621 3353 5694 fuerint.
