4068 6188
295 317 398 376 629

1131 314 1505 373 SERMONES
1543 314 1599 371 S.
1629 313 2000 373 AMBROSIO
2038 313 2408 371 HACTENUS
2446 314 2782 374 ASCRIPTI.

3500 314 3610 373 630

294 442 362 499 ah
391 440 543 497 omni
581 438 948 498 conscientias
994 446 1208 496 nostras
1253 438 1384 497 faece
1419 438 1789 507 mundemus;
1830 454 1894 494 ac
1920 441 1971 499 A
2006 438 2063 494 in
2089 447 2320 510 angusto
2368 440 2629 511 praesepio
2657 440 2809 511 poni,
2861 440 2957 514 qui
2996 449 3221 498 venerat
3264 442 3425 499 nobis
3453 447 3607 517 regni

295 546 549 587 curemus
603 545 703 585 nos
745 544 859 584 non
917 527 1110 585 sericis
1162 528 1428 597 vestibus,
1488 528 1581 584 sed
1637 527 1896 600 operibus

295 617 568 691 pretiosis.
618 617 962 674 Vestimenta
1003 616 1149 672 enim
1180 616 1359 673 nitida
1392 616 1641 673 membra
1683 616 1896 689 operire

295 713 547 780 possunt,
607 705 1003 774 conscientiam
1053 722 1250 762 ornare
1291 721 1406 761 non
1462 712 1729 778 possunt;
1787 704 1896 760 nisi

294 802 443 875 quod
485 799 715 872 majoris
745 800 1091 857 verecundia
1120 808 1202 857 est
1230 802 1473 857 nitidum
1507 800 1771 856 membris
1801 801 1898 856 in-

294 891 508 959 cedere,
564 898 617 948 et
646 891 920 962 pollutum
964 890 1217 947 sensibus
1263 890 1566 946 ambulare.
1616 889 1899 945 Interioris

294 981 469 1054 igitur
498 980 743 1036 hominis
770 981 925 1052 prius
948 996 1207 1036 ornemus
1226 979 1507 1047 affectum,
1530 987 1591 1035 ut
1611 978 1900 1035 exterioris

296 1084 515 1142 quoque
572 1069 644 1125 sit
700 1069 936 1125 amictus
980 1074 1244 1135 ornatus;
1293 1066 1607 1140 spirituales
1658 1067 1899 1123 maculas

294 1159 604 1228 abluamus,
636 1167 698 1216 ut
731 1159 789 1214 in
819 1158 980 1215 nobis
1003 1158 1245 1215 carnalia
1271 1158 1516 1230 fulgeant
1546 1157 1894 1214 vestimenta.

294 1246 450 1302 Nihil
479 1253 661 1302 autem
702 1246 923 1319 prodest
951 1246 1162 1318 fulgere
1190 1245 1561 1314 vestimentis,
1592 1256 1646 1304 et
1674 1248 1898 1304 sordere

296 1335 541 1407 ﬂagitiis.
572 1336 677 1392 Ubi
724 1336 871 1392 enim
901 1335 1191 1391 tenebrosa
1221 1335 1560 1391 conscientia
1587 1342 1689 1404 est,
1719 1344 1896 1392 totum

294 1441 493 1496 corpus
521 1424 920 1480 subobscurum
948 1432 1049 1480 est.
1098 1423 1373 1480 Habemus
1415 1432 1597 1480 autem
1632 1441 1743 1497 quo
1771 1441 1897 1481 con-

295 1514 540 1571 scientia
592 1517 835 1573 maculas
890 1516 1197 1584 abluamus,
1261 1517 1405 1573 sicut
1460 1516 1727 1589 scriptum
1768 1525 1894 1573 est:

310 1625 328 1650 ι
357 1605 493 1660 Date
535 1605 965 1677 eleemosynam,
1015 1612 1070 1660 et
1099 1604 1286 1660 omnia
1333 1605 1539 1662 munda
1582 1613 1712 1662 sunt
1739 1605 1898 1662 vobis

299 1694 451 1768 (Luc.
480 1712 562 1765 x1,
594 1696 712 1766 41).
747 1722 766 1745 ι
810 1696 1409 1769 Bonumeleemosynae
1436 1697 1780 1762 mandatum,
1803 1713 1900 1769 per

2005 527 2243 584 cmlestis
2292 527 2639 584 latitudinem
2690 546 3011 601 praeparare.
3061 530 3183 585 Non
3214 531 3271 586 in
3301 532 3491 589 sericis
3518 534 3609 589 vel

2005 616 2062 671 in
2099 616 2306 672 auratis
2335 617 2552 688 pannis,
2586 617 2681 673 sed
2710 617 2767 673 in
2796 617 3002 673 vilibus
3024 618 3241 674 involvi
3269 619 3476 689 voluit,
3508 621 3607 695 qui

2006 705 2168 761 nobis
2220 705 2655 762 immortalitatis
2705 708 2901 764 stolam
2958 706 3186 764 reddere
3242 718 3489 767 venerat.
3531 711 3608 768 Iis

2007 796 2239 868 astringi
2271 813 2327 852 se
2357 797 2625 869 permisit,
2670 797 2766 870 qui
2796 804 3013 853 nostros
3041 799 3205 870 pedes
3234 806 3287 854 et
3319 816 3513 855 manus
3539 801 3609 857 ad

2009 901 2174 957 opera
2202 886 2345 941 bona
2371 886 2581 958 agenda
2604 886 2816 941 solvere
2844 888 3191 958 properabat.
3220 886 3365 954 Quid
3394 887 3462 943 ad
3491 888 3608 947 haec

2010 973 2307 1031 dicendum
2359 984 2474 1043 est,
2536 976 2783 1032 fratres?
2848 975 3288 1032 Exclamandum
3342 982 3423 1031 est
3478 993 3606 1034 cum

2010 1065 2299 1122 Psalmista
2333 1084 2344 1121 :
2400 1089 2417 1113 ε
2450 1065 2594 1132 Quid
2622 1066 2923 1122 retribuam
2955 1066 3197 1122 Domino
3227 1082 3325 1139 pro
3350 1067 3607 1124 omnibus

2011 1170 2131 1226 quae
2162 1154 2419 1210 retribuit
2445 1154 2584 1210 mihi
2617 1157 2793 1225 (Psal.
2828 1172 2957 1223 cxv,
2999 1155 3136 1225 12)?
3166 1180 3184 1203 ι
3246 1156 3345 1212 Ille
3384 1156 3607 1229 quidem

2008 1243 2226 1300 invenit
2257 1245 2506 1313 calicem,
2552 1262 2712 1319 quem
2746 1244 3016 1301 retribuet
3051 1262 3063 1300 :
3107 1261 3210 1301 nos
3238 1261 3369 1302 vero
3401 1246 3607 1303 redda-

2009 1351 2133 1389 mus
2162 1335 2306 1408 quod
2355 1351 2664 1407 possumus,
2716 1335 2772 1390 id
2805 1344 2887 1391 est
2915 1324 3311 1407 eleemosynas,
3364 1335 3604 1408 vigilias,

2010 1423 2300 1495 lacrymas,
2333 1440 2517 1498 pacem
2554 1442 2565 1479 :
2616 1423 2962 1481 dimittamus
2990 1423 3049 1479 in
3080 1440 3181 1480 nos
3226 1424 3601 1497 peccantibus,

2008 1518 2071 1566 ut
2099 1518 2285 1565 nostra
2314 1510 2474 1566 nobis
2501 1510 2856 1568 dimittantur
2878 1529 2909 1569 a
2930 1513 3045 1569 Deo
3072 1519 3313 1585 peccata.

2079 1598 2132 1654 3.
2174 1599 2427 1656 Pastores
2454 1617 2586 1656 vero
2626 1601 2743 1675 qui,
2792 1610 3049 1659 nascente
3088 1603 3188 1660 Dei
3232 1602 3396 1672 Filio,
3442 1620 3606 1677 supra

2008 1702 2223 1760 gregem
2281 1705 2443 1745 suum
2508 1690 2835 1761 vigilabant,
2907 1699 2962 1748 et
3024 1693 3246 1766 angelos
3320 1691 3603 1759 videbant,

298 1785 445 1858 quod
476 1785 731 1842 manibus
761 1803 1072 1859 operamur,
1128 1786 1293 1843 corde
1348 1787 1703 1856 mundamur,
1762 1804 1896 1860 prm-
1930 1798 1977 1858 B
2008 1785 2225 1834 sanctos
2251 1779 2640 1851 praedicatores
2667 1779 2982 1852 signiﬁcant
3013 1798 3025 1837 :
3059 1781 3156 1850 qui
3199 1798 3311 1855 quo
3338 1780 3603 1853 majorem

297 1881 476 1930 stante
504 1874 743 1931 Domino
785 1882 976 1930 nostro
1004 1875 1132 1931 Jesu
1176 1874 1418 1943 Christo,
1459 1876 1556 1948 qui
1584 1892 1711 1933 cum
1741 1876 1899 1933 Patre

298 1971 355 2020 et
383 1964 594 2036 Spiritu
630 1972 821 2022 sancto
860 1965 1004 2021 vivit
1031 1973 1085 2022 et
1113 1975 1303 2040 regnat
1342 1966 1402 2023 in
1433 1967 1632 2025 saecula
1660 1968 1898 2026 saeculo-

300 2069 446 2122 rum,
476 2070 657 2110 amen.

803 2201 952 2260 394
992 2196 1229 2254 SEBMO
1267 2199 1361 2255 ΠΙ.

722 2294 785 2350 In
814 2294 904 2350 die
932 2293 1143 2350 Natalis
1174 2293 1398 2350 Domini
1429 2294 1473 2349 Ι.

296 2406 500 2462 Aberat
513 2422 579 2461 ea:
606 2405 841 2476 antiquis
867 2405 1204 2461 editiouibus.
1229 2404 1499 2460 Ambrosii
1521 2408 1711 2477 procul
1740 2407 1897 2463 dubio

372 2477 509 2550 nihil
534 2494 652 2547 pra:
678 2476 869 2550 sefert
901 2494 918 2530 :
954 2477 1123 2550 uerba
1149 2482 1323 2531 autem
1352 2477 1471 2544 illa,
1511 2486 1732 2550 propter
1760 2495 1897 2550 pro-

374 2548 661 2628 lixitatem.
684 2547 880 2628 _divini_
905 2547 1212 2628 o_ﬂicii......
1247 2554 1470 2628 propter
1497 2547 1895 2628 dissonantiam

371 2636 582 2691 regum,
613 2620 775 2675 eidem
804 2620 1020 2674 minime
1046 2620 1375 2691 conveniunt.
1407 2620 1566 2674 Forte
1592 2620 1767 2675 minus
1790 2622 1896 2676 ab-

370 2690 623 2746 horreant
658 2710 693 2746 a
721 2691 975 2759 Cwsarz'o,
1011 2690 1166 2762 cujus
1192 2690 1265 2745 ad
1290 2692 1484 2763 stylum
1516 2697 1653 2760 totus
1678 2691 1761 2747 hic
1790 2710 1896 2748 ser-

366 2779 450 2817 mo
479 2763 609 2818 satis
637 2763 851 2819 accedit.

364 2886 415 2943 1.
456 2887 683 2943 Domini
709 2888 890 2945 nostri
926 2888 1054 2944 Jesu
1085 2886 1316 2956 Christi,
1355 2887 1571 2956 fratres,
1614 2887 1897 2944 Nativita-

294 2983 403 3033 tem
436 2976 794 3047 celebrantes,
849 2976 1136 3032 videamus
1182 2992 1402 3031 sensum
1448 2973 1616 3046 hujus
1653 2992 1897 3049 evange-

293 3065 413 3123 lica:
445 3064 721 3132 lectionis,
755 3081 876 3137 quae
907 3063 1072 3119 modo
1101 3064 1243 3119 lecta
1268 3070 1381 3129 est;
1415 3062 1553 3119 dicit
1580 3064 1727 3120 enim
1758 3081 1897 3121 san-

290 3164 415 3214 ctus
471 3154 808 3225 evangelista
864 3152 1100 3224 Augusti
1150 3151 1380 3209 Caesaris
1438 3151 1618 3209 edicto
1670 3170 1893 3210 censum
1931 3159 1974 3217 C

293 3238 602 3316 pr'ofessum
661 3256 778 3297 esse
836 3240 1107 3296 mundum
1162 3238 1507 3308 universum,
1560 3251 1615 3298 et
1662 3242 1733 3299 ob
1788 3242 1895 3299 hoc

293 3330 604 3388 ascendisse
645 3328 847 3401 Joseph
885 3344 917 3384 a
958 3328 1183 3385 Galilaea
1238 3327 1305 3384 de
1352 3328 1578 3387 civitate
1629 3331 1892 3388 Nazareth

296 3421 357 3475 in
386 3418 628 3475 Iudaeam
662 3418 719 3473 in
750 3418 1032 3475 civitatem
1080 3417 1278 3485 David,
1311 3434 1431 3490 quae
1461 3427 1692 3476 vocatur
1717 3421 1894 3477 Beth-

299 3508 437 3564 leem
471 3524 483 3562 :
538 3515 600 3564 ut
635 3506 716 3563 ibi
757 3506 1106 3580 proﬁteretur
1149 3522 1277 3563 cum
1314 3507 1487 3564 Maria
1526 3524 1699 3565 uxore
1746 3526 1894 3582 prae-

296 3605 517 3669 gnante,
564 3605 620 3653 et
662 3614 766 3669 pro
819 3606 1057 3669 utroque
1112 3596 1351 3653 solveret
1401 3612 1649 3663 censum,
1705 3605 1894 3670 utpote

294 3684 362 3742 de
390 3684 580 3742 eadem
612 3684 824 3741 familia
864 3684 1017 3757 (Luc.
1050 3702 1112 3753 ιι,
1150 3685 1288 3758 1-5).
1327 3684 1498 3741 Tanta
1541 3686 1744 3759 quippe
1787 3686 1896 3743 fuit

295 3790 427 3847 pax,
466 3773 613 3829 Filio
647 3772 748 3829 Dei
788 3780 1082 3846 apparente
1120 3773 1178 3829 in
1218 3789 1401 3843 carne,
1461 3790 1560 3847 per
1596 3774 1893 3832 duodecim

295 3881 491 3932 annos,
522 3872 586 3921 ut
615 3880 828 3932 omnes,
858 3864 1163 3920 secundum
1189 3865 1341 3920 Isaiae
1371 3865 1722 3935 vaticinium,
1753 3883 1897 3923 con-

296 3953 592 4010 tunderent
640 3952 851 4025 gladios
882 3969 1012 4009 suos
1054 3952 1115 4008 in
1160 3961 1362 4022 aratra,
1408 3961 1463 4010 et
1509 3955 1725 4011 lanceas
1772 3972 1897 4012 suas

297 4042 357 4098 in
386 4043 553 4099 falces
602 4043 738 4114 (Isa.
772 4060 834 4111 ιι,
866 4042 947 4113 li).
998 4042 1127 4098 Ideo
1155 4058 1285 4098 vero
1328 4042 1503 4099 Filius
1545 4045 1667 4113 Dei,
1708 4052 1898 4102 auctor

299 4133 468 4204 pacis,
501 4141 749 4204 tempore
798 4130 946 4202 pacis
991 4131 1259 4198 nascitur,
1310 4140 1371 4188 ut
1405 4149 1597 4189 omnes
1643 4150 1899 4207 sequaces

298 4240 426 4280 suos
454 4239 642 4296 pacem
687 4237 870 4277 amare
899 4220 1138 4277 doceret.
1186 4222 1325 4278 Nam
1373 4223 1516 4279 sicut
1564 4223 1743 4281 Caesar
1769 4225 1898 4280 Au-

302 4321 493 4386 gustus
522 4312 677 4368 misit
714 4310 986 4383 Cyrinum
1032 4311 1102 4367 ad
1139 4312 1471 4386 exigendum
1502 4331 1762 4383 censum;
1822 4316 1899 4371 ita

300 4406 450 4462 Deus
494 4418 660 4459 verus
701 4402 986 4473 Augustus
1028 4400 1181 4457 misit
1226 4403 1610 4473 praedicatores
1638 4407 1696 4459 in
1728 4421 1901 4459 mun-

300 4495 434 4552 dum
463 4493 533 4550 ad
577 4508 803 4548 censum
841 4491 969 4547 ﬁdei
1007 4490 1361 4563 exigendum.
1412 4493 1723 4550 Reddamus
1751 4511 1897 4567 ergo,
1931 4515 1981 4573 ι)

300 4584 521 4651 fratres,
543 4597 769 4638 censum
792 4580 922 4638 ﬁdei
950 4588 1004 4636 et
1033 4580 1191 4637 bonae
1220 4580 1473 4637 actionis.
1504 4582 1703 4638 Nullus
1730 4599 1897 4638 rema-

302 4681 454 4740 neat,
486 4688 678 4727 omnes
708 4670 1066 4728 ascendamus
1097 4670 1165 4726 de
1195 4671 1440 4739 Galilaea,
1473 4671 1531 4727 id
1561 4678 1663 4739 est,
1693 4672 1761 4728 de
1792 4689 1902 4728 vo-

299 4761 582 4818 lubilitate
626 4760 821 4817 mundi
854 4761 911 4816 in
948 4759 1214 4828 Judaeam,
1266 4760 1322 4817 id
1352 4768 1455 4829 est,
1486 4768 1647 4817 recta)
1676 4762 1901 4818 confes—

300 4850 475 4908 sionis
505 4850 817 4922 regionem;
850 4857 1121 4922 quatenus
1149 4849 1453 4919 Bethleem,
1488 4850 1545 4906 id
1574 4858 1674 4919 est,
1705 4851 1903 4907 domus

302 4942 461 5016 panis
498 4957 615 4998 esse
666 4928 994 5009 mereamur,
1054 4939 1207 4995 illius
1262 4938 1525 4996 videlicet
1569 4940 1663 5013 qui
1720 4941 1899 4998 dicit:

315 5056 335 5079 ι
367 5032 483 5103 Ego
507 5047 631 5087 sum
660 5027 819 5103 panis
848 5028 1031 5097 vivus,
1058 5027 1150 5101 qui
1180 5026 1247 5082 de
1275 5026 1414 5083 coelo
1434 5026 1693 5084 descendi
1717 5028 1900 5099 (Joan.

305 5138 385 5190 v1,
420 5120 539 5191 5i).
580 5142 599 5166 ι
1164 5179 1175 5187 ,

375 5216 430 5274 2.
470 5216 668 5273 Narrat
726 5221 989 5286 praeterea
1043 5211 1405 5283 Evangelium
1466 5212 1596 5286 quia
1651 5229 1777 5269 cum
1808 5232 1909 5287 ge—

308 5306 522 5363 nuisset
550 5305 710 5361 heata
740 5319 953 5375 semper
981 5301 1138 5374 virgo
1162 5301 1333 5357 Maria
1363 5301 1667 5371 Christum,
1713 5304 1910 5375 pannis

307 5396 489 5469 ipsum
537 5394 855 5450 involutum
893 5390 1138 5465 posuerit
1183 5389 1238 5444 in
1286 5390 1595 5463 praesepio:
1646 5408 1767 5465 quae
1809 5408 1912 5450 nec

310 5483 578 5558 my'sterio
609 5488 844 5548 vacant;
891 5479 1073 5535 voluit
1101 5477 1249 5534 enim
1296 5478 1549 5537 Christus
1588 5482 1786 5554 pannis
1815 5481 1914 5537 in-

311 5575 485 5642 volvi,
521 5581 585 5629 ut
614 5589 715 5628 nos
741 5587 773 5626 a
802 5569 1014 5643 laqueis
1054 5567 1249 5623 mortis
1288 5567 1615 5627 absolveret.
1672 5572 1745 5627 Et
1775 5570 1913 5627 bene

314 5663 482 5721 dicit:
517 5663 692 5730 Ibant,
732 5668 794 5716 ut
822 5656 1074 5714 ostendat
1105 5655 1253 5730 quod
1283 5655 1342 5712 in
1373 5657 1464 5713 via
1494 5660 1739 5717 nascitur
1765 5678 1775 5716 :
1810 5660 1916 5715 hoc

318 5760 504 5812 autem
527 5750 659 5827 quia
685 5749 834 5808 viam
862 5745 1024 5807 nobis
1051 5762 1107 5805 se
1136 5745 1424 5805 ostendere
1454 5756 1698 5806 venerat.
1724 5749 1918 5808 Voluit

2006 1882 2195 1923 curam
2236 1868 2442 1925 habent
2480 1870 2814 1938 animarum,
2863 1886 2929 1926 eo
2970 1870 3313 1944 frequentius
3358 1871 3604 1943 angelica

2006 1955 2342 2013 allocutione
2386 1959 2619 2015 relevari
2666 1968 2966 2017 merentur.
3014 1960 3227 2032 Angelo
3269 1974 3399 2015 vero
3428 1956 3629 2032 appa—L

2009 2051 2182 2114 rente,
2232 2054 2474 2117 pastores
2500 2048 2816 2119 turbantur,
2839 2050 2971 2123 quia
2998 2048 3255 2105 humanas
3284 2055 3494 2105 natura)
3522 2057 3605 2106 est

2008 2131 2078 2188 ad
2121 2135 2441 2206 angelorum
2495 2145 2775 2209 aspectum
2828 2153 3049 2210 pavere,
3103 2146 3158 2195 et
3202 2136 3477 2194 honorum
3520 2145 3605 2195 est

2007 2223 2327 2293 angelorum
2357 2225 2787 2282 consolationem
2813 2225 3074 2284 adhibere
3093 2225 3602 2285 timentibus.Unde

2005 2328 2140 2369 mox
2186 2321 2432 2386 pastores
2478 2316 2800 2390 alloquitur,
2841 2316 3073 2373 dicens:
3133 2340 3152 2365 ι
3195 2317 3377 2374 Nolite
3406 2317 3602 2374 timere

2009 2402 2160 2475 (Luc.
2196 2420 2257 2472 ιι,
2309 2404 2420 2475 10),
2453 2429 2471 2451 ι
2528 2413 2582 2461 et
2624 2404 2814 2461 subdit
2863 2422 3073 2480 quare:
3140 2430 3159 2454 ε
3186 2406 3350 2472 Ecce,
3396 2405 3598 2478 inquit,

2006 2494 2321 2566 evangelizo
2349 2495 2508 2551 vobis
2537 2496 2798 2569 gaudium
2828 2513 3108 2569 magnum,
3142 2497 3286 2570 quod
3316 2497 3422 2552 erit
3447 2498 3599 2553 omni

2006 2582 2209 2654 populo
2240 2582 2455 2656 (Ibid.).
2488 2609 2506 2631 ι
2550 2585 2786 2640 Pulchre
2813 2584 2951 2640 dicit
2984 2603 2996 2640 :
3046 2610 3064 2632 ι
3094 2584 3257 2640 Omni
3288 2585 3491 2657 populo
3520 2600 3532 2641 :
3565 2608 3585 2634 ι

2005 2671 2135 2744 quia
2160 2671 2227 2727 de
2252 2671 2405 2727 omni
2437 2672 2641 2743 populo
2670 2681 2942 2729 venerunt
2971 2672 3040 2728 ad
3067 2672 3253 2729 ﬁdem.

2076 2758 2129 2814 4.
2174 2760 2295 2814 Uno
2335 2759 2522 2831 itaque
2562 2762 2756 2832 angelo
2800 2777 2925 2817 cum
2974 2759 3286 2833 pastoribus
3323 2760 3599 2834 loquente,

2005 2851 2190 2907 subito
2222 2850 2524 2907 multitudo
2553 2853 2873 2924 angelorum
2931 2867 3197 2926 apparens
3240 2852 3383 2908 hanc
3408 2868 3601 2910 vocem

2005 2939 2189 2997 subito
2230 2941 2535 2997 multitudo
2583 2943 2901 3015 angelorum
2934 2958 3201 3016 apparens
3238 2941 3381 3000 hanc
3409 2959 3599 3001 vocem

2005 3032 2189 3088 emisit
2220 3050 2231 3088 :
2282 3059 2299 3080 ι
2331 3033 2518 3088 Gloria
2552 3033 2611 3089 in
2639 3032 2927 3090 altissimis
2962 3036 3097 3103 Deo,
3143 3044 3198 3092 et
3230 3034 3289 3091 in
3319 3042 3465 3092 terra
3492 3051 3600 3107 pax

2004 3122 2327 3177 hominibus
2381 3121 2540 3178 bonae
2599 3122 2901 3178 voluntatis
2938 3122 3102 3195 (Ibid.
3156 3123 3269 3195 14).
3310 3147 3330 3172 ι
3389 3124 3453 3179 In
3490 3139 3601 3197 quo

2002 3212 2150 3268 facto
2181 3211 2464 3267 moraliter
2503 3228 2813 3280 monemur,
2867 3221 2948 3281 ut,
2996 3229 3108 3268 uno
3152 3212 3318 3269 fratre
3367 3213 3597 3286 legente,

2004 3301 2091 3356 vel
2148 3300 2398 3368 docente,
2456 3300 2546 3355 vel
2585 3299 2875 3373 quodlibet
2928 3317 3064 3373 opus
3122 3300 3330 3357 bonum
3386 3308 3596 3375 agente,

2004 3390 2315 3446 multitudo
2353 3390 2607 3446 ﬁdelium
2655 3391 2715 3446 in
2768 3390 2986 3445 laudem
3033 3390 3133 3446 Dei
3177 3396 3517 3462 prorumpat,
3546 3397 3602 3447 et

2004 3478 2073 3534 ad
2102 3479 2435 3536 imitandum
2484 3479 2694 3536 bonum
2726 3478 2873 3552 quod
2908 3479 3105 3547 cernit,
3163 3486 3427 3551 assurgat.
3475 3481 3602 3551 Ap-

2004 3580 2230 3645 parente
2260 3590 2392 3630 vero
2421 3574 2567 3631 Filio
2595 3575 2695 3631 Dei
2727 3574 2786 3630 in
2812 3589 2997 3642 carne,
3028 3573 3201 3646 gloria
3229 3572 3289 3629 in
3316 3571 3601 3629 altissimis

2001 3665 2116 3720 Deo
2142 3663 2380 3733 canitur,
2425 3671 2479 3719 et
2509 3680 2617 3736 pax
2660 3664 2719 3720 in
2748 3671 2896 3719 terra
2940 3678 3057 3719 esse
3084 3661 3405 3719 hominibus
3441 3661 3600 3718 bona

2004 3753 2310 3808 voluntatis
2338 3754 2724 3810 annuntiatur.
2776 3753 2962 3809 Simus
2990 3769 3118 3826 ergo
3147 3759 3202 3809 et
3229 3768 3353 3820 nos,
3381 3752 3596 3821 fratres,

2004 3842 2163 3898 bonae
2193 3843 2521 3912 voluntatis,
2557 3850 2827 3916 quatenus
2875 3842 2933 3898 in
2974 3857 3104 3915 pace
3149 3842 3337 3899 vivere
3382 3856 3600 3898 merea-

2006 3950 2149 3989 mur.

2076 4023 2130 4079 5.
2172 4022 2404 4078 Sensum
2432 4028 2619 4077 tamen
2649 4021 2977 4093 evangelicae
3016 4019 3269 4077 lectionis
3296 4025 3351 4072 et
3379 4024 3601 4088 propter

2008 4112 2334 4167 brevitatem
2376 4110 2509 4178 diei,
2556 4119 2608 4166 et
2653 4109 3028 4182 prolivitatem
3075 4106 3255 4162 divini
3301 4103 3470 4160 oﬂicii
3497 4102 3601 4159 sub

2007 4200 2277 4257 brevitate
2315 4199 2776 4273 perstringimus;
2815 4207 2880 4254 ut
2921 4213 3020 4252 vos
3066 4209 3289 4249 monere
3328 4192 3603 4263 possimus

2008 4290 2075 4345 de
2108 4290 2194 4346 his
2236 4307 2356 4363 quae
2399 4289 2466 4345 ad
2513 4295 2752 4344 vestram
2801 4286 3112 4358 specialiter
3158 4283 3391 4339 salutem
3422 4281 3602 4355 perti—

2009 4385 2161 4433 nent.
2219 4376 2477 4433 Monendi
2535 4376 2683 4431 enim
2727 4391 2936 4441 sumus,
2980 4379 3043 4428 ut
3079 4370 3431 4428 aﬂlictionem
3480 4386 3602 4443 qua

2011 4467 2171 4522 nobis
2231 4473 2453 4538 propter
2525 4464 2923 4521 dissonantiam
2998 4479 3187 4535 regum
3261 4459 3601 4535 supervenit,

2012 4555 2213 4612 nostris
2244 4563 2496 4627 reputare
2533 4553 2849 4611 studeamus
2883 4552 3138 4625 peccatis.
3189 4552 3260 4608 Ut
3297 4567 3423 4623 ergo
3452 4557 3507 4607 et
3534 4548 3603 4606 ab

2010 4653 2154 4710 395
2194 4649 2298 4705 ista
2347 4646 2748 4720 persecutione,
2807 4653 2861 4702 et
2907 4645 2975 4701 ab
3023 4651 3225 4701 aeterna
3252 4642 3605 4700 damnatione

2011 4744 2231 4801 liberari
2272 4742 2619 4811 mereamini,
2672 4741 3052 4815 unusquisque
3109 4740 3381 4813 quidquid
3435 4739 3494 4794 in
3548 4753 3606 4794 se

2012 4834 2444 4909 reprehensibile
2479 4832 2842 4905 recognoscit,
2876 4832 2933 4887 in
2960 4830 3065 4887 hac
3092 4830 3183 4887 die
3212 4830 3270 4886 in
3297 4846 3404 4902 qua
3430 4828 3608 4886 Filius

2011 4925 2112 4982 Dei
2143 4924 2406 4992 nascitur,
2464 4921 2725 4995 corrigat,
2780 4920 2839 4976 id
2894 4928 2996 4989 est,
3056 4918 3154 4993 qui
3211 4919 3320 4975 fuit
3370 4916 3613 4984 adulter,

2013 5023 2211 5071 voveat
2267 5015 2381 5069 Deo
2428 5011 2737 5068 castitatem
2773 5028 2785 5066 :
2837 5009 2933 5082 qui
2981 5024 3203 5077 avarus,
3260 5006 3608 5079 largitatem;

2015 5104 2283 5172 ebriosus,
2316 5102 2667 5159 sobrietatem
2695 5118 2708 5167 ;
2750 5099 2843 5174 qui
2873 5098 3162 5172 superbus,
3195 5096 3567 5153 humilitatem
3596 5110 3611 5160 ;

2017 5200 2111 5273 qui
2143 5198 2439 5264 detractor,
2471 5195 2796 5252 charitatem
2825 5201 3043 5261 voveat,
3075 5200 3130 5248 et
3159 5191 3370 5259 reddat,
3404 5203 3611 5246 secun—

2018 5291 2149 5347 dum
2181 5289 2341 5344 illum
2387 5285 2586 5360 psalmi
2615 5284 2949 5341 versiculum
2982 5300 2994 5338 :
3058 5305 3092 5359 ι,
3108 5282 3340 5344 Vovete,
3383 5287 3437 5334 et
3479 5275 3615 5331 red-

2019 5379 2135 5437 dite
2175 5375 2414 5433 Domino
2459 5376 2574 5431 Deo
2622 5379 2805 5430 vestro
2851 5371 3025 5443 (Psal.
3061 5385 3234 5434 Lxxv,
3279 5365 3393 5435 i2).
3434 5387 3453 5411 ι
3504 5363 3616 5421 Nos

2021 5466 2260 5523 ﬁdeliter
2309 5480 2629 5530 voveamus,
2683 5461 2779 5517 ille
2825 5458 2979 5515 dabit
3028 5453 3448 5529 possibilitatem
3497 5452 3619 5509 sol-

2023 5556 2190 5614 vendi
2201 5600 2213 5611 .

2095 5655 2149 5711 6.
2190 5651 2364 5711 Valde
2389 5651 2592 5724 quippe
2622 5648 2914 5704 honestum
2946 5652 3048 5711 est,
3069 5657 3077 5675 τ
3089 5642 3308 5710 fratres,
3343 5649 3407 5699 ut
3434 5642 3625 5700 nullus

2027 5743 2100 5800 sit
2127 5741 2223 5815 qui
2269 5756 2383 5797 non
2413 5737 2580 5795 hodie
2619 5734 2858 5793 Domino
2886 5730 3100 5805 aliquid
3128 5729 3340 5790 offerat.
3390 5731 3630 5807 Regibus
