4068 6188
419 274 523 332 631

1443 277 1540 332 ΑΙ)
1578 275 1812 332 ΟΡΕΒΑ
1849 274 1905 330 S.
1949 272 2286 332 AMBROSII
2329 274 2712 332 APPENDIX.

3643 277 3748 335 632

421 401 511 457 vel
559 399 753 456 amicis
806 399 1073 471 susceptis
1132 414 1362 455 munera
1411 398 1628 466 damus,
1688 408 1743 456 et
1780 399 2024 461 creatori
2057 402 2108 462 A
2136 417 2248 457 uno
2276 399 2578 474 eodemque
2620 407 2748 456 ortu
2777 399 2958 456 lucem
2999 397 3205 472 pariter
3238 398 3429 455 intulit
3457 406 3513 455 et
3542 399 3748 458 homi-

424 491 675 547 omnium
695 489 764 545 ad
785 507 885 546 nos
913 489 1161 545 venienti
1190 489 1334 545 nihil
1365 489 1660 547 dabimus?
1687 489 1840 547 Nihil
1871 490 2019 546 enim

425 599 458 638 a
486 581 647 637 nobis
681 580 854 653 magis
882 579 1135 654 requirit,
1183 597 1346 653 quam
1375 582 1758 655 nosmetipsos.
1806 582 2024 638 Oﬂ'era-

322 716 331 725 .
426 688 550 727 mus
577 686 704 743 ergo
751 670 801 726 ei
850 686 950 725 nos
984 671 1153 742 ipsos,
1199 677 1467 743 quatenus
1513 678 1568 727 et
1596 688 1629 727 a
1666 671 2025 743 praesentibus

425 760 610 828 malis,
638 769 692 816 et
711 758 779 814 ab
799 759 1020 816 aeternis
1050 758 1405 828 cruciatibus,
1433 760 1609 833 ipsius
1628 761 1896 817 ineffabili
1917 762 2025 833 pie-

426 852 528 908 tati
558 852 803 920 liberati,
836 852 893 907 in
941 852 1179 908 caelestis
1214 852 1367 925 regni
1397 851 1736 909 beatitudine
1764 853 2025 924 suscepti,

427 948 692 1015 perpetuo
713 941 998 996 valeamus
1029 941 1264 1012 gaudere
1290 959 1301 996 :
1328 950 1615 1012 praestante
1645 942 1764 1013 ipso
1788 941 2027 997 Domino

426 1046 491 1086 ac
525 1030 871 1101 redemptore
921 1039 1112 1086 nostro
1144 1031 1274 1086 Jesu
1321 1030 1561 1096 Christo,
1602 1031 1691 1087 cui
1738 1038 1816 1085 est
1845 1030 2028 1086 omnis

427 1119 607 1175 honor
632 1129 684 1175 et
713 1120 889 1192 gloria
914 1135 1041 1175 cum
1069 1119 1230 1173 Patre
1253 1127 1307 1174 et
1334 1118 1544 1191 Spiritu
1567 1127 1755 1177 sancto
1784 1135 1879 1192 per
1907 1118 2028 1175 inﬁo

428 1209 546 1266 nita
577 1209 776 1268 saecula
801 1208 1151 1276 saeculorum,
1187 1222 1367 1264 amen.

1033 1333 1269 1390 SERMO
1306 1335 1402 1393 IV.

749 1435 828 1489 De
863 1431 1042 1488 Natali
1072 1433 1298 1490 Domini
1327 1432 1626 1490 Salvatoris
1658 1435 1727 1490 II.

440 1541 652 1599 Videtur
680 1558 704 1594 e
731 1541 1058 1596 sermonibus
1088 1541 1417 1596 diversorum
1446 1543 1671 1597 Patrum
1697 1542 2032 1612 compilatus,

498 1612 730 1667 maxime
778 1630 897 1667 vero
944 1613 1270 1683 Augustini:
1320 1630 1427 1667 non
1459 1615 1630 1668 solum
1674 1614 1811 1667 enim
1837 1614 1892 1667 in
1921 1614 2034 1683 ejus

505 1684 643 1741 libro
668 1685 872 1751 Quaest.
899 1684 986 1750 83,
1010 1691 1201 1755 quaest.
1226 1683 1317 1752 58,
1338 1700 1521 1738 verum
1546 1685 1701 1739 etiam
1721 1685 1779 1738 in
1803 1684 2036 1755 ejusdem

2131 490 2294 548 nibus
2318 491 2372 547 et
2398 490 2613 546 diebus.
2645 488 2802 546 Unde
2826 505 2941 545 non
2968 497 3051 546 est
3079 488 3283 544 mirum
3309 488 3356 544 si
3384 490 3585 546 crescit
3605 489 3746 561 dies,

2131 597 2252 653 quae
2281 580 2499 653 gemino
2528 579 2763 653 fulgoris
2794 579 3088 652 splendore
3116 577 3376 634 vestitur.

2205 680 2257 736 3.
2298 680 2403 736 Sed
2447 679 2736 737 videamus
2763 679 2945 736 adhuc
2990 677 3267 751 quomodo
3306 679 3578 735 Dominus
3611 679 3744 735 Sal-

2136 776 2294 824 vator
2323 777 2551 836 crescat,
2601 770 2838 825 Joannes
2866 768 3110 841 Baptista
3140 766 3446 824 decrescat.
3477 766 3745 826 Diximus

2138 858 2196 913 in
2226 858 2601 930 superioribus
2634 858 2750 929 (11)
2803 858 2951 931 quod
2980 858 3215 914 Joannes
3252 857 3475 929 quidem
3507 856 3742 929 ﬁguram

2138 947 2272 1019 legis
2302 947 2802 1019 prophetarumque
2849 946 3141 1019 gestaverit
3167 964 3177 1002 :
3223 961 3441 1002 necesse
3470 953 3587 1003 erat
3612 963 3740 1019 ergo

2138 1044 2199 1093 ut
2227 1038 2483 1093 deﬁceret
2514 1039 2624 1105 lex,
2656 1037 2962 1109 Evangelio
2991 1044 3350 1105 coruscante;
3386 1045 3441 1093 et
3471 1036 3742 1092 minuere-

2139 1137 2228 1184 tur
2256 1127 2516 1184 Judaicus
2550 1128 2807 1200 populus,
2853 1128 3057 1200 populo
3110 1126 3428 1184 Christiano
3460 1133 3738 1199 surgente.

2138 1217 2272 1286 Quis
2301 1217 2447 1272 enim
2475 1217 2693 1274 dubitat
2720 1217 3011 1273 nativitate
3040 1216 3596 1289 Domini,Synagogae
3628 1233 3743 1272 esse

2138 1307 2526 1363 conventicula
2587 1315 2839 1376 vacuata,
2904 1306 3091 1380 plebes
3158 1307 3558 1379 multiplicatas
3598 1311 3744 1369 396

2142 1405 2422 1473 Ecclesiae,
2469 1413 2523 1461 et
2551 1405 2754 1461 mirum
2802 1405 2860 1461 in
2892 1404 3117 1461 modum
3166 1403 3414 1478 quotidie
3455 1404 3740 1463 Christum

2143 1510 2239 1566 per
2265 1493 2610 1551 Christianos
2655 1512 2784 1550 suos
2825 1510 3086 1562 crescere,
3136 1494 3400 1549 Joannem
3435 1493 3613 1549 minui
3649 1512 3745 1567 per

2143 1586 2359 1641 Judmos
2378 1586 2406 1642 ‘I
2449 1585 2549 1640 hos
2579 1585 2691 1641 diei
2719 1585 3001 1642 Dominici
3033 1585 3325 1658 splendore
3354 1584 3586 1656 fulgere,
3617 1585 3744 1642 illos

2143 1674 2479 1732 obscuritate
2503 1673 2753 1731 noctium
2786 1675 3037 1731 laborare
3057 1674 3085 1729 ?
3116 1675 3239 1730 Nox
3267 1673 3416 1729 enim
3445 1690 3611 1746 super
3637 1675 3745 1730 Ju—

503 1757 829 1837 ser-monibus
989 1754 1037 1809 et
1066 1754 1169 1810 194
1187 1755 1516 1838 novieeditq
1541 1773 1649 1809 non
1668 1773 1842 1826 pauca
1872 1775 2029 1829 repe—
2055 1765 2102 1826 B
2134 1765 2280 1821 daeos
2308 1763 2715 1838 quodammodo
2740 1762 2915 1835 major
2944 1761 3224 1830 incubuit,
3256 1777 3325 1816 ex
3349 1777 3459 1834 quo
3479 1761 3742 1820 dixerunt

1009 1826 1291 1880 ersuadeas
1335 1826 1391 1880 in
1433 1828 1568 1882 hunc
1608 1845 1896 1883 sermonem
1925 1826 2029 1885 esse

506 1898 789 1952 translata.
809 1896 1069 1952 Eumdem
1097 1896 1251 1952 etiam
1271 1897 1317 1951 si
1335 1913 1452 1953 cum
1478 1899 1697 1955 Hieron.
1716 1898 2025 1958 Comment.

505 1967 564 2021 in
590 1983 709 2039 cap.
744 1984 802 2024 Iv
826 1966 895 2022 ad
927 1968 1106 2039 Galat.
1138 1985 1226 2022 nec
1255 1985 1362 2023 non
1389 1987 1506 2024 cum
1531 1972 1857 2027 sermonibus
1885 1973 1955 2028 98
1984 1980 2031 2028 et

508 2038 862 2115 197‘appencl.
896 2038 1120 2115 August.
1153 2042 1526 2113 composueris,
1557 2043 1896 2115 compilatum
1926 2062 2031 2100 esse

504 2109 771 2167 uobiscum
798 2109 1065 2181 fateberis.

509 2218 560 2274 1.
603 2218 809 2275 Verum
844 2228 926 2275 est
957 2219 1104 2292 quod
1138 2220 1215 2276 ait
1244 2228 1466 2278 sanctus
1509 2223 1746 2279 Joannes
1788 2223 2032 2295 Baptista

436 2308 504 2365 de
558 2307 796 2365 Domino
855 2309 1171 2378 Salvatore,
1227 2310 1461 2367 dicens:
1539 2334 1557 2358 ι
1597 2312 1758 2367 Illum
1818 2321 2032 2385 oportet

436 2413 702 2467 crescere,
741 2413 829 2455 me
860 2405 1039 2453 autem
1076 2398 1255 2454 minui
1288 2400 1469 2470 (Joan.
1505 2417 1586 2468 ur,
1617 2399 1730 2471 30).
1762 2426 1781 2448 ι
1837 2401 2032 2475 Siqui—

438 2486 562 2543 dem
610 2486 717 2543 hoc
760 2485 1000 2559 primum
1048 2486 1214 2541 etiam
1262 2486 1395 2559 ipsis
1440 2488 1781 2560 temporibus
1828 2507 2035 2563 appro-

438 2575 638 2644 batur;
689 2592 812 2632 ecce
841 2576 988 2631 enim
1030 2576 1087 2631 in
1116 2576 1404 2633 nativitate
1432 2576 1640 2634 Christi
1669 2577 1788 2634 dies
1814 2581 2031 2649 crescit,

441 2672 495 2721 et
545 2665 773 2721 Joannis
822 2664 1111 2721 nativitate
1156 2664 1470 2722 decrescit:
1530 2666 1628 2722 illo
1674 2667 1884 2723 oriente
1935 2668 2034 2724 lux

439 2754 679 2827 proﬁcit,
735 2754 843 2811 hoc
899 2764 1155 2811 nascente
1198 2755 1490 2813 minuitur.
1535 2757 1659 2828 Ipsa
1701 2756 1852 2812 enim
1893 2774 2031 2831 quo-

441 2842 740 2900 dammodo
770 2853 1017 2916 tempora
1058 2844 1385 2902 famulantia
1427 2844 1674 2918 partibus
1714 2846 1830 2903 suis
1869 2846 2034 2903 detri-

442 2944 689 2992 mentum
725 2936 1035 3007 patiuntur,
1076 2953 1201 2993 cum
1233 2953 1424 2992 servus
1453 2935 1696 3007 gignitur
1728 2936 1807 3008 (‘8)
1846 2953 1858 2992 :
1906 2954 2033 2993 cum

441 3034 623 3082 autem
645 3027 918 3083 Dominus
942 3029 1205 3097 nascitur,
1226 3037 2031 3103 consequunturaugmentum.

502 1827 638 1893 rius,
671 1842 788 1895 qua:
840 1826 931 1879 tibi

2137 1854 2205 1910 de
2233 1870 2365 1911 nece
2396 1853 2698 1910 Salvatoris
2735 1871 2747 1909 :
2795 1877 2813 1901 ‹
2860 1850 3097 1924 Sanguis
3142 1849 3310 1923 hujus
3348 1867 3515 1923 super
3557 1868 3658 1907 nos
3687 1860 3743 1909 et

2139 1959 2302 2015 super
2323 1942 2468 1998 ﬁlios
2504 1949 2722 1998 nostros
2755 1940 2973 2013 (Matth.
3008 1947 3193 2008 van,
3224 1939 3341 2011 25).
3374 1962 3393 1987 ι
3439 1939 3741 2012 Majoribus

2139 2032 2300 2105 plane
2328 2038 2457 2087 sunt
2485 2030 2732 2086 noctium
2780 2029 3024 2086 tenebris
3052 2027 3351 2097 obscurati,
3403 2044 3472 2085 ex
3502 2045 3613 2103 quo
3637 2046 3741 2087 co-

2140 2121 2256 2176 nati
2282 2129 2412 2177 sunt
2440 2120 2587 2175 diem
2617 2119 2869 2175 veritatis
2888 2117 3159 2175 occidere.

2210 2218 2265 2275 4.
2306 2220 2422 2276 Hoc
2448 2225 2632 2275 autem
2664 2218 2813 2291 quod
2839 2217 3102 2287 dicimus,
3129 2226 3192 2274 ut
3216 2216 3402 2273 verius
3433 2215 3739 2290 approbare

2141 2308 2433 2381 possimus,
2478 2309 2767 2380 utriusque
2814 2307 3165 2364 nativitatem
3213 2305 3456 2362 breviter
3483 2322 3741 2378 expona-

2142 2414 2287 2455 mus.
2332 2399 2475 2455 Ecce
2505 2398 2654 2453 enim
2695 2412 2821 2453 cum
2853 2395 3115 2471 nascitur
3147 2394 3420 2463 Christus,
3457 2395 3739 2452 exsultant

2141 2489 2342 2562 angeli,
2387 2496 2633 2562 pastores
2661 2487 3012 2560 pervigilant,
3046 2485 3190 2558 magi
3220 2486 3547 2555 adveniunt,
3578 2488 3739 2543 stella

2142 2580 2436 2654 praecedit;
2490 2587 2545 2636 et
2592 2588 2792 2636 cuncta
2829 2594 2951 2651 quae
2991 2584 3121 2634 sunt
3165 2577 3224 2632 in
3270 2577 3426 2633 caelis
3463 2577 3739 2651 terrisque

2142 2670 2536 2744 pulcherrima,
2583 2670 2689 2742 ipsi
2737 2668 2978 2744 Domino
3006 2667 3354 2725 deferuntur.
3405 2669 3763 2751 Deferuntur.

2142 2760 2293 2815 enim
2332 2759 2417 2815 illi
2466 2758 2637 2831 gloria
2669 2774 2765 2831 per
2805 2758 3050 2830 angelos,
3102 2757 3325 2814 claritas
3365 2772 3462 2828 per
3501 2758 3743 2827 stellam,

2143 2850 2337 2922 religio
2392 2865 2489 2922 per
2541 2864 2748 2921 magos,
2805 2846 3137 2920 simplicitas
3192 2863 3288 2920 per
3341 2854 3632 2919 pastores:
3689 2854 3747 2903 et

2146 2941 2294 3014 quod
2323 2940 2467 3012 apud
2516 2938 2696 3011 ipsum
2727 2939 2907 2993 solum
2959 2937 3146 2993 futura
3175 2944 3357 2993 essent
3385 2937 3502 2993 haec
3531 2935 3743 3004 omnia,

2146 3030 2270 3086 ideo
2302 3028 2546 3086 nascenti
2578 3028 2663 3083 illi
2706 3028 2966 3083 universa
2996 3025 3353 3082 famulantur.
3387 3025 3525 3082 Cum
3555 3032 3738 3081 autem

442 3117 758 3174 Profectum
798 3119 959 3191 plane
1007 3118 1140 3176 facit
1184 3119 1324 3187 dies,
1371 3136 1496 3176 cum
1546 3120 1740 3176 mundi
1786 3121 2037 3177 Salvator
2072 3119 2115 3178 C
2144 3120 2380 3175 Joannes
2407 3115 2740 3190 concipitur,
2773 3116 3067 3172 Zacharias
3095 3113 3449 3180 obmutescit,
3480 3113 3747 3170 solemnis

444 3205 623 3262 oritur
661 3224 673 3263 :
724 3206 1001 3264 defectum
1054 3208 1277 3281 patitur,
1331 3225 1456 3266 cum
1504 3209 1736 3265 ultimus
1770 3209 2037 3283 propheta

445 3302 738 3369 generatur
771 3314 782 3351 :
818 3296 1087 3370 scriptum
1131 3305 1214 3354 est
1241 3297 1389 3355 enim
1423 3316 1436 3355 :
1483 3322 1502 3345 ε
1531 3298 1645 3354 Lex
1673 3305 1728 3354 et
1757 3298 2036 3371 prophetae

443 3398 616 3456 usque
658 3382 726 3440 ad
766 3383 1033 3441 Joannem
1082 3385 1233 3457 (Luc.
1284 3403 1401 3454 XVI,
1450 3386 1561 3457 16).
1595 3411 1613 3433 ι
1683 3388 1864 3459 Atque
1913 3385 2036 3441 ideo

443 3486 663 3529 necesse
707 3481 823 3528 erat
859 3481 923 3529 ut
951 3475 1336 3531 obscuraretur
1381 3473 1517 3545 legis
1560 3474 1891 3541 observatio,
1939 3473 2037 3530 ubi

444 3560 715 3630 evocatio,
763 3561 862 3617 ubi
900 3562 1193 3634 Evangelii
1241 3562 1414 3635 gratia
1460 3561 1764 3635 refulgebat
1809 3562 1933 3634 (9);
1983 3569 2038 3618 et

444 3654 683 3704 cessaret
724 3648 1013 3720 prophetia
1063 3649 1279 3706 Veteris
1333 3650 1689 3719 Testamenti,
1746 3667 1873 3707 cum
1904 3650 2037 3707 novi

445 3734 783 3793 Testamenti
833 3738 1005 3809 gratia
1049 3736 1392 3795 succedebat.
1442 3738 1587 3812 Ergo
1625 3738 1685 3794 in
1737 3738 2037 3797 Nativitate

444 3829 670 3888 Domini
701 3831 920 3903 proﬁcit
947 3831 1083 3889 dies.

516 3919 572 3976 2.
611 3920 734 3977 Non
772 3921 977 3976 mirum
1032 3920 1080 3977 si
1143 3921 1363 3994 proﬁcit
1410 3922 1547 3992 dies,
1596 3923 1655 3979 in
1704 3940 1812 3997 qua
1858 3940 2036 3981 novus

440 4010 673 4085 iustitiae
742 4011 824 4068 sol
889 4018 1137 4068 coruscat
1189 4028 1201 4067 :
1267 4027 1381 4067 non
1442 4012 1643 4069 mirum
1707 4015 1755 4069 si
1820 4013 2038 4086 proﬁcit

444 4102 562 4160 dies
586 4103 725 4177 (10),
758 4118 921 4177 quam
951 4100 1399 4175 splendidissima
1425 4102 1525 4158 lux
1552 4104 1801 4160 veritatis
1832 4104 2037 4161 illumi-

444 4203 587 4251 nat:
646 4195 724 4251 ait
770 4196 921 4251 enim
968 4194 1304 4267 evangelista
1362 4194 1429 4251 de
1477 4194 1700 4254 Christo
1747 4196 2032 4253 Domino:

457 4308 478 4331 ι
506 4285 641 4341 Erat
685 4286 786 4340 lux
818 4302 967 4354 vera,
1013 4301 1134 4358 quae
1176 4284 1458 4342 illuminat
1504 4302 1724 4342 omnem
1753 4286 2037 4343 hominem

448 4371 629 4443 (Joan.
662 4391 703 4442 ι,
733 4374 814 4445 9).
847 4400 866 4422 ι
926 4375 1101 4447 Igitur
1130 4374 1177 4430 si
1207 4383 1322 4431 erat
1350 4375 1451 4430 lux
1480 4391 1629 4444 vera,
1662 4392 1781 4449 quae
1812 4376 2038 4433 illumi-

2145 3207 2466 3265 conticescit
2504 3206 2775 3274 sacerdos,
2815 3204 3103 3261 Elizabeth
3150 3212 3325 3261 mater
3361 3203 3743 3274 absconditur,

2146 3296 2463 3369 signiﬁcans
2489 3304 2612 3370 post
2655 3303 2839 3351 ortum
2868 3311 3030 3351 suum
3061 3293 3198 3367 legis
3226 3292 3531 3361 silentium,
3562 3293 3741 3350 amis-

2146 3388 2358 3444 sionem
2389 3385 2704 3454 sacerdotii,
2735 3384 2969 3441 latebras
3000 3386 3322 3458 Synagogaa.
3364 3384 3608 3440 Dubium
3637 3401 3746 3441 au-

2144 3486 2256 3534 tem
2284 3492 2397 3532 non
2422 3484 2524 3545 est,
2545 3474 2692 3549 quod
2711 3475 2951 3531 Joannes
2979 3482 3142 3531 natus
3162 3472 3454 3530 Pbarismis
3467 3473 3743 3546 justitiam

2148 3567 2280 3641 legis
2306 3565 2617 3632 abstulerit,
2658 3564 2809 3639 quod
2835 3570 3136 3638 conceptus
3163 3562 3306 3637 patri
3333 3562 3566 3619 abstulit
3594 3563 3744 3620 vocis

2145 3657 2493 3732 obsequium.
2512 3655 2722 3715 Crescit
2747 3653 2918 3728 igitur
2942 3652 3216 3711 Dominus
3244 3668 3478 3726 semper,
3509 3652 3744 3709 Joannes

2144 3747 2390 3821 Baptista
2422 3745 2716 3804 minuitur.

2215 3857 2270 3914 5.
2309 3855 2433 3913 Non
2470 3854 2596 3912 ideo
2625 3852 2920 3921 minuitur,
2966 3850 3115 3925 quod
3144 3849 3358 3907 meritis
3386 3848 3601 3923 aliquid
3641 3849 3743 3906 de-

2146 3954 2367 4020 rogetur
2400 3964 2412 4002 :
2454 3945 2551 4002 sed
2588 3944 2848 4019 quoniam
2879 3942 3183 3999 Salvatoris
3211 3939 3459 4015 quotidie
3489 3955 3741 3997 accumu-

2146 4036 2292 4093 latur
2335 4034 2529 4109 gloria,
2586 4034 2741 4090 illius
2797 4031 2982 4087 minor
3036 4031 3158 4088 ﬁeri
3206 4030 3448 4087 videtur.
3496 4029 3745 4086 Lucerna

2146 4126 2383 4199 denique
2423 4133 2652 4181 vocatur
2689 4123 2945 4190 Joannes,
2985 4120 3202 4178 dicente
3246 4119 3486 4177 Domino
3518 4137 3531 4175 :
3590 4144 3611 4168 ‹
3647 4120 3745 4176 Ille

2147 4224 2262 4272 erat
2290 4217 2515 4271 lucerna
2540 4212 2739 4269 ardens
2770 4212 2955 4285 (Joan.
2984 4229 3041 4281 v,
3074 4212 3189 4284 35).
3224 4237 3242 4259 ι
3283 4212 3547 4267 Lacernae
3576 4210 3747 4284 igitur

2150 4305 2472 4362 obscuratur
2519 4305 2725 4372 lumen,
2777 4319 2907 4360 cum
2957 4301 3143 4359 radius
3190 4301 3323 4358 solis
3364 4300 3637 4373 effulget:
3692 4307 3746 4355 et

2148 4394 2511 4451 defectionem
2551 4394 2844 4466 quamdam
2880 4392 3149 4464 lampadis
3191 4407 3302 4447 suae
3341 4390 3570 4462 patitur,
3619 4406 3745 4446 cum

445 4470 541 4556 {at
568 4463 877 4556 h9fninem,
900 4482 999 4556 0311'
1026 4483 1147 4556 ηοῐιί
1167 4467 1508 4524 illuminat“
1530 4468 1799 4525 mundum
1818 4468 2041 4542 ῩΑῖίίιιθ
2067 4484 2116 4544 D
2143 4484 2392 4541 clarioris
2437 4463 2584 4541 lucis
2607 4482 2898 4556 splendore
2952 4463 3262 4553 superatur.
3318 4479 3455 4548 Quis
3482 4478 3631 4534 enim
3667 4495 3745 4535 sa-

445 4550 570 4607 ideo
603 4551 741 4621 dies,
776 4569 895 4626 quae
926 4555 1108 4610 lucem
1135 4555 1380 4612 humano
1410 4557 1594 4628 generi
1623 4557 1852 4628 peperit,
1886 4556 2039 4630 prius

445 4646 564 4719 ipsa
592 4647 835 4720 ejusdem
877 4647 1014 4705 lucis
1043 4649 1257 4721 fulgore
1285 4650 1648 4722 resplenduit,
1699 4660 1753 4707 et
1781 4652 2041 4708 conclusa

438 4734 555 4809 jam
601 4738 778 4810 spatia
809 4755 908 4796 sua
957 4738 1204 4796 noctium
1253 4738 1505 4796 tenebras
1550 4739 1853 4798 Dominicze
1903 4742 2041 4798 lucis

443 4828 625 4886 nitore
680 4829 963 4887 discussit.
1021 4830 1397 4903 Occupaverat
1450 4832 1600 4888 enim
1660 4839 1832 4889 totam
1890 4833 2037 4890 diem

444 4917 692 4975 noctium
722 4917 1033 4990 longitudo,
1055 4918 1165 4975 nisi
1185 4919 1244 4975 in
1260 4918 1379 4993 ipsa
1398 4919 1510 4977 diei
1535 4920 1806 4979 brevitate
1829 4920 2038 4980 Christi

442 5007 748 5066 refulsisset
793 5008 1106 5066 adventus:
1155 5010 1252 5083 qui
1298 5010 1442 5068 sicut
1487 5020 1615 5068 ortu
1662 5028 1762 5068 suo
1804 5011 2035 5068 humani

443 5099 657 5174 generis
702 5109 1050 5174 peccatorum
1098 5100 1352 5159 tenebras
1398 5102 1677 5171 discussit,
1730 5103 1807 5160 ita
1848 5111 1903 5160 et
1946 5100 2036 5158 die

441 5190 751 5249 nativitatis
798 5208 911 5249 sua:
956 5190 1256 5264 caliginum
1298 5191 1553 5250 tenebras
1598 5192 1925 5266 amputavit,
1986 5200 2040 5249 et

515 5301 598 5373 (8)
631 5301 833 5358 Omnes
857 5301 989 5358 edit.
1014 5317 1139 5373 cum
1170 5299 1342 5373 Lugd.
1362 5300 1508 5370 cod.,
1529 5318 1645 5356 cum
1671 5298 2037 5355 detrimentum

440 5371 668 5444 faciunt,
715 5390 897 5428 servus
932 5371 1276 5444 gignitur....'
1302 5373 1636 5444 consequitur
1663 5378 2032 5443 augmentum;

440 5443 536 5499 alii
568 5462 698 5501 mss.
730 5443 1077 5512 concinnius,
1108 5451 1171 5499 ut
1199 5460 1300 5499 nos
1330 5443 1388 5499 in
1412 5451 1590 5500 textu.

515 5516 597 5588 (9)
644 5517 749 5588 Ubi,
785 5517 1035 5588 evocatio,
1089 5514 1523 5588 deest_inimss.
1581 5515 1802 5588 tribus;
1848 5522 1903 5571 et
1932 5532 2036 5588 pro

440 5585 621 5724 3:31;?
665 5587 975 5662 refulgebat,
1020 5587 1078 5644 in
1127 5586 1300 5662 Lugd.
1356 5586 1591 5644 habetur
1634 5587 1808 5660 gloria
1848 5585 2034 5660 refut—

2149 4574 2303 4647 piens
2362 4574 2643 4632 lucernam
2709 4570 2952 4644 requirat
3008 4570 3068 4625 in
3125 4569 3292 4625 sole?
3341 4567 3463 4624 Non
3521 4567 3741 4640 quidem

2148 4663 2539 4737 exstinguitur,
2576 4661 2671 4720 sed
2705 4660 3018 4718 necessaria
3043 4676 3155 4716 non
3187 4659 3422 4716 habetur
3450 4677 3463 4715 :
3505 4658 3614 4714 hoc
3641 4666 3743 4726 est,

2148 4756 2272 4828 quis
2301 4754 2369 4810 ad
2397 4753 2624 4809 Joannis
2654 4751 2994 4825 paenitentiae
3025 4750 3359 4822 baptismum
3388 4749 3596 4816 veniat,
3618 4763 3746 4804 cum

2147 4842 2320 4916 possit
2367 4840 2672 4898 Salvatoris
2726 4840 3002 4915 baptismo
3051 4837 3299 4896 salvari?
3352 4837 3472 4893 Non
3520 4836 3747 4909 quidem

2148 4931 2289 4989 illud
2320 4931 2763 5006 reprehenditur,
2803 4930 2898 4988 sed
2949 4931 3055 4986 hoc
3096 4929 3270 5002 magis
3309 4927 3447 4984 utile
3480 4934 3535 4982 et
3564 4942 3746 4984 neces-

2147 5023 2351 5080 sarium
2376 5022 2691 5096 judicatur:
2728 5022 2859 5096 quia
2889 5021 2948 5078 in
2977 5038 3041 5079 eo
3072 5022 3189 5096 (i2)
3218 5019 3470 5079 remissio
3499 5028 3744 5094 peccato-

2148 5129 2272 5168 rum
2295 5112 2585 5170 tribuitur.

2222 5296 2339 5369 (10)
2381 5295 2745 5369 Restituimus
2772 5312 2802 5353 e
2831 5294 3047 5353 cunctis
3075 5312 3228 5366 mss.,
3258 5295 3316 5352 in
3350 5312 3458 5367 qua
3486 5312 3739 5353 novus...

2148 5368 2196 5423 si.
2218 5368 2433 5441 proﬁcit
2455 5368 2584 5424 dies.

2222 5438 2339 5510 (11)
2377 5441 2535 5497 Rom.
2568 5438 2703 5496 edit.
2733 5441 2868 5509 sola,
2901 5441 3153 5498 Diximus
3185 5439 3337 5510 alibi.

2223 5443 2242 5510 (
2250 5443 2311 5496 11
2377 5443 2535 5497 Rom.
2568 5443 2703 5496 edit.
2733 5443 2868 5509 sola,
2901 5443 3153 5498 Diximus
3185 5443 3337 5497 alibi.

2223 5443 2340 5594 (12)
2380 5513 2444 5568 In
2497 5511 2622 5594 cod.
2681 5512 2855 5587 Lugd.
2906 5512 3249 5572 desideratur
3293 5509 3410 5569 haec
3448 5509 3735 5576 sententia,

2149 5591 2277 5654 quia
2305 5591 2362 5639 in
2388 5601 2467 5653 eo,
2493 5591 2598 5643 etc.
