4068 6188
257 316 362 373 633

890 446 1126 505 SERMO
1157 448 1226 505 V.

710 537 790 592 De
821 536 1002 593 Natali
1031 536 1255 593 Domini
1286 538 1380 593 1H.

250 620 316 676 In
345 638 402 676 eo
435 624 753 696 loeusnum.
789 624 823 680 li
865 625 1073 696 legitur,
1113 643 1265 696 quem
1292 643 1357 682 ea:
1382 625 1653 682 Ambrosii
1689 625 1848 683 Com-

320 695 557 770 mentjn
580 695 713 752 Luc.
750 696 840 752 lib.
874 695 937 765 Π,
978 695 1136 754 τιτι-ηιξ
1157 698 1246 765 50,
1296 715 1608 770 expressum,
1636 698 1850 752 minime

316 764 671 837 dubitamus:
726 784 843 837 quae
892 776 1065 823 autem
1122 770 1187 824 ab
1232 764 1543 825 illis—num.
1586 769 1619 825 6
1656 770 1844 836 verbis,

315 835 465 903 Quid
496 837 644 893 enim
675 835 790 894 tuin
820 839 1065 909 silenter,
1093 842 1165 896 ad
1184 843 1336 912 ﬁnem
1375 858 1539 911 usque
1566 835 1848 896 continené

315 914 429 976 tur,
486 916 640 965 extra
663 912 1074 967 controversiam
1103 919 1177 967 est
1214 913 1423 969 totidem
1445 913 1617 967 verbis
1636 913 1847 967 exscri-

310 986 407 1051 pta
437 997 543 1035 esse
570 999 635 1035 ex
664 982 972 1056 Comment.
1015 985 1075 1039 in
1110 984 1243 1056 psal.
1276 1000 1434 1053 1.xxx,
1474 984 1614 1056 quod
1651 985 1845 1055 Rufino

306 1068 596 1123 perperam
626 1054 791 1109 tribui
817 1056 964 1111 solet.

315 1158 366 1213 1.
420 1158 538 1226 Qua
570 1161 765 1232 gratia,
807 1162 892 1217 vel
951 1163 1153 1236 quibus
1204 1162 1461 1219 laudibus
1517 1163 1666 1220 hunc
1693 1164 1842 1220 diem

236 1245 454 1305 Natalis
499 1251 723 1307 Domini
776 1254 795 1321 (
806 1252 893 1324 13)
932 1252 1244 1325 praedicem,
1274 1269 1497 1325 prorsus
1526 1254 1752 1326 ignoro;
1784 1254 1843 1309 in

237 1342 397 1391 tanta
425 1337 571 1392 enim
602 1338 901 1396 festivitate
934 1342 1002 1397 ad
1034 1341 1506 1412 magniﬁcandum
1528 1345 1703 1398 Deum
1725 1343 1842 1399 hu-

236 1441 402 1481 mana
458 1428 674 1500 loquela
729 1446 841 1485 non
889 1414 1111 1487 sufﬁcit.
1144 1432 1282 1487 Nam
1309 1432 1353 1487 si
1386 1440 1521 1489 tunc
1567 1449 1695 1488 cum
1733 1448 1842 1488 na-

234 1514 491 1571 scebatur
551 1516 826 1587 Christus,
878 1521 1196 1593 angelorum
1255 1537 1389 1577 voce
1437 1521 1690 1578 laudatus
1714 1530 1834 1577 est:

234 1605 506 1677 numquid
552 1622 665 1662 non
716 1607 890 1681 magis
940 1625 1089 1665 nunc
1137 1610 1377 1666 humana
1424 1610 1733 1666 laudandus
1757 1618 1840 1666 est

235 1709 394 1761 voce,
426 1710 554 1750 cum
587 1697 825 1767 regnat?
873 1697 1297 1770 Supergreditur
1326 1699 1475 1754 enim
1513 1700 1664 1755 illius
1695 1707 1837 1756 tem-

1087 320 1456 381 SERMONES
1492 293 1561 380 si
1588 320 1946 381 AMBROSIO
1983 318 2356 378 HACTENUS
2392 321 2731 381 ASCRIPTI.

3445 323 3552 385 63b

1876 447 1928 506 A
1955 443 2179 514 bus,sed
2208 444 2528 503 hominibus
2557 446 2869 505 rusticanis.
2889 447 3009 505 Non
3036 464 3163 522 ergo
3185 448 3302 522 jam
3331 448 3551 509 miran-

1957 537 2090 594 dum
2119 538 2165 595 si
2200 538 2406 596 Christi
2422 540 2653 612 gratiam
2671 548 2797 596 ante
2811 540 2955 598 scire
2983 541 3245 597 meruerit
3273 541 3551 599 innocen-

1956 631 2035 686 tia
2076 648 2239 704 quam
2294 638 2572 703 potestas:
2607 640 2661 688 et
2706 632 2858 704 prius
2905 647 3233 703 cognoscere
3258 631 3548 689 veritatem

1955 718 2192 791 simplex
2223 719 2534 788 rusticatio,
2560 736 2727 793 quam
2757 721 2992 792 superba
3019 719 3326 776 dominatio
3358 739 3369 776 :
3403 719 3551 793 quod

1956 808 2103 863 enim
2151 818 2530 881 cognoverunt
2582 818 2847 881 pastores,
2907 810 3184 881 principes
3225 825 3552 882 cognoscere

1955 897 2345 970 nequiverunt.
2381 898 2533 953 Unde
2565 906 2619 953 et
2657 898 2851 954 beatus
2884 899 3181 970 Apostolus
3198 897 3292 953 ait:
3338 897 3550 965 «Quem

1954 1002 2116 1041 nemo
2144 985 2457 1057 principum
2498 986 2683 1041 saeculi
2714 990 2834 1059 ejus
2864 987 3126 1057 cognovit
3153 987 3201 1058 (Ι
3230 986 3538 1058 Cor.n,8),-

1953 1085 2007 1132 et
2035 1076 2267 1149 reliqua.
2298 1077 2445 1148 Ergo
2477 1076 2533 1131 in
2563 1077 2855 1133 nativitate
2879 1077 3103 1134 Domini
3132 1077 3311 1149 angeli
3350 1078 3554 1150 pariter

1951 1181 2077 1222 cum
2107 1165 2420 1237 pastoribus
2444 1174 2575 1221 sunt
2620 1166 2812 1235 laetati,
2846 1167 3117 1223 excelsam
3166 1169 3280 1223 Deo
3308 1166 3552 1223 dicentes

1952 1255 2181 1326 gloriam
2208 1273 2219 1311 :
2252 1271 2380 1312 nam
2406 1255 2611 1311 vicinis
2653 1254 3062 1328 quodammodo
3086 1263 3140 1313 et
3163 1255 3375 1328 junctis
3407 1255 3552 1313 cho-

1951 1343 2027 1399 ris
2042 1344 2141 1400 Dei
2171 1344 2401 1416 gloriam
2424 1343 2886 1416 prmdicaverunt.

2021 1432 2074 1488 4.
2134 1432 2291 1489 Unde
2345 1440 2399 1487 et
2446 1434 2610 1490 credo
2679 1433 2897 1490 eosdem
2945 1434 3165 1506 angelos
3210 1433 3270 1489 in
3303 1432 3548 1505 ejusdem

1948 1520 2174 1576 Domini
2232 1520 2423 1576 eadem
2492 1520 2801 1579 festivitate
2845 1522 3015 1579 simili
3045 1522 3315 1579 nobiscun
3344 1521 3551 1579 laetitias

1949 1609 2235 1666 vicinitate
2286 1610 2558 1682 gaudere;
2593 1628 2721 1667 nam
2767 1614 2861 1685 qui
2894 1614 3073 1670 solent
3101 1621 3323 1687 propter
3343 1611 3550 1671 Christi

1948 1706 2132 1754 ortum
2153 1699 2361 1771 alloqui
2390 1707 2654 1772 pastores,
2678 1717 2789 1756 non
2816 1710 3045 1773 possunt
3065 1711 3287 1775 propter
3306 1702 3550 1775 ejusdem

232 1782 384 1853 poris
422 1784 784 1841 festivitatem
815 1795 1006 1842 nostra
1030 1789 1371 1846 solemnitas:
1398 1790 1670 1862 siquidem
1704 1798 1839 1847 tunc
1871 1810 1918 1870 Β
1948 1791 2153 1850 Christi
2215 1795 2476 1866 gaudium
2531 1813 2643 1852 non
2674 1797 2953 1870 inquirere
2985 1797 3312 1855 sacerdotes.
3350 1797 3550 1871 Siqui-

227 1879 565 1943 stupuerunt
597 1874 684 1929 illi
735 1874 851 1947 (14)
887 1883 1103 1932 tantum
1145 1886 1456 1934 nascentem
1488 1879 1787 1934 Dominum
1818 1896 1837 1947 ;

228 1976 333 2015 nos
365 1962 527 2017 illum
571 1962 908 2033 suspicimus
957 1974 1292 2035 nascentem,
1326 1975 1700 2039 resurgentem
1732 1984 1838 2039 pa-

232 2049 373 2105 riter
415 2060 469 2108 et
503 2061 842 2124 regnantem.
876 2054 1051 2109 Tanto
1079 2053 1252 2127 igitur
1280 2055 1571 2113 fecundior
1594 2055 1839 2111 laudatio

228 2155 351 2196 esse
381 2139 545 2197 debet
574 2140 742 2214 hujus
764 2142 1048 2215 temporis,
1081 2153 1289 2217 quanto
1317 2153 1446 2201 sunt
1485 2144 1693 2217 majora
1721 2144 1840 2201 mi—

226 2229 441 2285 racula.

296 2325 353 2382 2.
391 2326 498 2383 Sed
545 2329 806 2402 quoniam
835 2330 1060 2403 dignam
1089 2331 1538 2405 praedicationem
1569 2332 1836 2390 exhibere

222 2432 335 2472 non
372 2425 552 2490 potest
596 2419 836 2478 humana
878 2422 1145 2494 fragilitas
1175 2467 1189 2492 ,
1251 2422 1321 2478 ad
1365 2424 1685 2495 angelorum
1733 2439 1835 2480 nos

219 2510 502 2579 praeconia
553 2512 935 2582 conferamus;
982 2521 1038 2569 et
1067 2515 1198 2587 quia
1225 2515 1427 2570 merito
1457 2530 1549 2570 eos
1579 2514 1834 2588 aequipa—

216 2614 336 2654 rare
384 2616 496 2655 non
526 2617 835 2673 possumus,
870 2602 1165 2660 devotione
1194 2605 1560 2660 comitemur:
1594 2603 1700 2661 hoc
1728 2612 1831 2666 est.

226 2689 282 2743 in
312 2706 382 2745 ea
401 2690 727 2763 festivitate,
750 2694 937 2751 eadem
975 2711 1083 2769 qua
1110 2695 1196 2751 illi
1225 2696 1544 2765 laetitia,nos
1561 2705 1836 2753 sententia

229 2781 624 2849 persultemus,
658 2782 939 2840 dicentes:
987 2808 1006 2831 ι
1034 2784 1224 2842 Gloria
1252 2786 1312 2841 in
1348 2786 1581 2842 excelsis
1607 2787 1743 2853 Deo,
1779 2792 1833 2840 et

233 2868 292 2924 in
350 2878 494 2927 terra
550 2888 657 2944 pax
705 2873 1027 2931 hominibus
1055 2874 1214 2931 bona:
1244 2875 1549 2932 voluntatis
1581 2876 1733 2947 (Luc.
1768 2891 1830 2942 11,

239 2958 379 3030 14).»
421 2961 599 3033 Digna
629 2963 788 3035 plane
816 2973 870 3020 et
897 2963 1046 3036 justa
1073 2965 1366 3031 sententia,
1398 2980 1518 3036 quae
1547 2964 1606 3017 in
1635 2962 1833 3018 nativi-

230 3056 342 3106 tate
389 3051 596 3108 Christi
636 3062 690 3109 et
723 3056 837 3110 Deo
880 3054 1147 3109 honorem
1178 3061 1531 3124 representat
1560 3053 1618 3107 in
1657 3053 1828 3121 caelis,

1948 1881 2073 1937 dem
2103 1891 2157 1939 et
2186 1884 2333 1957 quod
2363 1892 2499 1942 tunc
2528 1886 2595 1941 ad
2618 1886 2743 1942 illos
2772 1903 2935 1959 super
2963 1904 3177 1960 gregem
3206 1904 3365 1943 suum
3398 1887 3551 1959 vigi-

1948 1972 2051 2028 lias
2083 1973 2440 2031 observantes
2496 1983 2656 2032 nocte
2695 1976 3020 2049 intempesta
3050 1977 3219 2034 locuti
3261 1986 3413 2045 sunt,
3450 1977 3550 2034 hu-

1943 2061 2037 2135 jus
2065 2063 2330 2136 temporis
2350 2064 2680 2137 mysterium
2732 2064 3079 2139 designabat.
3110 2067 3246 2123 Nam
3278 2067 3377 2123 illo
3405 2066 3551 2125 facto

1948 2151 2056 2208 hoc
2085 2152 2276 2225 utique
2304 2153 2737 2222 monstrabatur,
2766 2171 2980 2227 gregem
3003 2156 3289 2228 populum,
3332 2165 3549 2213 noctem

1947 2242 2234 2311 saeculum,
2293 2242 2602 2299 sacerdotes
2657 2259 2774 2299 esse
2820 2254 3082 2316 pastores,
3115 2245 3209 2318 qui
3232 2244 3353 2318 jugi
3383 2262 3548 2319 super

1945 2329 2161 2403 plebem
2189 2330 2570 2388 sollicitudine
2602 2332 2895 2405 vigilantes
2915 2343 3138 2407 propter
3167 2334 3449 2392 Christum
3480 2334 3550 2392 ab

1946 2422 2155 2494 angelis
2186 2422 2418 2479 minime
2448 2422 2798 2481 deseruntur.

2014 2514 2067 2571 5.
2130 2515 2409 2572 Hodierna
2459 2514 2630 2587 igitur
2684 2514 2775 2571 die
2803 2515 3105 2572 secundum
3136 2532 3355 2572 carnem
3386 2524 3550 2573 natus

1942 2612 2025 2662 est
2069 2605 2443 2673 Dominus,ita
2474 2613 2703 2673 secreto,
2737 2605 2811 2659 ita
2844 2605 3091 2673 silentio,
3122 2613 3184 2660 ut
3214 2613 3398 2661 ortum
3431 2606 3550 2677 ejus

1943 2693 2208 2749 szeculum
2231 2692 2451 2765 penitus
2472 2691 3060 2764 ignoraret.lgnoravit
3093 2693 3241 2747 enim
3258 2695 3542 2761 saeculum;

1942 2783 2071 2855 quia
2134 2790 2189 2838 et
2245 2791 2402 2838 extra
2444 2781 2839 2839 conscientiam
2888 2782 3061 2854 patris
3091 2790 3252 2838 natus
3289 2792 3371 2840 est
3402 2784 3543 2856 (16),

1943 2880 1999 2927 et
2055 2879 2214 2927 extra
2258 2870 2513 2927 ordinem
2555 2880 2764 2927 naturae
2810 2880 3125 2943 conceptus.
3175 2872 3310 2928 Nam
3344 2873 3544 2946 .loseph
3634 2880 3639 2885 ’

1945 2969 2279 3034 conceptum
2329 2962 2573 3035 suscepit
2602 2960 2805 3030 ﬁlium,
2838 2979 2996 3035 quem
3030 2979 3139 3018 non
3169 2964 3358 3034 genuit
3391 2981 3403 3018 :
3435 2966 3546 3021 Ma-

1946 3052 2028 3108 ria
2078 3060 2296 3124 partum
2350 3051 2554 3124 posuit,
2607 3067 2770 3124 quem
2801 3068 2966 3108 sexus
2994 3053 3391 3110 consuetudine
3432 3071 3543 3111 non

227 3146 284 3194 et
329 3140 652 3197 hominibus
703 3158 890 3214 pacem
956 3150 1308 3215 repraesentat
1372 3142 1430 3198 in
1454 3143 1621 3199 terris
1648 3161 1661 3209 ;
1703 3151 1827 3198 ante
1864 3172 1908 3231 C
1943 3142 2172 3199 creavit.
2205 3141 2296 3198 Sic
2324 3141 2492 3214 igitur
2513 3148 2676 3197 natus
2703 3150 2786 3197 est
2813 3142 3107 3212 Dominus,
3135 3151 3199 3199 ut
3226 3151 3410 3199 ortum
3426 3143 3543 3216 ejus

226 3225 531 3284 Salvatoris
587 3229 735 3285 enim
793 3237 978 3285 ortum
1034 3247 1135 3287 nec
1171 3231 1413 3288 cmlestia
1461 3231 1826 3287 reverentiam

225 3316 574 3384 deferebant,
635 3334 735 3374 nec
782 3326 999 3375 terrena
1040 3320 1286 3394 requiem
1315 3320 1688 3394 possidebant.
1724 3321 1829 3377 Sed

224 3404 419 3461 videte
458 3407 592 3478 quid
640 3408 790 3466 dicat
821 3410 938 3483 ipsa
961 3413 1232 3467 sententia
1262 3431 1272 3467 :
1318 3436 1336 3458 ι
1361 3413 1476 3469 Pax
1505 3410 1829 3468 hominibus

226 3494 389 3548 home
434 3494 758 3553 voluntatis.
809 3523 828 3545 ι
888 3500 1010 3555 Non
1036 3500 1455 3574 quibuscunque
1482 3500 1825 3568 hominibus,

227 3580 324 3637 sed
354 3581 512 3638 bonae
547 3586 846 3643 voluntatis
881 3587 1220 3659 hominibus;
1244 3600 1306 3648 ut
1335 3591 1609 3664 intelligas
1637 3608 1825 3664 pacem

224 3671 435 3730 Christi
481 3691 594 3731 non
618 3675 792 3733 debiti
838 3695 975 3748 esse,
1005 3680 1101 3737 sed
1130 3680 1315 3736 meriti
1340 3697 1352 3735 :
1390 3696 1502 3737 non
1528 3682 1675 3737 enim
1707 3696 1825 3737 eam

226 3769 470 3817 meretur
506 3764 773 3836 conditio,
806 3768 901 3825 sed
930 3769 1189 3827 voluntas
1220 3770 1360 3845 (15).

307 3864 456 3923 397
486 3870 539 3926 3.
562 3861 679 3921 Hac
701 3870 1080 3938 persultarunt
1105 3870 1284 3943 angeli
1314 3871 1375 3926 in
1412 3870 1510 3925 illa
1533 3877 1827 3943 nocte,qua

223 3965 473 4032 pastores
521 3966 837 4015 nascentem
888 3960 1192 4015 Dominum
1218 3974 1381 4032 super
1410 3975 1624 4032 gregem
1664 3976 1822 4015 suum

224 4047 447 4121 vigilias
473 4047 845 4118 observantes,
877 4066 987 4122 prae
1019 4049 1277 4106 omnibus
1302 4049 1469 4122 primi
1488 4049 1823 4120 didicerunt;

222 4135 327 4210 ipsi
384 4138 532 4194 enim
595 4138 764 4211 primi
833 4147 1017 4195 ortum
1092 4139 1392 4196 Salvatoris
1456 4147 1583 4195 ante
1636 4157 1827 4197 omnes

222 4224 502 4296 homines,
558 4228 950 4285 nuntiantibus
988 4229 1215 4302 angelis,
1266 4238 1629 4302 agnoverunt.
1673 4230 1827 4287 Unde

221 4332 331 4372 non
396 4316 599 4373 mirum
647 4326 729 4374 est
782 4318 929 4391 quod
986 4318 1417 4391 redemptionem
1466 4319 1654 4377 saeculi
1701 4329 1827 4376 ante

223 4414 472 4477 pastores
517 4407 705 4463 saeculi
752 4414 1052 4480 potuerunt
1093 4407 1253 4475 scire,
1302 4424 1465 4480 quam
1513 4407 1821 4482 principes:

1944 3249 2107 3288 nemo
2144 3232 2394 3287 futurum
2442 3231 2833 3303 suspicaretur,
2885 3249 3047 3288 nemo
3077 3232 3341 3302 crederet,
3380 3250 3543 3290 nemo

1939 3321 2189 3377 sentiret.
2249 3320 2726 3387 Quemadmodum
2778 3321 3066 3378 crederent
3119 3321 3226 3379 hoc
3267 3323 3537 3391 futurum,

1939 3411 2088 3483 quod
2140 3417 2496 3484 posteaquam
2556 3410 2762 3467 factum
2796 3420 2898 3480 est,
2930 3411 3133 3467 factum
3162 3427 3277 3467 esse
3304 3411 3403 3467 vix
3428 3427 3540 3468 cre-

1938 3500 2079 3556 dunt
2106 3500 2134 3556 ?

2010 3582 2062 3646 ϐ’.
2121 3590 2259 3646 Nam
2317 3589 2465 3663 quod
2521 3589 2599 3646 ita
2648 3590 2882 3647 latenter
2924 3597 2980 3646 et
3014 3597 3222 3647 secreto
3287 3590 3539 3647 Salvator

1937 3680 2301 3737 descensurus
2358 3686 2500 3735 esset
2555 3679 2615 3735 in
2668 3679 2977 3752 Virginem,
3031 3678 3147 3753 jam
3184 3687 3311 3737 ante
3356 3680 3537 3738 David

1940 3769 2208 3843 propheta
2260 3776 2487 3825 testatus
2543 3776 2645 3837 est,
2695 3768 2912 3826 dicens:
2980 3793 2999 3817 ι
3042 3769 3345 3827 Descendet
3391 3770 3536 3829 sicut

1937 3859 2128 3932 pluvia
2171 3859 2230 3914 in
2275 3859 2453 3914 vellus
2499 3857 2676 3931 (Psal.
2708 3876 2864 3928 Lxx1,
2896 3858 2976 3931 6).
3008 3883 3027 3905 ι
3071 3859 3217 3927 Quid
3245 3860 3392 3917 enim
3418 3868 3533 3916 tam

1937 3948 2165 4005 silenter
2215 3956 2269 4004 et
2325 3948 2444 4004 sine
2508 3948 2742 4020 strepitu
2788 3948 2871 4018 ﬁt,
2920 3965 3083 4022 quam
3115 3967 3239 4006 cum
3271 3951 3449 4006 imber
3475 3950 3533 4005 in

1938 4041 2077 4097 lanae
2105 4041 2286 4096 vellus
2330 4038 2647 4095 infunditur
2666 4040 2694 4096 ?
2721 4040 2941 4097 Nullius
2979 4057 3136 4098 aures
3164 4058 3299 4097 sono
3328 4040 3534 4095 verbe—

1937 4139 2043 4197 rat,
2104 4129 2315 4186 nullius
2364 4145 2563 4201 corpus
2616 4130 2848 4185 humore
2896 4131 3199 4203 repercussi
3243 4129 3383 4185 roris
3411 4128 3529 4200 (17)

1936 4220 2222 4293 aspergit:
2283 4218 2379 4275 sed
2433 4218 2552 4273 sine
2607 4218 2994 4290 inquietudine
3051 4216 3299 4272 omnium
3354 4224 3528 4273 totum

1936 4311 2168 4368 imbrem
2200 4325 2297 4381 per
2326 4308 2664 4379 multiplices
2682 4308 2917 4364 effusum
2943 4317 3122 4380 partes
3151 4316 3268 4367 toto
3307 4325 3533 4382 corpore

1937 4403 1995 4458 in
2052 4417 2108 4458 se
2158 4399 2353 4468 trahit,
2412 4398 2580 4455 unius
2636 4407 2847 4454 meatus
2900 4399 3195 4457 scissuram
3246 4401 3528 4471 nesciens,

222 4510 333 4551 non
374 4496 525 4551 enim
565 4497 746 4569 angeli
774 4497 1176 4553 nuntiaverunt
1218 4496 1455 4569 regibus,
1489 4513 1601 4552 non
1625 4497 1824 4569 judici-
1851 4529 1899 4587 Β
1938 4491 2117 4547 solida
2165 4488 2399 4544 mollitie
2438 4488 2624 4560 plures
2679 4488 2925 4560 praebens
2978 4497 3225 4547 meatus:
3284 4497 3339 4548 et
3379 4490 3528 4565 quod

290 4618 414 4693 (13)
446 4620 595 4677 Edit.
628 4621 875 4693 quaedam
909 4621 1081 4677 Paris.
1092 4662 1107 4693 ,
1139 4620 1387 4677 Natalem
1433 4621 1651 4677 Domini
1672 4638 1816 4693 prce-

220 4692 463 4817 :ledamus
494 4692 660 4758 ;a|ize
682 4709 893 4763 omnes,
923 4692 1298 4765 praedicemus:
1342 4710 1474 4750 mss.
1503 4709 1655 4762 vero,
1672 4692 1815 4765 pra:-

258 4780 406 4817 icem.

258 4780 387 4818 ιεεηι
394 4806 406 4818 .

289 4834 413 4916 (14)
447 4834 574 4890 Mss.
616 4833 848 4916 aliquot,
869 4842 993 4916 tunc
1028 4843 1368 4916 susceperunt
1394 4838 1499 4916 illi.
1542 4839 1616 4892 At
1645 4836 1811 4905 infra,

221 4904 318 4961 ubi
350 4904 540 4980 omnes
572 4904 801 4980 editfac
831 4909 1013 4979 plures
1040 4904 1208 4980 mssf,
1230 4909 1543 4980 suscipimus
1581 4904 1816 4965 unseen;

225 4981 343 5053 tem,
360 4978 570 5053 melius
590 4978 763 5053 codex
784 4978 981 5053 Lugd.,
1015 4979 1329 5052 suspicimus
1346 4978 1653 5036 nascentem.

293 5049 414 5120 (15)
464 5049 588 5107 Vet.
634 5052 794 5120 edit.,
846 5049 953 5107 non
1006 5049 1144 5107 enim
1198 5068 1313 5107 eam
1342 5053 1521 5107 meriti
1556 5052 1729 5123 angeli
1756 5052 1815 5107 in

221 5135 277 5176 ea
320 5126 488 5189 nocte,
547 5139 706 5192 quam
754 5129 996 5194 pastores
1018 5129 1311 5179 nascentem
1338 5124 1625 5180 Dominum
1653 5139 1815 5194 super

222 5208 419 5316 gregem
482 5209 636 5248 suum
689 5194 901 5266 vigilias
924 5195 1271 5262 observantes,
1298 5196 1465 5266 primi
1488 5212 1606 5268 pra:
1633 5195 1813 5249 omni-

256 5280 315 5316 us
370 5263 731 5316 didicerunt...
766 5266 1133 5316 intimantibus
1187 5268 1387 5316 anaelis
1442 5272 1808 5316 coartauerunt.

256 5280 341 5339 εις⁸
370 5263 1133 5339 ἀίᾀὶεενιιηι...’ἰηιίηιαηιὶὸιιε
1187 5263 1387 5337 angelis
1442 5263 1808 5339 cdgnoverunt.

230 5335 369 5391 Unde
394 5335 593 5409 mirum
618 5343 692 5392 est
722 5338 863 5407 quod
884 5339 1044 5409 prius
1071 5335 1475 5408 redemptionem
1503 5335 1699 5394 ’διεσαιὶ
1716 5355 1812 5408 po-

227 5412 434 5482 tuerunt
486 5408 620 5482 scire
673 5425 863 5482 quamL
885 5408 1221 5482 principes...
1276 5409 1398 5466 Non
1425 5428 1545 5482 ergo
1566 5410 1685 5479 jam
1714 5410 1811 5464 mi-

226 5479 451 5550 randum
481 5485 574 5535 est.
597 5481 754 5537 Rom.
782 5479 941 5550 edit.,
971 5479 1082 5536 non
1107 5481 1244 5537 enim
1279 5498 1396 5537 eam
1423 5479 1652 5538 meretur
1679 5498 1814 5536 con-

226 5548 375 5616 ditio,
424 5551 514 5625 sed
558 5554 821 5625 uoluntas.
853 5548 1004 5609 Hanc
1020 5559 1259 5625 pastores
1286 5570 1347 5625 ea
1370 5560 1531 5620 nocte,
1555 5571 1683 5625 qua,
1717 5571 1810 5609 na-

226 5628 385 5676 scente
417 5622 664 5706 Domino,
714 5640 882 5706 super
923 5622 1143 5706 ‘gre—gem
1174 5624 1404 5706 _vigillias
1447 5622 1808 5706 observabant,

227 5707 334 5763 pra:
351 5694 590 5751 omnibus
635 5694 800 5767 primi
828 5694 1135 5755 audierunt.
1164 5694 1280 5771 Ipsi
1310 5697 1607 5755 Saluatoris
1635 5703 1812 5754 ortum

1919 4620 2088 4695 primi
2140 4625 2261 4675 ante
2296 4636 2477 4695 omnes
2504 4619 2755 4695 homines,
2787 4620 3156 4695 intimantibus
3184 4621 3423 4695 angelis,
3447 4638 3530 4677 co-

1924 4692 2212 4766 gnoverunt
2229 4709 2273 4766 ;,Δ
2303 4692 2477 4763 angeli
2527 4693 2665 4766 enim
2711 4708 2818 4747 non
2841 4693 3068 4766 regibus,
3100 4709 3208 4747 non
3228 4692 3523 4766 judicibus,

1924 4763 2013 4821 sed
2055 4763 2351 4819 hominibus
2404 4764 2692 4820 rusticanis
2724 4765 2903 4820 sceculi
2935 4765 3341 4835 redemptionem
3369 4765 3525 4835 prius

1924 4836 2402 4893 annuntiaverunt.
2462 4836 2568 4891 Nec
2618 4835 2817 4891 mirum
2872 4836 2938 4905 si,
2995 4843 3101 4894 etc.
3137 4838 3245 4896 Nos
3271 4837 3456 4894 locum
3494 4852 3523 4892 e

1923 4924 2055 4964 mss.
2086 4906 2267 4963 tribus
2288 4906 2651 4964 restituimus.

1998 4979 2115 5053 (16)
2142 4980 2305 5053 Bom.
2333 4978 2471 5034 edit.
2513 4979 2650 5045 sola,
2676 4978 3285 5053 patrisconceptusgt"
3309 4984 3525 5035 natura:

1921 5050 2099 5107 natus.
2129 5050 2540 5122 Consequenter
2568 5050 2752 5107 autem
2782 5051 2877 5107 ubi
2910 5050 3100 5107 omnes
3129 5051 3263 5108 edit.
3293 5067 3358 5107 ac
3388 5066 3521 5106 mss.

1921 5123 2201 5195 nonnulli,
2248 5139 2373 5177 nam
2424 5123 2616 5193 Ioseph
2661 5129 2978 5195 conceptum,
3035 5122 3159 5179 cod.
3226 5122 3401 5195 Lugd.
3461 5136 3525 5176 ac

1920 5194 2058 5251 Silv.
2112 5210 2304 5250 vocem
2349 5200 2661 5266 conceptum
2706 5210 2817 5250 non
2879 5200 3205 5266 agnoscunt.
3238 5194 3521 5249 Postremo

1919 5266 2016 5337 ubi
2070 5281 2263 5321 omnes
2303 5263 2462 5333 edit.,
2504 5263 2725 5337 partum
2768 5263 2952 5335 edidit,
2986 5280 3178 5322 omnes
3206 5281 3336 5321 mss.
3371 5279 3519 5335 prae-

1919 5336 2125 5413 ferunt,
2147 5343 2367 5413 partum
2391 5336 2591 5413 posuit.
2855 5409 2864 5413 Α
2947 5409 2956 5413 Α
3212 5407 3241 5413 _,
3365 5404 3380 5413 _
3443 5403 3452 5413 ,

1995 5404 2116 5481 (17)
2144 5404 2347 5465 Omnes
2376 5404 2534 5477 edit.,
2573 5409 2983 5480 repercussionis
3003 5407 3261 5481 aspergit:
3292 5404 3381 5459 sed
3404 5404 3519 5481 sine

1918 5480 2275 5551 inquietudine
2330 5481 2634 5557 hominum;
2688 5482 2870 5557 Βοιη.ἓ
2909 5480 3104 5557 ovium
3142 5484 3328 5543 totum,
3379 5480 3508 5557 etc..;

1919 5549 2110 5609 omnes
2156 5568 2286 5608 mss.
2319 5560 2381 5607 ut
2412 5552 2470 5608 in
2497 5560 2783 5620 contextu;
2815 5551 2923 5607 nisi
2954 5549 3099 5623 quod
3136 5563 3235 5622 pro
3271 5549 3419 5605 roris
3457 5549 3515 5607 in

1919 5623 2094 5697 Lugd.
2117 5624 2369 5693 habetur,
2400 5623 2559 5697 foris.
2590 5623 2711 5681 Non
2744 5630 2907 5679 recte.
