4064 6178
576 311 683 369 635

1593 314 1690 369 AD
1729 311 1963 371 OPERA
2000 312 2055 369 S.
2085 310 2417 370 AMBROSII
2455 313 2834 371 APPENDIX.

3780 320 3872 379 636

576 446 822 500 clausum
870 444 1092 500 videtur
1138 458 1235 515 per
1282 442 1638 509 densitatem,
1692 452 1775 499 est
1797 445 2046 517 patulum
2078 461 2172 516 per
2198 447 2247 506 A
2280 444 2428 516 quod
2478 445 2647 516 Virgo
2694 444 2990 518 peperit.Si
3024 453 3214 502 autem
3248 455 3442 520 praeter
3469 449 3697 504 solitum
3729 452 3875 507 nati-

576 533 923 590 tenuitatem.

650 626 707 681 7.
748 625 914 681 Recte
969 642 1096 698 ergo
1124 626 1350 682 Mariam
1382 622 1579 680 velleri
1630 640 2026 697 comparamus,
2060 642 2180 698 quae

577 713 655 770 ita
712 715 967 787 concepit
1012 715 1337 783 Dominum,
1367 723 1428 770 ut
1470 722 1588 769 toto
1625 731 1749 769 eum
1788 715 2035 770 hauriret
2062 733 2179 771 cor-

576 823 725 879 pore,
786 823 889 863 neo
934 806 1180 879 ejusdem
1242 807 1535 863 scissuram
1566 806 1815 878 corporis
1848 814 2132 879 pateretur
2163 823 2175 861 :

576 897 671 951 sed
706 902 846 951 esset
877 896 1061 952 mollis
1087 896 1155 952 ad
1185 895 1537 968 obsequiam,
1570 895 1747 950 solida
1784 896 1848 951 ad
1883 896 2177 952 sanctimo-

576 984 753 1041 nium.
785 986 967 1055 Recte,
1027 985 1274 1059 inquam,
1318 986 1488 1041 Maria
1516 985 1707 1040 velleri
1739 986 2180 1057 comparatur,de

576 1091 739 1145 cujus
790 1074 975 1130 fructu
1023 1075 1286 1130 salutaria
1333 1073 1552 1147 populis
1608 1074 1941 1129 vestimenta
1970 1082 2181 1130 texun-

575 1172 686 1219 tur.
715 1164 909 1220 Vellus
939 1165 1100 1236 plane
1121 1165 1291 1219 Maria
1313 1171 1429 1231 est;
1465 1162 1736 1235 siquidem
1768 1162 1835 1217 de
1867 1163 2022 1218 molli
2054 1164 2179 1218 sinu

574 1252 693 1325 ejus
718 1271 890 1327 agnus
923 1270 1171 1325 egressus
1192 1261 1292 1320 est,
1321 1254 1416 1326 qui
1448 1261 1501 1308 et
1533 1253 1648 1324 ipse
1669 1251 1862 1307 matris
1899 1252 2175 1321 laniciem,

575 1342 682 1399 hoc
727 1350 809 1399 est
872 1358 1115 1410 carnem,
1165 1350 1401 1414 gestans,
1432 1341 1588 1397 molli
1621 1342 1825 1397 vellere
1852 1350 2176 1399 cunctorum

574 1431 756 1505 operit
820 1434 1052 1488 vulnera
1106 1433 1462 1505 populorum.
1525 1433 1701 1488 Omne
1761 1434 1910 1489 enim
1968 1432 2177 1507 peccati

572 1523 781 1578 vulnus
806 1520 1015 1578 Christi
1042 1522 1169 1577 lana
1196 1522 1557 1590 suffunditur,
1591 1521 1797 1580 Christi
1820 1522 2041 1577 fovetur
2059 1539 2176 1577 san-

573 1611 771 1685 guine;
806 1618 942 1668 etut
973 1611 1265 1669 sanitatem
1308 1611 1564 1685 recipiat,
1598 1611 1807 1670 Christi
1847 1611 2177 1669 indumento

571 1699 826 1758 vestitur.

1198 1838 1435 1897 SERMO
1468 1839 1564 1896 VI.

1045 1945 1124 2000 De
1148 1943 1331 2001 Natali
1359 1944 1586 2001 Domini
1616 1945 1710 2003 IV.

580 2069 739 2123 Totus
792 2067 957 2138 ferme
984 2067 1039 2122 in
1079 2085 1135 2123 eo
1176 2075 1443 2134 versatur,
1472 2069 1614 2139 quod
1642 2069 1842 2125 natalis
1869 2069 2086 2125 Domini
2113 2087 2170 2126 eo

645 2148 870 2211 tempore
922 2139 1002 2194 sol
1035 2156 1203 2195 novus
1236 2141 1527 2209 dicebatur,
1558 2142 1617 2195 td
1644 2147 1736 2210 est,
1758 2158 1933 2195 annus
1962 2158 2127 2196 novus
2152 2158 2163 2195 :

642 2211 1066 2282 quandoquidem
1085 2211 1151 2283 ab
1176 2230 1238 2267 ea
1273 2212 1356 2267 die
1380 2229 1555 2267 annus
1572 2214 1840 2283 quondam
1866 2213 2166 2283 incipiebat.

653 2283 867 2340 Videtur
892 2288 1064 2337 autem
1091 2282 1325 2352 ejusdem
1355 2282 1592 2339 auctoris
1626 2301 1733 2339 esse
1763 2284 1846 2339 hic
1873 2282 2170 2352 sermo,cu-

630 2353 726 2436 jus
777 2359 852 2436 est
904 2360 1132 2436 quartus
1164 2355 1522 2436 superiorum,
1558 2371 1695 2433 cum
1739 2355 1836 2436 sul)
1874 2356 2029 2426 ﬁnem
2055 2354 2168 2436 ejus

640 2425 926 2480 admodum
954 2425 1155 2481 similia
1184 2425 1256 2481 eis
1287 2428 1692 2497 legantur,'quw
1720 2427 1783 2480 de
1809 2425 2022 2497 lucerna
2042 2427 2169 2481 solis

635 2496 841 2568 prtevia
868 2496 949 2568 hic
975 2497 1329 2568 disseruntur.
1370 2497 1521 2564 Quod
1538 2503 1710 2551 autem
1741 2498 1802 2551 de
1827 2496 1984 2566 fabro
2015 2498 2164 2553 habe-

638 2566 757 2621 inus
803 2566 962 2640 infra
1004 2585 1153 2640 num.
1214 2570 1265 2640 7,
1299 2567 1355 2622 in
1385 2584 1543 2623 serm.
1578 2568 1701 2625 135.
1752 2569 1891 2639 Aug.
1921 2569 2163 2640 Append.

636 2639 870 2710 reperire
888 2639 1076 2694 estsed
1092 2639 1229 2694 illud
1257 2656 1461 2710 quoque
1480 2639 1691 2694 ductum
1716 2640 1923 2694 videtur
1949 2639 2014 2694 ea:
2043 2640 2167 2695 Am-

637 2708 811 2765 brosio
858 2711 915 2764 in
959 2710 1172 2778 Lucam,
1205 2708 1294 2766 lib.
1338 2708 1419 2779 in,
1454 2712 1596 2766 circa
1622 2711 1853 2766 initium.
1885 2712 2027 2768 Unde
2053 2710 2166 2780 for-

647 2786 692 2835 te
718 2798 791 2836 an
841 2780 1002 2851 hujus
1043 2783 1300 2837 sermonis
1333 2788 1601 2838 auctorem
1629 2800 1733 2839 esse
1761 2783 1965 2837 beatum
1992 2782 2168 2841 Maxi-

634 2868 780 2907 mum
810 2852 960 2908 liceat
988 2853 1264 2924 conjicere.

641 2977 693 3032 1.
733 2975 879 3031 Bene
910 2977 1317 3049 quodammodo
1348 2985 1599 3034 sanctum
1632 2978 1780 3036 hunc
1818 2978 1964 3035 diem
1992 2979 2168 3035 Nata-

568 3065 637 3120 lis
684 3064 909 3120 Domini
958 3067 1129 3121 solem
1174 3082 1379 3122 novum
1415 3067 1613 3139 vulgus
1639 3067 1897 3139 appellat,
1936 3075 1990 3123 et
2016 3075 2169 3124 tanta

567 3154 892 3211 auctoritate
921 3158 1068 3217 398
1116 3153 1174 3211 id
1195 3155 1509 3223 confirmat,
1544 3163 1606 3211 ut
1651 3155 1828 3213 Judaei
1868 3157 2029 3212 etiam
2075 3164 2169 3212 at-
2200 3162 2244 3223 Ο
2278 3158 2625 3223 peccatorum
2680 3149 2816 3207 dicit
2854 3150 3156 3222 propheta:

567 3262 672 3319 que
719 3249 950 3320 gentiles
979 3250 1037 3305 in
1075 3249 1178 3307 hac
1207 3267 1340 3306 voce
1372 3250 1741 3307 consentiant.
1777 3250 1935 3318 Quod
1975 3251 2166 3307 liben-

565 3345 649 3394 ter
703 3340 1147 3412 amplectendum
1212 3342 1373 3397 nobis
1401 3349 1482 3397 est
1512 3359 1526 3409 ;
1584 3342 1715 3413 quia
1744 3341 1956 3398 oriente
1983 3341 2166 3397 Salva-

563 3436 682 3487 tore
722 3449 833 3488 non
886 3433 1065 3488 solum
1126 3432 1357 3487 humani
1414 3433 1629 3505 generis
1673 3433 1840 3498 salus,
1874 3431 1969 3487 sed
1998 3435 2164 3488 etiam

563 3523 697 3578 solis
728 3522 902 3595 ipsius
930 3523 1151 3579 claritas
1180 3522 1509 3589 innovatur,
1541 3522 1687 3579 sicut
1712 3522 1789 3577 ait
1818 3522 2115 3594 Apostolus
2149 3540 2161 3579 :

562 3610 635 3666 Ut
689 3627 784 3682 per
839 3612 1021 3683 ipsum
1094 3634 1112 3659 ι
1166 3618 1501 3666 restauraret
1558 3610 1765 3679 omnia,
1807 3611 1924 3667 sive
1957 3627 2077 3683 qua;
2109 3612 2167 3667 in

559 3698 714 3754 caelis
769 3699 887 3754 sive
931 3715 1052 3771 quae
1109 3699 1169 3755 in
1216 3708 1366 3755 terra
1395 3706 1528 3754 sunt
1566 3699 1788 3771 (Ephes.
1819 3715 1859 3767 ι,
1897 3699 2011 3770 10).
2047 3725 2066 3750 ι
2107 3699 2165 3757 Si

559 3788 707 3844 enim
739 3788 1071 3845 obscuratur
1100 3790 1206 3858 sol,
1244 3806 1369 3846 cum
1403 3788 1658 3846 Christus
1690 3789 1918 3861 patitur,
1945 3804 2166 3846 necesse

559 3883 642 3932 est
677 3876 832 3932 illum
877 3877 1228 3951 splendidius
1254 3878 1418 3935 solito
1450 3879 1786 3948 lucere,cum
1808 3879 2072 3937 nascitur.
2095 3881 2167 3935 Et

557 3965 604 4022 si
656 3965 861 4022 Judaeis
917 3977 1153 4024 mortem
1214 3968 1572 4040 operantibus
1617 3969 1860 4025 offundit
1914 3970 2166 4025 tenebras

561 4057 715 4130 (Luc.
744 4076 910 4127 xxm,
960 4058 1079 4131 44),
1123 4077 1222 4116 cur
1252 4078 1362 4116 non
1392 4062 1576 4117 Maria
1606 4061 1937 4133 parturienti
1966 4062 2163 4129 vitam,

557 4146 820 4204 exhibeat
845 4148 1186 4206 claritatem?
1218 4151 1331 4206 Aut
1351 4166 1518 4222 quare
1550 4166 1659 4206 non
1691 4151 1977 4206 credamus
1996 4150 2163 4223 quod,

557 4254 815 4304 nascente
866 4246 1112 4317 Christo,
1162 4248 1245 4303 sol
1276 4247 1345 4303 ad
1377 4248 1705 4320 obsequium
1742 4248 1979 4304 lucidior
2006 4248 2165 4304 adve-

558 4336 724 4402 nerit,
759 4352 889 4392 cum
910 4353 1097 4408 magos
1116 4337 1184 4392 ad
1208 4336 1481 4394 indicium
1504 4338 1707 4393 clarior
1738 4338 1897 4393 stella
1926 4354 2165 4410 prmces—

559 4426 724 4482 serit?
744 4428 815 4482 Et
834 4427 880 4482 si
902 4428 1064 4483 stella
1080 4428 1227 4483 diem
1248 4429 1414 4484 alieni
1441 4429 1704 4502 temporis
1725 4430 1968 4487 officium
1987 4430 2165 4486 mini-

2292 533 2434 589 vitas
2454 534 2747 599 exstitit,et
2775 544 2973 608 praeter
3002 536 3227 592 solitum
3247 537 3507 610 obsequia
3534 547 3664 593 sunt
3684 538 3875 595 delata.

2288 626 2433 698 Ergo
2478 627 2691 684 oriente
2738 628 2995 695 Domino,
3030 636 3276 700 pastores
3304 629 3659 701 pervigilant,
3690 635 3881 689 exsul-

2289 720 2407 769 tant
2463 714 2667 787 angeli,
2720 717 2799 771 sol
2857 717 3203 789 obsequitur,
3264 718 3422 773 stella
3466 718 3786 778 famulatur.
3816 724 3881 779 Et

2289 803 2513 875 quidem
2543 804 2723 875 angeli
2746 805 2834 860 vel
2866 813 3110 876 pastores
3141 806 3339 877 gaudia
3370 823 3467 861 sua
3497 824 3631 864 voce
3661 810 3746 864 vel
3778 828 3881 867 ser-

2290 892 2548 949 monibus
2577 903 3014 965 prosequuntur:
3050 895 3319 951 elementa
3348 904 3530 951 autem
3561 897 3663 951 ista
3691 900 3882 970 gaudia

2290 984 2542 1057 sua,quia
2590 1000 2724 1040 voce
2748 1001 2858 1039 non
2891 993 3143 1056 poterant
3174 986 3315 1057 (18),
3349 987 3534 1043 ofﬁcio
3564 996 3874 1058 protestan-

2287 1084 2397 1131 tur.
2446 1076 2537 1131 Sol
2593 1076 2764 1148 igitur
2797 1084 2995 1149 prmter
3022 1076 3478 1133 consuetudinem
3502 1078 3559 1133 in
3591 1078 3694 1136 hac
3723 1080 3879 1136 festi-

2287 1164 2457 1220 vitate
2500 1165 2809 1220 matutinus
2870 1165 3082 1221 illuxit.
3132 1166 3242 1221 Nec
3293 1166 3517 1221 mirum.
3553 1166 3611 1221 Si
3639 1168 3788 1222 enim
3815 1170 3877 1226 ad

2286 1254 2411 1309 Jesu
2458 1253 2606 1309 Nave
2653 1255 2957 1310 orationem
2988 1254 3203 1311 deﬁxus
3234 1256 3385 1310 stetit
3415 1255 3586 1311 in'die
3616 1256 3798 1327 (Iosue
3822 1275 3876 1327 χ,

2290 1343 2404 1416 13),
2453 1360 2553 1400 cur
2599 1361 2709 1401 non
2763 1345 2831 1401 ad
2885 1347 3014 1402 Jesu
3043 1345 3250 1401 Christi
3279 1344 3624 1401 nativitatem
3654 1347 3878 1404 festinus

2287 1443 2636 1505 promoveret
2665 1434 2723 1489 in
2753 1442 2915 1491 nocte
2936 1435 2965 1490 ?

2359 1526 2410 1583 3.
2442 1526 2624 1582 Solem
2659 1527 2829 1601 igitur
2848 1545 3055 1584 novum
3078 1527 3223 1585 hanc
3242 1528 3389 1584 diem
3406 1529 3605 1602 vulgus
3619 1534 3874 1604 appellat;

2286 1622 2340 1670 et
2375 1632 2500 1672 cum
2539 1616 2678 1672 dicit
2704 1633 2932 1683 novum,
2953 1617 3145 1689 utique
3166 1624 3221 1672 et
3253 1625 3496 1673 veterem
3517 1634 3633 1674 esse
3653 1619 3873 1676 demon-

2284 1713 2421 1762 strat
2450 1724 2461 1762 :
2496 1715 2739 1763 veterem
2768 1714 2949 1763 autem
2980 1706 3219 1762 dixerim
3259 1707 3427 1780 hujus
3456 1708 3651 1765 mundi
3680 1712 3870 1779 solem,

2202 1802 2248 1862 Β
2284 1795 2378 1869 qui
2407 1795 2771 1852 defectionem
2801 1795 3027 1867 patitur,
3078 1796 3172 1869 qui
3196 1796 3498 1867 parietibus
3541 1799 3875 1869 excluditur,

2281 1884 2377 1957 qui
2432 1884 2676 1941 nubibus
2731 1883 3090 1951 obscuratur;
3154 1893 3394 1941 veterem
3419 1885 3660 1941 dixerim
3685 1889 3871 1956 solem,

2281 1977 2377 2049 qui
2413 1975 2646 2032 vanitati
2680 1975 2945 2048 subjacet,
2977 1975 3069 2048 qui
3101 1976 3513 2049 corruptionem
3563 1978 3871 2051 metuit,qui

2275 2065 2551 2137 judicium
2612 2064 2969 2137 pertimescit.
3025 2064 3300 2137 Scriptum
3366 2074 3450 2121 est
3496 2066 3690 2123 enim:
3736 2089 3758 2115 α
3788 2067 3871 2123 Sol

2279 2161 2635 2212 convertetur
2693 2152 2750 2207 in
2810 2152 3096 2221 tenebras,
3144 2162 3200 2209 et
3264 2154 3395 2208 luna
3439 2153 3496 2210 in
3556 2155 3873 2228 sanguinem

2282 2244 2421 2311 (Joel
2478 2261 2543 2309 Il,
2599 2241 2714 2313 31).
2783 2266 2801 2289 ι
2875 2243 3154 2311 Veterem,
3213 2244 3463 2317 inquam,
3489 2245 3750 2313 dixerim,
3783 2247 3873 2318 qui

2280 2335 2579 2392 sceleribus
2628 2335 2864 2390 interest
2902 2332 3215 2402 hominum,
3262 2335 3407 2393 facta
3450 2335 3722 2393 adulteria
3763 2354 3871 2393 non

2279 2427 2501 2500 refugit,
2546 2427 2913 2484 homicidium
2958 2443 3071 2482 non
3120 2426 3382 2484 declinat.
3429 2429 3501 2484 Et
3541 2445 3667 2485 cum
3713 2446 3873 2484 omne

2278 2532 2448 2590 genus
2501 2517 2792 2573 hominum
2851 2517 2992 2572 nolit
3045 2531 3159 2571 esse
3191 2516 3458 2585 medium,
3495 2535 3621 2574 cum
3652 2517 3873 2591 aliquod

2277 2607 2488 2663 crimen
2518 2606 2855 2673 admittitur,
2889 2604 2981 2661 hic
3005 2605 3156 2660 solus
3196 2603 3252 2660 in
3289 2606 3507 2663 cunctis
3532 2605 3872 2663 facinoribus

2276 2709 2401 2758 stat.

2278 2803 2282 2806 ’
2352 2792 2406 2849 4.
2439 2793 2585 2864 Ergo
2614 2791 2743 2864 quia
2771 2791 2922 2850 hunc
2957 2799 3197 2848 veterem
3230 2809 3346 2849 esse
3378 2792 3732 2850 manifestum
3770 2801 3873 2859 est,

2278 2900 2483 2941 novum
2524 2899 2683 2957 quem
2716 2882 2823 2939 nisi
2856 2883 3137 2941 Christum
3168 2883 3468 2940 Dominum
3497 2882 3876 2957 reperiemus?

2276 2972 2343 3030 de
2404 2964 2835 3047 quo'scriptum
2900 2980 3025 3029 est:
3099 2995 3117 3019 ι
3166 2973 3390 3029 Orietur
3428 2972 3585 3029 vobis
3630 2973 3747 3044 (19)
3788 2972 3875 3027 sol

2271 3061 2504 3134 justitiae
2539 3062 2796 3134 (Malach.
2830 3079 2909 3129 1v,
2940 3061 3028 3133 3);
3065 3086 3083 3108 ι
3126 3062 3193 3117 de
3224 3078 3331 3134 quo
3354 3060 3523 3117 etiam
3554 3078 3624 3116 ex
3640 3077 3879 3133 persona

3231 3174 3251 3196 ‹
3298 3150 3389 3205 Sol
3435 3166 3544 3205 non
3592 3156 3674 3204 est
3718 3157 3878 3204 ortus

2276 3238 2458 3306 nobis,
2516 3245 2571 3293 et
2608 3236 2841 3309 justitiaa
2889 3240 3074 3295 lumen
3108 3256 3219 3295 non
3252 3239 3398 3296 luxit
3428 3239 3588 3295 nobis
3620 3239 3775 3311 (Sap.
3812 3255 3874 3306 ν,

2277 3336 2357 3407 6).
2393 3360 2411 3383 ι
2453 3334 2557 3389 Hic
2587 3334 2734 3389 enim
2766 3336 2869 3403 sol,
2903 3352 3027 3391 cum
3061 3335 3267 3392 diaboli
3296 3335 3539 3392 tenebris
3575 3335 3877 3390 universus

2276 3424 2518 3480 mundus
2538 3430 2679 3478 esset
2708 3440 3018 3495 oppressus,
3036 3432 3088 3479 et
3114 3424 3288 3496 caligo
3317 3424 3517 3480 referta
3545 3422 3880 3479 criminibus

2275 3512 2538 3569 saeculum
2584 3511 2907 3584 possideret,
2958 3512 3214 3584 dignatus
3258 3521 3339 3569 est
3370 3512 3571 3568 ultimo
3604 3520 3877 3584 tempore,

2275 3600 2381 3657 hoc
2430 3610 2530 3670 est,
2592 3599 2946 3657 incumbente
2968 3600 3080 3673 jam
3113 3609 3295 3670 nocte,
3328 3609 3510 3658 ortum
3540 3616 3654 3657 suae
3673 3600 3880 3656 nativi-

2274 3691 2404 3747 tatis
2433 3688 2746 3745 infundere.
2798 3689 2984 3745 Primo
3023 3691 3245 3763 quidem
3277 3698 3405 3746 ante
3435 3692 3638 3756 lucem,
3667 3688 3771 3745 hoc
3790 3696 3881 3745 est

2273 3787 2565 3853 antequam
2596 3778 2943 3834 illuminaret
2972 3778 3204 3850 justitiae
3224 3780 3326 3847 sol,
3351 3781 3506 3834 velut
3535 3778 3875 3832 matutinum

2274 3872 2551 3945 quoddam
2596 3870 2987 3945 prophetarum
3031 3871 3185 3926 misit
3213 3872 3523 3940 oraculum,
3555 3874 3700 3928 sicut
3727 3872 3877 3928 scri-

2276 3982 2439 4045 ptum
2494 3980 2575 4028 est
2610 3989 2621 4027 :
2661 3997 2679 4019 ‹
2710 3969 2987 4027 Mittebam
3022 3968 3323 4041 prophetas
3354 3983 3502 4024 meos
3533 3975 3661 4023 ante
3692 3969 3875 4024 lucem

2279 4060 2495 4131 (Jerem.
2529 4075 2630 4127 vn,
2663 4058 2780 4131 25).
2814 4084 2831 4106 ι
2868 4058 3059 4113 Postea
3087 4072 3218 4112 vero
3245 4056 3362 4128 ipse
3380 4072 3505 4112 cum
3538 4055 3656 4111 suis
3679 4055 3875 4121 radiis,

2275 4149 2380 4205 hoc
2421 4154 2503 4204 est
2549 4164 2675 4203 cum
2716 4148 3089 4219 apostolorum
3136 4161 3361 4201 suorum
3390 4144 3605 4217 fulgore
3635 4146 3876 4216 resplen-

2275 4237 2416 4305 duit,
2477 4252 2541 4292 ac
2594 4242 2747 4291 tanta
2785 4234 2981 4290 mundi
3011 4234 3302 4306 caliginem
3336 4233 3588 4288 veritatis
3617 4233 3744 4288 luce
3773 4232 3881 4289 dis-

2275 4326 2468 4394 cussit,
2500 4333 2562 4381 ut
2592 4325 2648 4380 in
2673 4324 2881 4381 diaboli
2904 4323 3147 4380 tenebris
3177 4324 3368 4378 nullus
3391 4321 3694 4377 offenderet
3729 4321 3874 4391 (20).

2344 4415 2398 4471 5.
2433 4415 2536 4470 Hic
2564 4420 2645 4470 est
2676 4414 2847 4485 igitur
2870 4414 2951 4468 sol
2982 4429 3181 4479 novus,
3214 4411 3311 4484 qui
3343 4413 3585 4467 claustra
3602 4417 3874 4483 penetrat,

559 4514 778 4582 stravit,
809 4531 909 4569 cur
926 4530 1036 4570 non
1054 4517 1343 4572 credamus
1363 4518 1509 4589 quod
1529 4501 1609 4574 sol
1634 4535 1852 4591 quoque
1870 4520 2160 4576 nocturnis

2278 4504 2490 4561 inferna
2540 4512 2762 4573 reserat,
2820 4503 2985 4560 corda
3028 4503 3282 4558 rimatur.
3318 4502 3421 4558 Hic
3450 4517 3630 4557 novus
3657 4510 3741 4556 est
3772 4501 3877 4567 sol,

557 4603 713 4660 horis
741 4603 1149 4675 aliquantulum
1178 4604 1421 4661 adventu
1450 4608 1754 4664 maturiore
1777 4608 2109 4681 decerpserit
2134 4610 2162 4666 ‘l

558 4695 646 4750 Ex
675 4710 739 4750 eo
770 4693 1008 4768 denique
1037 4695 1242 4751 factum
1274 4703 1407 4768 puto
1433 4704 1496 4751 ut
1524 4713 1635 4752 nox
1666 4696 2158 4766 decresceret,dum

558 4784 639 4840 sol
662 4783 901 4839 festinus
920 4783 990 4839 ob
1012 4784 1317 4841 Dominicae
1345 4785 1666 4842 Nativitatis
1687 4786 2011 4860 obsequium
2033 4795 2159 4843 ante

557 4872 767 4928 mundo
816 4874 992 4931 lucem
1024 4874 1277 4946 protulit,
1309 4891 1472 4948 quam
1506 4892 1618 4932 nox
1648 4892 1873 4933 cursum
1896 4876 1981 4931 sui
2009 4883 2160 4931 tem—

556 4960 706 5034 poris
739 4971 1166 5019 consummaret.

628 5051 835 5120 2.Quin
901 5051 1086 5125 potius
1143 5052 1316 5126 ipsam
1372 5062 1591 5111 noctem
1651 5054 1820 5110 fuisse
1851 5070 1961 5109 non
2009 5053 2153 5124 dico,

560 5158 663 5199 nec
712 5143 923 5216 aliquid
976 5143 1334 5201 obscuritatis
1381 5144 1657 5213 habuisse,
1692 5145 1750 5200 in
1782 5161 1889 5216 qua
1919 5153 2158 5216 pastores

555 5234 912 5308 pervigilant,
951 5239 1234 5294 exsultant
1258 5238 1459 5310 angeli,
1502 5245 1648 5293 astra
1676 5237 2017 5293 deserviunt.
2049 5238 2159 5292 Nec

555 5325 747 5381 mirari
805 5325 1069 5383 debemus
1132 5328 1281 5400 quod
1338 5327 1396 5382 in
1445 5327 1735 5382 nativitate
1764 5326 1972 5384 Christi
2014 5344 2159 5384 nova

555 5417 744 5474 omnia
804 5418 949 5476 facta
1005 5428 1155 5488 sunt,
1216 5434 1341 5475 cum
1374 5433 1582 5473 novum
1621 5417 1726 5473 hoc
1755 5417 1935 5490 ipsum
1967 5418 2155 5489 fuerit,

632 5594 750 5665 (18)
788 5595 962 5665 Lugd.
994 5596 1192 5662 codex,
1222 5610 1330 5665 qua
1348 5610 1466 5649 voce
1486 5600 1752 5664 poterant.

637 5662 656 5729 (
665 5662 753 5733 19)
783 5662 969 5722 Codex
1004 5662 1280 5735 Valliscll,
1313 5662 1517 5721 orietur
1540 5666 1709 5736 nobis,
1740 5673 1843 5723 etc.

2273 4595 2369 4669 qui
2411 4594 2621 4667 Spiritu
2662 4602 2852 4651 sancto
2876 4592 3126 4649 viviﬁcat
3154 4600 3392 4659 mortua,
3420 4597 3677 4663 corrupta
3708 4606 3879 4662 repa—

2272 4691 2377 4751 rat,
2414 4682 2644 4739 suscitat
2667 4681 2779 4754 jam
2832 4681 3127 4738 defuncta:
3163 4681 3251 4736 vel
3284 4679 3380 4752 qui
3409 4679 3590 4735 calore
3618 4694 3720 4734 suo
3749 4695 3877 4751 pur-

2272 4783 2361 4846 gat
2404 4773 2650 4841 sordida,
2700 4772 2907 4829 exuriti
2934 4771 3127 4839 ﬂuida,
3165 4770 3431 4844 decoquit
3472 4769 3695 4826 vitiosa.
3732 4772 3876 4842 Ipse,

2270 4864 2520 4936 inquam,
2584 4871 2666 4919 est
2724 4862 2821 4935 qui
2873 4862 3088 4920 cunctis
3140 4862 3353 4919 actibus
3403 4861 3607 4918 nostris
3652 4861 3881 4934 perspi—

2265 4952 2343 5008 cit
2371 4952 2553 5007 omnia
2587 4968 2750 5026 Opera
2778 4960 2982 5021 nostra,
3013 4960 3067 5008 et
3106 4969 3219 5009 non
3246 4962 3356 5009 tam
3387 4953 3721 5008 condemnat
3751 4952 3878 5008 cri-

2267 5040 2438 5108 mina,
2472 5057 2633 5114 quam
2665 5042 2940 5099 emendat.
2998 5040 3101 5098 Hic
3130 5042 3293 5114 plane
3349 5049 3432 5098 est
3478 5041 3561 5097 sol
3592 5040 3785 5112 justus
3823 5044 3877 5093 et

2268 5132 2504 5202 sapiens,
2537 5131 2629 5203 qui
2661 5147 2770 5185 non
2794 5131 2912 5187 sine
2933 5131 3287 5197 discretione,
3317 5130 3462 5187 sicut
3482 5131 3645 5187 istius
3674 5127 3876 5185 mundi

2267 5223 2370 5290 sol,
2431 5221 2592 5277 bonis
2642 5236 2705 5276 ac
2762 5220 2925 5277 malis
2982 5221 3247 5278 similiter
3296 5221 3723 5278 circumfertur:
3779 5216 3875 5273 sed

2265 5315 2501 5390 quodam
2524 5314 2740 5386 judicio
2778 5314 3056 5383 veritatis,
3082 5322 3276 5371 sancto
3308 5316 3474 5382 lucet,
3510 5313 3713 5369 occidit
3745 5327 3875 5384 pec-

2264 5409 2455 5466 catori.
2507 5409 2623 5465 Hoc
2682 5415 2866 5464 autem
2907 5408 3054 5465 inter
3081 5416 3379 5482 utrumque
3413 5406 3647 5464 interest
3674 5405 3875 5469 solem,

2338 5593 2455 5663 (20)
2486 5594 2567 5649 Ita
2596 5611 2751 5662 mss.;
2787 5602 2842 5651 at
2870 5611 3062 5652 omnes
3091 5594 3226 5651 edit.
3255 5612 3283 5651 e
3312 5595 3620 5664 contrario,
3653 5599 3707 5648 ut
3736 5592 3877 5648 dia-

2266 5666 2372 5722 boli
2399 5666 2609 5722 tenebra
2636 5668 2815 5724 nullos
2844 5668 3151 5740 olfeuderet.
