4064 6178
230 254 333 311 637

229 470 372 545 quod
418 471 515 527 ille
544 471 920 544 corruptionis
966 474 1218 531 minister
1246 483 1347 545 est,
1379 476 1471 533 hic
1499 479 1821 536 ateruitatis

229 570 306 618 est
346 562 622 618 Dominus
653 580 665 617 :
726 563 872 635 quod
905 563 999 619 ille
1043 572 1293 621 creatura
1323 574 1426 631 est,
1464 566 1556 623 hic
1585 575 1814 624 creator.

294 650 346 706 6.
384 651 591 706 Tamen
610 651 776 707 istum
806 652 1000 708 mundi
1028 654 1222 721 solem,
1247 655 1567 727 priusquam
1584 656 1816 724 oriatur,

224 738 405 795 adhuc
453 744 602 803 399
647 748 773 796 ante
820 741 994 798 lucem
1050 751 1269 815 propter
1312 745 1646 802 necessarios
1689 763 1820 803 usus

226 840 516 896 hominum
547 841 687 897 solet
728 841 953 897 lucerna
982 843 1302 914 praecedere.
1341 844 1517 900 Habet
1555 852 1737 900 autem
1768 852 1821 899 et

227 930 478 988 Christus
532 931 613 986 sol
670 931 948 988 lucernam
999 950 1174 1002 suam,
1230 952 1349 1008 qua
1396 953 1521 991 eum
1548 934 1822 1008 praeessit

229 1022 367 1093 (21),
417 1023 561 1080 sicut
602 1023 740 1080 dicit
798 1025 1069 1097 Propheta
1118 1042 1130 1079 :
1205 1050 1223 1073 ι
1281 1025 1476 1081 Paravi
1538 1026 1817 1081 lucernam

223 1112 443 1171 Christo
503 1129 627 1168 meo
656 1115 812 1185 (Psal
873 1132 1069 1182 cxxxr,
1123 1117 1237 1185 17).
1281 1141 1298 1163 ι
1342 1116 1472 1183 Qua
1500 1123 1683 1170 autem
1714 1115 1818 1170 ista

227 1205 449 1259 lucerna
494 1202 585 1270 sit,
631 1203 872 1259 ostendit
920 1205 1208 1273 Dominus,
1257 1205 1448 1262 dicens
1502 1205 1568 1261 de
1611 1205 1817 1261 Joanne

226 1292 515 1365 Baptista:
556 1312 591 1339 -ι
644 1293 744 1349 Ille
799 1301 913 1350 erat
962 1296 1193 1351 lucerna
1261 1294 1458 1351 ardens
1512 1302 1566 1351 et
1631 1294 1818 1350 lucens

226 1387 410 1454 (Joan.
445 1403 503 1453 v,
534 1385 652 1458 45),
689 1411 707 1432 ι
752 1387 870 1458 Ipse
900 1395 1082 1443 autem
1135 1388 1389 1456 Joannes,
1417 1395 1480 1442 ut
1510 1386 1820 1459 praeedens

230 1476 464 1531 lucerna
496 1476 683 1531 lumen
713 1475 976 1548 exiguum
999 1476 1077 1531 ait
1110 1494 1121 1532 :
1170 1502 1186 1523 ι
1208 1478 1350 1533 Ecce
1379 1483 1501 1547 post
1531 1492 1615 1531 me
1644 1475 1817 1541 venit,

228 1565 381 1638 cujus
415 1566 533 1637 (22)
575 1582 686 1621 non
717 1583 839 1621 sum
889 1566 1091 1639 dignus
1136 1568 1348 1623 solvere
1380 1567 1668 1639 corrigiam
1698 1566 1822 1622 cal-

227 1662 634 1710 ceamentorum
683 1653 820 1725 ejus,
872 1655 986 1727 ipse
1020 1672 1115 1711 vos
1163 1655 1461 1727 baptizabit
1516 1656 1573 1711 in
1612 1654 1820 1727 Spiritu

1060 252 1431 312 SEBMONES
1468 254 1523 311 S.
1564 253 1921 315 AMBROSIO
1960 258 2331 317 HACTENUS
2369 260 2712 319 ASCRIPTI.

228 380 372 454 quod
392 380 485 436 ille
492 379 769 452 judicium
788 382 1006 451 metuit,
1032 382 1124 441 hic
1135 383 1410 456 judicium
1433 386 1823 444 comminatur:
1855 390 1906 450 A

3428 265 3534 322 638

2005 390 2141 465 hunc
2180 391 2322 465 diem
2349 409 2384 465 a
2420 392 2702 465 gentilibus
2742 393 3011 449 institutas
3047 410 3145 464 per
3188 395 3396 465 aliquot
3442 413 3535 452 sa:-

2008 463 2129 517 cula
2163 463 2460 536 Christiani
2491 481 2597 518 non
2633 465 2796 535 pauci
2825 463 3128 533 retinerent,
3160 463 3401 522 maiima
3430 466 3539 536 fuit

1970 576 1977 583 .
2009 550 2139 606 cura
2167 535 2262 589 SS.
2293 536 2540 601 Patrum,
2574 543 2633 589 ut
2684 537 2824 606 ipsos
2876 543 2986 591 tum
3042 536 3097 589 in
3153 538 3390 606 synodis,
3425 535 3538 593 tum

2006 604 2063 657 in
2109 606 2445 660 concionibus
2491 607 2557 662 ab
2600 604 2905 676 hujitsmodi
2954 604 3287 662 deterrerent.
3329 604 3479 664 Illud
3509 627 3536 666 e

2007 692 2147 730 conc.
2190 678 2362 732 Trull.
2407 695 2524 733 can.
2557 678 2645 733 62.
2689 681 2889 734 Turon.
2932 696 2973 733 ιι
3021 696 3137 733 can.
3174 680 3237 734 17
3282 686 3329 734 et
3367 682 3529 737 Τοῖσι.

2009 763 2073 820 1_v-
2118 764 2233 802 can.
2272 749 2331 802 11
2383 751 2525 803 clare
2551 751 2910 820 coynoscitur,
2945 767 3007 805 ac
3034 752 3179 805 varii
3211 768 3475 805 sermones
3498 770 3535 807 α

2014 818 2401 889 Chrysostomo,
2441 818 2759 890 Augustino,
2789 822 3027 878 Maximo
3058 829 3106 875 et
3130 822 3256 877 aliis
3308 823 3365 877 in
3418 840 3535 878 eam

2009 906 2120 963 rem
2167 891 2332 945 habiti
2378 893 2710 963 conﬁrmant.
2764 894 2975 949 Citatur
3003 910 3208 963 quoque
3252 895 3319 948 ab
3370 895 3534 949 Ivone

2018 962 2240 1034 Carnut.
2278 980 2447 1016 sermo
2480 963 2749 1018 Ambrosii
2778 966 2838 1019 de
2869 966 2960 1019 hoc
2998 962 3326 1034 argumento,
3377 965 3531 1033 cujus

2012 1033 2222 1102 quidem
2245 1035 2437 1104 priora
2468 1036 2624 1089 verba
2674 1053 2787 1090 cum
2836 1033 3212 1091 hocserinone
3253 1053 3360 1090 non
3397 1053 3533 1091 con-

2014 1105 2248 1177 veniunt,
2280 1106 2393 1160 alia
2442 1107 2574 1160 satis
2609 1114 2919 1177 congruunt.
2955 1107 3054 1162 Sed
3081 1112 3187 1161 sive
3232 1108 3368 1162 hanc
3415 1124 3532 1162 con-

2013 1175 2259 1249 cionem,
2290 1177 2395 1230 sive
2446 1178 2614 1232 aliam
2648 1175 2738 1233 ille
2768 1178 2980 1242 viderit,
3010 1184 3253 1233 neutram
3278 1184 3534 1249 putamus

2015 1247 2463 1311 Ambrosianum;
2500 1267 2605 1303 non
2653 1250 2791 1303 enim
2822 1250 2950 1304 istas
2978 1247 3374 1319 superstitiones
3399 1249 3531 1303 obti-

2013 1319 2187 1372 nuisse
2227 1320 2517 1375 Mediolani
2563 1322 2941 1375 crediderimus
2984 1337 3099 1373 cum
3142 1321 3196 1374 in
3248 1320 3384 1374 veris
3421 1320 3536 1375 illis

2014 1390 2357 1456 sermonibus,
2412 1408 2477 1444 ea:
2524 1392 2712 1461 quibus
2748 1393 2914 1463 primi
2956 1392 3241 1463 voluminis
3280 1397 3537 1446 tractatus

2012 1468 2269 1529 constant,
2302 1477 2563 1531 nusquam
2593 1463 2649 1516 in
2679 1464 2805 1519 illas
2852 1464 3081 1517 invectus
3123 1462 3292 1532 fuerit
3318 1469 3536 1517 sanctus

2010 1533 2246 1605 antistes.
2310 1533 2433 1605 Vide
2479 1550 2653 1605 super,
2691 1536 2783 1589 hoc
2834 1552 2949 1605 qua
3017 1541 3139 1588 tam.
3199 1535 3257 1601 Ι,
3317 1533 3408 1588 lib.
3468 1551 3532 1603 ιι,

2012 1601 2079 1676 de
2133 1604 2415 1674 Interpell.
2484 1601 2661 1660 David
2714 1601 2931 1676 capfl,
2988 1621 3133 1660 num.
3180 1601 3532 1676 5,,subnotaé

2007 1674 2196 1747 vimus.
2232 1675 2382 1730 Adde
2418 1675 2559 1746 quod
2610 1681 2659 1730 et
2706 1674 2924 1731 ten—inse.
2952 1676 3202 1747 pluribus
3232 1675 3533 1747 Augustino

226 1751 416 1799 saneto
445 1752 499 1800 et
527 1742 649 1816 igne
677 1744 837 1812 (Luc.
871 1761 954 1811 ιιι,
992 1744 1104 1815 16).
1132 1768 1150 1791 ι
1199 1744 1374 1800 Simul
1404 1743 1571 1799 etiam
1603 1740 1824 1798 intelli-
1864 1755 1910 1816 Β
2013 1746 2307 1801 tribuatur.

229 1852 361 1907 gens
406 1834 594 1890 lumen
640 1852 802 1891 suum
842 1835 976 1891 solis
1030 1834 1199 1892 radiis
1249 1834 1655 1901 olfuscandum,
1704 1843 1829 1891 ante

230 1922 486 1994 pradicit
517 1939 528 1977 :
574 1949 592 1970 ι
619 1926 781 1981 ΙΙΙιιιιι
800 1934 1013 1999 oportet
1036 1942 1299 1992 crescere,
1325 1941 1411 1980 me
1430 1934 1617 1981 autem
1649 1924 1829 1980 minui

233 2012 422 2083 (Joan.
452 2029 535 2079 ιιι,
558 2012 669 2085 30).
697 2038 714 2060 ι
757 2015 912 2071 Sicut
932 2017 1079 2071 enim
1112 2016 1347 2070 lucerna
1364 2013 1583 2070 claritas
1598 2012 1831 2069 destrui-

229 2109 317 2156 tur
340 2102 480 2159 solis
507 2102 768 2172 adventu,
798 2104 874 2160 ita
922 2113 977 2161 et
1005 2104 1231 2161 Joannis
1265 2103 1602 2178 poenitentia
1640 2104 1832 2176 bapti-

225 2210 410 2249 smum
441 2195 861 2266 superveniente
886 2195 1091 2252 Christi
1118 2196 1290 2269 gratia
1317 2203 1609 2252 vacuatum
1657 2204 1756 2252 est.

297 2284 349 2339 7.
398 2283 702 2339 Videamus
721 2285 892 2356 igitur
912 2284 1003 2340 hic
1033 2286 1113 2340 sol
1142 2292 1327 2340 noster
1347 2301 1527 2340 novus
1542 2301 1652 2357 quo
1682 2285 1833 2343 fonte

228 2383 506 2432 nascatur.
567 2376 723 2433 Sicut
783 2385 866 2432 est
917 2392 1133 2443 verum,
1193 2380 1307 2433 Deo
1352 2377 1531 2432 oritur
1567 2387 1828 2436 auctore:

227 2463 547 2520 divinitatis
569 2481 699 2536 ergo
718 2472 800 2520 est
819 2464 970 2519 ﬁlius
990 2483 1003 2532 ;
1026 2465 1360 2533 divinitatis,
1384 2465 1634 2538 inquam,
1656 2467 1834 2524 incor-

234 2563 434 2627 rupta,
459 2554 705 2626 integra,
728 2554 975 2610 illibata.
1009 2555 1265 2627 Intelligo
1296 2557 1456 2627 plane
1486 2557 1831 2627 mysterium:

232 2644 356 2700 ideo
442 2642 590 2699 enim
650 2642 893 2699 secunda
948 2642 1212 2700 nativitas
1279 2661 1375 2717 per
1427 2645 1834 2702 immaculatam

231 2733 490 2799 Mariam,
548 2732 677 2804 quia
732 2732 884 2804 prior
956 2748 1053 2803 per
1106 2732 1458 2790 divinitatem
1517 2730 1838 2791 constiterat

232 2820 458 2877 illibata
492 2840 503 2876 :
540 2828 603 2876 ut
628 2821 715 2877 cui
749 2821 902 2893 prior
923 2821 1185 2877 nativitas
1207 2822 1442 2893 gloriosa
1462 2823 1698 2891 exstitit,
1721 2823 1839 2895 ejus

232 2909 481 2967 secunda
510 2911 913 2966 contumeliosa
941 2925 1050 2965 non
1072 2909 1258 2966 ﬁeret:
1284 2909 1393 2967 hoc
1413 2918 1516 2979 est,
1540 2919 1621 2979 ut,
1652 2928 1837 2984 quem-

229 2999 537 3055 admodum
588 2999 744 3070 virgo
792 2999 952 3054 illum
997 2998 1263 3055 divinitas
1300 2998 1568 3067 ediderat,
1612 3000 1687 3055 ita
1712 3016 1838 3057 eum

2013 1890 2062 1946 1.
2094 1890 2195 1945 Est
2231 1889 2370 1946 mihi
2398 1890 2664 1947 adversus
2695 1891 2982 1965 plerosque
3014 1897 3280 1958 vestrum,
3303 1891 3529 1959 fratres,

1941 1980 2162 2051 querela
2190 1996 2301 2035 non
2331 1979 2550 2038 modica
2585 1999 2596 2036 :
2658 1979 2726 2036 de
2768 1979 2856 2036 his
2889 1982 3084 2053 loquor
3111 1979 3206 2053 qui
3250 1978 3540 2035 nobiseum

1940 2068 2185 2124 Natalem
2228 2067 2454 2124 Domini
2504 2068 2869 2136 celebrantes,
2924 2068 3214 2140 gentilium
3268 2084 3327 2125 se
3384 2066 3541 2125 feriis

1941 2155 2231 2227 dederunt,
2280 2165 2335 2214 et
2380 2167 2502 2229 post
2539 2158 2683 2215 illud
2722 2158 2942 2215 caeleste
2986 2156 3309 2214 convivium
3340 2173 3542 2230 super-

1943 2246 2187 2303 stitionis
2230 2246 2338 2303 sibi
2369 2247 2660 2319 prandium
2707 2255 3082 2321 prapararunt
3118 2265 3130 2302 :
3176 2254 3238 2302 ut
3291 2247 3542 2320 quiante

1943 2334 2208 2392 latiﬁcati
2263 2336 2483 2392 fuerant
2538 2334 2848 2403 sanctitate,
2913 2334 3319 2392 inebriarentur
3358 2343 3544 2408 postea

1944 2427 2210 2497 vanitate,
2259 2428 2576 2501 ignorantes
2621 2428 2767 2501 quod
2815 2428 2909 2500 qui
2956 2428 3079 2484 vult
3135 2444 3359 2499 regnare
3414 2443 3539 2484 cum

1945 2515 2187 2585 Christo,
2242 2533 2353 2573 non
2398 2517 2573 2589 possit
2621 2516 2855 2589 gaudere
2895 2533 3021 2573 cum
3068 2517 3316 2573 saculo:
3363 2523 3418 2571 et
3446 2514 3541 2588 qui

1944 2607 2068 2664 vult
2086 2607 2337 2663 invenire
2351 2606 2651 2679 justitiam,
2693 2606 2886 2663 debeat
2914 2606 3189 2663 declinare
3236 2606 3539 2663 luxuriam.

1945 2695 2071 2752 Alia
2099 2695 2246 2752 enim
2291 2695 2432 2751 ratio
2479 2702 2561 2750 est
2611 2696 2737 2751 vita
2773 2702 3009 2763 aterna,
3067 2694 3177 2750 alia
3224 2693 3533 2767 desperatio

1946 2784 2185 2840 lascivia
2213 2782 2556 2855 temporalis:
2584 2782 2652 2838 ad
2683 2782 2835 2839 illam
2868 2782 3075 2840 virtute
3103 2782 3443 2849 ascenditur,
3470 2781 3540 2839 ad

1948 2874 2107 2931 istam
2136 2872 2443 2946 perditione
2472 2872 2851 2930 descenditur.

2018 2986 2072 3043 2.
2106 2985 2287 3058 Atque
2316 2983 2439 3041 ideo
2467 2984 2561 3059 qui
2592 2985 2716 3040 vult
2740 2999 2856 3041 esse
2886 2982 3206 3040 divinorum
3237 2982 3535 3057 particeps,

230 3098 282 3144 ρι
334 3088 504 3159 virgo
575 3088 747 3145 Maria
806 3096 1110 3160 generaret,
1200 3086 1409 3143 Habere
1470 3087 1635 3143 etiam
1695 3087 1842 3159 apud
1872 3110 1914 3169 Ο
1949 3091 2061 3131 non
2101 3074 2263 3131 debet
2309 3090 2424 3131 esse
2451 3075 2631 3131 socius
2663 3074 2937 3130 idolorum
2973 3091 2985 3129 :
3016 3072 3151 3129 idoli
3178 3071 3326 3169 enim
3352 3072 3538 3169 portio

233 3177 497 3233 homines
579 3184 790 3248 patrem
876 3177 1162 3245 scribitur,
1244 3177 1388 3231 sicut
1469 3175 1700 3248 legimus
1781 3176 1839 3231 in

240 3265 576 3336 Evangelia,
622 3264 935 3321 dicentibus
965 3263 1255 3320 Pharisais
1293 3279 1304 3317 :
1352 3287 1369 3309 ι
1400 3262 1592 3318 Nonne
1639 3262 1730 3319 hic
1762 3272 1843 3318 est

230 3356 394 3411 ﬁlius
427 3353 627 3426 Joseph
673 3353 836 3421 fabri,
874 3361 925 3408 et
968 3360 1141 3408 mater
1170 3351 1288 3424 ejus
1316 3351 1484 3407 Maria
1512 3358 1594 3407 est
1628 3352 1837 3422 (Matth.

231 3462 361 3512 xm,
421 3443 567 3513 53)?
623 3467 641 3489 ι
684 3443 745 3498 In
803 3441 907 3497 hoc
968 3457 1186 3514 quoque
1240 3440 1463 3496 adverte
1492 3439 1839 3511 mysterium.

232 3535 419 3589 Faber
462 3540 616 3603 pater
667 3532 875 3588 dicitur
904 3531 1135 3589 Christi.
1194 3533 1266 3588 Et
1306 3533 1468 3604 plane
1507 3532 1657 3588 faber
1687 3532 1843 3587 Pater

231 3624 410 3689 Deus,
461 3621 557 3693 qui
590 3622 757 3677 totius
813 3621 1009 3677 mundi
1065 3637 1231 3693 opera
1282 3620 1582 3677 fabricatus
1636 3629 1755 3676 est:
1790 3629 1844 3676 et

232 3718 405 3788 plane
434 3699 606 3781 faber,
637 3713 730 3769 sed
759 3713 851 3787 qui
884 3713 942 3769 in
969 3713 1187 3769 diluvio
1215 3713 1331 3770 Noe
1359 3729 1540 3769 arcam
1575 3712 1843 3769 fabricare

232 3804 537 3876 disposuit.
579 3803 771 3870 Faber,
822 3805 1074 3878 inquam,
1106 3812 1190 3861 est
1234 3804 1329 3877 qui
1359 3802 1640 3860 ordinavit
1667 3802 1842 3874 Moysi

232 3891 688 3958 tabernaculum,
717 3908 897 3948 arcam
919 3892 1253 3948 Tcstamenti
1284 3892 1548 3962 instituit,
1576 3894 1842 3965 templum

238 3977 562 4035 Salomonis
618 3978 813 4034 erexit.
872 3979 1114 4034 Fahrum
1173 3980 1436 4049 dixerim,
1506 3982 1845 4055 quimeutes

242 4067 461 4140 rigidas
518 4068 731 4123 emollit
798 4069 942 4140 (23),
1000 4071 1358 4142 cogitationes
1434 4074 1695 4146 superbas
1750 4089 1845 4128 re-

237 4157 481 4225 scindit,
530 4156 765 4212 bumilia
822 4158 968 4214 facta
1020 4157 1301 4217 sublimat.
1366 4163 1467 4219 llic
1519 4169 1699 4218 autem
1758 4162 1847 4217 fa-

240 4250 347 4305 ber
378 4246 527 4302 circa
555 4244 777 4302 arbores
822 4262 996 4303 curvo
1025 4245 1201 4301 utitur
1230 4247 1574 4315 ferramento.
1609 4250 1752 4307 sicut
1788 4250 1846 4305 in

236 4337 552 4410 Evangelia
570 4336 820 4408 legimus,
847 4334 1065 4392 dicente
1081 4334 1289 4390 Joanne
1317 4352 1328 4389 :
1368 4361 1383 4382 ι
1404 4338 1521 4393 Jam
1544 4340 1750 4396 securis
1779 4338 1849 4395 ad

239 4429 486 4487 radicem
520 4427 780 4483 arborum
826 4426 1003 4500 posita
1032 4432 1135 4481 est.
1182 4425 1376 4483 Omnis
1430 4427 1591 4484 arbor
1620 4447 1727 4486 non
1756 4430 1848 4486 fa-

240 4523 398 4579 ciens
423 4520 664 4577 fructum
700 4520 819 4593 (24)
852 4519 1163 4587 excidatur,
1214 4526 1269 4576 et
1297 4519 1353 4575 in
1385 4521 1567 4594 ignem
1600 4522 1846 4579 mittetur

244 4612 466 4683 (Matth.
510 4628 594 4679 ιιι,
656 4610 809 4682 10).»
873 4611 989 4667 Ηοο
1017 4609 1166 4666 enim
1222 4609 1333 4684 agit
1356 4617 1559 4680 totum,
1597 4617 1654 4667 ut
1685 4612 1850 4669 utiles

240 4701 488 4759 caelestis
510 4701 732 4758 fabrica
757 4700 977 4757 arbores
1001 4700 1061 4756 in
1086 4708 1362 4759 structura
1380 4710 1677 4774 componat
1704 4703 1848 4775 (25),

240 4788 621 4846 infructuosas
702 4806 832 4846 vero
886 4790 1104 4847 evulsas
1173 4790 1440 4851 radicitus
1497 4791 1847 4848 ﬂammarum

243 4895 542 4945 consumat
570 4887 847 4946 incendio.

855 4980 1089 5040 SERMO
1118 4981 1239 5041 VII.

700 5071 778 5127 De
807 5069 1070 5126 Kalendis
1097 5070 1391 5127 Ianuariis.

247 5157 389 5211 Cum
420 5156 574 5212 ludos
613 5173 676 5212 ac
701 5157 967 5230 profanas
1015 5159 1356 5214 caremonias
1381 5159 1453 5214 ad
1480 5159 1849 5218 celebrandum

323 5256 445 5327 (21)
498 5257 701 5315 Omnes
757 5257 915 5328 edit.,
965 5275 1083 5331 qua:
1146 5256 1259 5334 ejus
1304 5266 1479 5334 ortum
1521 5264 1848 5334 praeessit;

243 5344 442 5402 omnes
482 5346 638 5402 mss.,
682 5347 800 5402 quae
826 5348 943 5402 eum
986 5332 1271 5402 pra'cessit.
1323 5333 1393 5388 Et
1422 5332 1622 5389 iterum
1654 5352 1847 5393 omnes

244 5397 384 5474 edit.
406 5416 543 5474 cum
576 5397 928 5474 Lugd.eod.,
963 5397 1417 5474 lucernaglucens:
1448 5404 1624 5461 codex
1646 5407 1845 5464 Vallis-

398 5472 615 5529 tucema
662 5470 861 5529 ardens
890 5491 904 5541 ;
937 5474 1133 5531 melius
1177 5471 1342 5542 Silv.,
1396 5476 1609 5533 lucerna
1650 5479 1846 5536 ardens

250 5560 277 5597 e
352 5559 526 5597 ucens.
1358 5560 1361 5561 '

250 5548 301 5597 et
330 5548 526 5598 lucens.
1358 5560 1361 5561 '

327 5613 446 5686 (22)
486 5616 645 5675 Rom.
675 5615 810 5673 edit.
840 5615 977 5686 sola,
1012 5617 1183 5678 Veniet
1199 5618 1399 5692 fortior
1415 5635 1516 5686 me,
1530 5622 1705 5696 cujus,
1734 5631 1839 5683 etc.

1950 3173 2030 3220 est
2074 3163 2348 3221 inebriare
2401 3163 2535 3218 vino
2577 3170 2839 3232 mentem,
2890 3170 3140 3219 ventrem
3182 3161 3306 3219 cibo
3336 3161 3539 3219 disten-

1950 3264 2097 3332 dere,
2143 3263 2531 3320 saltationibus
2565 3263 2810 3319 membra
2861 3260 3006 3315 400
3055 3272 3349 3335 torquere:
3383 3268 3437 3316 et
3466 3259 3543 3315 ita

1950 3353 2134 3425 pravis
2181 3354 2396 3411 actibus
2441 3354 2719 3426 occupari,
2763 3363 2823 3411 ut
2870 3354 3082 3427 cogaris
3113 3354 3364 3427 ignorare
3393 3350 3541 3425 quod

1952 3443 2096 3500 Deus
2120 3451 2223 3500 est.
2272 3442 2427 3500 Unde
2472 3450 2694 3499 sanctus
2736 3444 3033 3515 Apostolus
3066 3442 3184 3499 hac
3230 3442 3545 3513 pravidens

1951 3531 2090 3588 dicit
2122 3551 2134 3589 :
2185 3558 2205 3584 ι
2250 3534 2382 3601 Qua
2411 3533 2592 3605 portio
2614 3533 2851 3605 justitia
2902 3551 3029 3591 cum
3079 3534 3373 3608 iniquitate
3393 3534 3421 3590 2
3449 3540 3546 3588 aut

1952 3639 2072 3695 qua
2100 3624 2329 3680 societas
2358 3624 2471 3681 luci
2491 3639 2616 3681 cum
2647 3625 2891 3681 tenebris
2911 3626 2939 3681 2
2965 3634 3060 3681 aut
3089 3642 3211 3698 qua
3238 3642 3360 3697 pars
3391 3623 3543 3681 ﬁdeli

1952 3729 2077 3769 cum
2109 3712 2321 3769 inﬁdeli
2344 3714 2372 3770 2
2402 3714 2524 3785 quis
2543 3720 2725 3770 autem
2748 3731 3049 3771 consensus
3067 3716 3275 3788 templo
3298 3714 3397 3771 Dei
3418 3731 3544 3771 cum

1952 3802 2117 3859 idolis
2148 3804 2237 3874 (II
2283 3803 2407 3859 Cor.
2445 3820 2522 3873 v1,
2558 3803 2642 3870 14,
2676 3805 2765 3876 15)
2802 3804 2872 3860 2»
2922 3806 3066 3878 Ergo
3109 3804 3155 3861 si
3206 3820 3306 3861 nos
3354 3820 3547 3861 sumus

1952 3892 2219 3963 templum
2244 3891 2365 3960 Dei,
2410 3908 2510 3949 cur
2539 3892 2596 3947 in
2642 3895 2849 3965 templo
2885 3893 2981 3950 Dei
3023 3894 3226 3950 colitur
3276 3891 3547 3948 festivitas

1953 3981 2229 4038 idolorum
2247 3983 2275 4039 2
2302 3998 2401 4038 cur
2430 3982 2527 4039 ubi
2558 3982 2816 4041 Christus
2845 3983 3072 4049 habitat,
3104 3982 3200 4053 qui
3248 3988 3329 4035 est
3374 3978 3545 4034 absti-

1954 4072 2163 4140 nentia,
2199 4071 2584 4145 temperantia,
2616 4072 2858 4139 castitas,
2883 4071 3167 4127 inducitur
3194 4066 3541 4135 comessatio,

1956 4162 2207 4230 ebrietas,
2255 4168 2417 4234 atque
2465 4161 2689 4218 lascivia
2736 4162 2764 4216 2
2835 4159 2980 4216 Dicit
3034 4157 3180 4213 enim
3225 4156 3478 4213 Salvator
3529 4172 3542 4210 :

1972 4276 1989 4299 ε
2015 4250 2186 4306 Nemo
2208 4257 2383 4323 potest
2410 4249 2624 4305 duobus
2674 4247 2916 4305 dominis
2956 4246 3163 4304 servire
3216 4246 3429 4319 (Matth.
3463 4262 3544 4310 v1,

1956 4340 2072 4411 24),
2115 4365 2132 4387 ι
2175 4339 2280 4395 hoc
2308 4346 2410 4406 est,
2442 4340 2554 4394 Deo
2584 4347 2637 4395 et
2671 4353 3015 4394 mammona.
3049 4335 3338 4405 Quomodo
3370 4335 3544 4409 igitur

1958 4427 2184 4502 potestis
2224 4427 2474 4499 religiose
2523 4426 2888 4501 Epiphaniam
2940 4425 3164 4484 Domini
3219 4441 3545 4499 procurare,

1954 4520 2047 4593 qui
2064 4518 2177 4591 jam
2201 4515 2490 4586 Kalendas,
2517 4524 2782 4591 quantum
2805 4516 2862 4573 in
2884 4516 3041 4574 vobis
3061 4524 3163 4586 est,
3185 4514 3548 4573 devotissime

1960 4608 2274 4666 celebrastis
2295 4608 2323 4665 2

2030 4716 2082 4773 3.
2114 4716 2282 4773 Janus
2313 4714 2461 4771 enim
2508 4714 2675 4771 homo
2701 4713 2809 4770 fuit
2838 4713 3004 4771 unius
3045 4713 3303 4771 conditor
3350 4713 3547 4770 civita-

1955 4806 2048 4875 tis,
2079 4822 2199 4879 qua
2226 4804 2538 4861 Ianiculum
2581 4812 2952 4876 nuncupatur,
2994 4802 3053 4859 in
3085 4803 3245 4877 cujus
3276 4803 3547 4861 honorem

1956 4911 1989 4952 a
2017 4894 2270 4968 gentibus
2296 4894 2545 4951 kalenda
2574 4902 2703 4950 sunt
2724 4892 2996 4951 Januaria
3024 4901 3376 4966 nuncupata,
3399 4894 3546 4951 unde

1956 4985 2052 5058 qui
2087 4984 2347 5040 kalendas
2376 4983 2660 5039 Ianuarias
2704 4981 2859 5049 colit,
2892 4991 3099 5055 peccat,
3140 4983 3400 5056 quoniam
3452 4983 3549 5039 bo-

1956 5072 2094 5127 mini
2123 5078 2344 5127 mortuo
2376 5070 2551 5127 defert
2578 5070 2889 5128 divinitatis
2918 5071 3267 5145 obsequium.
3302 5069 3434 5125 Inde
3460 5076 3543 5124 est

1956 5160 2100 5234 quod
2123 5159 2200 5216 ait
2228 5161 2555 5232 Apostolus:
2592 5184 2611 5208 ι
2633 5160 2762 5217 Dies
2789 5160 3115 5229 observatis,
3146 5168 3199 5215 et
3228 5174 3463 5223 menses,
3493 5164 3550 5212 et

2028 5269 2144 5340 (23)
2177 5270 2379 5325 Omnes
2406 5268 2537 5326 edit.
2570 5286 2633 5326 ac
2659 5268 2770 5326 duo
2814 5286 2966 5337 mss.,
2998 5269 3094 5338 qui
3118 5272 3309 5340 mentes
3338 5262 3547 5333 rigidas

1954 5337 2192 5412 expulit;
2217 5340 2415 5397 melius
2445 5349 2626 5398 tamen
2654 5341 2775 5398 cod.
2800 5337 3326 5412 vallisc’lqgemottit.

2053 5411 2145 5481 24)
2178 5413 2336 5468 Rom.
2366 5412 2497 5469 edit.
2530 5414 2664 5479 sola,
2704 5429 2809 5466 non
2839 5411 3039 5481 faciens
3064 5408 3301 5476 [malum
3330 5405 3545 5464 bonum.

2053 5482 2147 5554 25)
2178 5483 2327 5540 Edit.
2361 5500 2489 5540 cum
2521 5502 2621 5540 ms.
2657 5479 2850 5554 l.ugd.,
2892 5483 2949 5537 in
2990 5479 3176 5554 futuro
3218 5484 3498 5549 componat
3533 5497 3545 5536 :

1953 5553 2160 5628 optime
2186 5554 2349 5615 codd.
2384 5555 2526 5613 Vall.
2557 5564 2612 5612 et
2651 5553 2814 5622 Silv.,
2848 5553 2905 5608 in
2946 5553 3217 5607 structura
3245 5557 3544 5624 componat.
