4068 6188
484 294 588 354 639

1507 300 1606 354 ΑΒ
1645 296 1880 355 OPERA
1917 295 1974 353 S.
2015 295 2350 355 AMBROSII
2392 296 2776 356 APPENDIX.

3687 300 3795 358 640

486 430 755 496 tempora,
787 432 840 480 et
867 438 1060 491 annos;
1084 422 1255 479 timeo
1281 439 1350 479 ne
1379 422 1503 479 sine
1531 438 1695 479 causa
1720 422 2083 478 laboraverim
2111 424 2162 483 A
2195 424 2407 482 scilicet
2453 428 2582 498 quia
2629 424 2921 502 ἴπιφαίυσιυ
2971 423 3089 505 (27)
3141 426 3343 495 Graece,
3396 424 3587 481 Latine
3640 425 3794 483 dici—

485 513 546 568 in
579 512 738 568 vobis
769 512 975 583 (Galat.
1008 512 1198 581 1v,10,
1220 513 1333 584 11).
1357 536 1375 560 ι
1417 512 1748 569 Observavit
1768 513 1915 569 enim
1937 512 2084 569 diem

487 612 541 660 et
575 619 839 672 mensem,
871 603 965 677 qui
996 602 1085 658 his
1114 603 1309 659 diebus
1356 611 1453 659 aut
1495 620 1606 659 non
1646 603 1945 675 jejunavit,
1993 611 2088 659 aut

487 690 558 747 ad
588 692 869 748 ecclesiam
913 708 1023 748 non
1066 692 1330 764 processit
1366 710 1377 748 :
1424 692 1742 749 observavit
1787 692 1960 761 diem,
1991 692 2087 765 qui

487 780 745 840 hesterna
789 781 879 840 die
927 798 1039 839 non
1088 781 1356 854 processit
1384 781 1453 838 ad
1481 783 1790 851 ecclesiam,
1821 783 2088 855 processit

485 870 555 928 ad
609 887 885 944 campum.
924 872 1090 944 Ergo,
1124 872 1342 940 fratres,
1392 871 1544 927 omni
1574 871 1758 927 studio
1797 872 2086 944 gentilium

487 961 842 1017 festivitatem
893 970 946 1017 et
996 962 1160 1018 ferias
1206 963 1580 1031 declinemus,
1621 970 1685 1018 ut
1731 963 1954 1035 quando
2003 962 2087 1018 illi

486 1051 782 1123 epulantur
816 1056 870 1106 et
896 1051 1003 1105 lzeti
1030 1060 1179 1118 sunt,
1212 1058 1347 1107 tunc
1376 1067 1476 1106 nos
1506 1051 1683 1107 simus
1723 1050 1895 1108 sobrii
1922 1059 2088 1123 atque

481 1139 661 1213 jejuni
696 1158 707 1195 :
741 1157 853 1213 quo
894 1129 1210 1212 intelligant
1241 1140 1493 1197 laetitiam
1523 1157 1677 1196 suam
1711 1148 1898 1197 nostra
1924 1140 2089 1197 absti-

486 1228 679 1286 nentia
706 1228 1082 1284 condemnari.

557 1317 610 1374 4.
643 1319 765 1375 Non
795 1318 974 1373 solum
996 1326 1178 1373 autem
1211 1316 1524 1391 gentilium,
1580 1316 1677 1373 sed
1693 1325 1746 1374 et
1772 1316 2089 1374 Judzeorum

487 1408 767 1465 consortia
797 1408 972 1464 vitare
986 1407 1273 1475 debemus,
1304 1424 1540 1481 quorum
1572 1408 1737 1465 etiam
1758 1408 2089 1466 confabula-

485 1498 568 1555 tio
596 1506 679 1555 est
708 1514 904 1572 magna
935 1499 1190 1572 pollutio.
1226 1499 1295 1554 Hi
1320 1499 1525 1555 etenim
1565 1508 1680 1555 arte
1711 1499 2004 1555 insinuant
2031 1515 2088 1555 se

487 1590 828 1661 hominibus,
888 1590 1081 1646 domos
1135 1597 1446 1662 penetrant,
1494 1588 1883 1661 ingrediuntur
1936 1605 2087 1662 pree—

487 1681 652 1751 toria,
692 1697 851 1736 aures
874 1679 1126 1751 judicum
1158 1686 1212 1733 et
1245 1679 1496 1750 publicas
1526 1678 1857 1751 inquietant,
1881 1687 1933 1735 et
1962 1678 2087 1734 ideo

487 1772 661 1843 magis
690 1770 1009 1843 praevalent,
1051 1784 1160 1840 quo
1191 1767 1364 1838 magis
1409 1775 1541 1823 sunt
1569 1766 1939 1839 impudentes.

488 1866 669 1914 autem
706 1874 818 1913 non
856 1872 1045 1913 recens
1074 1855 1132 1910 in
1163 1855 1317 1927 ipsis,
1348 1854 1443 1911 sed
1491 1855 1860 1913 inveteratum
1898 1865 1952 1913 et
1980 1856 2086 1913 ori-

488 1948 761 2021 ginarium
809 1948 1014 2002 malum
1063 1953 1163 2003 est.
1217 1947 1355 2003 Nam
1394 1947 1528 2003 olim
1577 1948 1741 2004 etiam
1785 1949 2085 2005 Dominum

486 2038 829 2095 Salvatorem
860 2038 1006 2093 intra
1035 2038 1352 2110 przetorium
1388 2038 1660 2112 persecuti
1689 2046 1837 2108 sunt,
1871 2047 1927 2097 et
1951 2056 2083 2113 pra-

486 2128 624 2184 sidis
675 2143 803 2184 cum
849 2126 1063 2199 judicio
1110 2126 1549 2184 condemnarunt
1584 2129 1800 2201 (Matth.
1830 2146 2011 2198 xxvu,
2052 2128 2086 2186 2

486 2218 643 2290 seq.).
673 2219 737 2273 In
764 2217 1021 2289 praetorio
1068 2233 1196 2289 ergo
1239 2233 1271 2273 a
1296 2216 1501 2274 Iudaeis
1550 2218 1868 2276 innocentia
1903 2217 2084 2292 oppri-

486 2307 681 2376 mitur,
741 2314 1009 2364 secretum
1071 2306 1355 2379 proditur,
1408 2306 1603 2379 religio
1658 2308 2080 2365 condemnatur.

486 2398 625 2456 Cum
682 2397 829 2453 enim
860 2395 1113 2453 Christus
1143 2395 1436 2463 occiditur,
1470 2396 1653 2452 omnis
1683 2396 1740 2451 in
1789 2413 1854 2453 eo
1882 2397 2085 2453 veritas

487 2495 542 2544 et
564 2486 782 2559 justitia
806 2485 1244 2552 condemnatur;
1278 2484 1542 2557 quoniam
1572 2484 1687 2558 ipse
1716 2495 1797 2543 est
1824 2487 2083 2545 innocen-

489 2579 587 2647 tia,
620 2577 816 2651 religio
840 2575 1170 2645 sanctitatis,
1202 2583 1365 2649 atque
1394 2575 1741 2649 mysterium.

1052 2717 1288 2776 SERMO
1353 2717 1502 2776 VIII.

937 2831 1017 2886 De
1045 2836 1235 2886 sancta
1254 2826 1566 2900 Epiphania
1593 2828 1636 2884 Ι.

492 2946 559 3000 In
580 2944 878 3015 Appendice
903 2943 1131 3014 August.
1162 2960 1332 2997 sermo
1360 2949 1528 3015 easta.
1559 2958 1779 3015 numero
1809 2940 1932 3015 135,
1969 2958 2086 2997 cum

598 3013 680 3069 uo
708 3015 791 3070 hic
836 3013 1012 3069 noster
1057 3014 1114 3068 in
1174 3031 1230 3068 eo
1282 3014 1545 3084 congruit,
1575 3014 1716 3083 quod
1742 3014 1805 3067 de
1830 3013 2086 3083 festorum

598 3032 663 3069 uo
708 3032 791 3070 mc
836 3032 1012 3069 noster
1057 3032 1114 3068 in
1174 3032 1230 3068 eo
1282 3032 1545 3084 congruit,
1575 3032 1716 3083 quoa
1742 3032 1805 3067 ae
1830 3032 2086 3083 χρειοῖ-ατη

560 3032 864 3155 ἵνεᾳιιεηιὶα
895 3085 1039 3140 dicit.
1071 3084 1335 3155 Majorem
1360 3085 1533 3139 adhuc
1560 3087 1698 3139 inter
1722 3084 1858 3139 hunc
1885 3091 1932 3138 et
1954 3086 2087 3155 pri-

2194 520 2284 569 tur
2330 534 2609 588 apparere.
2668 523 2812 595 Ergo
2864 521 2997 594 quia
3050 528 3188 575 tunc
3243 516 3482 589 primum
3540 516 3800 588 apparuit

2194 603 2445 662 Salvator
2473 608 2532 663 in
2572 611 2802 680 mundo,
2838 612 2955 684 ipsa
2984 610 3103 666 dies
3130 606 3322 665 eodem
3353 605 3628 663 vocabulo
3650 608 3801 680 Epi-

2197 694 2399 766 phania
2422 708 2743 772 nuncupata
2770 709 2872 758 est.

2270 786 2321 842 3.
2365 787 2652 855 Quomodo
2691 801 2877 850 autem
2920 791 3235 867 apparuerit
3278 788 3644 863 requiramus,
3684 805 3799 846 non

2196 876 2343 946 quod
2370 878 2429 933 in
2470 882 2679 938 mundo
2709 891 2835 940 ante
2877 900 2991 939 non
3036 881 3226 950 fuerit,
3273 896 3400 937 cum
3433 878 3675 934 mundus
3705 896 3805 952 per

2196 964 2378 1037 ipsum
2429 968 2608 1027 factus
2636 973 2707 1028 sit
2747 974 2931 1045 (Joan.
2983 991 3021 1042 ι,
3058 972 3146 1045 10)
3184 989 3195 1027 :
3228 970 3321 1027 sed
3351 968 3499 1042 quod
3527 978 3663 1025 tunc
3691 969 3800 1041 pri-

2196 1077 2350 1118 mum
2393 1065 2564 1138 signis
2597 1076 2760 1141 atque
2805 1067 3091 1127 miraculis
3120 1064 3459 1125 credentium
3489 1070 3631 1126 401
3664 1080 3802 1120 cor-

2196 1160 2359 1219 dibus
2414 1165 2665 1223 Christus
2724 1171 2870 1225 Deus
2928 1166 3203 1235 illuxerit,
3279 1173 3333 1221 et
3370 1166 3427 1219 in
3482 1160 3803 1217 tenebrosas

2196 1253 2564 1311 conscientias
2580 1256 2868 1314 hominum
2891 1257 3018 1314 ﬁdei
3041 1254 3302 1329 splendor
3319 1252 3633 1308 advenerit.
3659 1251 3799 1309 Cum

2198 1342 2372 1413 igitur
2409 1346 2555 1402 Deus
2584 1346 2789 1421 ubique
2816 1348 2907 1417 sit,
2959 1356 3013 1403 et
3042 1347 3299 1403 universa
3339 1342 3634 1416 possideat,
3685 1349 3803 1397 tan-

2196 1448 2361 1504 quam
2394 1451 2505 1491 non
2537 1436 2690 1494 visus
2718 1448 2899 1506 antea,
2925 1437 3242 1511 apparuisse
3271 1433 3497 1491 dicitur.
3527 1432 3804 1505 Apparuit

2196 1531 2378 1579 autem
2409 1542 2522 1581 non
2551 1535 2665 1583 tam
2698 1529 2875 1585 oculis
2903 1528 3195 1584 hominum
3227 1541 3393 1599 quam
3425 1524 3591 1580 saluti
3626 1540 3637 1576 :
3672 1538 3798 1577 nam

2196 1615 2297 1670 etsi
2318 1616 2471 1687 prius
2498 1627 2661 1676 natus
2691 1637 2760 1676 ex
2807 1621 3037 1694 Virgine
3066 1617 3245 1676 oculis
3288 1616 3607 1673 carnalibus
3634 1614 3803 1670 vide-

2194 1702 2375 1773 batur,
2426 1713 2608 1763 tamen
2665 1725 2777 1765 non
2843 1708 3155 1782 apparebat,
3210 1706 3478 1782 quoniam
3533 1705 3799 1761 virtutem

1970 1768 2087 1866 HO,"
2114 1794 2158 1854 B
2192 1792 2309 1864 ejus
2356 1768 2538 1853 adhuc
2587 1797 2719 1854 ﬁdei
2760 1768 2931 1855 acies.
2952 1768 3255 1871 ignorabat.
3288 1795 3443 1853 Unde
3471 1794 3673 1850 Iudaeis
3702 1810 3802 1866 per

2196 1885 2519 1956 prophetam
2572 1887 2822 1945 dicitur:
2887 1913 2906 1936 α
2937 1889 3203 1946 Videntes
3248 1884 3533 1953 videbitis,
3582 1891 3638 1940 et
3687 1900 3801 1940 non

2195 1974 2459 2031 videbitis
2481 1976 2624 2048 (Isa.
2656 1995 2736 2043 vr,
2770 1978 2851 2049 9),
2885 2004 2903 2026 ι
2956 1978 3062 2034 hoc
3106 1986 3208 2047 est,
3257 1976 3601 2032 Salvatorem
3637 1990 3800 2048 quem

2194 2073 2481 2122 cernerent
2509 2067 2686 2123 oculis
2731 2067 3132 2141 corporalibus,
3165 2064 3404 2139 spiritali
3437 2065 3651 2122 lumine
3680 2080 3794 2121 non

2193 2153 2467 2211 viderent.
2506 2156 2700 2213 Postea
2729 2157 2877 2213 enim
2909 2174 3074 2231 quam
3106 2155 3457 2213 divinitatem
3493 2169 3648 2211 suam
3686 2154 3805 2210 mi-

2197 2241 2465 2300 rabilibus
2513 2244 2834 2315 declaravit,
2888 2246 3149 2302 humanis
3197 2244 3479 2301 mentibus
3528 2252 3796 2318 tanquam

2198 2349 2377 2388 novus
2403 2341 2457 2389 et
2487 2334 2803 2407 inopinatus
2837 2353 3127 2410 apparens,
3160 2337 3350 2394 oculos
3381 2334 3649 2409 quosdam
3681 2350 3806 2390 cor-

2194 2419 2282 2477 dis
2333 2422 2561 2491 infudit,
2612 2431 2673 2479 ut
2717 2435 3069 2497 cognosceret
3108 2442 3299 2481 sensus
3343 2441 3507 2498 quem
3556 2440 3665 2480 non
3700 2441 3805 2480 co—

2194 2511 2387 2583 gnovit
2414 2521 2682 2585 aspectus.
2708 2514 2864 2570 Unde
2892 2514 2955 2570 ﬁt
2977 2524 3038 2571 ut
3063 2532 3163 2571 nos
3193 2514 3474 2572 Christum
3497 2513 3801 2569 Dominum

2195 2617 2291 2673 per
2315 2601 2505 2671 fidem,
2528 2619 2691 2676 quem
2722 2621 3004 2675 nunquam
3040 2604 3308 2674 vidimus,
3340 2604 3798 2677 contemplemur:

2193 2689 2367 2747 Judaei
2399 2707 2561 2763 quem
2608 2701 3007 2765 perspexerant
3038 2694 3237 2762 oculis,
3284 2693 3646 2766 palpaverunt
3673 2709 3804 2748 ma-

2193 2779 2378 2849 nibus,
2402 2780 2568 2838 hodie
2598 2799 2769 2856 usque
2788 2800 2899 2839 non
2932 2784 3177 2840 videant.

2264 2869 2317 2927 4.
2352 2872 2714 2945 Requiramus
2753 2872 2923 2946 igitur
2970 2874 3119 2946 quod
3165 2872 3387 2945 signum
3419 2880 3676 2945 operatus
3706 2873 3800 2940 sit,

2191 2967 2255 3015 ut
2282 2960 2631 3019 divinitatem
2652 2979 2806 3019 suam
2832 2963 3051 3036 populis
3080 2963 3401 3020 declararet.
3436 2963 3655 3021 Dicitur
3693 2963 3804 3021 hoc

2193 3049 2434 3121 primum
2485 3052 2678 3108 fecisse
2732 3052 3081 3121 miraculum,
3113 3060 3175 3108 ut
3220 3069 3419 3126 aquam
3456 3060 3693 3108 mutaret
3736 3052 3791 3108 in

561 3138 1284 3217 tata"*uaxims”aa‘gtzza
1336 3138 1675 3211 adseram:
1706 3138 2083 3226 cegnationem,
2115 3154 2158 3214 ο
2194 3138 2387 3193 vinum
2415 3140 2606 3208 (Joan-
2639 3156 2700 3209 ιι,
2738 3141 2854 3211 11)·
2888 3141 3144 3213 Magnum
3174 3141 3333 3213 plane
3361 3140 3603 3212 signum,
3634 3148 3689 3195 et
3721 3139 3791 3196 ad

561 3228 712 3299 queis
757 3228 815 3283 in
872 3236 1095 3299 utroque
1140 3246 1293 3299 aqua:
1352 3228 1410 3283 in
1469 3228 1649 3283 riuum
1697 3228 2077 3283 conversionem

555 3317 838 3372 corporum
901 3301 1304 3356 resurrectionis
1361 3300 1651 3371 symbolum
1707 3316 1811 3354 esse
1857 3300 2079 3355 ostendi-

559 3378 668 3430 tur.
728 3373 864 3429 Hinc
914 3372 1223 3443 conjicimus
1252 3379 1518 3428 auctorem
1546 3372 1822 3427 amborum
1849 3372 2083 3439 eumdem

556 3461 679 3499 esse.
716 3448 787 3500 Et
813 3461 937 3500 sane
964 3446 1083 3499 huic
1122 3444 1350 3499 sermoni
1399 3444 1470 3498 ad
1518 3443 1809 3513 marginem
1837 3443 2082 3497 editionis

557 3516 779 3570 Erasmi
831 3522 1020 3570 auctor
1055 3515 1346 3571 ascribitur
1398 3515 1538 3569 idem
1590 3512 1900 3573 Maximus:
1929 3512 2081 3582 cujus

557 3586 717 3640 etiam
749 3586 888 3641 inter
915 3603 1177 3641 sermones
1196 3603 1334 3641 unus
1359 3586 1421 3640 de
1463 3584 1595 3654 festo
1642 3586 1859 3640 Pascha
1893 3585 2082 3641 eisdem

552 3673 805 3728 prorsus,
832 3656 1021 3727 quibus
1049 3658 1132 3713 hic
1165 3658 1293 3728 ipse,
1320 3656 1491 3711 verbis
1509 3656 1713 3728 incipit.

558 3782 608 3837 1.
665 3780 1075 3838 Exsultandum
1126 3781 1287 3838 nobis
1338 3789 1440 3851 est,
1491 3780 1687 3838 fratres
1741 3780 2078 3850 charissimi,

484 3870 631 3945 quod
676 3868 823 3926 votis
866 3870 1069 3926 nostris
1114 3879 1244 3927 vota
1294 3871 1621 3939 succedunt,
1664 3870 1813 3945 quod
1866 3869 2081 3943 gaudiis

484 3961 682 4035 gaudia
701 3961 1056 4018 cumulantur
1080 3981 1092 4020 :
1126 3978 1250 4019 ecce
1280 3962 1425 4018 enim
1456 3962 1637 4018 adhuc
1664 3961 1874 4018 Natalis
1896 3961 2078 4018 Domi-

481 4053 598 4112 nici
654 4054 1004 4110 solemnitate
1059 4055 1227 4111 corda
1281 4062 1470 4109 nostra
1506 4053 1832 4126 persultant,
1886 4059 1941 4108 et
1965 4051 2079 4123 jam

482 4145 787 4202 festivitate
844 4153 1045 4203 sanctae
1095 4146 1422 4219 Epiphanize
1482 4144 1803 4218 gloriamur.
1868 4143 2082 4201 Gratias

485 4233 655 4306 igitur
697 4251 852 4308 agere
880 4235 1150 4292 debemus
1194 4235 1434 4291 Domino
1477 4234 1571 4307 qui
1619 4250 1720 4289 nos
1767 4232 2084 4307 frequenter

487 4323 698 4391 visitat,
730 4333 793 4379 ut
822 4342 964 4397 saepe
994 4324 1236 4382 laetiﬁcet
1288 4344 1300 4382 :
1350 4323 1804 4397 frequentiusque
1851 4323 2084 4396 requirit

488 4412 630 4485 (26),
689 4423 751 4470 ut
821 4417 1170 4473 numerosius
1225 4416 1535 4473 benedicat.
1598 4414 1861 4483 Quamvis
1915 4415 2085 4487 igitur

2192 3227 2291 3283 Dei
2342 3229 2671 3286 credendam
2718 3230 3000 3286 suﬁiciens
3043 3228 3409 3301 majestatem.
3462 3229 3599 3297 Quis
3642 3231 3790 3285 enim

2191 3331 2303 3372 non
2354 3318 2586 3374 miretur
2632 3318 2691 3374 in
2730 3319 2882 3374 aliud
2930 3336 3091 3392 quam
3137 3325 3312 3387 erant,
3373 3318 3643 3374 elementa
3677 3335 3796 3375 esse

2190 3408 2458 3463 translata
2490 3408 2520 3464 Ῡ
2574 3409 2746 3464 Nemo
2802 3409 2949 3465 enim
3013 3418 3191 3482 potest
3247 3417 3463 3465 mutare
3516 3416 3792 3479 naturam,

2191 3494 2300 3551 nisi
2329 3494 2425 3569 qui
2454 3495 2715 3553 dominus
2742 3507 2825 3555 est
2854 3507 3085 3556 naturae.

2258 3592 2312 3649 5.
2354 3591 2698 3651 Credendum
2752 3604 2832 3652 est
2857 3596 2974 3669 jam
3006 3613 3077 3653 ex
3133 3595 3244 3654 hoc
3275 3597 3568 3653 mortalem
3600 3594 3796 3652 homi-

2189 3698 2315 3739 nem
2346 3683 2404 3739 in
2434 3683 2912 3744 immortalitatem
2944 3703 3103 3760 posse
3135 3688 3408 3756 converti,
3440 3686 3664 3761 quando
3697 3688 3795 3743 vi-

2190 3772 2261 3828 lis
2318 3771 2625 3831 substantia
2680 3775 2739 3831 in
2770 3776 3063 3849 pretiosam
3115 3783 3197 3833 est
3241 3792 3504 3833 conversa
3531 3776 3795 3833 substan-

2187 3860 2343 3918 tiam.
2376 3863 2515 3919 Nolo
2543 3864 2711 3934 enim,
2737 3866 2977 3934 auditor,
3005 3865 3233 3922 nomina
3253 3873 3467 3922 tantum
3495 3866 3795 3939 perspicias

2189 3951 2308 4007 vini
2362 3959 2416 4008 et
2461 3969 2635 4026 aqua},
2685 3956 2801 4024 sed,
2856 3956 2901 4011 si
2932 3957 3016 4013 vis
3070 3956 3372 4029 potentiam
3413 3956 3792 4028 comprobare,

2191 4038 2454 4096 virtutem
2486 4058 2667 4097 rerum
2700 4044 2882 4116 aspice
2906 4063 2918 4112 ;
2944 4044 3089 4102 facto
3109 4043 3258 4101 enim
3280 4043 3387 4100 hoc
3409 4043 3579 4100 altius
3607 4044 3795 4102 nescio

2193 4128 2327 4199 quid
2358 4129 2785 4188 demonstratur.
2804 4134 2942 4189 Nam
2964 4150 3090 4189 cum
3111 4132 3382 4189 Dominus
3402 4148 3600 4206 aquam
3625 4133 3798 4189 vertit

2193 4217 2251 4272 in
2282 4217 2497 4285 vinum,
2520 4226 2764 4277 nontam
2781 4219 2888 4278 hoc
2909 4229 3185 4294 operatur,
3208 4237 3276 4277 ne
3315 4221 3797 4278 discumbentibns

2193 4304 2337 4362 desit
2357 4306 2614 4379 ebrietas,
2641 4309 2733 4366 sed
2755 4318 2817 4366 ut
2838 4309 3192 4367 credentibus
3224 4309 3326 4365 ﬁat
3342 4309 3622 4367 aeternitas
3652 4310 3793 4383 (28).

2195 4395 2482 4469 Siquidem
2524 4409 2810 4473 propterea
2838 4400 2898 4456 in
2946 4399 3217 4456 mundum
3270 4399 3483 4456 venerit
3511 4399 3787 4470 Christus,

489 4503 744 4575 gentiles,
783 4504 911 4560 licet
940 4521 1103 4571 vane,
1133 4522 1423 4561 numerosa
1453 4504 1801 4561 solemnitate
1832 4506 2084 4561 laetentur

2199 4502 2305 4541 non
2354 4495 2418 4543 ut
2487 4490 2876 4546 conviviorum
2906 4490 3130 4547 cellaria
3179 4497 3525 4562 procuraret,
3577 4489 3670 4546 sed
3732 4497 3797 4546 ut

489 4600 711 4665 propter
748 4592 1126 4649 diversitatem
1173 4592 1401 4650 deorum
1428 4601 1878 4659 suorum,tamen
1900 4594 2085 4666 plures

490 4681 653 4738 nobis
702 4682 1028 4739 festivitates
1057 4690 1279 4755 praestat
1308 4683 1476 4739 unius
1495 4684 1593 4739 Dei
1625 4683 1890 4752 visitatio,
1919 4699 2081 4756 quam

486 4771 602 4828 illis
632 4772 933 4828 multorum
961 4772 1274 4829 daemonum
1300 4773 1679 4845 superstitiosa
1707 4773 2080 4846 praesumptio.

483 4863 621 4919 Nam
652 4863 800 4919 sicut
849 4879 941 4919 eos
970 4865 1204 4920 veritate
1233 4865 1521 4938 religionis
1548 4864 1846 4933 vincimus,
1870 4865 1945 4921 ita
1973 4880 2083 4919 vo-

484 4961 670 5009 torum
707 4969 940 5009 numero
969 4969 1307 5025 superamus.

557 5042 610 5100 2.
657 5042 986 5114 Epiphaniae
1042 5058 1171 5115 ergo
1221 5041 1387 5098 hodie
1438 5058 1795 5115 procuramus
1863 5040 2078 5114 gaudia.

488 5132 708 5203 Quaerat
735 5133 877 5190 forte
908 5132 1110 5207 aliquis
1138 5134 1271 5207 quid
1297 5133 1687 5207 interpretetur
1710 5133 1815 5190 hoc
1826 5132 2078 5203 verbum,

558 5299 676 5372 (26)
702 5299 828 5357 Vet.
859 5300 1016 5369 edit.,
1050 5300 1310 5372 copiosius
1329 5300 1597 5371 requirit:
1628 5307 1739 5356 tres
1763 5317 1918 5372 mss.,
1948 5316 2082 5355 con-

484 5371 625 5444 scius
652 5371 911 5444 requirit;
945 5371 1118 5444 Rom;
1154 5372 1317 5438 edit.,
1361 5372 1695 5443 frequentius
1738 5371 1960 5444 repetit;
1991 5388 2080 5429 co-

484 5441 593 5499 dex
615 5441 788 5515 Lugd.
820 5453 881 5500 ut
901 5461 1001 5500 nos
1028 5443 1087 5500 in
1116 5452 1295 5502 textu.

558 5514 677 5598 (2.7)
706 5514 934 5598 Omnes
982 5533 1137 5585 mss.,
1190 5516 1383 5598 scilicet
1410 5515 1539 5587 quia
1564 5515 1849 5598 epimenia
1882 5516 2080 5598 qrtpce,

489 5583 698 5660 Latine;
722 5588 927 5660 dicitur
970 5583 1232 5660 apparere
1272 5606 1285 5645 ε
1337 5583 1493 5645 Eras.
1525 5583 1854 5660 et'Gill.,....
1879 5586 2082 5660 dicitur

490 5656 763 5728 apparitio
796 5677 807 5716 :
835 5656 1192 5732 Rom._edit.,
1221 5661 1435 5732 scilicet,
1458 5659 1764 5734 epiphania,
1793 5659 1923 5733 quia
1962 5665 2074 5722 επι-

2193 4576 2360 4631 saluti
2416 4576 2705 4634 hominum
2745 4578 3062 4650 provideret
3094 4596 3106 4634 :
3139 4594 3242 4635 nec
3286 4586 3349 4634 ut
3376 4578 3605 4650 hydrias
3640 4577 3790 4634 sub-

2195 4665 2403 4721 stantia
2443 4666 2576 4722 boni
2619 4667 2806 4723 odoris
2834 4667 3109 4741 impleret,
3160 4667 3253 4725 sed
3282 4676 3344 4723 ut
3372 4667 3586 4725 animas
3617 4670 3797 4740 gratia

2193 4755 2369 4810 sancti
2407 4755 2647 4827 Spiritus
2676 4757 2947 4830 irrigaret.
2976 4759 3121 4831 Ergo
3148 4773 3273 4815 cum
3306 4758 3401 4813 ille
3423 4773 3493 4813 ex
3523 4757 3625 4812 vili
3655 4772 3799 4829 aqua

2192 4846 2314 4903 vini
2343 4848 2542 4919 optimi
2565 4865 2815 4922 saporem
2847 4851 3030 4907 voluit
3057 4858 3279 4924 gustare
3304 4849 3586 4917 convivas,
3619 4848 3799 4920 magis

2193 4935 2376 4992 voluit
2404 4952 2473 4993 ex
2506 4936 2609 4995 hac
2659 4938 2761 4995 vili
2791 4956 2954 4996 carne
2986 4940 3406 5000 resurrectionis
3434 4939 3675 4997 caelestis
3700 4956 3797 4996 sa-

2194 5027 2458 5100 pientiam
2493 5040 2708 5103 gustare
2737 5030 3037 5088 credentes.

2263 5128 2316 5187 6.
2359 5131 2499 5189 Nam
2529 5130 2636 5189 hoc
2660 5132 2879 5204 signum
2911 5139 3089 5191 totum
3122 5132 3317 5206 utique
3368 5130 3798 5190 resurrectionis

2193 5306 2397 5388 φτίηιιν
2435 5316 2619 5372 graece,
2650 5308 2755 5358 etc.
2785 5301 2897 5359 Nos
2936 5299 3291 5359 Amerbachii
3310 5298 3599 5358 lectionem
3633 5308 3799 5357 ante-

2193 5390 2735 5519 po?2lil3r)n:fet._edit.,
2765 5445 2834 5500 sit
2847 5444 3113 5519 mternitas
3143 5462 3157 5513 ;
3182 5446 3364 5513 Rom.,
3393 5444 3624 5519 abundet
3648 5450 3795 5519 ater-

2189 5516 2456 5577 nitas.'Et
2484 5517 2632 5575 infra
2670 5533 2861 5574 omnes
2888 5516 3048 5585 edit.,
3077 5532 3186 5572 non
3212 5523 3272 5573 ut
3298 5516 3651 5575 conuiuarum
3678 5518 3794 5573 cet-

2191 5592 2355 5662 (aria,
2390 5608 2519 5649 mss.
2550 5589 2863 5665 utrobique,
2902 5596 2963 5646 ut
2990 5588 3050 5645 in
3078 5596 3364 5647 contextu.
