4064 6178
237 195 332 255 641

1068 194 1442 255 SERMONES
1477 194 1533 252 S.
1575 192 1932 254 AMBROSIO
1970 192 2343 254 HACTENUS
2381 192 2721 254 ASCBIPTI.

3432 198 3538 256 642

239 319 564 396 mysterium
617 318 903 377 continet:
963 333 1105 392 aqua
1158 319 1308 376 enim
1360 319 1514 391 vilis,
1544 318 1753 393 pallida
1780 326 1835 377 et
1860 323 1912 382 A
1941 320 2191 377 exhibita
2230 328 2313 377 est
2357 320 2709 394 prmsentium
2742 336 2929 377 rerum
2960 319 3018 376 in
3051 319 3402 378 mirabilibus
3429 321 3540 378 vir-

237 410 454 485 frigida,
491 410 549 465 in
582 408 779 466 vinum
811 409 1206 475 versa,scilicet
1230 409 1551 482 pretiosum,
1584 409 1838 479 rubrum,

238 501 321 557 vel
367 499 630 574 ignitum,
680 497 788 555 hoc
838 497 1114 569 signiﬁcat
1160 498 1407 555 hominis
1449 497 1836 568 substantiam,

238 599 525 656 mortalem
556 595 1077 664 conditione,vilem
1108 595 1512 667 imbecillitate,
1541 597 1840 671 pallentem

241 696 439 757 morte,
492 687 551 743 in
606 686 1014 742 resurrectione
1082 687 1200 759 (29)
1235 687 1293 742 in
1325 687 1553 759 gloriam
1580 702 1841 743 commu-

238 778 482 846 tandam,
513 793 635 850 qua:
664 783 747 831 est
776 776 1085 833 aeternitate
1114 777 1371 849 pretiosa,
1414 765 1590 850 glorié
1618 778 1843 833 colora-

238 877 311 937 ta,
344 866 548 940 spiritu
574 865 1008 921 immortalitatis
1037 865 1232 938 ignita.
1266 867 1382 923 Hoc
1412 868 1583 939 igitur
1610 866 1841 938 dignum

239 965 320 1012 est
369 956 594 1013 credere
643 956 944 1011 Dominum
993 956 1206 1028 operari
1237 955 1500 1024 voluisse,
1531 963 1593 1011 ut
1614 973 1710 1029 per
1737 956 1843 1012 hoc

239 1055 520 1103 terrenum
572 1046 816 1117 signum,
849 1046 1099 1102 futurum
1129 1045 1243 1118 jam
1274 1055 1410 1103 tunc
1440 1064 1471 1102 a
1500 1045 1843 1118 sapientibus

240 1139 459 1196 cmleste
502 1140 833 1211 mysterium
869 1138 1177 1195 videretur.
1226 1139 1364 1194 Nam
1396 1138 1441 1194 si
1473 1138 1727 1194 mirabile
1760 1145 1842 1195 est

241 1228 457 1302 utique,
507 1244 631 1302 qua
673 1228 988 1287 defecerant
1038 1230 1314 1299 convivis,
1360 1229 1492 1285 vina
1539 1230 1840 1303 supplesse,

242 1325 450 1391 quanto
485 1325 568 1373 est
622 1318 939 1375 mirabilius
996 1318 1189 1389 vitam,
1249 1336 1372 1392 qum
1413 1325 1495 1376 est
1552 1318 1839 1388 exhausta,

243 1407 566 1465 hominibus
619 1410 936 1481 reparasse!
993 1409 1066 1465 Et
1097 1408 1144 1464 si
1183 1408 1485 1481 gloriosum
1534 1415 1616 1464 est
1644 1423 1841 1480 aquam

248 1500 307 1556 in
356 1499 555 1555 vinum
602 1506 1054 1573 mutare,quanto
1100 1508 1182 1557 est
1216 1499 1510 1572 gloriosius
1540 1505 1761 1572 peccata
1784 1498 1843 1554 in

237 1588 514 1662 justitiam
562 1596 925 1658 commutare,
976 1598 1033 1647 et
1080 1604 1261 1646 mores
1299 1588 1484 1662 potius
1518 1594 1841 1660 temperare,

240 1696 407 1754 quam
440 1680 640 1754 pocula
663 1680 675 1735 l

313 1772 372 1828 7.
401 1768 595 1826 Audeo
620 1768 805 1826 dicere
834 1768 959 1825 illas
983 1766 1213 1841 hydrias
1240 1784 1353 1825 non
1383 1768 1563 1825 solum
1595 1766 1679 1824 illi
1700 1783 1846 1825 con-

241 1860 426 1929 vivio,
471 1859 567 1916 sed
601 1858 862 1916 universo
907 1859 1119 1915 mundo
1151 1857 1446 1931 pretiosam
1477 1856 1630 1912 illam
1668 1856 1848 1913 mini-

244 1961 429 2010 strare
457 1951 837 2021 substantiam,
866 1951 977 2007 nisi
1008 1949 1157 2024 quod
1184 1950 1347 2006 nobis
1368 1949 1569 2006 melius
1597 1948 1848 2006 admini—

240 2050 449 2101 strant.
482 2042 705 2101 Constat
732 2042 883 2100 enim
914 2058 984 2099 ex
1013 2041 1149 2114 ipsis
1176 2042 1419 2100 vasculis
1447 2041 1573 2098 illos
1601 2040 1848 2097 hausisse

240 2133 590 2201 ebrietatem,
650 2148 752 2189 nos
781 2130 1005 2189 haurire
1025 2130 1299 2203 justitiam
1341 2146 1353 2185 :
1389 2131 1516 2188 illos
1544 2131 1848 2204 percepisse

239 2222 362 2279 vini
427 2223 710 2294 poculum,
765 2237 868 2277 nos
894 2221 1122 2278 calicem
1152 2220 1347 2277 salutis
1387 2220 1634 2292 accipere
1664 2238 1677 2277 :
1718 2227 1773 2275 et
1800 2219 1847 2276 si

241 2311 361 2370 dici
413 2311 498 2367 fas
526 2320 628 2379 est,
654 2310 802 2384 apud
830 2311 958 2367 illos
986 2309 1349 2383 pertransisse
1376 2309 1526 2383 quod
1568 2308 1844 2378 biberant,

238 2401 392 2476 apud
426 2418 528 2459 nos
549 2416 683 2458 vero
712 2416 1034 2473 permanere
1060 2399 1209 2474 quod
1239 2399 1596 2473 sumpsimus.

772 2515 920 2573 402
951 2509 1188 2567 SERMO
1212 2510 1311 2568 IX.

673 2609 754 2665 De
785 2616 974 2665 sancta
1003 2606 1318 2681 Epiphania
1346 2607 1415 2664 II.

243 2700 407 2772 Quod
437 2700 521 2758 hic
546 2700 745 2756 dicitur
771 2700 833 2754 de
859 2697 1133 2772 apostolis,
1164 2697 1277 2752 uiso
1303 2696 1585 2764 miraculo,
1617 2694 1676 2772 in
1699 2694 1849 2772 Chri-

312 2780 461 2829 stum
514 2772 862 2838 credentibus,
896 2767 1033 2826 tum
1086 2769 1141 2824 in
1189 2786 1425 2823 sermone
1452 2767 1717 2839 superiori
1744 2783 1852 2821 non

306 2845 596 2913 habeatur,
653 2844 725 2899 ad
775 2842 949 2899 alium
989 2840 1190 2911 referri
1215 2840 1557 2913 manifestum
1585 2839 1853 2913 est._Idem

310 2923 497 2973 autem
553 2910 693 2972 illud
745 2915 967 2970 habetur
1002 2910 1062 2967 in
1115 2928 1351 2967 sermone
1400 2910 1631 2969 Maximi
1671 2911 1733 2965 de
1760 2912 1853 2964 Iwc

309 2989 439 3060 ipso
500 2986 654 3058 festo’,
711 2987 847 3060 sicut
893 2991 942 3039 et
968 2985 1085 3040 alia
1111 2984 1373 3054 quaedam,
1404 2983 1594 3060 quibus
1617 2982 1711 3060 ille
1735 2998 1853 3060 cum

306 3053 418 3116 Hoc
477 3053 525 3115 et
564 3053 830 3131 superiori
858 3074 965 3111 non
987 3053 1195 3131 parum
1210 3053 1449 3109 convenit
1476 3071 1497 3119 ;
1526 3054 1671 3131 unde
1692 3053 1853 3107 trium

304 3132 544 3187 illorum
599 3123 707 3185 n'on
764 3123 1035 3184 diversum
1089 3126 1398 3197 scriptorem
1426 3142 1531 3180 esse
1556 3123 1856 3195 conjectura

307 3204 404 3277 fit.
456 3204 577 3259 Haec
622 3217 794 3274 porro
823 3200 1040 3277 Acerba:
1098 3196 1246 3277 Etsi
1274 3196 1552 3277 interdum
1584 3197 1855 3277 vigorem,

362 3290 445 3329 ua:
495 3268 1020 3344 cum-superioribus
1048 3271 1188 3326 male
1214 3270 1497 3334 cohazrent,
1520 3268 1574 3323 in
1596 3268 1858 3323 codicibus

372 3345 571 3417 ugdun.
629 3351 677 3399 et
715 3343 905 3417 Yatlis
939 3344 1119 3417 Clara:
1164 3356 1675 3417 novum_sermone_m_
1701 3355 1859 3417 erar-

306 3411 570 3475 diiintur.
626 3416 779 3484 Quod
824 3432 946 3471 vero
974 3414 1046 3469 ad
1069 3412 1309 3468 auctoris
1341 3412 1403 3467 de
1424 3412 1565 3467 vocis
1594 3411 1862 3467 debilitate

308 3489 735 3563 querimoniam,
760 3486 882 3563 jam
932 3503 1028 3541 nos
1077 3485 1157 3563 ad
1197 3484 1393 3563 librum
1441 3500 1460 3538 ι
1493 3484 1572 3563 De
1603 3498 1858 3563 sacram,

311 3554 441 3634 Eap.
480 3561 532 3630 6,
555 3554 941 3634 annotabamus
970 3573 1084 3634 eam
1095 3555 1354 3634 plurimis
1404 3554 1863 3634 concionatoribus

314 3627 431 3691 esse
458 3627 798 3689 coinmunem.
834 3632 995 3699 Quem
1038 3627 1205 3686 laeum
1234 3628 1345 3700 ipse
1376 3628 1622 3682 consulas
1654 3627 1789 3683 licet.

322 3726 380 3782 1.
441 3721 696 3779 Meminit
761 3720 1023 3777 sanctitas
1071 3726 1274 3788 vestra,
1317 3717 1533 3785 fratres,
1565 3712 1862 3789 superioris

235 3812 664 3889 praedicationis
698 3818 921 3880 nostrae,
950 3826 1059 3885 qua
1086 3807 1479 3881 descripsimus
1507 3807 1695 3864 beatos
1721 3821 1863 3877 apo-

236 3906 433 3963 stolos
492 3903 635 3975 (30),
683 3918 798 3957 uno
841 3903 961 3957 viso
1010 3901 1300 3969 miraculo,
1370 3898 1476 3956 hoc
1500 3904 1602 3967 est,
1634 3912 1775 3971 aqua
1802 3895 1864 3951 in

243 3994 464 4051 vinum
524 4007 554 4047 a
581 3990 865 4047 Salvatore
893 4006 1178 4058 conversa,
1208 3989 1268 4044 in
1294 4005 1420 4045 eum
1451 3988 1706 4061 protinus
1734 4001 1865 4043 cre-

238 4080 476 4142 didisse
506 4096 519 4135 :
567 4078 645 4134 ita
674 4076 823 4135 enim
859 4077 936 4135 ait
962 4077 1299 4151 evangelista
1326 4078 1393 4134 de
1424 4078 1662 4135 Domino
1687 4095 1698 4134 :
1748 4101 1767 4126 ι
1792 4076 1866 4132 Et

238 4165 643 4230 manifestavit
688 4166 917 4239 gloriam
959 4182 1135 4236 suam,
1188 4175 1242 4223 et
1270 4165 1623 4224 crediderunt
1650 4166 1711 4222 in
1738 4181 1865 4221 eum

238 4268 527 4342 discipuli
586 4266 707 4339 ejus
768 4266 950 4338 (Joan.
1009 4280 1072 4332 ιι,
1119 4264 1234 4335 il).
1276 4289 1294 4313 ι
1338 4264 1495 4331 Quod
1520 4265 1724 4322 factum
1753 4280 1866 4320 non

240 4362 389 4419 ideo
447 4366 662 4415 tantum
713 4355 981 4429 scriptum
1030 4361 1131 4422 est,
1179 4360 1241 4409 ut
1279 4352 1504 4408 illorum
1536 4353 1637 4409 sub
1667 4353 1867 4427 quibus

1949 419 2057 478 tus,
2089 409 2278 466 eadem
2308 411 2489 467 virtus
2509 410 2670 466 nobis
2689 418 2772 466 est
2798 409 3106 467 litterarum
3134 409 3395 467 thesauro
3414 427 3544 467 con-

1948 508 2193 568 servata;
2235 500 2476 557 utnobis
2508 509 2790 573 praestaret
2816 500 3015 573 pagina
3045 500 3193 572 quod
3221 500 3277 555 in
3306 500 3421 557 illis
3459 517 3545 574 ge-

1948 591 2102 647 rebat
2156 590 2428 648 historia:
2477 591 2589 647 imo
2636 590 2799 647 nobis
2825 600 3101 662 gereretur
3127 589 3244 661 (3i)
3274 588 3547 662 quidquid

1949 680 2008 736 in
2054 680 2216 737 nobis
2255 680 2572 737 insinuante
2609 680 3014 753 Scripturarum
3064 680 3286 752 speculo
3315 678 3546 736 dictare-

1950 778 2061 839 tur,
2097 778 2152 826 et
2172 771 2475 842 potentiam
2501 770 2918 842 Domini,quam
2949 769 3034 825 illi
3065 768 3376 827 carnalibus
3403 786 3546 825 ocu-

1950 863 2020 919 lis
2046 872 2354 932 cernerent,
2385 880 2488 919 nos
2515 863 2749 935 spiritali
2780 863 2991 919 lumine
3010 862 3344 918 videremus.

2022 960 2074 1015 2.
2122 985 2141 1007 ‹
2170 962 2241 1016 Et
2288 961 2687 1029 manifestavit,
2740 959 2942 1033 inquit,
2976 959 3207 1031 gloriam
3237 976 3393 1015 suam
3431 958 3541 1015 dis-

1950 1051 2151 1123 cipulis
2177 1050 2311 1118 suis,
2345 1058 2399 1105 et
2437 1050 2792 1107 crediderunt
2818 1051 2874 1106 in
2901 1066 3024 1104 eum
3058 1049 3315 1121 discipuli
3338 1048 3475 1120 ejus.
3514 1075 3531 1095 -

1950 1139 2126 1206 Quam
2176 1139 2315 1195 bene
2345 1138 2650 1212 potentiam
2690 1137 2913 1194 Domini
2942 1138 3295 1211 subsequitur
3323 1137 3547 1194 devotio

1951 1232 2298 1286 servulorum
2326 1248 2338 1297 ;
2380 1239 2434 1286 et
2487 1230 2634 1303 quod
2685 1230 2943 1302 magister
2971 1230 3130 1286 docet
3159 1246 3340 1302 opere,
3370 1228 3550 1285 disci-

1951 1321 2071 1393 puli
2117 1320 2284 1376 corde
2329 1320 2670 1376 describunt!
2705 1320 2848 1376 Ecce
2878 1318 3037 1376 vobis
3061 1318 3174 1391 jam
3201 1318 3552 1377 credentibus

1951 1409 2131 1479 virtus
2159 1410 2437 1482 operantis
2453 1409 2916 1476 manifestatur,et
2935 1408 3070 1464 ﬁdes
3082 1407 3548 1481 credentium(32)

1951 1501 2326 1571 apostolorum
2410 1498 2707 1555 manifesta
2778 1497 3126 1570 praedicatur.
3197 1495 3553 1553 Praedicanda

1952 1590 2113 1662 plane
2140 1589 2518 1661 apostolorum
2548 1587 2832 1660 ﬁdes,quae
2853 1589 2974 1644 viso
2993 1604 3105 1644 uno
3134 1585 3554 1659 signo,credidit

1872 1688 1921 1749 Β
1953 1678 2011 1734 in
2039 1677 2500 1751 omnipotentiam
2551 1676 2891 1733 Salvatoris:
2943 1685 2997 1733 et
3020 1676 3255 1747 apostoli
3284 1675 3418 1731 dum
3449 1674 3551 1731 mi-

1955 1776 2148 1826 rantur
2177 1785 2375 1843 aquam
2407 1769 2465 1824 in
2496 1767 2689 1824 vinum
2721 1782 2957 1835 versam,
2990 1765 3099 1838 ipsi
3131 1780 3203 1820 ex
3235 1763 3391 1820 omni
3419 1763 3553 1821 faece

1956 1875 2305 1941 peccatorum
2362 1866 2622 1924 similiter
2677 1874 2809 1923 sunt
2863 1862 3137 1932 conversi,
3186 1869 3241 1918 et
3287 1859 3358 1916 ad
3382 1860 3557 1917 instar

1958 1956 2088 2013 facti
2126 1955 2381 2014 miraculi
2438 1971 2508 2011 ex
2555 1954 2659 2010 vili
2715 1952 3109 2025 superstitione
3160 1948 3453 2022 gentilium
3493 1947 3555 2003 in

1955 2054 2251 2126 pretiosam
2271 2042 2626 2109 devotionem
2657 2049 3004 2108 credentium
3034 2056 3167 2105 sunt
3196 2045 3558 2104 translati.Et

1956 2148 2019 2196 ut
2047 2158 2189 2215 aqua
2218 2142 2277 2198 in
2309 2143 2505 2199 vinum
2546 2159 2725 2212 versa,
2759 2159 2973 2216 sapore,
3022 2141 3244 2210 rubore,
3292 2149 3346 2197 et
3375 2140 3557 2197 calore

1955 2232 2236 2302 conditur,
2291 2234 2370 2289 ita
2401 2234 2669 2304 scientiae,
2702 2234 2850 2307 quod
2888 2241 3004 2289 erat
3047 2233 3106 2289 in
3135 2231 3224 2288 bis
3261 2232 3556 2300 insulsum,

1957 2324 2169 2396 accepit
2222 2339 2518 2396 saporem:
2566 2322 2713 2396 quod
2766 2322 2979 2395 pallens
3010 2366 3025 2391 ,
3077 2320 3264 2395 gratiae
3318 2319 3558 2392 sumpsit

1957 2415 2196 2471 colorem
2222 2430 2234 2469 :
2268 2412 2414 2486 quod
2445 2412 2731 2485 frigidum,
2756 2412 2989 2470 incaluit
3015 2408 3449 2467 immortalitatis
3475 2423 3560 2463 ar-

1957 2510 2110 2569 dore.

2029 2607 2499 2681 3.Magniﬁcanda
2526 2605 2697 2679 igitur
2724 2606 3099 2679 apostolorum
3127 2603 3409 2677 ﬁdesque
3428 2600 3554 2659 ideo

1959 2702 2273 2773 evangelico
2302 2715 2554 2756 sermone
2584 2698 2861 2771 descripta
2884 2705 2987 2766 est,
3008 2704 3071 2753 ut
3099 2705 3153 2753 et
3182 2695 3298 2752 illis
3322 2701 3463 2752 esset
3485 2692 3556 2750 ad

1959 2789 2198 2859 laudem,
2232 2798 2286 2847 et
2316 2789 2474 2846 nobis
2501 2788 2790 2861 proﬁceret
2817 2788 2886 2845 ad
2915 2787 3254 2861 exemplum.
3276 2784 3381 2841 Sed
3408 2781 3559 2858 quod

1960 2877 2114 2954 pejus
2145 2889 2247 2947 est,
2278 2879 2392 2936 illis
2421 2881 2542 2936 laus
2574 2896 2676 2935 sua
2705 2883 3008 2950 permanet,
3034 2892 3137 2931 nos
3165 2874 3420 2947 exempla
3446 2888 3559 2929 non

1960 2980 2301 3043 permovent;
2330 2987 2458 3027 nam
2481 2978 2688 3044 quanto
2708 2968 3037 3043 posteriores
3066 2983 3258 3023 sumus
3287 2974 3558 3039 tempore,

1888 3054 1933 3116 C
1967 3069 2121 3118 tanto
2147 3071 2200 3119 et
2231 3062 2519 3120 inferiores
2539 3061 2757 3120 merito.
2790 3062 2881 3117 Illi
2905 3061 3075 3129 enim,
3091 3062 3213 3117 viso
3240 3075 3354 3116 uno
3381 3058 3561 3131 signo,

1963 3153 2147 3209 statim
2175 3154 2413 3210 Domino
2442 3153 2798 3210 crediderunt
2829 3170 2843 3221 ;
2876 3168 2978 3209 nos
3007 3149 3244 3223 acceptis
3270 3148 3453 3205 adhuc
3478 3156 3566 3205 tot

1964 3243 2365 3301 beneﬁciorum
2414 3243 2783 3312 mirabilibus,
2832 3242 3185 3308 dubitamus;
3215 3238 3560 3308 dubitamus,

1965 3334 2212 3408 inquam;
2235 3335 2364 3409 quia
2390 3334 2681 3409 praesentia
2709 3332 2878 3391 nimis
2906 3330 3351 3406 diligimus,dum
3378 3329 3568 3385 futura

1967 3440 2080 3481 non
2112 3425 2416 3493 credimus;
2446 3425 2672 3481 divitias
2700 3440 2949 3481 amamus
2975 3423 3035 3478 in
3063 3421 3285 3489 saeculo,
3312 3418 3447 3476 dum
3477 3433 3568 3475 eas

1968 3518 2213 3591 accipere
2240 3526 2569 3575 cunctamur
2600 3535 2633 3574 a
2660 3517 2883 3576 Christo
2908 3534 2920 3571 :
2966 3514 3255 3571 iracundia
3283 3512 3568 3569 immode-

1968 3617 2084 3665 rate
2111 3609 2454 3678 extollimur,
2484 3608 2617 3664 dum
2651 3606 3035 3665 retributionis
3049 3604 3325 3678 judicium
3359 3620 3471 3661 non
3500 3602 3570 3659 ti-

1970 3714 2203 3755 memus.
2254 3698 2527 3757 Caeterum
2575 3697 2671 3771 qui
2703 3697 2863 3755 novit
2892 3696 3163 3768 scriptum
3192 3711 3307 3752 esse
3341 3711 3352 3750 :
3398 3717 3417 3741 ι
3446 3692 3569 3761 Quo

1964 3786 2180 3860 judicio
2226 3788 2636 3861 judicaveritis,
2676 3789 2868 3845 eodem
2921 3784 3268 3859 judicabitur
3308 3783 3377 3839 de
3405 3782 3569 3839 vobis

1974 3876 2186 3946 (Matth.
2222 3896 2321 3949 vn,
2351 3879 2409 3952 2)
2439 3897 2454 3948 ;
2483 3904 2501 3927 ι
2543 3879 2747 3952 absque
2779 3876 2953 3934 dubio
2985 3876 3147 3945 lenis,
3178 3874 3490 3931 moderatus
3515 3879 3571 3928 et

1971 3969 2125 4026 mitis
2177 3978 2295 4027 est:
2348 3977 2403 4027 et
2444 3971 2568 4043 plus
2594 3969 2844 4027 bonitate
2873 3967 3040 4041 cogit,
3082 3982 3245 4040 quam
3277 3962 3571 4021 severitate

1971 4059 2256 4134 compellit
2280 4079 2292 4117 :
2324 4060 2534 4118 amicus
2553 4058 2931 4133 indulgentiae,
2964 4054 3255 4113 familiaris
3270 4060 3352 4110 est
3368 4051 3570 4120 veniae,

1970 4158 2033 4206 ut
2061 4149 2192 4206 dum
2217 4165 2335 4206 eam
2366 4149 2684 4223 frequenter
2713 4147 2988 4220 impertit,
3028 4162 3057 4200 a
3085 4144 3329 4201 Domino
3357 4156 3575 4214 semper

1973 4238 2224 4315 accipiat.
2271 4240 2556 4315 Siquidem
2592 4237 2884 4313 prudentis
2930 4237 3003 4293 sit
3034 4235 3262 4294 rectoris
3299 4234 3379 4290 ita
3408 4241 3577 4290 terre-

1973 4351 2073 4390 nos
2112 4331 2350 4389 honores
2394 4346 2571 4402 agere,
2620 4336 2683 4384 ut
2714 4325 3200 4385 honoriﬁcentiam
3229 4322 3471 4383 ccelestis
3496 4322 3578 4380 di-

244 4418 474 4508 factum
529 4455 631 4516 est,
676 4445 809 4503 ﬁdei
826 4418 844 4429 .
863 4445 1040 4519 gloria
1066 4418 1473 4501 monstraretur
1497 4458 1509 4496 :
1543 4441 1637 4497 sed
1664 4418 1718 4498 et
1745 4460 1864 4514 pro-
1891 4418 1942 4478 D
1972 4422 2195 4497 ειιίιδῖίδ
2214 4422 2486 4495 acquirat-

246 4550 388 4614 pter
416 4555 538 4607 nos,
569 4536 666 4610 qui
695 4535 884 4592 eodem
916 4532 1235 4592 devotionis
1277 4532 1535 4604 exemplo
1565 4531 1871 4589 credulita-

2052 4520 2106 4577 4.
2138 4521 2208 4575 Et
2237 4519 2282 4576 si
2316 4518 2596 4576 interdum
2633 4516 2882 4591 vigorem
2912 4512 3134 4573 dicendi
3160 4512 3219 4569 in
3249 4510 3412 4568 nobis
3449 4524 3582 4567 cor-

241 4600 328 4687 tis
363 4600 541 4700 gloria
571 4600 958 4699 provocamur.
990 4624 1245 4683 Christus
1261 4621 1411 4681 enim
1440 4600 1589 4695 quod
1622 4630 1877 4693 operatus
1982 4612 2131 4684 poris
2158 4609 2428 4667 obtundat
2478 4607 2798 4700 inﬁrmitas,
2834 4613 3018 4700 tamen
3049 4603 3235 4662 studio
3263 4600 3583 4700 devotiouis

240 4727 365 4785 est,
423 4732 533 4771 non
592 4713 708 4770 illis
750 4721 964 4772 tantum
1017 4722 1273 4786 operatus
1319 4718 1425 4778 est,
1472 4724 1610 4783 quos
1639 4707 1873 4765 habebat

158 4806 167 4821 '
240 4814 403 4864 tunc
447 4811 776 4877 praesentes:
823 4804 919 4860 sed
959 4812 1016 4860 et
1063 4802 1226 4859 nobis
1268 4808 1454 4874 postea
1483 4798 1776 4868 secuturis,
1807 4806 1871 4856 ut

242 4897 399 4953 licet
438 4892 672 4966 majores
711 4893 888 4951 nostri
926 4902 1173 4965 tempore
1224 4907 1325 4947 nos
1369 4889 1762 4961 praecederent,
1796 4896 1869 4944 ta-

242 4999 398 5043 men
445 4982 734 5055 signorum
784 4982 957 5056 gratia
983 4998 1094 5037 non
1116 4979 1393 5053 praeirent.
1421 4978 1552 5045 Qum
1581 4977 1728 5033 enim
1757 4977 1871 5035 illis

331 5090 463 5163 (29)
504 5088 629 5147 νει.
670 5089 828 5159 edit.,
856 5088 1205 5163 substantiam
1244 5086 1538 5163 conditione
1564 5084 1743 5163 vilem_,
1771 5083 1868 5139 im-

241 5156 546 5223 becillitate
588 5156 896 5233 pallentem,
940 5167 1106 5233 morte
1148 5159 1205 5214 in
1242 5156 1657 5233 resurrectione;
1705 5156 1864 5214 Rom.

240 5237 433 5303 edit.,
482 5230 650 5289 morte
688 5233 998 5305 frigentem,
1026 5232 1086 5287 in
1123 5230 1535 5297 resurrectione;
1570 5230 1701 5285 m'ss.
1734 5243 1866 5286 vero

242 5304 561 5366 nobiscum
596 5304 824 5361 faciunt.

333 5376 689 5457 (ἕξω-ϐοάᾳ
716 5373 1154 5457 Regzprzemissis
1178 5372 1387 5457 aliquot
1407 5369 1662 5457 vegibus
1680 5370 1862 5455 Evan.

244 5444 619 5520 gelii,'hanc
676 5444 961 5502 homiliam
992 5446 1070 5501 ita
1118 5444 1441 5503 ordinatur:
1474 5444 1863 5516 Descripsimus

244 5525 446 5578 beatos
476 5520 761 5587 apostolos,
780 5526 888 5575 etc.

335 5590 466 5665 (3t)
497 5586 579 5647 Ita
609 5588 851 5647 mss.nisi
883 5588 1029 5663 quod
1048 5603 1147 5661 pro
1173 5587 1323 5646 nobis
1340 5586 1857 5662 gereretur,quidam

1979 4710 2174 4759 vestrae
2221 4702 2478 4759 fortiores
2512 4699 2802 4757 elﬁcimur.
2834 4696 2978 4753 Nam
3008 4711 3118 4768 quo
3150 4710 3249 4751 vos
3277 4693 3584 4751 studiosius

1979 4791 2206 4858 auditis,
2236 4809 2300 4848 eo
2329 4809 2430 4848 nos
2460 4790 2725 4847 libentius
2750 4784 3157 4859 praedicamus;
3184 4790 3240 4839 et
3268 4781 3447 4840 virtus
3483 4799 3581 4839 no-

1977 4882 2064 4939 bis
2117 4880 2379 4954 loquendi
2422 4878 2667 4947 additur,
2694 4893 2821 4935 cum
2855 4892 2954 4931 vos
2994 4872 3349 4946 intelligendi
3369 4888 3583 4930 accom-

1977 4970 2215 5027 modatis
2241 4968 2653 5036 auditum.Quis
2686 4968 2835 5023 enim
2862 4982 2979 5021 non
3011 4970 3247 5021 conetur
3276 4962 3396 5020 illic
3424 4960 3581 5019 verbi

1975 5070 2295 5154 praeferunt,
2337 5080 2397 5135 in
2449 5078 2623 5154 nobis-
2648 5078 2854 5154 geritur
2875 5095 2896 5154 ;_
2943 5075 3080 5154 edit.
3136 5087 3326 5154 vero,
3361 5072 3469 5154 imo
3522 5070 3580 5125 in

1973 5143 2121 5211 nobis
2145 5143 2370 5225 geritur,
2402 5143 2672 5223 quidquid
2689 5150 2837 5206 nobis
2876 5143 3163 5222 ingeritur,
3198 5143 3460 5216 quidquid
3486 5157 3577 5196 uo-

1974 5225 2051 5280 bis
2084 5226 2411 5281 insinuatur.
2486 5292 2520 5295 ﬂ
3013 5292 3029 5295 _
3138 5290 3180 5295 _
3362 5283 3373 5295 .
3546 5280 3557 5293 .

2046 5297 2163 5369 (32)
2205 5298 2408 5355 Omnes
2438 5292 2572 5351 edit.
2605 5310 2735 5369 cum
2770 5292 3081 5369 Regucodq
3127 5290 3260 5369 Ecee
3287 5290 3373 5369 cui
3409 5290 3579 5365 mani-

1969 5360 2198 5438 festatur
2238 5370 2408 5424 virtus
2453 5368 2743 5439 operantis,
2766 5433 2775 5439 Α
2796 5360 2874 5420 δι’
2891 5364 3019 5435 ﬁdes
3044 5360 3371 5439 praedicatur

1970 5433 2105 5510 festa
2159 5433 2529 5505 credentium}
2575 5433 2779 5510 reliqui
2826 5433 2957 5491 mss.
3006 5449 3037 5489 e
3078 5433 3376 5497 contrario,
3424 5433 3487 5483 ut
3521 5433 3581 5484 in

1968 5526 2073 5569 COD
2080 5520 2234 5569 textu
2242 5555 2254 5566 .
