4068 6188
524 260 629 319 643

1529 275 1626 331 ΑΙ)
1664 275 1899 333 OPERA
1937 276 1992 335 S.
2036 278 2371 338 AMBROSII
2405 281 2788 342 APPENDIX.

3716 296 3825 354 644

523 389 764 446 caelestis
794 391 1005 448 semina
1046 393 1247 465 jacere,
1280 394 1374 451 ubi
1417 397 1558 455 illud
1602 402 1723 473 puri
1753 407 1899 465 403
1925 402 2109 460 cordis
2135 406 2186 465 A
2213 411 2357 462 stros
2415 406 2661 465 hausisse
2713 426 2909 484 aquam
2952 410 3020 467 de
3050 413 3254 484 puteis,
3285 415 3483 471 vinum
3516 417 3573 472 in
3604 417 3828 491 hydriis

524 486 760 544 fecunda
803 498 945 545 terra
988 491 1300 564 suscipiat?
1342 493 1494 564 Quis,
1543 497 1789 572 inquam,
1837 518 1948 557 non
1996 503 2118 561 illic

526 579 757 635 verbum
806 579 1105 636 Salvatoris
1155 584 1426 640 collocare
1473 588 1629 657 velit,
1684 590 1971 647 ubi.illud
2000 609 2113 648 non

524 667 868 723 saecularium
900 669 1218 727 sollicitudo
1253 673 1530 745 praefocet,
1564 678 1659 733 sed
1687 679 2115 752 disciplinarum

523 756 856 827 spiritalium
897 758 1076 815 virtus
1118 762 1360 817 enutriat
1394 763 1422 819 ‘l
1451 765 1615 837 Ergo,
1647 767 1863 837 fratres,
1897 770 2027 842 quia
2059 769 2118 825 in

523 853 709 900 sancta
760 845 1071 917 Epiphania
1125 851 1531 910 exsultavimus
1561 856 1813 913 videntes
1851 860 2120 916 miracula

522 932 841 1004 Salvatoris,
871 935 1134 993 debemus
1156 939 1333 996 facere
1365 944 1512 1014 quod
1546 945 1698 1001 illius
1726 948 1990 1019 temporis
2008 950 2117 1005 dis-

522 1023 692 1095 cipuli
719 1032 853 1082 tunc
882 1026 1151 1085 fecerunt.

592 1114 647 1170 5.
676 1115 833 1182 Quod
876 1124 1055 1172 autem
1087 1117 1207 1173 dixi
1236 1119 1441 1177 vidisse
1470 1138 1569 1178 nos
1597 1126 1780 1194 modo,
1807 1128 1951 1200 quod
1982 1127 2116 1183 olim

519 1212 730 1274 gestum
773 1214 888 1260 est:
938 1206 1182 1262 vidimus
1230 1210 1410 1279 plane,
1455 1212 1815 1287 videmusque
1845 1218 2112 1289 quotidie.

518 1292 598 1346 Ea
644 1294 792 1347 enim
824 1303 953 1349 sunt
983 1293 1188 1350 Christi
1223 1297 1520 1367 mirabilia,
1549 1310 1611 1357 ut
1642 1320 1754 1359 non
1787 1306 2116 1379 antiquitate

518 1388 843 1453 praetereant
878 1381 1117 1454 (33),sed
1149 1385 1321 1457 gratia
1368 1390 1792 1448 convalescant:
1826 1410 1937 1449 non
1964 1394 2117 1450 obli-

518 1469 683 1526 vione
714 1471 1167 1542 sepeliantur,sed
1184 1483 1244 1530 ut
1256 1476 1560 1535 virtutibus
1587 1480 2115 1555 innoventur.Apud

516 1560 975 1631 omnipotentiam
1028 1564 1175 1619 enim
1217 1566 1316 1620 Dei
1363 1567 1507 1623 nihil
1536 1577 1616 1625 est
1643 1570 1934 1641 abolitum,
1969 1574 2114 1629 nihil

516 1650 888 1723 praeteritum:
925 1653 1019 1710 sed
1056 1670 1154 1725 pro
1184 1656 1270 1710 sui
1301 1658 1682 1729 magnitudine
1716 1663 1906 1718 omnia
1935 1664 2020 1720 illi
2053 1665 2111 1719 in

514 1740 769 1814 praesenti
807 1749 1139 1807 sunt,totum
1180 1744 1265 1799 illi
1295 1755 1509 1818 tempus
1538 1757 1620 1805 est
1655 1750 1840 1807 hodie.
1874 1753 2029 1809 Unde
2059 1762 2113 1809 et
2140 1778 2187 1838 Β

515 1838 736 1888 sanctus
756 1830 1028 1902 Propheta
1057 1832 1214 1889 dicit:
1251 1856 1269 1879 ε
1296 1834 1446 1891 Mille
1474 1838 1605 1893 anni
1628 1848 1756 1896 ante
1776 1842 1965 1898 oculos
1988 1851 2110 1899 tuos

512 1926 772 1992 tanquam
802 1919 920 1976 dies
951 1921 1237 1993 una(Psal.
1260 1940 1494 1995 Lxxxrx,
1524 1925 1605 1998 4).
1630 1954 1648 1976 ι
1682 1929 1840 1997 Quod
1870 1930 1915 1986 si
1946 1947 2110 1988 omne

514 2009 842 2065 saeculorum
872 2017 1088 2082 tempus
1107 2027 1217 2066 una
1241 2012 1358 2070 dies
1388 2023 1470 2070 est
1498 2017 1758 2088 Domino,
1791 2019 1979 2076 eadem
2012 2022 2103 2078 die

513 2114 621 2170 qua
673 2098 947 2155 mirabilia
989 2099 1239 2158 Salvator
1267 2104 1515 2176 patribus
1546 2117 1802 2180 operatus
1833 2118 1935 2181 est,
1967 2127 2110 2184 ope-

511 2191 664 2242 ratus
697 2195 750 2242 et
778 2187 939 2244 nobis
966 2198 1066 2246 est.
1100 2190 1360 2249 Vidimus
1388 2192 1559 2266 igitur
1589 2204 1642 2252 et
1678 2214 1777 2254 nos
1801 2199 1945 2256 sicut
1981 2219 2109 2259 ma-

507 2271 654 2345 jores
673 2280 848 2333 nostri
885 2279 1162 2335 mirabilia
1186 2282 1565 2351 Domini,cum
1598 2287 1716 2357 pari
1756 2305 1818 2344 ea
1845 2306 1970 2346 cum
1995 2291 2108 2348 illis

510 2368 733 2435 stupore
761 2366 1495 2437 suspeximusGustavimus
1524 2381 1579 2428 et
1612 2390 1713 2430 nos
1750 2377 1893 2433 sicut
1924 2378 2010 2434 illi
2040 2380 2107 2436 de

510 2449 643 2525 ipsis
673 2452 927 2527 hydriis;
960 2455 1231 2529 siquidem
1266 2458 1347 2514 illi
1378 2459 1444 2515 de
1472 2460 1561 2517 his
1589 2465 1849 2536 poculum
1880 2468 1997 2524 vini
2024 2468 2106 2526 bi-

506 2541 731 2613 berunt,
761 2560 862 2600 nos
887 2543 1082 2600 salutis
1104 2544 1331 2602 calicem
1354 2551 1770 2622 sumpserimus.

580 2634 632 2691 6.
661 2634 933 2691 Debemus
959 2651 1086 2708 ergo
1106 2636 1304 2705 facere,
1337 2638 1457 2694 viso
1482 2640 1642 2711 signo
1673 2643 1920 2713 Domini,
1956 2645 2103 2718 quod

506 2725 682 2782 nostri
714 2725 887 2780 fecere
914 2723 1159 2796 priores;
1193 2726 1237 2781 si
1268 2727 1415 2783 enim
1447 2729 1633 2785 eadem
1664 2731 1723 2787 in
1749 2732 1908 2790 nobis
1949 2734 2104 2790 divi-

506 2815 696 2872 nitatis
730 2815 949 2871 refulsit
984 2816 1177 2888 gratia,
1208 2817 1399 2882 eadem
1430 2826 1483 2872 et
1517 2819 1649 2876 ﬁdei
1704 2822 1848 2894 apud
1870 2838 1970 2879 nos
1999 2822 2105 2879 de-

504 2906 603 2962 bet
631 2922 745 2962 esse
776 2906 1015 2963 devotio.
1034 2909 1185 2964 Dicit
1203 2911 1350 2965 enim
1386 2913 1724 2985 evangelista
1749 2915 1817 2972 de
1842 2917 2101 2987 Domino,

504 2994 610 3051 hoc
639 2995 906 3051 miraculo
935 3005 1277 3069 perpetrato:
1326 3024 1344 3046 ι
1366 3000 1437 3055 Et
1468 3002 1845 3062 manifestavit
1873 3007 2102 3079 gloriam

504 3098 682 3152 suam,
713 3090 768 3138 et
795 3082 1148 3140 crediderunt
1177 3085 1438 3160 discipuli
1467 3090 1588 3163 ejus
1612 3093 1671 3148 in
1690 3097 2003 3167 eum(Joan.
2037 3117 2098 3168 II,

508 3171 619 3244 11).
652 3196 671 3220 ι
716 3171 947 3229 Credere
972 3190 1099 3246 ergo
1127 3174 1408 3247 debemus,
1446 3178 1591 3236 sicut
1620 3189 1674 3237 et
1704 3190 1838 3241 tunc
1868 3188 2101 3258 apostoli

503 3260 874 3318 crediderunt.
906 3262 1055 3319 Dicit
1084 3274 1264 3321 autem
1294 3266 1436 3324 alius
1470 3284 1481 3322 :
1524 3294 1542 3316 ι
1569 3271 1639 3326 Et
1668 3288 1768 3329 nos
1801 3273 2102 3335 Christiani

501 3369 711 3421 sumus,
743 3360 797 3409 et
822 3352 1098 3409 credimus
1120 3352 1177 3410 in
1199 3356 1499 3413 Dominum
1531 3358 1895 3419 Salvatorem.
1934 3391 1953 3414 ι
1995 3365 2101 3424 Sed

499 3442 719 3499 credere
768 3459 906 3514 opus
948 3451 1030 3499 est
1058 3460 1241 3515 opere,
1273 3462 1384 3500 non
1416 3463 1667 3504 sermone
1696 3468 1708 3505 ε
1746 3467 1855 3507 non
1888 3453 2096 3526 lingua,

499 3530 596 3586 sed
617 3530 817 3598 corde;
851 3546 918 3586 ne
947 3538 1001 3586 et
1030 3531 1190 3588 nobis
1217 3533 1468 3590 dicatur:
1526 3562 1545 3584 ι
1574 3537 1735 3595 Plebs
1787 3539 1903 3597 hate
1939 3541 2099 3600 labiis

501 3632 589 3672 me
644 3616 900 3686 honorat,
954 3635 1051 3675 eor
1090 3627 1271 3676 autem
1320 3638 1511 3679 eorum
1574 3625 1733 3699 longe
1790 3636 1871 3685 est
1923 3645 1953 3685 a
2010 3647 2098 3688 me

509 3706 645 3775 (Isa.
675 3723 837 3776 xxxx,
861 3707 974 3779 13).
1005 3732 1024 3757 ι

1124 3855 1359 3914 SERMO
1397 3858 1470 3916 X.

921 3961 1001 4017 De
1027 3967 1216 4020 sancta
1243 3965 1555 4038 Epiphania
1583 3968 1677 4025 III.

516 4073 785 4160 Christum
814 4075 908 4133 hoc
935 4074 1035 4160 die.
1058 4077 1115 4160 in
1137 4080 1372 4160 Iordane
1405 4082 1621 4138 tinctum
1654 4085 1720 4140 ab
1748 4085 1873 4160 aliis
1898 4090 2091 4160 astrui,

568 4150 635 4204 ab
679 4149 806 4204 aliis
850 4150 1035 4226 negarj
1065 4152 1233 4226 tradit
1269 4153 1353 4207 hic
1400 4171 1569 4210 sermo
1599 4173 1616 4210 :
1651 4172 1757 4226 qua
1786 4158 1847 4213 de
1872 4176 1932 4214 re
1960 4149 2095 4216 Hie-'-

564 4237 848 4300 ronymus__
875 4222 933 4276 in
978 4223 1324 4300 Ezechielem,
1382 4226 1485 4281 Leo
1511 4222 1779 4300 _Magims,
1840 4231 1990 4300 epist.
2026 4233 2093 4290 16

565 4308 717 4346 nova:
766 4294 911 4369 edit”
968 4300 1125 4369 atque
1170 4295 1271 4351 alii
1314 4298 1520 4354 consuli
1546 4294 1803 4369 possunt.
1837 4294 2095 4359 Nostrum

565 4377 689 4418 vero
722 4370 797 4418 est
828 4363 910 4418 hic
954 4363 1237 4421 admonere
1288 4383 1403 4422 cum
1465 4363 1746 4426 serinouel
1784 4375 1955 4428 sancti
1979 4376 2092 4432 Ma-

566 4432 723 4516 ximi,
755 4451 976 4516 necnon
1007 4452 1123 4491 cum
1151 4436 1261 4493 alio
1291 4440 1613 4516 in__Append.
1643 4442 1781 4516 Aug.
1817 4444 2092 4516 l34,quem

583 4499 749 4559 eidem
797 4507 1184 4588 Maximo'mss‘.
1226 4499 1440 4588 eterlit:
1456 4499 1796 4588 ἒοιηηηιηίρὲν
1826 4499 2084 4588 tribuunt,
2120 4499 2170 4559 D

567 4578 793 4661 multum
833 4577 1203 4662 conéveaireAt
1232 4580 1365 4635 nihil
1395 4584 1572 4662 eicuin
1598 4585 1887 4641 Ambrosio
1919 4577 2090 4662 afﬁni:

572 4649 694 4732 talis
741 4666 875 4732 esse,
908 4647 1068 4732 [pelle
1094 4649 1425 4732 isagnoscet,
1442 4655 1544 4732 _qui
1571 4661 1769 4711 tantum
1801 4675 1917 4728 qua:
1943 4647 2089 4732 apud

566 4721 742 4792 ipsum
792 4721 886 4799 sub
916 4721 1071 4799 ﬁnem
1121 4721 1213 4799 lib.
1261 4739 1301 4799 i_1
1347 4724 1401 4776 in
1431 4721 1648 4799 Lucam,
1680 4734 1728 4781 et
1758 4721 1875 4799 qua:
1906 4732 1957 4786 in
1974 4721 2080 4788 ‘hoc

563 4809 822 4867 sermone,
852 4792 913 4847 de
961 4792 1210 4848 columba:
1254 4795 1430 4867 ﬁgura
1485 4792 1840 4866 disseruntur,
1873 4802 2007 4859 inter
2034 4821 2087 4860 se

564 4864 862 4921 contulerit.

566 4990 617 5045 1.
658 4988 912 5062 Plerique
953 4989 1010 5046 in
1057 4991 1160 5049 hac
1195 5000 1383 5050 saneta
1420 4994 1744 5068 Epiphaniae
1782 4997 1872 5055 die
1902 4997 2082 5056 hacte-

492 5094 599 5135 nus
646 5095 677 5134 a
729 5078 968 5135 Domino
1011 5081 1290 5138 mirabilia
1317 5082 1459 5139 facta
1483 5101 1597 5142 esse
1626 5095 2081 5159 commemorant,

492 5175 555 5224 ut
600 5176 822 5241 rogatus
877 5169 945 5225 ad
1002 5170 1224 5242 nuptias
1278 5188 1434 5245 aqua;
1483 5174 1847 5232 substantiam
1878 5178 1935 5234 in
1965 5177 2084 5234 vini

489 5257 729 5331 speciem
782 5265 1166 5329 commutaret,
1215 5277 1278 5318 ac
1321 5261 1593 5335 liquorem
1620 5263 1858 5321 fontium
1883 5265 1942 5322 in
1973 5283 2083 5325 me-

462 5347 685 5411 ,liorem
742 5364 903 5404 usum
949 5348 1035 5405 sui
1077 5348 1465 5409 benedictione
1512 5354 1862 5411 transferret:
1915 5353 2076 5413 mini-

562 5510 678 5598 (33)
726 5511 930 5598 Omnes
970 5511 1338 5581 edit.,Christi
1364 5514 1633 5598 miraculi,
1667 5522 1727 5598 ut
1752 5534 1857 5573 non
1886 5516 2081 5591 iniqui-

490 5586 593 5636 tate
606 5589 927 5651 prwtereant
953 5602 965 5651 ;
1003 5600 1195 5640 omnes
1223 5601 1351 5642 mss.
1385 5594 1446 5642 ut
1475 5587 1533 5642 in
1562 5595 1844 5647 contextu.

563 5598 593 5634 'e
651 5598 927 5638 rwtereant
953 5602 965 5651 ;
1003 5600 1195 5640 omnes
1223 5601 1351 5642 mss.
1385 5598 1446 5642 ut
1475 5603 1533 5642 1n
1562 5598 1844 5647 contextu.

563 5598 681 5722 (ᾖ)
739 5655 894 5711 Rom.
945 5655 1079 5713 edit.
1126 5672 1250 5713 cum
1282 5658 1413 5731 Reg.
1471 5658 1618 5729 cod.,
1651 5660 1787 5718 sicut
1808 5662 1937 5720 dicit
1959 5681 2083 5736 pro-

2228 494 2539 557 invenisse:
2572 505 2734 572 atque
2766 499 2990 557 utiliore
3018 501 3310 574 dispendio
3337 505 3644 576 perdidisse
3676 511 3827 581 quod

2226 581 2612 656 impleverant,
2666 590 2930 661 reperisse
2961 592 3109 663 quod
3165 592 3388 649 deerat:
3444 603 3686 669 tuncque
3717 600 3829 670 pri-

2227 688 2378 727 mum
2427 673 2533 730 hoc
2562 675 2805 732 mirabili
2835 679 2992 751 signo
3020 680 3338 737 divinitatis
3367 699 3477 739 suae
3518 677 3859 744 declarasse.

2227 760 2490 818 virtutem
2549 766 2729 836 (Joan.
2789 785 2851 838 ιι,
2900 769 3090 841 2-11).
3121 772 3391 829 Nonnulli
3419 784 3599 831 autem
3635 778 3692 833 in
3724 779 3831 836 hac

2227 862 2417 909 sancta
2471 854 2561 910 die
2612 856 2680 911 ab
2724 858 2932 915 Joanne
2976 862 3312 935 baptizatum
3346 881 3469 921 eum
3498 867 3554 921 in
3588 868 3828 927 Iordane

2230 950 2518 1015 testantur,
2547 954 2711 1020 atque
2731 948 2787 1004 in
2822 951 3024 1007 lavacri
3046 952 3165 1025 ejus
3194 954 3369 1026 gratia
3396 956 3714 1015 interfuisse
3748 962 3825 1015 lo-

2228 1033 2445 1104 quendo
2492 1037 2666 1091 Deum
2721 1038 2956 1108 Patrem,
3009 1050 3258 1098 sanctum
3308 1060 3526 1119 quoque
3555 1046 3821 1119 Spiritum

2226 1120 2592 1180 descendisse.
2639 1126 2749 1182 Nec
2794 1128 2999 1184 mirum
3029 1129 3076 1185 si
3108 1131 3166 1186 in
3200 1133 3424 1188 Domini
3455 1134 3675 1192 lavacro
3706 1155 3825 1209 my-

2226 1210 2452 1266 sterium
2479 1229 2590 1268 non
2606 1214 2781 1270 defuit
2803 1217 3243 1288 Trinitatis,cum
3267 1229 3518 1278 nostrum
3541 1225 3821 1282 lavacrum

2226 1298 2514 1357 Trinitatis
2569 1305 2841 1377 compleat
2866 1317 3269 1366 sacramentum
3294 1327 3306 1365 :
3342 1328 3521 1385 neque
3551 1314 3699 1369 enim
3729 1332 3822 1387 po-

2224 1395 2365 1443 terat
2423 1391 2692 1448 Dominus
2748 1411 2860 1451 non
2919 1397 3160 1467 primum
3221 1399 3373 1456 circa
3419 1417 3477 1456 se
3535 1402 3822 1473 exhibere,

2224 1478 2371 1550 quod
2402 1488 2516 1534 erat
2545 1490 2732 1553 postea
2761 1483 3002 1540 humano
3033 1487 3216 1558 generi
3252 1498 3642 1561 praeceptums,
3690 1510 3822 1548 cum

2225 1566 2411 1621 omnia
2448 1583 2557 1625 non
2599 1569 2684 1626 sui
2713 1587 2894 1640 causa,
2924 1572 3019 1628 sed
3047 1583 3250 1631 nostra
3279 1576 3456 1647 gratia
3483 1578 3680 1633 salutis
3706 1579 3819 1635 efﬁ-

2224 1662 2389 1711 ceret.

2295 1743 2348 1799 2.
2403 1747 2475 1800 At
2504 1749 2775 1822 numquid
2820 1759 3039 1825 propter
3071 1769 3127 1809 se
3156 1752 3423 1827 baptizari
3456 1757 3656 1826 voluit,
3685 1776 3813 1816 cum

2218 1841 2500 1904 peccatum
2530 1852 2643 1892 non
2672 1838 3062 1909 haberet,sicut
3095 1843 3234 1899 dicit
3264 1844 3456 1901 Petrus
3488 1846 3628 1917 (34):
3666 1872 3683 1895 ι
3707 1848 3814 1916 Qui

2218 1921 2569 1996 iniquitatem
2600 1942 2712 1982 non
2742 1927 2891 1997 fecit,
2926 1945 3029 1986 nec
3057 1930 3319 1988 inventus
3347 1941 3429 1990 est
3453 1934 3613 1993 dolus
3643 1937 3700 1994 in
3725 1955 3819 1994 ore

2218 2010 2337 2083 ejus
2377 2015 2436 2084 (Ι
2474 2016 2588 2072 Pet.
2637 2034 2696 2086 ιι,
2729 2018 2855 2091 22)?
2877 2044 2895 2069 ι
2933 2019 3038 2075 Sed
3069 2029 3293 2094 propter
3321 2039 3424 2080 nos
3447 2025 3666 2098 utique,
3699 2029 3816 2101 qui,

2218 2107 2521 2163 multorum
2572 2110 2870 2168 criminum
2915 2115 3153 2187 peccatis
3196 2116 3451 2186 obnoxii,
3481 2138 3621 2193 opus
3660 2121 3821 2179 habe-

2216 2194 2413 2251 bamus
2450 2197 2600 2253 utin
2650 2200 2856 2257 Christi
2899 2202 3175 2275 baptismo
3217 2222 3612 2279 purgaremur:
3655 2219 3819 2284 atque

2218 2282 2342 2340 ideo
2371 2284 2526 2341 venit
2554 2288 2824 2346 Dominus
2851 2290 2921 2346 ad
2952 2292 3252 2364 lavacrum,
3278 2312 3390 2352 non
3416 2305 3474 2353 ut
3492 2282 3820 2370 puriﬁcetur

2218 2373 2335 2445 ipse
2384 2375 2561 2447 aquis,
2615 2377 2712 2434 sed
2762 2386 2823 2434 ut
2869 2380 3030 2437 nobis
3077 2399 3345 2456 aquarum
3391 2386 3601 2443 ﬂuenta
3627 2389 3817 2461 puriﬁ-

2215 2471 2302 2521 cet
2331 2464 2446 2538 (35)
2484 2484 2495 2521 :
2537 2483 2607 2522 ex
2635 2484 2745 2541 quo
2775 2470 2923 2526 enim
2954 2471 3050 2528 ille
3080 2490 3196 2531 sese
3226 2476 3285 2531 in
3308 2492 3478 2549 aquas
3502 2480 3715 2547 mersit,
3747 2496 3817 2535 ex

2216 2569 2280 2608 eo
2308 2555 2557 2611 omnium
2588 2557 2931 2616 credentium
2958 2571 3179 2633 peccata
3209 2564 3434 2623 delevit.
3474 2567 3706 2625 Necesse
3734 2576 3818 2625 est

2214 2649 2395 2697 autem
2449 2653 2510 2700 ut
2555 2647 2802 2702 omnium
2852 2658 3075 2720 peccata
3114 2651 3404 2723 deleverit,
3433 2657 3529 2728 qui
3561 2658 3811 2714 omnium

2214 2735 2433 2798 peccata
2473 2733 2751 2804 suscepit;
2812 2735 2956 2792 sicut
3003 2738 3082 2792 ait
3104 2740 3477 2812 evangelista:
3524 2768 3544 2790 ι
3582 2744 3683 2800 Hic
3730 2755 3811 2803 est

2213 2819 2403 2889 Agnus
2447 2819 2568 2889 Dei,
2614 2821 2706 2878 hic
2734 2833 2815 2881 est
2842 2825 2936 2898 qui
2968 2827 3117 2883 tollit
3150 2838 3366 2900 peccata
3398 2832 3592 2887 mundi
3625 2836 3808 2905 (Joau.

2213 2923 2253 2976 Ι,
2295 2906 2409 2980 29).
2444 2933 2463 2956 ι
2506 2910 2708 2967 Mirum
2738 2929 2866 2985 ergo
2909 2915 2968 2970 in
3001 2917 3227 2975 modum
3258 2936 3402 2977 unus
3434 2924 3720 2995 mergitur,
3752 2934 3810 2981 et

2212 2997 2360 3052 salus
2389 2999 2638 3055 omnium
2669 3012 2969 3075 reparatur.

2289 3091 2440 3147 404
2474 3087 2526 3143 3.
2574 3088 2745 3146 Adest
2788 3108 2915 3164 ergo
2941 3094 3085 3151 Deus
3112 3095 3292 3167 Pater,
3325 3114 3450 3156 cum
3498 3100 3811 3174 baptizatur

2211 3182 2514 3251 Dominus;
2546 3184 2699 3242 adest
2725 3186 2965 3259 Spiritus
3004 3198 3244 3249 sanctus.
3284 3195 3479 3252 Videte
3508 3196 3808 3257 Salvatoris

2211 3270 2675 3345 benevolentiam,
2710 3293 2815 3350 qua
2841 3280 2991 3336 solus
3010 3297 3066 3337 se
3091 3281 3147 3337 in
3174 3284 3425 3355 passione
3453 3290 3809 3345 contumeliis

2211 3361 2480 3432 subdidit,
2538 3363 2594 3420 in
2654 3366 2874 3425 lavacro
2922 3370 3073 3426 solus
3123 3373 3354 3444 gratiam
3386 3392 3496 3431 non
3525 3378 3804 3449 qumsivit,

2209 3454 2332 3508 vult
2376 3455 2667 3527 participes
2711 3473 2827 3515 esse
2872 3460 3077 3532 gloriae.
3128 3463 3301 3520 Adest
3330 3481 3478 3538 ergo,
3509 3466 3655 3523 sicut
3684 3468 3805 3525 dixi

2208 3541 2387 3612 Pater,
2430 3544 2583 3601 adest
2608 3553 2661 3602 et
2701 3546 2941 3620 Spiritus
2978 3559 3234 3609 sanctus:
3268 3561 3323 3610 et
3363 3555 3493 3628 quia
3541 3557 3688 3612 Deus
3715 3557 3804 3613 vi-

2206 3633 2326 3690 deri
2356 3650 2467 3691 non
2496 3643 2693 3707 potest,
2724 3636 2964 3710 Spiritus
2993 3639 3051 3695 in
3083 3642 3361 3711 columba,
3402 3644 3563 3699 Pater
3581 3645 3803 3701 descen-

2207 3723 2291 3780 dit
2319 3723 2376 3780 in
2426 3741 2580 3782 voce:
2624 3728 2879 3801 quodque
2912 3731 3091 3786 solum
3139 3731 3206 3787 ad
3247 3734 3599 3790 astruendam
3631 3734 3798 3791 ﬁdem

2207 3810 2531 3871 hominibus
2567 3818 2933 3874 necessarium
2983 3827 3123 3887 erat,
3173 3821 3401 3878 exhibet
3431 3822 3798 3881 Salvatorem.

2206 3903 2368 3961 Fides
2396 3905 2544 3961 enim
2580 3915 2766 3963 nostra
2790 3924 2901 3963 non
2931 3907 3043 3964 nisi
3073 3910 3266 3966 auditu
3296 3920 3511 3969 constat
3542 3920 3596 3970 et
3626 3912 3752 3969 visu
3782 3931 3796 3981 ;

2206 3992 2331 4050 ideo
2368 4011 2423 4050 se
2461 3995 2699 4068 Spiritus
2728 3997 2783 4053 in
2812 4000 3074 4056 columba
3102 4001 3278 4058 oculis
3316 4002 3525 4072 subdit,
3555 4005 3714 4060 Pater
3742 4005 3799 4061 in

2205 4101 2341 4142 voce
2388 4102 2444 4142 se
2499 4087 2726 4144 auribus
2782 4089 3201 4163 subministrat;
3244 4108 3372 4149 nam
3428 4094 3538 4149 nisi
3579 4104 3801 4166 propter

2204 4182 2445 4230 nostram
2497 4176 2879 4234 credulitatem
2935 4179 3041 4236 ista
3084 4180 3206 4235 fieri
3236 4181 3586 4252 oportuisset,
3618 4184 3799 4256 potuit

2202 4262 2361 4319 Pater
2402 4272 2456 4320 et
2497 4265 2735 4338 Spiritus
2770 4275 3027 4340 tanquam
3062 4267 3368 4325 invisibilis
3390 4271 3537 4327 Deus
3560 4271 3629 4326 ad
3661 4272 3795 4328 Ver-

2200 4352 2332 4409 bum
2372 4354 2576 4409 Filium
2608 4355 2881 4412 invisibili
2904 4358 3248 4431 prolapsione
3270 4358 3797 4434 descenderngitur

2201 4452 2422 4515 propter
2475 4453 2716 4502 nostram
2765 4445 2926 4502 fidem
2984 4457 3174 4520 aperto
3223 4450 3386 4518 coelo,
3443 4450 3682 4522 Spiritus
3726 4451 3794 4507 ad

2201 4532 2505 4603 Christum,
2539 4536 2700 4592 Pater
2728 4536 2797 4592 ad
2824 4536 3055 4605 Filium,
3103 4555 3215 4609 vox
3253 4538 3540 4596 descendit
3567 4539 3635 4596 ad
3662 4539 3794 4596 Ver-

2198 4624 2362 4680 bum:
2398 4627 2643 4684 Verbum
2675 4626 2822 4683 enim
2863 4627 3120 4686 Christus
3148 4631 3325 4698 est,de
3354 4647 3464 4703 quo
3491 4630 3790 4687 scribitur:

2210 4736 2229 4761 ι
2277 4715 2339 4769 In
2396 4715 2670 4787 principio
2712 4723 2827 4772 erat
2875 4718 3118 4775 Verbum
3160 4720 3341 4790 (Joan.
3376 4738 3414 4788 ι,
3450 4722 3527 4792 1).
3560 4746 3578 4767 ι
3623 4721 3791 4788 Bene,

2197 4800 2444 4875 inquam,
2477 4804 2638 4859 Pater
2666 4821 2795 4874 vox,
2828 4815 2880 4862 et
2907 4807 3083 4864 Filius
3114 4807 3359 4864 Verbum
3397 4809 3625 4875 dicitur,
3663 4810 3798 4881 quia

2196 4891 2444 4950 Verbum
2488 4894 2712 4951 nonnisi
2742 4895 2809 4952 de
2837 4914 2975 4954 voce
3002 4897 3270 4970 procedit.
3303 4897 3657 4956 Conveniunt
3694 4899 3795 4954 ita-

2195 4998 2300 5055 que
2346 4982 2452 5040 sibi
2491 5002 2603 5040 vox
2628 4993 2683 5041 et
2713 4986 2980 5057 Verbum,
3011 4995 3064 5044 et
3093 4988 3257 5045 saluti
3290 4988 3579 5045 hominum
3609 4990 3790 5063 provi-

2195 5072 2326 5129 dent
2353 5074 2612 5132 societate
2642 5076 2914 5150 mysterii.

2267 5165 2317 5220 1.
2352 5163 2472 5231 Qua
2501 5173 2681 5221 autem
2712 5165 2927 5222 ratione
2976 5166 3218 5242 Spiritus
3253 5175 3474 5225 sanctus
3501 5168 3573 5225 ad
3635 5168 3794 5227 Chri-

2193 5261 2338 5310 stum
2405 5255 2464 5310 in
2526 5254 2704 5328 specie
2755 5256 3024 5314 columbae
3070 5255 3434 5326 descenderit,
3475 5258 3793 5315 videamus:

2192 5350 2380 5400 utrum
2428 5343 2501 5400 sit
2547 5344 2732 5418 aliqua
2778 5344 3092 5402 similitudo
3120 5346 3392 5404 columbae
3421 5349 3508 5405 vel
3543 5348 3790 5418 Domini,

2187 5519 2382 5667 ῂῆῗὲἕ)
2430 5592 2584 5652 Edit.
2634 5594 2843 5654 ultimae
2895 5594 3089 5665 Paris,
3130 5590 3218 5653 sed
3269 5603 3326 5652 ut
3376 5612 3473 5653 nos
3515 5610 3789 5667 aquarum

2193 5665 2402 5734 ﬂuentis
2425 5667 2689 5741 puriﬁcet.
2723 5668 2845 5726 Non
2883 5678 3047 5727 recte.
