4068 6188
230 286 335 344 645

232 414 374 471 sicut
400 420 481 469 est
505 414 657 470 vocis
697 421 753 470 et
780 413 971 473 Verbi.
1003 416 1103 473 Est
1146 418 1309 489 plane
1336 434 1448 474 non
1476 434 1645 491 parva
1669 434 1680 472 :
1713 434 1819 474 co-
1851 421 1902 480 Α

232 501 470 558 lumbam
501 502 649 558 enim
676 502 839 559 etiam
873 503 1053 576 ipsum
1080 507 1379 563 Dominum
1405 507 1671 575 dixerim,
1696 506 1828 581 quia

230 598 311 646 est
364 592 560 659 alacer,
616 592 768 648 mitis
819 600 873 648 et
928 594 1185 667 simplex.
1249 595 1517 653 Columba
1561 603 1663 664 est,
1696 595 1828 667 quia

228 690 443 738 sanctos
487 698 615 738 suos
659 698 775 738 esse
829 684 1086 756 praecepit
1137 692 1200 739 ut
1252 685 1561 751 columbas,
1596 685 1822 741 dicens:

240 792 258 816 ι
296 771 488 826 Estote
526 770 805 843 simplices
837 772 981 829 sicut
1009 774 1280 830 columbae
1315 774 1527 846 (Matth.
1561 792 1619 843 x,
1654 776 1767 847 16).
1793 802 1811 824 ιι

226 860 383 928 Quod
408 871 592 918 autem
624 863 879 919 columba
899 864 1153 922 Christus
1172 866 1265 932 sit,
1299 867 1568 940 Propheta
1594 868 1732 925 dicit
1754 887 1826 926 ex

224 969 460 1023 persona
506 953 700 1025 ipsius,
732 954 1048 1011 describens
1096 963 1219 1026 post
1250 956 1555 1028 passionem
1586 956 1823 1013 reditum

220 1039 342 1112 ejus
396 1041 465 1097 ad
518 1044 768 1099 coelum:
819 1069 835 1091 ι
864 1044 1001 1111 Quis
1053 1044 1211 1100 dabit
1267 1046 1408 1101 mihi
1440 1063 1648 1118 pennas
1678 1046 1824 1103 sicut

219 1130 514 1200 columbae,
547 1141 600 1188 et
626 1132 843 1201 volabo,
873 1142 927 1190 et
956 1134 1291 1206 requiescam
1326 1137 1509 1206 (Psat.
1543 1152 1656 1204 LIV,
1691 1138 1721 1192 7
1744 1137 1808 1193 ii

219 1218 365 1276 Cum
395 1236 522 1292 ergo
568 1219 821 1277 Christus
849 1224 1120 1278 Dominus
1161 1223 1405 1279 initiaret
1434 1226 1695 1281 Ecclesiae
1725 1242 1825 1281 sa-

216 1319 523 1379 cramenta,
581 1329 611 1368 e
667 1314 807 1369 coelo
853 1315 1175 1386 supervenit
1224 1316 1500 1372 columba.
1567 1318 1823 1392 Intelligo

217 1401 573 1472 mysterium,
604 1417 837 1473 agnosco
867 1403 1032 1459 etiam
1084 1413 1488 1461 sacramentum
1521 1423 1532 1460 :
1564 1406 1823 1464 columba

215 1489 368 1546 enim
414 1489 531 1561 ipsa
582 1499 687 1567 est,
716 1506 835 1562 quae
862 1508 1013 1550 nunc
1052 1492 1119 1548 ad
1171 1495 1476 1551 Ecclesiam
1524 1495 1731 1552 Christi
1762 1496 1821 1553 in

215 1578 490 1651 baptismo
519 1580 691 1648 venit,
721 1598 841 1653 quae
873 1583 1155 1655 quondam
1183 1584 1252 1641 ad
1272 1602 1451 1642 arcam
1479 1586 1593 1643 Noe
1627 1587 1682 1643 in
1723 1587 1821 1643 di-

217 1667 372 1725 luvio
401 1669 716 1742 properavit
746 1672 902 1742 (Gen.
937 1690 1062 1741 vni,
1079 1674 1163 1744 9),
1196 1682 1327 1731 tunc
1354 1676 1439 1731 illi
1468 1677 1818 1734 securitatem

215 1758 558 1815 annuntians
586 1759 751 1815 olivae
771 1776 944 1829 ramo,
968 1761 1132 1818 modo
1151 1761 1285 1820 huic
1311 1765 1671 1822 aeternitatem
1693 1783 1820 1823 con-
1851 1778 1898 1839 Β

214 1847 398 1906 ferens
448 1848 762 1906 divinitatis
806 1850 1049 1920 indicio;
1101 1860 1235 1910 tunc
1280 1853 1499 1927 signum
1546 1856 1694 1928 pacis
1727 1873 1821 1913 ore

212 1937 475 2003 aﬂ'erens,
506 1938 670 1995 modo
705 1937 823 2012 ipsa
870 1956 1059 2012 pacem
1090 1941 1372 1999 Christum
1402 1944 1489 2001 sui
1518 1945 1823 2002 substantia

213 2026 640 2099 superfendens.

287 2116 343 2172 5.
386 2117 450 2172 In
501 2118 741 2174 Iordane
803 2118 975 2191 igitur
1030 2119 1339 2193 baptizatus
1394 2131 1475 2179 est
1530 2124 1818 2184 Dominus.

209 2206 391 2263 Multa
443 2206 720 2264 mirabilia
754 2209 813 2265 in
864 2210 969 2267 hoc
1021 2210 1253 2269 ﬂumine
1306 2214 1507 2287 saepius
1536 2215 1678 2273 facta
1705 2234 1821 2275 esse

210 2294 497 2367 Scriptura
539 2307 953 2368 commemorat,
1005 2300 1151 2357 inter
1187 2309 1380 2359 caetera
1425 2303 1653 2361 dicens:
1692 2331 1709 2353 ε
1747 2307 1821 2363 Et

208 2386 470 2445 Iordanis
504 2406 804 2447 conversus
831 2400 913 2448 est
942 2402 1243 2450 retrorsum
1271 2396 1453 2466 (Psal.
1486 2416 1643 2469 cxm,
1668 2400 1750 2473 3).
1784 2427 1804 2450 ι

209 2476 355 2533 Puto
417 2485 603 2535 autem
669 2495 784 2536 esse
831 2481 1144 2539 mirabilius
1207 2486 1354 2557 quod
1402 2489 1640 2546 Domino
1689 2491 1816 2548 Jesu

210 2565 439 2625 Christo
468 2568 548 2625 ibi
578 2570 780 2641 posito,
802 2570 1008 2628 factum
1034 2582 1115 2631 est
1139 2589 1151 2627 :
1185 2583 1310 2632 ante
1334 2577 1481 2634 enim
1512 2587 1813 2637 retrorsum

209 2672 371 2729 aqua
424 2674 704 2715 conversae
756 2659 996 2732 fuerant,
1053 2661 1216 2720 modo
1266 2674 1565 2724 retrorsum
1596 2677 1818 2741 peccata

208 2761 483 2803 conversa
510 2755 641 2804 sunt
677 2768 689 2806 :
736 2758 792 2806 et
837 2749 982 2807 sicut
1018 2758 1153 2810 tunc
1183 2752 1422 2826 impetus
1447 2755 1696 2815 ﬂuminis
1725 2760 1817 2815 al—

208 2849 379 2890 veum
433 2837 521 2893 sui
582 2855 777 2896 cursus
831 2841 1095 2912 perdidit,
1152 2843 1229 2900 ita
1280 2855 1335 2902 et
1389 2862 1539 2904 nunc
1579 2848 1816 2919 impetus

208 2934 568 2999 peccatorum
632 2929 944 2987 dominium
992 2932 1078 2989 sui
1145 2935 1347 2990 erroris
1402 2936 1605 2991 amisit.
1658 2937 1815 3004 Quod

212 3014 441 3088 quidem
475 3018 534 3073 in
561 3019 828 3090 propheta
855 3020 977 3075 Elia
989 3019 1105 3091 jam
1137 3020 1235 3075 illo
1254 3021 1311 3075 in
1341 3031 1584 3094 tempore
1608 3023 1815 3082 factum

1070 288 1445 347 SERMONES
1481 290 1536 345 S.
1576 288 1933 347 AMBROSIO
1971 289 2341 348 HACTENUS
2379 292 2717 352 ASCRIPTI.

3434 300 3540 358 6&6

2010 417 2112 495 135
2140 424 2188 472 et
2210 416 2311 495 136
2340 420 2567 490 August.
2599 421 2841 491 Append.
2895 422 3074 477 eadem
3123 424 3386 495 legantur,
3426 442 3536 479 non

2009 489 2114 543 leve
2167 489 2406 560 profecto
2440 489 2821 561 argumentum
2882 499 2955 547 est
3001 495 3067 549 ab
3123 489 3294 549 eodem
3322 489 3539 550 auctore

2005 577 2181 614 omnes
2200 562 2294 615 hos
2308 578 2571 616 sermones
2608 580 2714 617 esse
2756 562 3039 633 profectos,
3062 571 3158 621 aut
3212 567 3371 621 unius
3425 584 3537 623 au-

2004 636 2197 686 ctorem
2222 649 2289 688 ea:
2313 634 2484 689 altera
2514 634 2720 704 largius
2752 634 3009 691 hausisse.

2009 809 2059 863 1.
2092 808 2177 864 Ad
2199 825 2389 865 omnes
2408 826 2529 879 vos,
2563 812 2778 880 fratres,
2803 814 3247 886 prmdicationem
3278 834 3455 875 meam
3477 820 3536 877 in

1934 899 2024 955 die
2056 908 2242 955 sancta
2289 900 2617 972 Epiphaniae
2664 906 2976 976 pervenisse
3005 908 3189 976 credo,
3237 917 3291 964 et
3341 910 3409 966 ad
3438 928 3536 968 vos

1935 988 2219 1061 praecipue
2240 989 2666 1049 catechumenos
2689 1013 2702 1060 ;
2746 996 2805 1051 in
2836 1013 2943 1070 qua
2964 998 3355 1070 descripsimus
3381 1009 3535 1071 tunc,

1934 1076 2224 1132 nonnullis
2253 1084 2400 1140 405
2426 1083 2800 1139 asserentibus
2832 1101 3027 1159 aquam
3063 1087 3117 1142 in
3147 1087 3342 1143 vinum
3366 1089 3535 1146 fuisse

1932 1187 2255 1229 conversam
2281 1192 2294 1230 :
2323 1176 2597 1250 plerisque
2627 1186 2811 1235 autem
2841 1181 3174 1238 testantibus
3201 1183 3300 1240 illa
3318 1200 3536 1259 quoque

1932 1259 2023 1316 die
2049 1261 2108 1316 in
2162 1263 2397 1320 Jordane
2429 1266 2728 1323 Dominum
2797 1267 3154 1341 baptizatum.
3206 1271 3364 1338 Quod
3406 1274 3537 1332 licet

1932 1367 1964 1405 a
1990 1351 2225 1409 diversis
2279 1354 2607 1410 alterutrum
2665 1356 2871 1413 factum
2932 1375 3048 1415 esse
3102 1360 3380 1430 credatur,
3434 1378 3535 1434 ego

1932 1447 2113 1495 tamen
2143 1449 2444 1515 utrumque
2472 1443 2678 1500 factum
2710 1461 2824 1501 esse
2855 1447 3150 1523 conﬁrmo,
3181 1456 3235 1504 et
3262 1449 3415 1505 aliud
3443 1450 3535 1506 si-

1931 1545 2096 1601 gnum
2126 1530 2194 1585 de
2220 1530 2331 1586 alio
2371 1533 2666 1589 contineri.
2688 1535 2992 1609 Utrumque
3020 1538 3166 1593 enim
3188 1538 3393 1596 factum
3415 1548 3530 1597 est:

1928 1632 2056 1673 nam
2094 1634 2221 1674 cum
2280 1619 2591 1693 baptizatus
2647 1630 2728 1677 est
2765 1624 3057 1693 Dominus,
3121 1634 3176 1681 et
3203 1628 3531 1699 mysterium

1931 1706 2135 1763 lavacri
2166 1707 2431 1777 instituit,
2477 1717 2534 1765 et
2579 1709 2885 1768 humanum
2942 1730 3114 1786 genus
3144 1716 3298 1772 velut
3362 1718 3531 1774 vilem

1928 1810 2125 1867 aquam
2175 1796 2235 1851 in
2290 1803 2553 1853 aeternam
2583 1798 2947 1856 substantiam
2988 1802 3302 1861 divinitatis
3340 1821 3532 1877 sapore

1928 1883 2225 1941 convertit.
2257 1885 2533 1943 Similiter
2560 1895 2615 1943 et
2669 1904 2795 1945 cum
2826 1888 3053 1962 hydrias
3098 1892 3287 1963 plenas
3317 1892 3532 1966 liquore

1930 1972 2167 2029 fontium
2199 1975 2367 2031 vertit
2396 1975 2455 2031 in
2486 1977 2701 2047 vinum,
2744 1987 3040 2053 utrumque
3069 1989 3326 2053 operatus
3350 1990 3454 2052 est,
3476 1990 3533 2040 et

1929 2062 2166 2135 speciem
2205 2064 2380 2137 magis
2408 2066 2770 2123 necessariam
2810 2069 3022 2142 nuptiis
3048 2070 3326 2143 praestitit,
3355 2080 3411 2129 et
3437 2071 3529 2129 de-

1929 2153 2261 2209 monstravit
2315 2171 2547 2227 corpora
2598 2156 2888 2213 hominum
2938 2174 3035 2230 per
3065 2160 3344 2217 lavacrum
3402 2160 3528 2234 Spi-

1928 2241 2069 2299 ritus
2095 2244 2272 2300 sancti
2304 2244 2541 2318 spiritali
2573 2247 2835 2320 replenda
2861 2265 2978 2306 esse
3018 2251 3345 2309 substantia.
3370 2250 3530 2320 Quod

1926 2331 2061 2389 alibi
2114 2332 2231 2405 ipse
2287 2336 2566 2393 Dominus
2618 2337 2965 2396 manifestius
2989 2340 3311 2411 declaravit,
3339 2342 3530 2400 dicens

1927 2423 1985 2479 in
2043 2432 2196 2481 utres
2254 2442 2434 2483 novos
2489 2428 2684 2485 vinum
2742 2445 2949 2487 novum
3005 2448 3122 2489 esse
3178 2431 3528 2491 condendam

1929 2514 2144 2585 (Matth.
2178 2533 2255 2585 rx,
2303 2518 2435 2590 l7);
2480 2518 2540 2574 in
2587 2520 2835 2576 novitate
2884 2522 3032 2578 enim
3080 2523 3289 2579 utrium
3322 2524 3529 2582 lavacri

1925 2606 2157 2677 puritas,
2203 2606 2443 2680 Spiritus
2484 2611 2659 2665 sancti
2687 2609 2861 2682 gratia
2891 2610 3234 2684 signiﬁcatur
3264 2613 3324 2668 in
3370 2614 3525 2671 vino.

1996 2692 2048 2749 2.
2130 2694 2304 2764 Igitur
2360 2710 2462 2750 vos
2535 2696 2958 2753 catechumenos
3031 2698 3148 2771 (38)
3200 2698 3530 2770 diligentius

1925 2782 2172 2851 oportuit
2200 2781 2305 2837 hoc
2332 2781 2571 2851 audisse,
2593 2783 2794 2856 quibus
2823 2785 2995 2858 magis
3024 2795 3110 2842 est
3136 2788 3525 2859 necessarium,

1925 2876 1986 2924 ut
2010 2885 2201 2925 sensus
2242 2878 2441 2940 vester,
2473 2872 2567 2945 qui
2599 2873 2908 2945 ignorantia
2956 2874 3253 2933 Trinitatis
3281 2883 3343 2931 ut
3387 2893 3529 2950 aqua

1924 2972 2075 3013 nunc
2102 2958 2287 3030 friget,
2318 2961 2603 3032 agnitione
2633 2963 3197 3035 mysteriiincalescat
3226 2973 3287 3022 ut
3307 2966 3524 3038 vinum,

1926 3053 1981 3102 et
2008 3047 2318 3105 animarum
2374 3060 2681 3109 vestrarum
2731 3053 2914 3127 liquor
2963 3054 3094 3111 vilis
3122 3065 3176 3113 et
3222 3056 3407 3115 tenuis
3460 3057 3522 3115 in

452 3107 463 3118 .
668 3109 678 3119 .
847 3109 857 3119 .
958 3110 968 3120 .
1355 3111 1365 3121 .
1416 3111 1475 3123 ..
1776 3116 1786 3126 .
2672 3107 2677 3108 κ
2978 3107 3090 3111 η---
3128 3107 3174 3113 --
3229 3107 3405 3115 --__--
3460 3107 3522 3115 -_.

208 3114 347 3216 put?
373 3124 384 3161 ⁵
418 3117 741 3216 “offam
770 3109 936 3216 El‘is‘
954 3126 1018 3216 12
1041 3107 1642 3216 ’°f§E“P_d‘V}§'°",em
1845 3136 1888 3195 Ο
1928 3137 2224 3208 pretiosam
2255 3148 2312 3195 et
2344 3140 2541 3197 fortem
2573 3142 2799 3216 gratiam
2830 3144 3285 3215 transfundatur;
3318 3153 3380 3203 ut
3398 3146 3523 3204 vini

208 3197 515 3266 undarum(
520 3198 555 3252 Ι
561 3198 605 3255 V
618 3198 741 3266 Reg.
766 3213 828 3264 II,
854 3196 965 3267 14),
978 3197 1055 3252 ita
1068 3197 1380 3255 etChristus
1399 3202 1670 3258 Dominus
1694 3204 1712 3275 (
1719 3203 1813 3274 36)

207 3285 270 3341 in
323 3284 517 3341 eodem
547 3282 784 3338 Iordane
827 3284 1226 3356 separationem
1280 3296 1533 3359 operatus
1564 3300 1645 3347 est
1683 3308 1818 3364 pec—

207 3384 461 3433 catorum
495 3393 507 3431 :
557 3374 652 3431 ille
692 3384 835 3432 stare
878 3375 1086 3434 ﬂuenta
1113 3380 1390 3452 praecepit,
1419 3380 1510 3438 hic
1556 3383 1812 3441 crimina.

206 3464 285 3519 Et
324 3464 469 3522 sicut
508 3466 611 3521 sub
657 3466 779 3524 Elia
826 3468 1028 3526 ﬂuctus
1086 3470 1390 3542 primordia
1430 3472 1693 3544 fontium,
1748 3474 1816 3532 de

208 3553 415 3627 quibus
461 3554 732 3627 exierant,
765 3558 1042 3631 petierunt
1095 3560 1238 3632 (37),
1268 3560 1346 3619 ita
1374 3571 1427 3620 et
1456 3562 1559 3620 sub
1593 3563 1815 3623 Christo

206 3644 453 3701 Domino
516 3644 774 3704 homines
856 3648 925 3706 ad
984 3650 1255 3724 originem
1328 3669 1483 3710 suam
1560 3655 1628 3713 de
1707 3673 1818 3730 qua

212 3735 272 3793 in
305 3737 548 3796 infantia
578 3739 800 3796 fuerant
827 3741 1027 3811 exorti,
1062 3752 1192 3801 sunt
1214 3744 1441 3802 reversi.

826 3850 1062 3909 SEBMO
1107 3853 1206 3909 XI.

626 3939 707 3997 De
732 3949 921 3999 sancta
946 3941 1260 4016 Epiphania
1297 3942 1393 4003 IV.

208 4034 584 4118 Hic_in.antiq.
634 4036 757 4095 edit.
789 4040 1174 4118 inscribebatur
1204 4060 1216 4098 :
1267 4044 1395 4101 Post
1419 4045 1809 4118 Epiphaniam.

281 4109 358 4189 E_t
393 4108 449 4189 is
486 4127 673 4189 reuere
706 4118 829 4182 post
854 4113 1202 4183 superiorem,
1246 4131 1397 4189 quem
1424 4108 1546 4188 ipso.
1568 4118 1651 4173 die
1680 4119 1811 4189 Epi-

276 4180 494 4258 phania,
548 4180 786 4258 habitum
832 4180 1052 4258 constat,
1104 4180 1494 4258 ex'utriusque
1534 4180 1815 4245 collatione

283 4252 456 4305 dictus
480 4254 826 4322 cognoscitur.
858 4257 923 4311 In
952 4257 1104 4312 Rom.
1137 4257 1260 4313 edit.
1293 4252 1457 4313 eidem
1484 4260 1671 4316 titulus
1700 4268 1808 4316 est:

284 4322 369 4377 Ad
398 4324 840 4396 catechumenos.
873 4327 1049 4396 Neque
1076 4327 1133 4381 id
1159 4328 1387 4384 absurde
1408 4348 1429 4395 ;
1450 4332 1652 4386 eosdem
1676 4334 1814 4387 enim

288 4394 458 4448 variis
519 4394 581 4475 in
630 4396 881 4475 Ecclesiis
910 4394 997 4475 ab
1042 4415 1098 4452 eo
1143 4397 1276 4475 festo
1340 4417 1527 4456 nomen
1568 4405 1814 4475 proﬁteri

284 4465 607 4520 consuevisse
656 4483 722 4522 ea:
764 4469 945 4524 multis
973 4486 1090 4524 cum
1137 4465 1372 4525 aliorum
1401 4478 1510 4527 tum
1543 4465 1814 4530 Ambrosii

289 4537 593 4616 testimoniis
672 4540 834 4594 datur
889 4541 1159 4616 intelligi._
1194 4543 1299 4616 Nec
1344 4560 1467 4598 vero
1522 4545 1815 4616 quidquam

287 4613 381 4688 est,
411 4624 507 4663 cur
545 4610 691 4688 nunc
740 4618 1005 4688 auctorem
1044 4612 1233 4668 Felicis
1276 4620 1325 4667 et
1350 4610 1614 4688 Elipandi
1641 4610 1813 4688 requa-

290 4678 425 4759 lem,_
460 4686 556 4759 aut
586 4681 644 4734 in
671 4684 969 4759 erroribus
1012 4701 1395 4755 praecursorem
1422 4678 1621 4757 aliquis
1642 4678 1816 4759 putet;

286 4751 426 4829 quod
452 4750 509 4805 in
537 4751 790 4829 baptismo
820 4750 1085 4829 Christum
1129 4759 1361 4829 alﬁrmat
1388 4750 1811 4829 rena-tum‘esse,

287 4821 426 4877 illud
477 4821 615 4877 enini
641 4824 776 4880 nihil
801 4826 954 4880 aliud
998 4821 1189 4892 sonat,"
1215 4829 1319 4883 nisi
1347 4831 1633 4887 Dominum
1660 4821 1816 4892 aquis

287 4900 625 4964 emergentem
655 4897 1055 4968 resurrectionis
1080 4898 1311 4968 formam
1341 4903 1619 4959 exstitisse.
1681 4897 1814 4960 Cum

285 4981 410 5019 vero
464 4982 571 5020 non
600 4967 752 5022 modo
782 4967 839 5023 in
886 4967 1124 5025 sermone
1174 4974 1428 5041 sequenti,
1455 4975 1543 5030 sed
1572 4975 1731 5032 etiam
1760 4977 1816 5031 in

287 5138 408 5212 (36)
448 5139 571 5197 Vet.
624 5140 780 5215 edit.,
836 5141 913 5197 ita
965 5148 1012 5197 et
1063 5139 1298 5215 Spiritus
1346 5142 1585 5214 Domini,
1616 5148 1816 5209 melius

215 5209 461 5267 Romet
491 5228 624 5268 mss.
655 5220 718 5268 ut
744 5214 801 5268 in
834 5221 1012 5270 textu.

313 5283 416 5365 37)
439 5283 643 5365 Omnes
688 5284 821 5340 edit.
825 5328 847 5365 2
868 5286 1326 5365 pertinuerunt...
1357 5290 1430 5346 ad
1456 5292 1679 5365 originis
1706 5311 1816 5351 sum

215 5351 503 5435 infantiam
542 5355 617 5435 ide
657 5372 761 5435 qua
812 5351 1051 5435 fuerant,
1098 5367 1203 5435 etc.
1218 5378 1244 5435 ί
1275 5377 1465 5435 omnes
1492 5351 1621 5421 mss.
1654 5365 1815 5423 nobis

217 5425 577 5507 conveniunt,
627 5425 733 5512 nisi
765 5425 916 5508 quod
961 5445 1058 5510 pro
1087 5425 1345 5512 originem
1382 5430 1439 5489 in
1469 5451 1580 5492 uno
1616 5434 1815 5510 legitur

220 5496 448 5569 originis
475 5515 493 5561 ;
522 5497 580 5552 in
620 5499 751 5566 alio,
777 5496 1003 5569 originis
1031 5518 1139 5556 sua:
1164 5496 1393 5559 initium.

294 5567 413 5654 (
444 5570 571 5649 Reg.
597 5567 1235 5654 Codex'unusquidquid
1254 5574 1323 5654 ab
1342 5575 1429 5654 his
1444 5577 1624 5654 verbis
1641 5596 1814 5654 usque

228 5636 579 5696 ad'inferioi’a
612 5639 707 5695 illa
732 5658 743 5697 :
774 5642 919 5713 Ergo
940 5636 998 5698 in
1015 5636 1311 5704 hac-sancta
1339 5646 1441 5717 die,
1474 5636 1809 5721 continetur,

1925 3226 2046 3283 vice
2084 3227 2361 3299 sapiamus
2393 3231 2541 3304 quod
2564 3231 2773 3289 bonum
2824 3241 2927 3304 est,
2967 3234 3310 3293 redoleamus
3364 3238 3513 3311 quod

1925 3331 2093 3371 suave
2160 3325 2259 3387 est,
2338 3327 2392 3375 et
2448 3320 2721 3393 possimus
2775 3323 2957 3381 dicere
3015 3325 3159 3381 illud
3211 3327 3516 3399 Apostoli:

1938 3426 1957 3451 «
1987 3406 2257 3473 Quoniam
2289 3407 2498 3466 Christi
2528 3410 2707 3468 bonus
2735 3413 2871 3470 odor
2909 3431 3098 3471 sumus
3126 3417 3239 3471 Deo
3273 3416 3362 3487 (ΙΙ
3391 3418 3519 3474 Cor.

1926 3512 1989 3563 tr,
2014 3496 2104 3569 i5)
2131 3513 2186 3563 ;ι
2222 3499 2651 3559 catechumenus
2672 3503 2820 3560 enim
2841 3504 3161 3579 priusquam
3190 3505 3521 3579 baptizetur,

1924 3583 2067 3641 sicut
2091 3602 2231 3660 aqua
2277 3587 2443 3660 jacet,
2471 3589 2635 3662 friget
2677 3600 2731 3648 et
2760 3593 2945 3665 pallet:
2977 3593 3157 3652 ﬁdelis
3185 3604 3368 3652 autem
3401 3595 3519 3670 (39)

1923 3673 2067 3732 sicut
2098 3675 2295 3732 vinum
2349 3678 2510 3735 fortis
2539 3688 2593 3737 et
2648 3680 2853 3739 rubeus
2897 3690 2998 3741 est.
3061 3684 3520 3756 Catechumenus,

1927 3763 2183 3837 inquam,
2216 3766 2359 3823 sicut
2378 3784 2518 3842 aqua
2546 3770 2759 3829 nullius
2786 3774 3014 3847 saporis,
3060 3774 3272 3831 nullius
3311 3776 3520 3846 odoris,

1923 3854 2136 3910 nullius
2164 3862 2247 3911 est
2276 3855 2461 3928 pretii,
2492 3873 2596 3916 nec
2628 3859 2907 3917 sufﬁciens
2931 3860 3000 3917 ad
3036 3878 3219 3931 usum,
3251 3878 3353 3920 nec
3378 3863 3522 3919 dele-

1923 3942 2148 3999 ctabilis
2182 3943 2250 3999 ad
2286 3943 2669 4015 reﬁciendum,
2719 3964 2821 4005 nec
2853 3949 3159 4007 tolerabilis
3187 3951 3257 4007 ad
3285 3966 3522 4007 servan-

1923 4029 2077 4087 dum.
2106 4031 2241 4088 Nam
2275 4032 2419 4091 sicut
2447 4051 2585 4109 aqua
2620 4053 2746 4093 cum
2776 4047 3028 4096 servatur
3065 4038 3297 4106 diutius,
3330 4038 3387 4093 in
3416 4038 3522 4093 de-

1922 4119 2097 4176 terius
2125 4137 2283 4178 versa
2311 4122 2459 4180 intra
2482 4125 2826 4197 semetipsam
2868 4126 3134 4198 putrescit
3163 4134 3215 4181 et
3237 4126 3370 4181 fetet
3397 4142 3411 4191 ;
3437 4123 3519 4180 ita

1924 4216 1977 4264 et
1997 4210 2422 4268 catechumenus
2451 4230 2575 4270 cum
2608 4213 2821 4269 diutius
2868 4214 3294 4271 catechumenus
3313 4228 3520 4285 perma-

1923 4305 2037 4362 net,
2070 4298 2128 4353 in
2155 4297 2399 4357 deterius
2427 4317 2727 4358 conversus
2756 4301 2903 4357 intra
2921 4301 3276 4373 semetipsum
3305 4301 3523 4358 vilescit

1923 4393 1977 4440 et
2002 4385 2369 4460 deperit(40).
2398 4389 2494 4444 Ait
2522 4388 2671 4445 enim
2700 4390 2971 4447 Dominus
3003 4409 3014 4446 :
3048 4415 3065 4437 ε
3087 4391 3201 4447 Nisi
3227 4392 3352 4464 quis
3368 4408 3520 4449 rena-

1844 4500 1894 4559 ι)
1924 4482 2019 4531 tus
2074 4477 2245 4533 fuerit
2298 4494 2369 4533 ex
2397 4495 2540 4552 aqua
2591 4488 2645 4534 et
2673 4480 2886 4553 Spiritu
2933 4491 3140 4553 sancto,
3178 4500 3291 4540 non
3349 4484 3521 4542 intrat

1922 4581 2152 4637 regnum
2206 4568 2469 4624 cmlorum
2530 4568 2715 4637 (Joan.
2771 4588 2853 4639 ω,
2927 4572 3028 4645 3):
3083 4598 3101 4621 ι
3164 4574 3261 4647 qui
3335 4584 3517 4633 autem

1923 4675 2037 4715 non
2096 4659 2266 4716 intrat
2321 4677 2579 4733 regnum,
2645 4663 2949 4721 necessario
3008 4674 3256 4724 remanet
3305 4668 3363 4725 in
3419 4668 3520 4731 in-

1924 4749 2102 4806 ferno.

1996 4889 2048 4947 3.
2090 4892 2254 4950 Recte
2286 4887 2468 4952 autem
2522 4896 2656 4954 vino
2711 4908 3060 4971 comparatur
3100 4902 3315 4973 ﬁdelis;
3373 4907 3520 4963 sicut

1936 4979 2087 5036 enim
2118 4998 2188 5038 ex
2218 4994 2541 5042 cunctarum
2585 4996 2960 5046 creaturarum
2998 4991 3308 5050 substantia
3335 4994 3517 5051 omnis

1922 5155 2161 5239 sermoni
2180 5156 2275 5239 qui
2306 5158 2467 5239 nobis
2494 5175 2675 5239 nonus
2691 5168 2791 5229 est,
2821 5163 3075 5239 inseruit,
3110 5166 3187 5223 ita
3209 5167 3513 5239 incipiens:

1921 5228 2446 5314 Igiturcportethoos
2502 5228 3018 5314 diligenter_audire
3055 5228 3178 5305 haec,
3210 5245 3270 5293 ut
3294 5228 3519 5294 anima-

1922 5300 2255 5385 runtmliq'u‘or
2280 5302 2534 5385 vitiorum
2562 5300 2687 5385 vilis
2713 5312 2773 5385 et.
2794 5307 2980 5385 tenuis,
3014 5316 3121 5385 etc_.
3163 5300 3175 5305 ⁷
3393 5374 3404 5385 ,

1996 5371 2111 5442 (39)
2139 5370 2287 5448 Idem
2310 5373 2433 5448 cod.
2455 5376 2609 5448 Reg,
2632 5377 2870 5448 Inﬁdelis
2897 5370 3034 5433 enim
3065 5380 3202 5435 sicut
3216 5393 3357 5447 aqua
3373 5374 3518 5444 jacet

1920 5440 2117 5518 rigetet
2136 5445 2370 5518 pallet...
2404 5440 2661 5518 Inﬁdvel'is,
2699 5440 2943 5518 inquam.

2252 5531 2362 5588 reg.
2393 5514 2590 5599 codex,
2622 5519 2700 5573 ita
2729 5514 2793 5599 et
2816 5519 3045 5599 inﬁdelis
3064 5536 3181 5599 cum
3229 5515 3431 5572 diutius
3458 5517 3517 5574 in

1954 5512 2105 5711 ﬁ)
2136 5512 2219 5570 Id.
2252 5531 2362 5588 reg.
2393 5512 2590 5587 codex,
2622 5512 2700 5573 ita
2744 5512 2793 5573 et
2816 5519 3045 5599 inﬁdelis
3064 5536 3181 5574 cmn
3229 5515 3431 5572 diutius
3458 5517 3516 5574 in

1920 5583 1975 5638 in
2086 5586 2229 5641 litate
2286 5596 2649 5658 permanet....
2708 5590 2928 5659 deperit.
2978 5591 3185 5648 Caetera
3213 5603 3313 5642 vos
3341 5603 3516 5663 usque

1921 5670 1952 5711 a
2020 5657 2169 5711 Recte
2195 5664 2391 5711 autem.
2422 5661 2661 5711 scrintor
2690 5658 2901 5711 omisit.

1921 5657 1988 5711 ad
2020 5657 2169 5713 Recte
2195 5657 2391 5729 autem,
2422 5661 2661 5733 scriptor
2690 5657 2901 5720 omisit.
