4064 6178
568 268 689 348 647⁸

1568 289 1666 348 AD
1701 290 1936 350 OPERA
1974 291 2030 349 S.
2071 287 2408 351 AMBROSII
2452 290 2839 350 APPENDIX.

3774 296 3868 353 648

564 433 650 476 res
676 425 949 475 vetustate
992 417 1224 489 deperit,
1280 418 1460 474 solum
1490 418 1686 474 vinum
1718 420 1936 492 proﬁcit
1981 428 2152 476 vetu-
2181 422 2232 481 A
2336 417 2391 477 2.
2434 419 2550 476 Hoc
2594 429 2777 477 autem
2823 427 3000 478 totum
3052 419 3316 478 hodierno
3361 419 3450 477 die
3493 429 3705 495 gestum
3764 439 3874 481 esse

564 515 736 575 state;
770 506 847 563 ita
876 523 945 563 ex
970 506 1125 562 omni
1147 522 1342 578 genere
1359 507 1651 564 hominum
1681 509 1899 565 cunctis
1928 509 2165 582 antiqui-

562 604 676 655 tate
692 595 1069 669 pereuntibus,
1091 595 1242 652 solus
1262 595 1613 653 Christianus
1624 597 1846 669 proﬁcit
1869 604 2161 653 vetustate.

635 687 707 741 Et
736 684 880 741 sicut
908 684 1103 739 vinum
1128 685 1187 740 in
1216 684 1334 740 dies
1363 685 1609 757 singulos
1637 685 1988 757 asperitatem
2010 702 2165 742 suam

562 774 895 844 decoquens,
926 774 1136 845 saporis
1164 774 1540 844 dulcedinem,
1573 775 1902 831 suavitatem
1956 775 2162 845 odoris,

564 862 802 935 acquirit
826 881 839 929 ;
864 862 940 919 ita
959 871 1011 919 et
1024 862 1372 921 Christianus
1393 881 1645 921 successu
1663 864 1926 937 temporis
1941 864 2166 921 delicto—

567 969 691 1008 rum
720 969 946 1008 suorum
976 955 1328 1025 asperitatem
1360 954 1689 1028 decoquens,
1710 954 2035 1028 sapientiam
2058 954 2164 1011 sibi

563 1042 900 1110 divinitatis,
962 1042 1406 1100 benevolentiam
1437 1045 1726 1100 Trinitatis
1758 1045 1875 1116 (41)
1909 1044 2161 1101 assumit.

634 1131 687 1188 4.
720 1134 867 1205 Ergo
900 1134 955 1188 in
985 1133 1089 1189 hac
1108 1141 1296 1190 sancta
1324 1135 1415 1191 die
1444 1136 1754 1207 baptizatus
1770 1146 1852 1193 est
1872 1136 2163 1191 Dominus.

563 1220 763 1279 Videte
791 1239 955 1295 quam
1008 1223 1148 1279 bene
1177 1223 1541 1293 ordinaverit,
1575 1234 1638 1281 ut
1667 1233 1721 1282 et
1774 1226 1831 1280 in
1862 1225 2031 1282 natali
2063 1241 2164 1280 suo

563 1318 725 1366 natus
748 1311 839 1380 sit,
871 1320 925 1367 et
953 1312 1011 1367 in
1040 1312 1357 1385 Epiphania
1402 1322 1661 1382 renatus;
1721 1322 1783 1371 ut
1808 1331 1911 1371 nec
1948 1315 2107 1387 longe
2135 1344 2168 1382 a

564 1417 622 1458 se
651 1401 845 1458 salutis
868 1402 1123 1459 humana
1158 1412 1288 1459 vota
1317 1403 1605 1474 distarent,
1628 1413 1683 1461 et
1709 1413 1941 1463 aternas
1983 1404 2168 1463 Salva-

563 1493 671 1549 tori
699 1492 907 1565 jugiter
948 1492 1148 1566 gratias
1182 1511 1485 1566 ageremus.

631 1582 686 1638 5.
721 1582 877 1639 Tunc
928 1592 983 1639 et
1038 1592 1169 1640 vota
1194 1591 1383 1640 nostra
1438 1583 1713 1640 celebrata
1766 1592 1917 1652 sunt,
1944 1584 2165 1657 quando

563 1668 788 1728 Christo
841 1671 1091 1729 Ecclesia
1137 1672 1394 1744 copulata
1422 1680 1523 1739 est,
1565 1672 1709 1731 sicut
1757 1673 1835 1729 ait
1887 1674 2161 1732 Joannes:

2279 510 2635 568 manifestum
2666 519 2749 566 est
2778 528 2790 567 :
2844 510 2993 584 quod
3027 510 3106 568 ita
3155 527 3346 567 verum
3381 527 3495 568 esse
3538 513 3655 585 ipsa
3682 529 3873 585 possu-

2275 622 2400 661 mus
2445 602 2704 675 colligere
2751 603 2967 659 ratione
3004 622 3018 671 ;
3066 603 3209 659 ratio
3259 603 3407 660 enim
3455 604 3631 676 exigit
3673 613 3736 659 ut
3763 612 3874 677 post

2275 695 2421 752 diem
2473 693 2683 750 Natalis
2742 692 3041 762 Dominici,
3103 693 3233 749 licet
3306 693 3649 766 interpositis
3702 695 3874 763 annis,

2275 789 2465 846 eodem
2525 795 2708 844 tamen
2757 795 3004 860 tempore
3052 786 3170 843 hac
3216 786 3487 844 festivitas
3528 794 3865 860 sequeretur,

2276 891 2439 949 quam
2487 881 2541 930 et
2588 874 2761 947 ipsam
2810 875 3168 931 festivitatem
3215 876 3450 931 natalem
3497 875 3872 948 appellandam

2276 976 2429 1040 puto.
2464 967 2619 1023 Tunc
2678 966 2826 1022 enim
2875 975 3037 1023 natus
3078 965 3423 1033 hominibus,
3459 965 3626 1023 hodie
3661 975 3873 1023 renatus

2276 1064 2357 1113 est
2404 1055 2759 1112 sacramentis
2794 1074 2805 1111 :
2863 1064 2998 1111 tunc
3042 1071 3139 1127 per
3166 1054 3450 1126 Virginem
3480 1055 3684 1123 editus,
3718 1056 3871 1112 hodie

2277 1164 2373 1219 per
2405 1146 2730 1219 mysterium
2763 1154 3072 1218 generatus.
3103 1146 3183 1201 Ita
3213 1144 3358 1200 enim
3392 1144 3671 1216 disposuit
3698 1148 3871 1202 Domi-

2275 1252 2379 1291 nus
2411 1252 2521 1291 non
2544 1236 2703 1307 longe
2732 1234 2877 1290 inter
2896 1250 2951 1289 se
2983 1233 3272 1289 hominum
3304 1239 3434 1288 vota
3467 1233 3696 1302 distare,
3727 1241 3788 1289 ut
3819 1235 3869 1290 in

2275 1340 2387 1380 uno
2418 1332 2662 1395 tempore
2692 1340 2854 1397 quem
2892 1323 3138 1396 genitum
3170 1322 3593 1397 gratulabantur
3624 1323 3683 1379 in
3715 1332 3866 1393 terra,

2275 1413 2678 1470 sanctiﬁcatum
2721 1414 3039 1471 latarentur
3082 1414 3140 1469 in
3184 1413 3379 1481 calis;
3425 1421 3487 1469 ut
3522 1414 3619 1487 qui
3659 1422 3868 1486 partum

2276 1503 2543 1575 Virginis,
2590 1504 2799 1577 angelis
2828 1503 3313 1574 annuntiantibus,
3347 1503 3724 1577 possidebant,
3774 1500 3864 1562 Dei

2274 1592 2504 1662 Filium,
2580 1593 2735 1650 calis
2805 1594 3155 1663 testantibus,
3218 1592 3568 1650 retinerent:
3631 1593 3870 1668 certique

2273 1691 2454 1739 essent
2508 1682 2763 1739 homines
2818 1683 2946 1757 quia
3004 1684 3118 1756 ipse
3164 1691 3304 1740 esset
3360 1683 3536 1739 Filius
3562 1682 3687 1751 Dei,
3716 1700 3868 1757 quem

575 1785 593 1808 ι
648 1760 755 1829 Qui
810 1761 978 1819 habet
1042 1778 1319 1834 sponsam,
1386 1778 1620 1835 sponsus
1685 1770 1768 1819 est
1838 1764 2020 1835 (Joan.
2076 1781 2158 1832 ιιι,
2198 1781 2247 1843 Β
2276 1772 2447 1844 Virgo
2494 1780 2797 1845 pepererat,
2851 1772 3130 1829 Divinitas
3158 1772 3523 1846 agnoscebat;
3555 1772 3688 1827 novi
3726 1774 3868 1828 enim

560 1848 679 1922 29).
714 1874 733 1899 ι
774 1850 1003 1922 Propter
1032 1849 1131 1907 has
1155 1867 1284 1924 ergo
1334 1851 1561 1925 nuptias
1596 1853 1793 1909 saltare
1821 1867 1922 1909 nos
1950 1869 2163 1910 conve—

559 1940 683 2008 nit;
741 1940 1015 2013 siquidem
1047 1948 1101 1996 et
1155 1939 1333 1997 David
1396 1957 1494 1997 rex
1552 1942 1757 2014 pariter
1785 1949 1839 1998 et
1895 1942 2165 2015 propheta

560 2042 689 2085 cum
772 2029 947 2087 multa
1004 2029 1289 2098 cecinerit,
1365 2037 1492 2086 ante
1584 2046 1765 2087 arcam
1827 2030 2161 2087 Testamenti

563 2119 789 2175 saltasse
845 2118 1064 2175 dicatur
1122 2119 1212 2192 (II
1243 2121 1369 2191 Reg.
1410 2137 1491 2189 v1,
1520 2119 1652 2193 14);
1710 2121 1956 2178 elevatus
2009 2121 2158 2177 enim

562 2206 763 2279 gaudio
792 2207 852 2262 in
880 2207 1228 2265 saltationem
1258 2208 1531 2282 prorupit.
1562 2209 1897 2266 Pravidebit
1918 2209 2067 2266 enim
2100 2209 2158 2265 in

560 2297 772 2371 Spiritu
821 2316 919 2371 per
987 2300 1218 2357 Mariam
1263 2300 1331 2356 de
1389 2300 1636 2372 germine
1691 2318 1793 2357 suo
1850 2302 2155 2358 Ecclesiam

558 2385 767 2445 Christi
796 2387 1042 2445 thalamo
1090 2388 1428 2457 sociandam,
1470 2388 1538 2444 de
1573 2404 1682 2462 quo
1702 2389 1821 2446 ait:
1869 2415 1887 2437 ι
1915 2391 1988 2445 Et
2044 2391 2157 2462 ipse

558 2482 821 2549 tanquam
880 2494 1113 2550 sponsus
1142 2477 1444 2549 procedens
1474 2477 1541 2532 de
1574 2477 1817 2533 thalamo
1847 2495 1946 2535 suo
1979 2480 2152 2550 (Psal.

559 2584 724 2638 xvm,
757 2569 871 2640 6).»
914 2571 1096 2644 Atque
1125 2569 1373 2641 ideopra
1397 2569 2009 2642 caterisprophetarum
2035 2572 2153 2645 (42)

560 2661 880 2718 auctoribus
932 2662 1056 2735 plus
1096 2663 1342 2719 cantavit
1371 2680 1384 2730 ;
1445 2664 1574 2736 quia
1609 2662 1786 2719 latior
1815 2664 2033 2721 cunctis
2059 2680 2156 2737 per

557 2749 677 2808 hac
705 2751 904 2825 gaudia
944 2769 1071 2809 suos
1126 2760 1373 2825 posteros
1419 2751 1779 2824 conjugahat:
1812 2762 1866 2810 et
1920 2754 1987 2811 ad
2018 2772 2157 2828 pro-

559 2840 681 2912 pria
708 2850 840 2898 vota
867 2858 1059 2898 omnes
1089 2849 1275 2914 gentes
1308 2842 1472 2898 solito
1498 2842 1716 2898 dulcius
1748 2842 2013 2913 invitans,
2052 2862 2153 2902 nos

558 2946 779 3003 quoque
834 2930 1026 2986 docuit
1098 2930 1232 3003 quid
1294 2930 1428 3002 ipsis
1484 2930 1663 2988 facere
1715 2931 2040 2990 deberemus
2092 2936 2152 2992 in

555 3019 788 3091 nuptiis,
845 3035 971 3076 cum
1020 3018 1135 3091 ipse
1184 3026 1312 3075 ante
1360 3020 1583 3092 nuptias
1609 3027 1725 3077 tota
1778 3024 2152 3081 exsultatione

555 3107 771 3166 latatus
793 3108 887 3165 sit.

1064 3205 1212 3263 406
1242 3199 1478 3258 SERMO
1506 3200 1631 3258 XII.

972 3301 1051 3357 De
1095 3309 1280 3358 sancta
1319 3301 1632 3376 Epiphania
1659 3302 1729 3361 V.

550 3390 630 3449 Iis
658 3406 775 3463 qua
792 3390 864 3447 ad
889 3407 1177 3464 sermonem
1221 3392 1546 3462 superiorem
1590 3412 1626 3448 a
1653 3393 1803 3448 nobis
1838 3394 1977 3449 dicta
2005 3401 2148 3464 sunt,

626 3468 830 3519 tantum
848 3463 1102 3518 addemus
1135 3469 1338 3517 nostros
1374 3464 1465 3518 hos
1498 3482 1757 3519 sermones
1784 3481 1889 3519 uno
1909 3463 2149 3523 contexta

624 3533 936 3607 compositos
956 3534 1148 3607 videri,
1178 3551 1295 3607 cum
1324 3552 1350 3589 e
1368 3536 1639 3590 contrario
1667 3553 1796 3605 quos
1811 3554 1876 3590 ex
1903 3537 2144 3607 Append.

625 3604 850 3678 stagnat.
885 3620 1053 3678 supra
1080 3606 1381 3678 citavimus,
1409 3607 1628 3676 speciem
1654 3604 1924 3661 centonum
1950 3604 2148 3678 quam-

623 3674 748 3745 dam
773 3691 890 3743 prce
920 3691 972 3727 se
1017 3674 1230 3743 ferant:
1258 3674 1581 3745 proindeque
1608 3678 1700 3731 hos
1724 3695 1788 3731 ea:
1827 3674 2007 3733 iisdem
2036 3682 2148 3737 illis

618 3743 810 3814 forsan
850 3745 1016 3814 fuisse
1036 3743 1398 3817 interpolatos.
1445 3743 1622 3816 Hujus
1666 3755 1837 3804 tamen
1882 3758 2147 3808 auctorem

623 3833 690 3871 ea:
747 3816 943 3875 sanctis
971 3816 1225 3872 Patribits
1262 3820 1519 3875 nonnulla
1549 3820 1704 3875 etiam
1750 3822 2007 3878 imitatum
2042 3841 2146 3881 esse

618 3887 762 3965 nulli
812 3904 1093 3965 negamus;
1150 3906 1270 3965 gnte
1310 3891 1458 3965 enim
1505 3907 1676 3965 causa;
1721 3909 1819 3947 cur
1877 3894 2145 3965 baptizari

624 3959 870 4036 Christus
890 3961 1132 4036 voluerit,
1147 3961 1229 4015 hic
1256 3963 1577 4036 affigi-untur,
1597 3963 1754 4036 etiam
1773 3966 1917 4036 apud
1936 3959 2147 4036 alios,et

620 4030 958 4103 Ambrosium
971 4031 1144 4103 ipsum
1154 4049 1271 4087 cum
1284 4030 1417 4089 alibi
1434 4041 1542 4088 tum
1561 4036 1618 4090 in
1632 4030 2140 4096 CommentjnLuc.

622 4102 714 4159 lib.
745 4121 804 4172 η,
834 4102 1103 4173 num.83,
1147 4110 1195 4159 et
1218 4104 1307 4160 lib.
1342 4121 1415 4172 ιν,
1459 4122 1608 4162 num.
1640 4107 1694 4175 5,
1722 4114 2138 4179 pertractantur.

620 4202 670 4258 1.
703 4202 1037 4275 Evangelica
1068 4203 1351 4275 Scriptura
1370 4202 1710 4272 refert,sicut
1730 4205 1933 4262 lectum
1963 4223 2143 4280 nuper

544 4290 879 4361 audivimus,
912 4293 1211 4349 Dominum
1238 4292 1306 4348 ad
1334 4294 1628 4351 Jordanem
1666 4294 1923 4367 baptismi
1979 4313 2142 4355 causa

547 4379 784 4451 venisse,
817 4391 871 4438 et
908 4384 966 4439 in
997 4386 1186 4442 eodem
1244 4387 1475 4443 ﬂumine
1515 4387 1794 4459 mysteriis
1824 4404 1879 4443 se
1908 4389 2141 4446 coelesti-

543 4467 649 4527 bus
669 4473 978 4528 consecrari
1008 4476 1268 4531 voluisse.
1304 4476 1458 4543 Quod
1493 4476 1681 4532 mirari
1710 4493 1820 4533 non
1850 4478 2131 4547 debemus,
2164 4508 2213 4567 D

544 4577 644 4617 cur
689 4560 796 4618 hoc
840 4562 1184 4635 baptismatis
1243 4565 1415 4636 ipsius
1476 4566 1735 4624 dominus
1781 4570 1829 4624 el
1877 4569 2135 4642 magister

544 4654 757 4723 fecerit,
788 4654 916 4727 quia
950 4654 1063 4728 ipse
1096 4655 1209 4712 ait:
1250 4680 1269 4702 ε
1303 4655 1409 4723 Qui
1440 4657 1630 4715 fecerit
1659 4659 1738 4715 sic
1771 4667 1825 4716 et
1862 4660 2132 4730 docuerit,

540 4744 819 4801 maximus
862 4745 1149 4803 vocabitur
1197 4746 1255 4802 in
1304 4763 1471 4820 regno
1503 4749 1767 4804 calorum
1823 4750 2041 4822 (Matth.
2074 4768 2132 4821 v,

542 4835 698 4907 19).»
741 4836 944 4893 Facere
970 4836 1141 4909 igitur
1170 4835 1324 4910 prius
1385 4838 1589 4907 voluit,
1621 4838 1768 4911 quod
1820 4840 2132 4897 faciendum

539 4924 799 4982 omnibus
836 4926 1174 4999 imperabat;
1208 4935 1269 4984 ut
1307 4927 1484 4985 bonus
1516 4931 1778 5000 magister
1824 4929 2131 4986 doctrinam

540 5032 694 5073 suam
751 5032 860 5072 non
919 5024 1031 5073 tam
1084 5016 1267 5074 verbis
1323 5017 1648 5085 insinuaret,
1707 5035 1869 5091 quam
1918 5020 2133 5076 actibus

538 5116 836 5177 exerceret,
870 5115 925 5164 et
956 5107 1026 5163 ad
1054 5107 1218 5164 ﬁnem
1261 5125 1365 5164 nos
1401 5116 1564 5180 gustu
1595 5106 1799 5179 pariter
1827 5108 2131 5167 conﬁrma-

537 5204 620 5253 ret
643 5205 697 5254 et
724 5213 885 5255 8611811
894 5241 907 5254 .

611 5305 727 5389 (41)
758 5307 961 5389 Omnes
990 5304 1123 5389 edit.
1152 5311 1206 5362 et
1230 5320 1333 5389 m_s.
1367 5318 1532 5389 unus,
1545 5300 1902 5389 beneuolentia
1942 5304 2131 5389 Trini-

538 5376 681 5434 tatis:
708 5376 847 5434 'mss.
898 5377 1031 5445 duo,
1089 5376 1493 5449 benevolentiam
1544 5376 1861 5449 Trinitatis:
1897 5378 2130 5449 Aoptime

534 5449 788 5506 omnium
819 5449 994 5520 Lugd.
1048 5448 1243 5520 codex,
1280 5447 1702 5520 benevolentiam,
1733 5450 1859 5520 etc.:
1890 5446 2127 5520 id'enim

536 5521 771 5603 refertur
800 5521 867 5575 ad
897 5517 1150 5603 superius
1179 5517 1356 5603 illud;
1400 5517 2127 5603 Suaoitatem'odoris‘acqui-

534 5589 631 5643 rit.
702 5590 832 5660 Reg.
914 5587 1429 5660 codex,sapientiam
1476 5587 1575 5643 sibi
1628 5594 1676 5642 et
1728 5587 2127 5649 benevolentiam

536 5671 751 5713 summa
768 5659 1062 5717 divinitatis
1088 5659 1329 5718 assumit.

2271 1872 2461 1938 partus
2486 1880 2632 1921 nova
2673 1872 2956 1921 merentur
2986 1864 3265 1939 obsequia.
3298 1863 3380 1921 Ibi
3411 1880 3538 1920 cum
3570 1862 3867 1921 secundum

2276 1954 2559 2011 hominem
2605 1954 2869 2024 nascitur,
2904 1963 3080 2011 mater
3115 1971 3240 2011 eum
3270 1953 3441 2011 Maria
3470 1954 3598 2010 sinu
3626 1954 3868 2013 circum-

2270 2049 2413 2106 fovit
2448 2070 2459 2106 :
2493 2048 2586 2106 hic
2604 2067 2731 2107 cum
2751 2048 3056 2106 secundum
3083 2047 3409 2120 mysterium
3433 2047 3704 2121 gignitur,
3721 2049 3868 2105 Pater

2268 2157 2395 2197 eum
2426 2144 2573 2197 Deus
2606 2158 2742 2199 voce
2793 2141 3222 2214 complectitur;
3256 2140 3334 2197 ait
3363 2139 3511 2196 enim
3546 2158 3558 2196 :
3603 2165 3623 2188 ι
3655 2140 3758 2197 Hic
3794 2148 3866 2197 est

2268 2232 2445 2290 Filius
2489 2248 2663 2301 meus,
2694 2232 2751 2289 in
2801 2249 2909 2307 quo
2944 2231 3083 2288 bene
3113 2230 3445 2303 complacui,
3472 2230 3656 2303 ipsum
3688 2230 3867 2287 audite

2273 2323 2487 2393 (Matth.
2518 2339 2602 2390 III,
2641 2323 2754 2394 l7).
2778 2348 2797 2371 ι
2838 2322 3011 2378 Mater
3040 2338 3168 2395 ergo
3197 2319 3385 2394 partui
3404 2319 3561 2375 molli
3588 2319 3868 2376 blanditur

2271 2411 2502 2485 gremio,
2534 2412 2695 2467 Pater
2722 2412 2866 2469 Filio
2895 2412 2988 2485 pio
3017 2409 3337 2469 testimonio
3363 2408 3671 2465 famulatur
3702 2409 3817 2483 (43)
3849 2426 3862 2463 :

2272 2511 2466 2569 mater,
2524 2503 2771 2576 inquam,
2827 2521 2951 2561 eum
3013 2503 3355 2560 adorandum
3424 2501 3600 2575 magis
3650 2503 3862 2575 ingerit,

2265 2591 2429 2648 Pater
2453 2593 2747 2649 colendum
2779 2593 3031 2667 gentibus
3054 2592 3369 2649 manifestat
3403 2610 3415 2647 :
3446 2591 3574 2647 sinu
3599 2591 3775 2663 igitur
3793 2608 3865 2647 re-

2268 2682 2478 2738 tinetur
2504 2699 2535 2737 a
2583 2691 2776 2752 matre,
2803 2700 2929 2740 cum
2973 2683 3219 2740 nascitur
3252 2700 3264 2738 :
3318 2681 3413 2739 sed
3441 2682 3605 2738 Pater
3633 2682 3685 2737 ei
3719 2682 3864 2738 sinus

2262 2771 2349 2826 sui
2380 2771 2558 2827 fotum
2601 2770 2809 2844 jugiter
2837 2770 3245 2829 subministrat.
3280 2772 3535 2844 Legimus
3562 2770 3713 2827 enim
3745 2788 3860 2827 eum

2260 2858 2378 2915 sine
2422 2859 2830 2916 intermissione
2884 2859 2944 2915 in
2986 2859 3162 2914 Patris
3210 2858 3419 2931 gremio
3459 2858 3860 2930 quiescentem,

2260 2956 2477 3013 dicente
2525 2957 2865 3031 evangelista
2897 2974 2909 3013 :
2966 2980 2985 3004 ι
3015 2958 3193 3013 Deum
3225 2972 3387 3011 nemo
3416 2956 3561 3013 vidit
3591 2973 3860 3030 unquam,

2260 3046 2368 3103 nisi
2397 3047 2717 3120 unigenitus
2746 3047 2942 3116 Filius,
2974 3046 3069 3121 qui
3097 3054 3179 3103 est
3209 3046 3267 3101 in
3297 3046 3424 3102 sinu
3455 3045 3631 3102 Patris
3674 3048 3859 3116 (Joan.

2185 3145 2229 3207 C,
2261 3155 2301 3207 ι,
2348 3137 2463 3211 18).
2499 3164 2518 3187 ι

2331 3264 2384 3322 3.
2445 3264 2705 3322 Libenter
2759 3280 2887 3338 ergo
2955 3264 3013 3320 in
3073 3265 3204 3321 sinu
3254 3273 3568 3322 sanctorum
3631 3264 3867 3339 quiescit

2258 3354 2530 3411 Dominus
2562 3374 2576 3423 ;
2609 3355 2757 3412 unde
2782 3363 2838 3412 et
2855 3355 3080 3411 Joannis
3110 3356 3459 3429 evangelista
3487 3354 3700 3423 sinum,
3726 3355 3867 3411 utin

2257 3459 2322 3499 eo
2350 3444 2717 3513 accumberet,
2749 3444 2985 3501 libenter
3014 3443 3182 3516 elegit
3200 3445 3517 3516 (Joan.xni,
3544 3443 3670 3516 25).
3702 3443 3871 3500 Sinus

2258 3550 2385 3605 ergo
2459 3533 2517 3589 in
2576 3551 2684 3607 quo
2743 3534 2995 3592 Christus
3068 3534 3385 3607 requiescit,
3441 3549 3551 3589 non
3620 3533 3872 3605 corporis

2256 3626 2463 3696 gremio
2510 3634 2865 3700 praparatur,
2915 3642 3029 3682 non
3068 3626 3527 3683 vestimentorum
3558 3624 3870 3681 ambitione

2254 3717 2624 3789 componitur,
2676 3716 2771 3773 sed
2834 3717 3143 3774 calestium
3203 3716 3482 3773 virtutum
3543 3715 3870 3787 operatione

2253 3805 2560 3878 colligitur.
2634 3807 2771 3862 Nam
2848 3805 3056 3864 Christi
3112 3805 3269 3862 sinus
3338 3812 3454 3860 erat
3532 3804 3589 3859 in
3651 3804 3869 3860 Joanne

2257 3895 2593 3967 evangelista
2640 3894 2795 3963 ﬁdes,
2834 3894 2894 3950 in
2936 3895 3049 3950 Deo
3074 3894 3233 3949 Patre
3278 3891 3567 3960 divinitas,
3603 3892 3664 3947 in
3692 3892 3867 3949 Maria

2252 3996 2427 4043 matre
2467 3988 2777 4060 virginitas.
2829 3986 2910 4042 Ibi
2940 3987 3094 4043 sinus
3125 3985 3331 4043 Christi
3363 3993 3465 4053 est,
3498 3984 3596 4041 ubi
3630 3984 3866 4042 habita-

2251 4077 2438 4133 culum
2480 4084 2563 4133 est
2610 4077 2882 4133 virtutum
2915 4094 2927 4132 :
2961 4076 3039 4132 ibi
3085 4076 3320 4132 reclinat
3348 4082 3513 4147 caput
3542 4089 3733 4143 suum,
3764 4074 3864 4130 ubi

2249 4168 2597 4226 domicilium
2653 4169 2959 4227 calestium
2992 4169 3211 4225 invenit
3260 4174 3685 4240 praceptorum.
3718 4168 3861 4223 Nam

2248 4260 2373 4316 ideo
2419 4260 2797 4333 peccatoribus
2843 4268 2897 4315 et
2949 4258 3277 4315 inﬁdelibus
3323 4257 3505 4315 dicit:
3578 4281 3598 4304 α
3648 4258 3862 4330 Vulpes

2249 4354 2434 4411 foveas
2457 4353 2680 4422 habent,
2706 4362 2759 4410 et
2787 4354 3039 4410 volucres
3068 4351 3193 4408 coeli
3223 4349 3383 4407 nidos
3415 4365 3427 4402 :
3462 4347 3638 4405 Filius
3667 4358 3859 4405 autem

2248 4445 2491 4503 hominis
2521 4462 2634 4502 non
2682 4444 2847 4502 habet
2875 4445 2969 4501 ubi
3012 4450 3174 4515 caput
3222 4441 3450 4499 reclinet
3478 4440 3705 4511 (Matth.
3731 4457 3858 4509 VIII,

2242 4536 2357 4608 20).
2387 4563 2405 4585 »
2463 4537 2637 4611 Igitur
2688 4536 2957 4592 Dominus
3011 4534 3166 4590 Jesus
3218 4530 3384 4588 hodie
3436 4529 3594 4587 venit
3643 4529 3719 4587 ad
3748 4531 3862 4588 ba-

2242 4628 2527 4699 ptismum,
2555 4634 2608 4683 et
2636 4641 2833 4698 corpus
2853 4640 3013 4680 suum
3042 4630 3295 4679 sanctum
3315 4620 3500 4676 voluit
3518 4635 3662 4691 aqua
3681 4619 3855 4677 dilui.

2313 4751 2368 4808 4.
2408 4753 2566 4809 Dicat
2617 4751 2844 4808 fortasse
2873 4749 3077 4825 aliquis
3110 4765 3121 4803 :
3155 4748 3261 4817 Qui
3295 4754 3517 4804 sanctus
3543 4754 3647 4814 est,
3679 4762 3861 4820 quare

2242 4844 2421 4899 voluit
2442 4843 2707 4915 baptizari
2738 4844 2765 4899 ἦν
2794 4843 2941 4898 Audi
2979 4858 3106 4914 ergo
3135 4859 3145 4897 :
3171 4840 3299 4897 Ideo
3333 4840 3639 4912 baptizatur
3671 4839 3860 4897 Chri-

2242 4940 2378 5001 stus,
2407 4949 2519 4988 non
2548 4940 2611 4988 ut
2639 4932 3010 4989 sanctiﬁcetur
3032 4930 3100 4986 ab
3130 4929 3310 5003 aquis,
3333 4928 3428 4984 sed
3447 4936 3508 4982 ut
3537 4927 3654 4999 ipse
3677 4944 3858 5002 aquas

2240 5021 2562 5090 sanctiﬁcat,
2613 5031 2666 5078 et
2695 5021 3079 5093 puriﬁcatione
3108 5020 3193 5075 sui
3229 5017 3481 5091 puriﬁcet
3511 5015 3731 5072 ﬂuenta
3754 5019 3856 5073 illa

2240 5127 2361 5185 qua
2390 5110 2563 5184 tangit
2594 5130 2608 5179 ;
2640 5110 3052 5168 consecratione
3081 5106 3229 5164 enim
3258 5104 3467 5163 Christi
3497 5106 3856 5164 consecratio

2240 5198 2414 5271 major
2439 5207 2521 5255 est
2541 5198 2797 5255 elementi
2818 5196 2958 5270 (44).
2979 5197 3113 5254 Cum
3128 5194 3277 5252 enim
3299 5192 3549 5249 Salvator
3568 5192 3854 5263 abluitur,

2312 5306 2429 5380 (42)
2462 5308 2543 5364 Ita
2570 5323 2760 5364 omnes
2787 5305 2921 5363 edit.
2944 5322 3005 5380 ac
3030 5322 3158 5362 mss.
3179 5302 3275 5360 ubi
3306 5303 3428 5380 loco
3452 5300 3854 5380 prophetarum

2237 5373 2525 5451 legendum
2569 5380 2710 5435 forte
2747 5378 3185 5451 prophetiarnm;
3220 5383 3273 5451 at
3320 5376 3481 5451 item.
3514 5373 3650 5426 edit.
3688 5373 3852 5451 haud

2235 5447 2653 5531 be'ne‘reppsuit:
2675 5447 2790 5531 prie
2808 5447 3007 5531 cateris
3023 5450 3155 5531 plus
3173 5448 3560 5531 prophetarum
3574 5447 3847 5531 can-tavit.

2310 5521 2428 5594 (43)
2454 5513 2627 5594 Ἠοω.
2660 5513 2793 5578 édit.
2840 5513 3105 5594 sola,rpio
3139 5513 3430 5594 testimonio
3477 5513 3847 5594 astipujatnr.

2310 5526 2403 5591 (43
2470 5526 2627 5579 Rom.
2660 5526 2793 5578 edit.
2840 5526 2975 5590 sola,
3015 5526 3105 5593 pio
3139 5526 3430 5575 testimonio
3477 5526 3847 5594 astipulatur.

2310 5526 2428 5665 (44)
2466 5593 2671 5650 Eadem
2728 5595 2886 5650 Rom.
2919 5593 3051 5650 edit.
3099 5591 3407 5663 Baptizatio
3458 5601 3599 5639 enim
3632 5588 3852 5644 Christi

2232 5665 2550 5721 consecratio
2577 5671 2653 5721 est
2677 5665 2931 5722 elementi.
