4068 6188
245 258 346 318 649

1057 255 1427 316 SERMONES
1463 257 1519 314 S.
1563 255 1919 314 AMBROSIO
1956 257 2328 315 HACTENUS
2365 259 2704 320 ASCRIPTI.

3433 264 3539 322 650

236 384 348 456 jam
369 382 567 439 tuncin
592 390 841 438 nostrum
866 381 1205 453 baptismum
1227 391 1341 439 tota
1359 397 1498 454 aqua
1511 381 1830 448 mundatur,
1863 383 1914 442 A
1947 381 2263 452 conveniat,
2294 382 2362 438 de
2389 384 2678 456 utriusque
2707 391 2891 439 tamen
2918 383 3259 443 correctione
3287 402 3532 455 securus;

242 482 292 528 et
321 469 640 543 puriﬁcatur
660 470 804 539 fons,
843 477 906 524 ιιι
937 471 1205 526 secuturis
1234 470 1586 543 postmodum
1612 471 1832 543 populis

245 562 438 618 lavacri
484 561 657 634 gratia
707 561 1074 617 ministretur.
1126 560 1391 617 Praecedit
1419 578 1550 634 ergo
1578 560 1832 619 Christus

243 677 332 732 per
363 657 498 712 407
524 659 884 731 baptismum,
922 667 984 715 ut
1014 657 1316 716 Christiani
1346 667 1469 732 post
1494 676 1620 715 eum
1649 658 1833 716 confi-

238 751 425 806 denter
454 748 647 820 populi
686 748 1109 821 subsequantur.

307 841 360 896 5.
395 839 650 910 Intelligo
672 855 799 911 ergo
829 838 1156 911 mysterium
1182 856 1195 906 ;
1228 837 1304 893 ita
1329 836 1476 893 enim
1503 844 1556 892 et
1576 837 1835 891 columna

238 928 380 1000 ignis
419 927 696 1000 praecessit
725 943 822 998 per
868 943 1018 982 mare
1049 925 1318 995 Rubrum,
1374 935 1437 982 ut
1497 925 1831 998 intrepidum

240 1018 341 1072 iter
368 1017 531 1072 Israel
562 1016 666 1071 filii
690 1023 1052 1088 sequerentur
1077 1033 1091 1082 ;
1123 1022 1176 1069 et
1211 1016 1327 1086 ipsa
1354 1015 1503 1086 prior
1532 1031 1626 1087 per
1669 1030 1835 1086 aquas

239 1122 419 1176 gressa
448 1114 565 1173 est;
619 1113 682 1160 ut
708 1104 1064 1160 venientibus
1096 1113 1217 1176 post
1262 1120 1317 1158 se
1347 1103 1537 1158 viandi
1584 1102 1832 1158 semitam

239 1201 568 1266 praepararet
599 1195 805 1265 (Exod.
834 1211 954 1264 xrv,
986 1193 1212 1262 20—22).
1246 1190 1404 1258 Quod
1435 1191 1664 1258 factum,
1693 1191 1837 1247 sicut

241 1285 546 1358 Apostolus
573 1283 710 1340 dicit
745 1285 802 1355 (Ι
835 1284 957 1339 Cor.
991 1300 1048 1352 x,
1081 1283 1162 1353 2),
1207 1282 1536 1354 mysterium
1578 1280 1837 1353 baptismi

237 1373 342 1429 fuit
369 1392 382 1428 :
412 1373 720 1444 baptismus
749 1373 909 1444 plane
944 1371 1352 1444 quodammodo
1370 1371 1498 1436 fuit,
1526 1369 1622 1424 ubi
1645 1368 1839 1423 homi-

238 1477 332 1516 nes
376 1460 551 1515 nubes
580 1459 880 1532 operiebat,
905 1459 1053 1514 unda
1082 1458 1352 1530 portabat.
1382 1453 1487 1514 Sed
1507 1457 1625 1514 haec
1654 1455 1841 1513 omnia

239 1562 491 1625 operatus
529 1561 610 1608 est
659 1553 910 1612 Christus
949 1552 1222 1609 Dominus
1248 1552 1392 1608 idem
1428 1551 1523 1624 qui
1562 1559 1616 1608 et
1652 1550 1838 1620 modo,

239 1642 330 1714 qui
362 1643 505 1698 sicut
534 1651 669 1699 tunc
687 1659 782 1716 per
804 1659 954 1698 mare
983 1642 1129 1698 ﬁlios
1150 1642 1314 1698 Israel
1341 1642 1399 1696 in
1423 1641 1566 1714 ignis
1586 1640 1844 1697 columna

1948 473 2208 546 quoniam
2267 471 2419 529 hunc
2475 489 2661 530 amore
2716 474 2986 543 verberat,
3028 475 3188 532 illum
3244 477 3536 534 severitate

1943 564 2193 636 castigat,
2251 564 2395 620 sicut
2441 565 2518 621 ait
2580 564 2771 621 beatus
2827 566 3127 638 Apostolus
3186 585 3198 624 :
3270 591 3289 617 ι
3347 569 3542 626 Omnis

1945 654 2168 726 quidem
2225 654 2520 727 disciplina
2570 655 2629 710 in
2686 656 2939 728 praesenti
2994 673 3106 714 non
3156 655 3378 714 videtur
3427 674 3543 716 esse

1947 743 2152 815 gaudii,
2175 745 2268 801 sed
2296 743 2549 801 maeroris
2573 761 2584 798 :
2619 753 2806 818 postea
2835 763 2965 802 vero
2979 747 3222 804 fructum
3252 747 3543 820 paciﬁcum

1945 834 2260 890 exercitatis
2291 851 2386 906 per
2415 851 2533 892 eam
2565 835 2756 892 reddet
2778 833 3011 907 justitim
3046 836 3229 909 (Hebr.
3254 854 3356 906 xu,
3392 837 3530 910 li).-

1945 923 2121 994 Igitur
2151 924 2410 994 quoniam
2459 931 2538 979 tot
2590 923 2914 981 tractatibus
2963 925 3100 980 meis
3129 925 3420 996 profecisse
3447 942 3547 984 vos

1945 1011 2127 1076 credo,
2185 1011 2321 1066 libet
2380 1009 2630 1083 quaedam
2684 1011 2848 1067 vobis
2908 1011 3225 1069 divinarum
3282 1013 3547 1070 disserere

1947 1100 2300 1167 litterarum;
2362 1108 2424 1156 ut
2479 1101 2787 1174 intelligam
2836 1101 2984 1175 quod
3041 1102 3098 1159 id
3153 1102 3301 1177 quod
3329 1103 3545 1173 dixero,

1946 1187 2075 1246 ﬁdei
2107 1189 2398 1246 vivacitate
2427 1189 2672 1262 capiatis.

2019 1308 2072 1364 2.
2107 1308 2204 1363 Ait
2254 1306 2524 1363 Dominus
2576 1307 2635 1362 in
2684 1316 2874 1366 sancto
2919 1309 3255 1383 Evangelio:
3301 1334 3320 1360 ι
3351 1310 3547 1369 Simile

1951 1404 2033 1453 est
2107 1412 2336 1468 regnum
2394 1398 2660 1454 caelorum
2713 1398 3005 1468 fermento,
3064 1399 3211 1472 quod
3260 1407 3547 1473 acceptum

1953 1486 2156 1544 mulier
2184 1487 2473 1544 abscondit
2503 1488 2561 1543 in
2591 1487 2782 1545 farina:
2825 1490 2956 1547 satis
2993 1489 3192 1560 tribus,
3224 1489 3398 1547 donec
3428 1489 3550 1548 fer-

1953 1583 2260 1632 mentatum
2295 1583 2378 1632 est
2412 1584 2592 1633 totum
2626 1578 2778 1650 (Luc.
2810 1595 2935 1647 xm,
2968 1579 3083 1651 2i).
3125 1604 3144 1629 ι
3187 1580 3250 1635 In
3279 1579 3388 1635 alio
3418 1595 3550 1636 vero

1952 1665 2077 1722 loco
2132 1664 2209 1721 ita
2257 1665 2370 1722 ait:
2420 1690 2439 1713 ‹
2487 1664 2590 1722 Cui
2619 1666 2801 1722 simile
2830 1667 3113 1724 aestimabo
3139 1683 3364 1740 regnum
3392 1667 3492 1724 Dei
3521 1667 3551 1724 Τ

240 1733 538 1829 Ρῗῖῗθοθδὲίίθ
571 1734 648 1789 ita
676 1751 826 1829 m1“?
866 1751 962 1829 P91:
989 1732 1330 1829 baRﬁsmum
1359 1731 1841 1829 δῇτίδξξδηοῗρίξ-
1871 1742 1919 1803 Β
1957 1754 2150 1811 Simile
2181 1764 2261 1812 est
2289 1755 2582 1824 fermento,
2615 1755 2763 1829 quod
2793 1763 3076 1828 acceptum
3103 1731 3303 1814 mulier
3325 1756 3549 1814 abscon-

237 1826 400 1898 pulos
455 1824 515 1879 in
574 1825 826 1896 corporis
879 1823 964 1879 sui
1022 1824 1282 1879 columna
1341 1822 1620 1896 prgncedit.
1685 1822 1846 1894 Ipsis,

238 1913 492 1985 inquam,
520 1919 604 1967 est
643 1912 922 1979 columna,
954 1927 1074 1984 quae
1107 1918 1238 1966 tunc
1280 1911 1468 1966 lumen
1500 1911 1846 1982 sequentium

239 2002 420 2057 oculis
464 2000 745 2072 praestitit,
795 1999 960 2055 modo
1009 1999 1185 2056 lucem
1217 1998 1560 2056 credentium
1591 1997 1848 2054 cordibus

238 2089 667 2146 subministrat:
706 2096 840 2144 tunc
863 2088 923 2144 in
970 2087 1231 2144 ﬂuctibus
1275 2087 1549 2143 undarum
1584 2086 1849 2142 solidavit

239 2179 521 2246 semitam,
551 2177 718 2232 modo
748 2178 805 2232 in
837 2178 1056 2233 lavacro
1084 2177 1214 2234 fidei
1241 2177 1476 2249 vestigia
1503 2177 1844 2243 corroborat;

238 2286 335 2341 per
379 2285 547 2342 quam
591 2267 777 2336 ﬁdem,
831 2269 976 2324 sicut
1017 2268 1121 2323 ﬁlii
1165 2269 1350 2336 lsrael,
1397 2267 1493 2341 qui
1538 2267 1847 2339 intrepidus

237 2358 640 2428 ambulaverit,
674 2366 1076 2432 persecutorem
1128 2358 1458 2432 Egyptium
1505 2374 1618 2416 non
1675 2357 1847 2415 time-

237 2447 339 2506 bit.

834 2554 1069 2612 SERMO
1101 2554 1248 2611 XIII.

309 2658 490 2730 Super
519 2656 608 2714 his
648 2656 832 2715 verbis
871 2657 1195 2731 Evangelii:
1239 2657 1420 2714 Simile
1457 2663 1534 2715 est
1557 2674 1777 2731 regnum

765 2731 1012 2786 calorum
1043 2729 1318 2799 fermento.

244 2817 439 2874 Prima
460 2819 580 2890 ipsa
602 2819 814 2874 exordii
841 2819 1000 2874 verba
1016 2836 1079 2874 ne
1100 2819 1383 2874 Ambrosio
1411 2819 1548 2872 hunc
1561 2833 1850 2890 sermonem

316 2889 695 2962 attribuamus,
748 2892 1136 2962 refragantur;
1187 2908 1293 2962 non
1359 2890 1514 2962 enim,
1548 2890 1641 2962 hoc
1696 2889 1849 2942 modo

324 2961 474 3031 loqui
533 2959 816 3017 consuevit
864 2959 925 3016 de
973 2963 1059 3016 sui
1111 2961 1440 3031 episcopatus
1496 2959 1672 3026 initio,
1733 2975 1849 3013 cum

313 3030 508 3103 raptus
537 3053 570 3088 a
625 3034 998 3099 tribunalibus,
1028 3030 1225 3103 aliqua
1267 3048 1419 3103 mora
1449 3031 1518 3084 iis
1569 3030 1849 3103 discendis,

1952 1842 2038 1899 dit
2068 1842 2126 1898 in
2164 1843 2366 1912 farina,
2400 1841 2576 1900 donec
2602 1842 2995 1900 fermentatum
3025 1851 3106 1900 est
3125 1851 3304 1900 totum
3333 1844 3549 1916 (Matth.

1953 1949 2078 2001 xm,
2106 1932 2222 2003 33).
2269 1957 2287 1981 ι
2329 1933 2608 1990 Fermenti
2637 1933 2753 1990 vim
2793 1942 2956 2008 atque
2989 1933 3250 1992 virtutem
3293 1933 3552 1992 omnibus

1954 2031 2143 2078 notam
2173 2038 2288 2078 esse
2317 2039 2428 2078 non
2467 2022 2699 2079 dubium
2726 2030 2828 2081 est.
2859 2024 2998 2080 Nam
3022 2041 3148 2081 cum
3179 2024 3251 2081 sit
3280 2024 3552 2098 magnitu-

1954 2110 2084 2166 dine
2140 2128 2390 2183 parvum,
2449 2111 2628 2185 specie
2683 2113 2938 2186 simplex,
2991 2122 3185 2172 natura
3219 2129 3549 2182 commune;

1953 2207 2168 2256 tantam
2228 2200 2617 2258 fortitudinem
2682 2202 3018 2260 intrinsecus
3101 2201 3260 2276 gerit,
3305 2211 3369 2260 ut
3421 2219 3551 2261 cum

1955 2289 2305 2345 reconditum
2336 2289 2505 2347 fuerit
2533 2290 2593 2346 in
2619 2289 2819 2361 farina,
2851 2307 3048 2350 succus
3085 2291 3202 2364 ejus
3231 2291 3336 2349 hoc
3378 2299 3552 2348 totam

1964 2395 2197 2436 massam
2226 2378 2392 2436 faciat
2443 2396 2580 2437 esse.
2613 2381 2760 2454 quod
2806 2381 2988 2455 ipsum
3031 2387 3147 2450 est;
3179 2387 3234 2437 et
3261 2380 3340 2438 ita
3359 2397 3416 2438 se
3457 2396 3554 2453 per

1951 2469 2280 2527 universum
2320 2469 2436 2542 (46)
2487 2472 2773 2528 cumulum
2823 2469 3151 2544 aspersionis
3205 2488 3316 2528 sua:
3365 2470 3552 2542 vigore

1955 2558 2242 2629 diffundit,
2293 2567 2356 2615 ut
2403 2576 2623 2616 omnem
2654 2560 2828 2632 ipsam
2859 2559 3296 2631 magnitudinem
3325 2559 3554 2631 pollinis

1955 2646 2123 2704 faciat
2194 2649 2578 2704 fermentum:
2641 2663 2704 2704 ac
2778 2649 2859 2704 sic
2909 2664 2995 2704 res
3049 2647 3166 2720 ipsa
3225 2646 3554 2703 fortitudine

1959 2754 2058 2794 sua
2087 2737 2291 2793 molem
2322 2736 2431 2793 sibi
2452 2737 2663 2810 prOprii
2695 2735 2902 2808 vigoris
2933 2735 3188 2808 acquirit.
3218 2735 3333 2793 Hoc
3368 2743 3552 2793 autem

1956 2825 2169 2882 faciunt
2201 2826 2482 2894 mulieres,
2525 2832 2588 2880 ut
2632 2824 2771 2881 viris
2797 2825 2911 2880 suis
2940 2824 3300 2881 salubriorem
3331 2841 3550 2898 panem,

1957 2923 2012 2970 et
2041 2915 2224 2971 cibum
2256 2915 2451 2971 utilem
2479 2914 2774 2988 diligenter
2802 2913 3120 2971 exhibeant.
3153 2913 3258 2971 Sed
3287 2914 3550 2987 quoniam

1956 3005 2074 3061 Lex
2107 3004 2374 3078 spiritalis
2415 3012 2497 3061 est
2543 3005 2716 3077 (Rom.
2757 3021 2858 3074 vn,
2913 3003 3026 3076 14),
3085 3011 3138 3059 et
3183 3003 3550 3076 Evang‘elium

314 3091 436 3174 (μίας
482 3106 686 3159 doceret
735 3106 895 3170 alios,
961 3091 1092 3173 6pm
1116 3091 1401 3156 'habuerit.
1458 3102 1634 3174 Potuit
1682 3091 1850 3157 tamen
1879 3103 1924 3165 ο
1961 3094 2284 3165 spiritaliter
2317 3093 2435 3166 (47)
2469 3093 2854 3167 parabolarum
2899 3091 3214 3150 narratione
3251 3091 3546 3160 subsistit;

313 3176 401 3229 hic
449 3183 636 3230 auctor
681 3192 746 3228 ex
787 3173 1060 3229 Ambrosii
1105 3174 1416 3231 Comment.
1470 3173 1526 3227 in
1572 3173 1705 3229 Luc.
1750 3174 1841 3229 tib.

309 3263 418 3312 v11,
453 3262 600 3300 num.
654 3245 776 3312 187,
809 3245 1050 3315 quadam
1087 3244 1338 3300 hausisse.
1399 3245 1586 3301 Verum
1631 3261 1748 3299 cum
1788 3261 1845 3300 eo

315 3316 422 3370 loci
451 3316 686 3370 aliorum
714 3314 994 3372 sententias
1018 3317 1083 3372 ab
1105 3334 1156 3372 se
1184 3314 1382 3385 referri
1408 3322 1617 3370 testetur
1634 3322 1846 3371 sanctus

311 3387 524 3459 doctor,
551 3389 832 3458 quominus
859 3389 942 3443 hic
970 3395 1157 3445 auctor
1196 3388 1334 3444 alios
1375 3404 1580 3459 quoque
1607 3387 1846 3443 imitatus

311 3457 509 3527 fuerit,
539 3457 677 3515 nihil
700 3461 960 3531 prohibet.

310 3566 362 3622 1.
400 3566 475 3621 Ει
503 3566 608 3640 ipsi
637 3567 789 3625 scitis
804 3567 1017 3637 fratres,
1050 3567 1196 3642 quod
1227 3584 1296 3624 ex
1318 3583 1425 3641 qua
1451 3567 1540 3624 die
1556 3566 1843 3625 vobiscum

230 3671 352 3712 esse
393 3657 562 3730 coepi,
593 3673 703 3713 non
734 3658 942 3714 cessavi
985 3659 1244 3716 omnibus
1272 3676 1371 3715 vos
1403 3659 1711 3716 Dominicis
1738 3657 1845 3714 ad—

231 3761 466 3801 monere
524 3745 822 3815 mandatis,
874 3754 929 3803 et
986 3748 1186 3820 partim
1264 3747 1562 3817 hortando,
1641 3748 1843 3821 partim

232 3833 604 3906 increpando,
634 3843 904 3907 praecepta
936 3836 1094 3894 vobis
1122 3836 1838 3908 divinitatis(45)ingerere;

232 3923 308 3978 ita
356 3931 422 3979 ut
481 3925 808 3997 plerumque
865 3925 990 3997 pius
1049 3934 1204 3998 pater
1257 3926 1485 3994 fuerim,
1557 3925 1846 3981 nonnullis

229 4023 419 4070 autem
454 4015 634 4072 durus
667 4015 927 4087 magister
963 4016 1295 4072 exstiterim.
1328 4017 1544 4072 Patrem
1577 4017 1724 4071 enim
1757 4031 1844 4072 me

227 4103 335 4161 sibi
396 4105 712 4177 gratulatus
784 4113 901 4172 est,
960 4105 1210 4177 quisquis
1283 4121 1590 4162 sermonem
1658 4121 1842 4161 meum

231 4193 480 4251 libenter
531 4194 821 4265 amplexus
865 4201 990 4249 est:
1041 4192 1242 4248 durum
1286 4201 1469 4249 autem
1519 4194 1843 4266 magistrum

227 4283 422 4352 sensit,
457 4282 563 4356 qui
610 4282 1005 4339 conscientiam
1063 4298 1215 4338 suam
1273 4282 1664 4354 praedicatione
1725 4298 1845 4338 mea

226 4387 559 4442 percussam
592 4388 706 4428 esse
745 4371 1049 4429 condoluit.
1109 4371 1214 4428 Sed
1251 4371 1395 4426 nihil
1444 4388 1563 4427 mea
1593 4373 1841 4438 interest,

1939 3182 2245 3242 'videamus
2283 3182 2419 3257 quid
2438 3184 2512 3241 sit
2531 3184 2885 3255 fermentum,
2917 3199 3038 3258 qua:
3067 3182 3289 3256 mulier,
3319 3181 3454 3258 quid
3475 3182 3550 3239 fa-

1954 3290 2076 3332 rma
2084 3317 2096 3330 .

2033 3387 2181 3446 408
2209 3391 2264 3448 3.
2313 3390 2571 3464 Legimus
2626 3391 2686 3448 in
2733 3397 2921 3448 sancto
2976 3387 3298 3462 Evangelio,
3334 3386 3552 3445 dicente

1953 3479 2195 3536 Domino
2243 3479 2470 3538 Christo
2499 3479 2566 3535 de
2594 3495 2651 3536 se
2680 3477 2836 3552 ipso:
2881 3501 2901 3528 ι
2930 3477 3050 3536 Nisi
3087 3494 3319 3551 granum
3376 3476 3551 3534 tritici

1953 3569 2153 3626 cadens
2203 3569 2263 3624 in
2302 3576 2505 3625 terram
2559 3575 2842 3624 mortuum
2891 3567 3078 3638 fuerit,
3135 3567 3318 3640 ipsum
3369 3566 3550 3622 solum

1954 3667 2174 3727 manet;
2209 3659 2256 3715 si
2290 3667 2472 3716 autem
2502 3667 2788 3728 mortuum
2818 3657 3006 3728 fuerit,
3036 3657 3274 3718 multum
3305 3655 3548 3712 fructum

1952 3749 2110 3806 affert
2132 3748 2310 3821 (Joan.
2338 3765 2442 3817 χιι,
2475 3747 2568 3817 24,
2597 3747 2714 3820 25).
2745 3771 2764 3796 ι
2808 3747 2954 3820 Ergo
2984 3747 3031 3803 si
3065 3746 3316 3804 triticum
3345 3745 3550 3802 Domi-

1954 3856 2080 3908 nus,
2117 3847 2171 3895 et
2196 3839 2466 3896 Dominus
2508 3845 2590 3894 est
2632 3837 3005 3906 fermentum;
3039 3837 3169 3910 quia
3215 3837 3548 3893 fermentum

1953 3945 2066 3985 non
2097 3929 2205 3984 nisi
2238 3928 2306 3984 de
2329 3928 2520 3985 tritico
2547 3927 2668 3984 ﬁeri
2701 3928 2840 3984 solet
2870 3945 2882 3985 :
2927 3934 3073 3983 recte
3110 3942 3239 3999 ergo
3275 3926 3550 3981 fermento

1957 4018 2074 4091 (48)
2128 4018 2399 4074 Dominus
2454 4024 2822 4090 comparatur,
2872 4016 3002 4090 quia
3043 4032 3171 4074 cum
3201 4012 3341 4070 esset
3369 4013 3550 4085 specie

1954 4106 2141 4175 homo,
2160 4106 2476 4162 humilitate
2491 4122 2713 4178 parvus,
2735 4103 3115 4160 imbecillitate
3130 4101 3549 4172 dejectus,tanta

1954 4196 2291 4253 intrinsecus
2324 4195 2610 4268 sapientiai
2647 4194 2856 4248 virtute
2874 4191 3212 4264 pollebat,ut
3238 4188 3547 4246 doctrinam

1953 4286 2127 4358 ipsius
2186 4285 2426 4341 mundus
2482 4284 2598 4355 ipse
2656 4282 2756 4336 vix
2785 4287 3035 4353 caperet:
3079 4279 3176 4353 qui
3227 4295 3353 4336 cum
3382 4278 3548 4351 coapit

1953 4391 2049 4448 per
2078 4382 2256 4431 totum
2316 4372 2506 4429 orbem
2538 4369 2852 4427 divinitatis
2902 4368 3093 4441 vigore
3138 4365 3543 4436 transfundere,

227 4459 547 4520 dummodo
569 4461 684 4518 sive
701 4462 920 4535 pietate,
952 4462 1069 4518 sive
1095 4477 1325 4518 censura
1351 4459 1604 4518 Christus
1633 4477 1842 4517 annun-
1873 4463 1922 4522 D
1950 4464 2136 4520 statim
2163 4479 2327 4519 omne
2373 4460 2664 4517 hominum
2697 4475 2864 4531 genus
2912 4458 2970 4515 in
3000 4457 3362 4516 substantiam
3390 4472 3546 4513 suam

229 4549 400 4608 tietur
432 4554 495 4608 in
537 4550 699 4606 vobis
730 4570 744 4619 ;
794 4551 1048 4624 quamvis
1075 4558 1130 4608 et
1159 4550 1274 4624 ipsa
1303 4565 1532 4607 censura
1552 4549 1622 4604 sit
1651 4549 1840 4622 pietas,

225 4654 351 4713 quae
385 4643 519 4698 ideo
571 4639 718 4697 circa
763 4641 1188 4714 negligentiores
1236 4640 1382 4696 filios
1431 4639 1748 4708 adhibetur,
1781 4648 1844 4696 ut

228 4731 430 4788 timere
460 4732 692 4788 discant
738 4730 883 4802 quod
915 4747 1096 4786 amare
1126 4732 1504 4803 neglexerant.
1541 4729 1663 4787 Non
1695 4731 1840 4804 quod

228 4834 422 4878 omnes
453 4821 612 4877 filios
659 4836 770 4874 non
804 4821 1089 4894 aequaliter
1143 4820 1336 4892 diligat
1368 4829 1538 4892 pater,
1570 4821 1664 4877 sed
1694 4819 1840 4893 quod

227 4908 594 4984 indulgentia
619 4909 791 4982 patris
819 4911 891 4967 sit
930 4927 1030 4982 pro
1061 4909 1385 4966 diversitate
1419 4927 1637 4967 morum
1667 4911 1839 4967 exhi-

227 4996 357 5054 bere
387 4999 622 5073 pietatis
648 4998 899 5055 affectum
933 5017 947 5067 ;
981 5007 1042 5053 ut
1061 4998 1324 5054 blandum
1357 4997 1534 5054 filium
1565 4998 1839 5055 exhorta-

227 5089 383 5148 tione
459 5097 768 5165 provocet,
855 5095 1234 5147 contumacem
1307 5103 1439 5143 vero
1523 5087 1838 5144 austeritate

327 5265 426 5334 45)
462 5266 593 5326 Vox
625 5265 921 5321 divinitatis
941 5282 970 5321 e
998 5261 1121 5320 cod.
1145 5261 1318 5334 Lugd.
1350 5261 1677 5334 restituitur.

327 5269 401 5325 45
462 5269 593 5326 Vox
625 5269 921 5321 divinitatis
941 5282 970 5321 e
998 5269 1121 5320 cod.
1146 5269 1318 5334 Lugd.
1350 5269 1677 5319 restituitur.

302 5269 426 5411 (46)
457 5341 546 5396 Ita
575 5337 749 5394 codex
794 5337 1044 5393 Valliscl.
1083 5335 1156 5411 ᾼι
1180 5348 1376 5411 omnes
1403 5333 1539 5402 edit,
1560 5334 1833 5411 efferunt.

230 5405 416 5466 succus
457 5412 555 5466 hoc
587 5417 749 5466 totam
795 5425 1022 5464 massam
1080 5405 1236 5478 faciet
1265 5422 1387 5478 esse,
1425 5407 1576 5478 quod
1604 5407 1712 5478 ipse
1740 5412 1836 5476 est,

231 5481 311 5537 ita
339 5500 550 5554 semper
581 5482 901 5536 universum.
935 5475 1108 5550 Lugd.
1133 5477 1306 5534 codex
1327 5476 1394 5531 ab
1424 5475 1512 5532 his
1540 5475 1834 5550 discrepat,

236 5562 480 5638 quoder
497 5579 694 5638 _s_uccus
728 5563 822 5638 (ioc
851 5576 963 5616 non
992 5559 1262 5638 agn_oscit2
1372 5627 1387 5638 θ
1621 5629 1629 5638 _

309 5632 431 5707 (47)
496 5634 622 5692 Vet.
685 5633 818 5690 edit.
897 5639 950 5688 et
1009 5627 1182 5688 codex
1241 5627 1437 5702 Lugd.,
1493 5627 1832 5701 specialiter;

491 5733 732 5790 ΡΑτιιοι..
775 5733 950 5790 XVII.

1953 4569 2051 4610 sua
2078 4559 2343 4625 potestate
2398 4552 2704 4624 protraxit;
2737 4558 2798 4606 ut
2829 4557 2882 4606 et
2921 4548 3116 4622 jugum
3173 4547 3414 4620 Spiritus
3459 4545 3547 4602 sui

1954 4643 2129 4700 sancti
2162 4642 2479 4698 infunderet
2517 4639 2796 4708 omnibus,
2829 4648 2883 4696 et
2919 4639 3024 4696 hoc
3051 4636 3393 4695 Christianos
3424 4634 3542 4706 (49)

1951 4744 2181 4792 cunctos
2212 4735 2413 4791 faceret
2444 4750 2584 4801 esse,
2630 4732 2778 4806 quod
2821 4731 3076 4788 Christus
3105 4737 3205 4786 est.
3237 4730 3372 4785 Nam
3417 4743 3544 4786 cum

1951 4824 2119 4881 homo
2149 4823 2420 4880 Dominus
2455 4823 2610 4878 Jesus
2651 4838 2795 4877 unus
2834 4829 2888 4877 et
2915 4821 3064 4877 solus
3092 4827 3231 4875 esset
3252 4818 3311 4874 in
3337 4817 3545 4874 mundo

1950 4921 2210 4987 tanquam
2251 4914 2584 4969 fermentum
2614 4911 2671 4966 in
2701 4926 2878 4966 massa
2905 4907 3273 4977 reconditum,
3304 4908 3545 4964 univer-

1951 5023 2038 5061 sos
2066 5004 2322 5060 homines
2370 5001 2630 5076 praestitit
2660 5017 2774 5057 esse
2819 5000 2964 5074 quod
2995 5000 3110 5072 ipse
3139 5009 3240 5056 est.
3281 4997 3544 5072 Quisquis

1951 5095 2120 5169 igitur
2163 5093 2247 5150 illi
2298 5093 2572 5150 fermento
2612 5089 2823 5149 Christi
2868 5089 3183 5159 adhaaserit,
3224 5087 3462 5145 efﬁcitur
3489 5093 3544 5142 et

1947 5268 2107 5324 Rom.
2159 5266 2292 5324 edit.
2352 5273 2406 5322 et
2443 5282 2560 5338 ms.
2606 5263 2856 5338 Valliscl.
2919 5261 3280 5338 spiritaliter;
3337 5265 3394 5313 at
3439 5270 3540 5328 pro

1945 5341 2171 5408 ratione,
2201 5340 2350 5395 solus
2378 5355 2480 5394 ms.
2513 5337 2766 5394 Valliscl.
2802 5334 3046 5408 reposuit
3065 5334 3394 5408 narratione.

2047 5411 2139 5482 48)
2157 5403 2357 5468 Codex
2387 5409 2662 5482 Valliscl.,
2695 5403 2977 5482 rectejrgo
3002 5403 3296 5482 frumento._

2047 5413 2139 5482 48)
2171 5413 2357 5468 Codex
2388 5413 2662 5474 Valliscl.,
2695 5415 2828 5462 recte
2854 5423 2974 5476 ergo
3002 5413 3296 5480 frumento._

2022 5413 2139 5554 i119)
2173 5482 2375 5538 Omnes
2404 5481 2538 5554 edit.
2585 5487 2640 5554 e_t
2685 5495 2786 5535 ms.
2832 5474 3085 5554 Yalliscl.
3107 5516 3121 5540 ,
3153 5468 3414 5554 omnibus,
3444 5466 3539 5523 hoc

1948 5543 2039 5619 est,
2070 5543 2403 5610 Christianos
2418 5571 2439 5618 ;
2470 5550 2668 5624 Lugd.,
2699 5547 2958 5614 omnibus,
2989 5551 3038 5624 et
3067 5545 3158 5624 hoc
3182 5543 3536 5624 Christianos.

1949 5611 2099 5683 Idem
2121 5634 2302 5684 autem
2333 5611 2435 5694 est,
2463 5629 2512 5681 et
2547 5611 2665 5692 liae,
2690 5629 2874 5693 atque,
2912 5611 2966 5673 et
2994 5615 3099 5672 hac
3127 5611 3429 5669 infusione.

3219 5712 3285 5771 21
