4064 6178
552 225 654 286 651

1567 223 1664 279 AD
1702 220 1937 279 OPERA
1975 221 2030 278 S.
2072 220 2406 279 AMBROSII
2444 221 2828 279 APPENDIX.

3746 224 3849 284 652

550 348 666 421 ipse
694 346 1047 416 fermentum,
1070 353 1183 403 tam
1214 345 1320 403 sibi
1349 346 1525 415 utilis,
1558 363 1720 420 quam
1752 347 1877 403 aliis
1910 346 2142 403 idoneus
2170 348 2220 407 A
2255 345 2637 417 Temperatum
2672 343 2911 400 estenim
2951 343 3309 417 sanguinibus
3334 352 3389 402 et
3430 345 3853 405 crudelitatihus

550 438 828 494 universis
858 456 873 505 ;
924 445 978 493 et
1021 435 1091 492 de
1137 451 1237 492 sua
1275 444 1459 493 certus
1487 437 1683 505 salute,
1714 446 1768 494 et
1810 437 1877 493 de
1909 437 2145 493 aliorum

556 528 918 601 acquisitione
947 541 1188 583 securus.

619 618 673 673 li.
728 616 882 674 Sicut
955 617 1125 689 igitur
1177 617 1510 673 fermentum
1561 633 1686 673 cum
1745 618 1804 672 in
1858 618 2141 673 cumulum

550 708 1020 780 conspergendum
1081 714 1162 763 est
1220 707 1485 775 farinum,
1543 706 1931 779 confringitur,
1982 722 2144 761 com-

546 797 840 863 minuitur,
890 797 1210 869 dissipatur,
1249 804 1302 853 et
1359 798 1538 869 ipsum
1596 814 1758 852 omne
1797 796 2139 865 dissolvitur,

543 895 606 943 ut
633 886 933 959 dispersam
974 886 1126 941 illam
1178 885 1370 941 farinae
1418 885 1832 941 multitudinem
1864 893 1918 941 et
1967 901 2140 940 unum

543 976 627 1033 sui
661 977 849 1048 vigore
877 975 1217 1049 constringat
1274 976 1416 1047 (50),
1446 984 1608 1049 atque
1650 974 1709 1030 in
1738 975 1977 1031 solidum
2006 992 2141 1031 cor-

544 1082 647 1139 pus
674 1066 903 1139 redigat,
938 1066 1086 1141 quod
1115 1066 1172 1122 in
1201 1067 1447 1139 pulveris
1476 1067 1702 1123 modum
1733 1067 1850 1139 ipsa
1882 1066 2141 1139 diminu-‘

543 1158 699 1216 tione
730 1158 1053 1231 languebat;
1094 1158 1368 1232 faciatque
1388 1158 1777 1231 conjunctione
1806 1158 1890 1214 sui
1938 1158 2137 1213 utilem

541 1264 796 1316 massam,
839 1246 987 1320 quod
1028 1247 1249 1320 propria
1276 1247 1638 1304 dissolutione
1683 1247 1973 1303 videbatur
2001 1247 2138 1303 inu-

542 1338 677 1394 tile:
744 1337 823 1394 sic
875 1354 1002 1410 ergo
1060 1345 1114 1392 et
1170 1338 1442 1393 Dominus
1488 1338 1643 1394 Jesus
1688 1337 1958 1405 Christus,
2010 1353 2136 1392 cum

540 1435 682 1485 esset
710 1426 883 1483 totius
909 1426 1105 1483 mundi
1140 1426 1492 1496 fermentum,
1530 1427 1763 1483 diversis
1792 1426 2138 1500 passionibus

541 1518 875 1586 confractus,
898 1516 1167 1574 laceratus
1195 1525 1248 1573 et
1264 1517 1565 1573 dissolutus
1594 1524 1699 1585 est,
1725 1525 1776 1572 et
1805 1532 1999 1572 succus
2020 1515 2136 1587 ejus

539 1624 638 1680 pro
669 1610 844 1664 salute
873 1615 1078 1675 nostra,
1109 1607 1207 1680 qui
1235 1614 1315 1662 est
1343 1607 1614 1679 pretiosus
1662 1606 1904 1678 sanguis,
1934 1606 2137 1662 effusus

539 1705 622 1754 est
646 1715 659 1765 ;
700 1704 762 1753 ut
786 1696 1118 1752 admistione
1150 1696 1236 1752 sui
1264 1712 1426 1751 omne
1463 1712 1632 1767 genus
1657 1695 1962 1751 humanum
1989 1695 2131 1750 soli-

540 1785 719 1851 daret,
749 1786 897 1858 quod
926 1801 1023 1857 per
1059 1785 1278 1842 diversa
1304 1792 1464 1841 antea
1495 1785 1612 1857 (51)
1645 1786 1945 1841 resolutum
1972 1783 2131 1856 jace—

537 1875 633 1932 bat
662 1892 675 1940 ;
709 1875 787 1932 sic
817 1875 965 1932 enim
998 1877 1152 1931 velut
1199 1876 1531 1932 fermentum
1580 1875 1855 1949 quoddam
1888 1892 2006 1942 nos,
2041 1872 2133 1947 qui

538 1968 717 2025 farina
763 1983 833 2023 ex
881 1966 1135 2040 gentibus
1186 1967 1513 2024 videbamur
1568 1984 1703 2037 esse,
1780 1965 2132 2023 adhaesimus.

538 2057 669 2127 Nos,
710 2057 958 2130 inquam,
1000 2057 1093 2130 qui
1127 2073 1222 2130 per
1250 2065 1427 2115 totum
1459 2057 1645 2115 orbem
1676 2057 1907 2131 dispersi
1955 2064 2008 2111 et
2037 2056 2134 2112 di—

539 2149 743 2206 minuti
784 2149 1004 2221 penitus
1056 2148 1172 2222 (52)
1217 2148 1556 2221 jacebamus,
1611 2148 1798 2221 vigore
1866 2146 2135 2219 passionis

539 2238 747 2298 Christi
797 2239 856 2295 in
887 2238 1061 2311 ipsius
1092 2256 1292 2312 corpus
1342 2238 1552 2296 redacti
1595 2255 1806 2306 sumus,
1838 2237 1983 2294 sicut
2012 2236 2133 2291 bea-

534 2337 623 2387 tus
650 2331 947 2403 Apostolus
975 2330 1050 2388 ait
1076 2348 1086 2385 :
1148 2353 1166 2379 ι
1195 2330 1464 2398 Quoniam
1525 2346 1715 2387 sumus
1750 2345 1947 2400 corpus
1976 2328 2130 2385 Chri-

533 2421 605 2478 sti
645 2428 699 2477 et
729 2420 977 2477 membra
1006 2422 1064 2492 (Ι
1092 2421 1218 2478 Cor.
1251 2437 1353 2489 1111,
1388 2420 1492 2487 27;
1526 2421 1723 2491 Eplies.
1755 2436 1812 2487 v,
1839 2418 1980 2489 30).»
2022 2418 2133 2473 Nos

486 2550 492 2559 ς
534 2510 705 2585 igitur
729 2511 825 2585 qui
854 2528 922 2567 ex
949 2509 1268 2568 nationibus
1294 2511 1353 2566 in
1379 2510 1626 2582 pulveris
1657 2509 1881 2566 modum
1915 2525 1945 2565 a
1966 2517 2128 2565 terrae

532 2601 673 2658 facie
720 2601 1085 2674 jactabamur,
1137 2600 1449 2673 aspersione
1496 2598 1781 2673 sanguinis
1808 2598 2030 2656 Domini
2071 2598 2130 2654 in

535 2708 766 2748 massam
796 2692 1094 2748 soliditatis
1123 2691 1241 2762 ejus
1269 2691 1627 2748 accrevimus.

602 2784 658 2842 ὅ.
683 2784 882 2840 Mulier
919 2792 1103 2839 autem
1154 2782 1268 2849 illa,
1304 2798 1424 2854 quae
1455 2781 1663 2837 dicitur
1691 2780 2041 2837 abscondisse
2070 2779 2129 2836 in

532 2872 711 2928 farina
765 2872 1119 2939 fermentum,
1152 2888 1272 2942 quae
1327 2878 1426 2938 est,
1485 2871 1593 2926 nisi
1650 2880 1835 2927 sancta
1863 2869 2126 2938 Ecclesia,

537 2978 661 3035 quas
690 2961 938 3034 quotidie
966 2959 1274 3016 doctrinam
1315 2958 1525 3016 Christi
1555 2960 1612 3014 in
1639 2960 1898 3017 cordibus
1927 2960 2131 3018 nostris

540 3060 773 3111 conatur
800 3052 1136 3110 abscondere
1156 3053 1184 3108 ?
1211 3054 1351 3125 Ipsa,
1393 3050 1638 3124 inquam,
1672 3060 1753 3109 est
1781 3054 2130 3127 mulier,quaa
2160 3090 2204 3151 Ο

530 3143 591 3199 111
623 3143 733 3199 alio
770 3143 891 3200 loco
921 3144 1085 3199 etiam
1133 3144 1337 3199 molere
1384 3142 1611 3211 dicitur,
1642 3143 1785 3199 sicut
1832 3145 1909 3201 ait
1936 3145 2129 3201 Domi-

541 3251 683 3291 nus:
732 3257 750 3281 ι
792 3234 972 3290 Erunt
1028 3233 1149 3290 duae
1198 3234 1485 3301 molentes,
1535 3250 1643 3289 una
1696 3242 2024 3303 assumatur,
2075 3243 2130 3292 et

530 3340 644 3382 una
699 3324 1044 3397 relinquetur
1083 3323 1296 3396 (Matth.
1350 3340 1509 3391 xxxv,
1538 3321 1701 3394 41).»
1766 3323 1925 3380 Molit
1981 3325 2129 3380 enim

531 3420 723 3472 sancta
754 3413 1001 3471 Ecclesia
1030 3430 1126 3486 per
1174 3414 1368 3485 legem,
1399 3430 1495 3486 per
1526 3414 1821 3485 apostolos,
1862 3429 1957 3485 per
1993 3430 2132 3486 pro-

530 3503 747 3575 phetas,
800 3520 924 3559 cum
982 3503 1405 3561 catechumenos
1450 3504 1601 3573 facit,
1674 3511 1727 3560 et
1782 3505 2129 3576 asperitatem

532 3590 863 3663 gentilitatis
902 3590 1135 3664 dissipat
1158 3601 1319 3666 atque
1356 3594 1727 3660 comminuit;
1761 3601 1823 3650 ut
1855 3595 2132 3652 emollitos

531 3702 626 3743 eos
656 3685 715 3741 in
747 3685 938 3742 farinaa
963 3686 1187 3743 modum
1203 3695 1357 3761 aptos
1378 3686 1543 3745 faciat
1563 3688 1833 3744 fermento
1852 3688 2131 3745 Dominici

532 3774 817 3849 sanguinis
853 3775 1151 3835 adhaerere.
1185 3779 1543 3835 Fermentum
1590 3778 1738 3835 enim
1768 3778 2006 3835 dixerim
2038 3788 2133 3836 to-

531 3870 644 3922 tam
674 3865 899 3922 Domini
928 3866 1283 3939 passionem;
1339 3867 1672 3924 fermentum
1729 3867 1878 3924 enim
1940 3867 2133 3924 salutis

532 3960 734 4013 nostrai
761 3965 843 4015 est
861 3957 1179 4030 symbolum
1212 3957 1394 4031 ipsum
1421 3958 1569 4032 quod
1594 3958 1852 4028 traditur,
1885 3958 2003 4015 sine
2023 3975 2133 4032 quo

533 4044 805 4104 fermento
838 4045 979 4119 (53),
1010 4048 1099 4104 vel
1131 4047 1408 4121 symbolo,
1430 4063 1596 4103 nemo
1615 4054 1796 4120 potest
1821 4048 1951 4103 vitae
1980 4055 2133 4104 aeter-

533 4151 620 4194 nae
638 4135 1003 4193 substantiam
1024 4137 1343 4209 promereri.

607 4226 661 4284 6.
692 4227 763 4283 Et
800 4228 929 4301 quia
959 4228 1096 4286 duas
1132 4229 1501 4302 Evangelium
1550 4228 1813 4287 describit
1844 4228 2133 4311 molentes,

535 4322 700 4390 atque
724 4335 890 4377 unam
930 4322 1233 4378 Ecclesiam
1265 4321 1513 4380 diximus
1567 4320 1859 4378 salubriter
1907 4323 2133 4392 molere,

538 4408 766 4464 alteram
823 4424 988 4480 quam
1019 4410 1129 4466 nisi
1159 4411 1504 4484 Synagogam
1532 4414 1780 4483 accipere
1818 4411 2080 4469 debemus
2109 4411 2137 4468 ‘l

536 4461 988 4555 iniiinii}?
1011 4461 1129 4571 ᾗ)ξᾷ
1159 4461 2010 4575 "ﬂii—£1331"Zi‘b'éo'piiéuﬁ
2023 4461 2135 4559 Zeti
2162 4461 2211 4521 θ

540 4589 816 4648 inutiliter
870 4591 1050 4662 molit,
1083 4592 1228 4650 sicut
1282 4594 1419 4652 dicit
1466 4596 1765 4668 Apostolus
1791 4596 1859 4653 de
1885 4597 2087 4654 Judaeis
2121 4615 2133 4654 :

555 4705 575 4730 ι
615 4683 1048 4741 jEmulationem
1098 4685 1198 4742 Dei
1257 4686 1480 4756 habent,
1534 4689 1628 4746 sed
1667 4705 1779 4745 non
1836 4690 2136 4746 secundum

542 4772 830 4829 scientiam
864 4773 1042 4847 (Rom.
1085 4791 1142 4845 x,
1173 4776 1250 4848 2).
1284 4801 1303 4825 ι
1354 4778 1653 4848 Inutiliter,
1700 4781 1948 4853 inquam,
1982 4780 2142 4837 molit

544 4863 860 4937 Synagoga:
898 4865 1030 4938 quia
1057 4882 1292 4924 massam
1329 4884 1484 4925 suam
1515 4868 1722 4927 Christi
1753 4870 2005 4927 doctrina
2030 4885 2141 4926 non

544 4961 831 5029 temperat.
888 4960 1069 5032 Atque
1116 4959 1240 5017 ideo
1293 4963 1613 5019 evitandum
1674 4964 1930 5036 prmoepit
1972 4963 2141 5034 Syna-

548 5061 696 5119 gogae
738 5047 1007 5107 Dominus
1037 5066 1154 5108 esse
1201 5052 1555 5123 fermentum,
1610 5052 1800 5109 dicens
1834 5071 1845 5109 :
1902 5076 1919 5099 ι
1944 5052 2142 5109 Cavete

547 5134 708 5195 vobis
741 5153 773 5195 a
800 5138 1073 5198 fermento
1098 5143 1501 5201 Pharisaeorum
1528 5145 1875 5217 (Mettum,
1901 5142 1954 5211 6,
1989 5142 2126 5214 11).»

628 5328 749 5402 (50)
784 5329 865 5388 Ita
893 5330 1070 5389 codex
1090 5331 1286 5405 Lugd.;
1306 5330 1563 5405 ,Valliscl.
1588 5339 1768 5405 autem
1795 5339 1958 5404 atque
1986 5330 2143 5400 edit.,

543 5407 603 5464 in
632 5406 1064 5476 unumquigorem
1114 5402 1458 5476 constringat.
1510 5402 1787 5459 Continuo
1843 5402 1973 5459 vero
2025 5410 2148 5476 post

545 5478 703 5546 solus
720 5474 972 5546 ValliSCI.
1010 5476 1160 5546 legit,
1192 5483 1347 5546 atque
1380 5475 1437 5529 in
1463 5490 1629 5546 unum
1652 5491 1783 5546 opus
1816 5474 2035 5546 redigat.

619 5544 739 5615 (51)
773 5545 976 5605 Omnes
1012 5544 1153 5618 edit,
1177 5564 1240 5603 ac
1258 5544 1454 5619 'Lugd.
1492 5544 1695 5619 codex,
1729 5547 1869 5617 quod
1896 5544 1997 5619 per
2049 5546 2147 5601 di-

543 5630 697 5670 versa
717 5621 878 5672 antra
899 5636 922 5685 ;
960 5618 1307 5679 commodius
1328 5617 1433 5677 ms.
1458 5617 1735 5688 Valliscl.,
1768 5617 1914 5690 quod
1940 5637 2039 5691 per
2068 5619 2146 5675 di-

2253 434 2567 491 Judzeorum
2617 432 2929 490 dicentium
2977 433 3046 489 de
3071 434 3310 489 Domino
3344 452 3356 489 :
3408 459 3426 481 ‹
3467 434 3704 508 Sanguis
3735 434 3853 507 ejus

2254 541 2416 597 super
2461 540 2581 591 nos,
2635 531 2688 579 et
2739 540 2901 596 super
2947 522 3093 580 ﬁlios
3142 532 3361 581 nostros
3403 525 3616 597 (Matth.
3668 542 3849 595 xxvn,

2252 615 2367 685 25).
2402 639 2421 663 ι
2467 614 2621 671 Unde
2650 614 2728 669 ait
2756 615 3124 685 Evangelium
3150 633 3161 671 :
3225 639 3245 661 α
3273 615 3457 671 Erunt
3474 615 3596 671 duas
3626 616 3848 671 molen-

2252 713 2349 771 tes,
2381 720 2491 759 una
2518 711 2829 759 assumatur
2851 713 2905 761 et
2934 717 3043 760 una
3065 705 3413 777 relinquetur
3443 706 3663 775 (Matth.
3690 722 3845 776 xxxv,

2250 794 2364 865 41).
2398 819 2415 842 ι
2455 795 2779 850 Assumetur
2806 794 2956 849 enim
2990 794 3048 849 in
3079 793 3326 866 requiem
3371 803 3632 851 aeternam
3664 803 3847 853 sancta

2249 885 2516 953 Ecclesia,
2576 901 2697 957 quae
2726 885 2965 941 Domino
3004 885 3187 942 cibum
3224 887 3535 944 sanctitatis
3563 889 3797 945 emoluit
3827 907 3840 946 :

2248 978 2593 1050 relinquetur
2649 978 2717 1034 ad
2772 980 2947 1034 molas
2999 987 3229 1036 cruenta
3294 979 3600 1054 Synagoga,
3649 997 3839 1055 gyrum

2246 1082 2460 1140 semper
2487 1083 2711 1140 passura
2735 1084 2848 1124 sua:
2876 1068 3139 1140 perﬁdiae.

2686 1196 2693 1203 '
2742 1179 2890 1237 409
2924 1181 3158 1239 SERMO
3189 1182 3339 1241 XIV.

2622 1272 2913 1331 Dominica
2943 1272 3002 1328 in
3031 1271 3459 1345 Septuagesima.

2248 1361 2647 1434 Septuagesimaz
2691 1379 2875 1416 nomen
2924 1368 3075 1416 estate
3140 1379 3243 1416 non
3296 1363 3468 1417 solum
3522 1362 3837 1434 Ambrosii,

2315 1436 2404 1488 sed
2434 1434 2664 1491 Maximi
2689 1436 2849 1489 etiam
2880 1436 3050 1489 multo
3081 1434 3343 1489 recentius
3371 1451 3476 1490 esse
3511 1434 3570 1489 in
3612 1435 3839 1506 confesso

2315 1512 2407 1561 est.
2444 1507 2644 1575 Synodi
2673 1507 3080 1562 Aurelianenses
3110 1507 3294 1578 prima
3322 1512 3369 1561 et
3396 1514 3615 1577 quarta,
3649 1509 3840 1578 quibus

2309 1579 2619 1648 prohibitur
2672 1579 3116 1649 quinquagesima:
3171 1584 3217 1632 et
3260 1579 3593 1649 sexagesima?
3637 1581 3839 1637 obsera-

2318 1646 2407 1716 tio,
2455 1651 2521 1723 de,
2572 1646 2961 1723 septuagesima
3006 1650 3142 1723 nihil
3158 1646 3529 1723 (praeﬂuunt,
3592 1669 3683 1707 nec
3731 1653 3841 1723 ejus

2163 1721 2206 1781 Β
2309 1721 2543 1795 meminit
2570 1724 2768 1792 Regula
2795 1722 2962 1776 sancti
2991 1722 3275 1795 Benedicti,
3302 1723 3389 1777 sed
3421 1740 3586 1793 usque
3614 1725 3686 1779 ad
3710 1721 3837 1795 qua-

2317 1793 2670 1864 dragesimam
2708 1794 2931 1849 alleluia
2959 1795 3167 1849 cantari
3185 1793 3353 1861 jubet.
3382 1795 3642 1850 Eamdem
3668 1793 3841 1852 autem

2316 1883 2489 1920 vocem
2520 1866 2575 1920 in
2594 1867 2716 1921 edit.
2744 1868 2971 1936 Operam
2990 1866 3249 1937 Gregorii
3274 1867 3457 1936 Magni
3478 1868 3731 1923 Homiliw
3755 1870 3839 1936 19,

2315 1943 2362 1991 et
2407 1938 2587 2011 Missis
2622 1938 2934 2009 quibusdam
2976 1936 3309 1993 Sacrament.
3344 1938 3482 2008 falso
3530 1939 3839 2011 inscriptam

2317 2025 2423 2063 non
2449 2010 2783 2079 ambigimus,
2810 2027 2926 2064 cum
2977 2027 3036 2065 ea
3081 2027 3187 2064 non
3250 2010 3553 2079 reperiatur
3605 2011 3665 2065 in
3698 2010 3838 2069 ’mss.

2318 2081 2469 2148 Quod
2501 2082 2748 2136 similiter
2796 2082 2859 2135 de
2887 2081 3108 2153 epistola
3158 2081 3232 2153 ad
3277 2081 3633 2153 Augustinum
3661 2100 3842 2140 mona-

2318 2098 2469 2148 uuou
2501 2098 2748 2136 ευηιιιιεν
2796 2098 2859 2135 ue
2950 2098 3108 2137 mata
3161 2098 3231 2137 aa
3277 2098 3633 2153 Augustinum
3661 2100 3842 2140 mona-

2313 2157 2467 2228 chum
2498 2172 2532 2208 a
2558 2154 2854 2228 (Gratiano,
2882 2098 3112 2228 distinct.
3146 2152 3202 2223 4,
3233 2170 3350 2225 cap.
3382 2153 3635 2228 Denique
3668 2172 3842 2213 sacer-

2312 2223 2490 2293 dotes,
2517 2226 2680 2281 citata
2713 2226 3049 2280 statuendum
3078 2230 3173 2281 est.

2314 2337 2364 2395 1.
2399 2337 2673 2395 Redimite
2704 2355 2805 2395 vos
2833 2340 2999 2412 ipsos,
3023 2339 3155 2396 dum
3184 2356 3285 2398 vos
3313 2341 3551 2414 pretium
3583 2337 3836 2398 habetis:

2240 2428 2480 2502 quando,
2506 2429 2817 2487 charissimi
2833 2430 3046 2500 fratres,
3072 2448 3278 2488 novum
3306 2439 3524 2506 tempus
3538 2431 3836 2501 inchoatis,

2240 2526 2479 2575 vestram
2510 2518 2683 2575 vitam
2718 2536 2983 2577 renovare
3027 2520 3258 2579 debetis.
3292 2523 3355 2579 In
3385 2530 3502 2579 toto
3531 2538 3684 2578 anno
3729 2538 3837 2578 non

2239 2607 2447 2665 dicitur
2475 2610 2590 2666 ulla
2625 2610 2744 2667 dies
2771 2611 3198 2684 Septuagesima,
3228 2613 3338 2669 nisi
3366 2613 3505 2671 ista:
3540 2629 3647 2671 nec
3676 2611 3837 2671 Sexa-

2240 2698 2463 2769 gesima,
2498 2699 2604 2755 nisi
2639 2716 2872 2771 sequens
2903 2702 3196 2759 Dominica
3227 2718 3240 2757 :
3272 2718 3448 2776 neque
3474 2702 3841 2777 Quinquage-

2238 2788 2399 2855 sima,
2457 2788 2566 2845 nisi
2620 2790 2825 2847 abhinc
2854 2792 3015 2847 tertia
3053 2808 3065 2846 :
3106 2808 3208 2849 nec
3251 2792 3702 2865 Quadragesima,
3734 2790 3840 2849 nisi

2239 2878 2447 2937 abhinc
2479 2888 2673 2953 quarta
2695 2882 2987 2961 Dominica
3013 2904 3024 2949 ;
3069 2891 3123 2939 et
3152 2884 3281 2956 quia
3308 2899 3453 2940 nova
3477 2884 3711 2941 nomina
3738 2882 3841 2941 hoc

2240 2977 2462 3043 tempus
2495 2969 2680 3040 habet,
2717 2971 2841 3028 ideo
2871 2973 3053 3029 omnis
3083 2972 3431 3031 Christianus
3460 2990 3731 3031 renovare
3759 2973 3841 3030 vi-

2238 3068 2350 3117 tam
2394 3078 2550 3118 suam
2588 3061 2769 3120 debet.
2806 3064 2921 3121 Hoc
2986 3064 3133 3121 enim
3187 3065 3447 3123 admonet
3492 3066 3799 3138 Apostolus
3825 3108 3841 3134 ,

2238 3149 2429 3206 dicens
2461 3166 2473 3205 :
2515 3174 2534 3197 ι
2563 3151 2930 3208 Renovamini
2953 3152 3151 3226 spiritu
3174 3153 3375 3210 mentis
3398 3161 3596 3211 vestrae
3615 3154 3839 3227 (Ephes.

2239 3257 2319 3310 iv,
2348 3240 2465 3313 23);
2494 3266 2513 3291 ι
2560 3241 2729 3298 item:
2779 3267 2798 3290 ι
2842 3243 2962 3299 Etsi
3012 3243 3252 3300 exterior
3306 3243 3473 3301 homo
3507 3253 3701 3302 noster
3727 3261 3842 3302 cor-

2238 3332 2539 3405 rumpitur,
2568 3340 2753 3389 tamen
2787 3332 3017 3393 interior
3048 3342 3345 3393 renovatur
3380 3334 3449 3393 de
3474 3334 3567 3393 die
3597 3335 3659 3394 in
3694 3335 3841 3395 diem

2242 3423 2331 3494 (II
2360 3424 2483 3478 Cor.
2521 3440 2597 3491 iv,
2649 3424 2760 3495 16).
2786 3450 2805 3473 ν

2312 3513 2364 3568 2.
2396 3514 2531 3570 Nam
2577 3513 2722 3571 sicut
2750 3523 3067 3587 renovatur,
3096 3517 3192 3591 qui
3231 3516 3299 3574 de
3342 3516 3490 3574 malo
3537 3517 3744 3574 transit
3774 3514 3842 3573 ad

2239 3602 2446 3659 bonum
2482 3621 2495 3670 ;
2533 3603 2612 3659 ita
2656 3613 2971 3675 renovatur,
3013 3606 3108 3679 qui
3134 3608 3202 3664 de
3230 3605 3377 3663 bono
3407 3606 3608 3663 transit
3635 3607 3708 3664 ad
3734 3621 3844 3663 me-

2242 3692 2370 3749 lius.
2403 3693 2510 3762 Qui
2541 3692 2607 3750 de
2636 3694 2858 3751 luxuria
2888 3697 2974 3752 vel
3003 3695 3247 3769 qualibet
3276 3695 3635 3752 immunditia
3666 3705 3845 3753 trans-

2242 3782 2287 3839 it
2315 3783 2379 3838 ad
2414 3783 2744 3855 castitatem,
2781 3784 2954 3842 vitam
2986 3802 3140 3842 suam
3183 3785 3490 3855 renovavit,
3535 3786 3633 3860 qui
3663 3786 3848 3842 aliena

2242 3888 2428 3946 rapere
2485 3873 2693 3945 injuste
2752 3882 3134 3944 consueverat,
3164 3875 3211 3932 si
3268 3891 3366 3931 sua
3391 3875 3621 3948 cmperit
3664 3877 3846 3934 mise-

2243 3964 2536 4021 ricorditer
2591 3964 2944 4035 distribuere,
3000 3965 3169 4021 vitam
3228 3982 3380 4022 suam
3436 3973 3691 4023 renovat.
3735 3965 3845 4034 Qui

2244 4054 2512 4126 superbus
2553 4054 2621 4110 ad
2674 4054 3047 4112 humilitatem
3079 4054 3381 4123 transierit,
3412 4062 3465 4111 et
3495 4055 3593 4127 qui
3622 4053 3845 4110 amabat

2243 4143 2529 4200 detrahere
2558 4144 2839 4211 fratribus,
2873 4144 2920 4201 si
2954 4144 3181 4216 coeperit
3214 4144 3409 4200 fratres
3437 4143 3691 4217 diligere,
3721 4144 3846 4199 sine

2245 4232 2416 4289 dubio
2447 4243 2675 4290 renovat
2696 4234 2865 4289 vitam
2888 4250 3040 4291 suam
3070 4253 3083 4302 ;
3116 4233 3243 4307 quia
3267 4233 3362 4308 qui
3392 4242 3507 4289 erat
3527 4234 3845 4289 membrum

2245 4321 2452 4378 diaboli
2485 4325 2626 4379 male
2657 4322 2917 4391 vivendo,
2966 4322 3165 4395 incipit
3193 4338 3306 4379 esse
3354 4323 3411 4377 in
3450 4339 3681 4395 corpore
3708 4319 3846 4377 novi

2246 4412 2512 4482 hominis,
2545 4412 2603 4469 id
2630 4422 2712 4470 est
2754 4411 2995 4489 Domini‘
3010 4413 3185 4469 nostri
3228 4412 3356 4468 Iesu
3394 4410 3623 4479 Christi,
3656 4427 3755 4485 per
3785 4407 3850 4464 ﬁ-

2248 4503 2371 4560 dem
2429 4513 2631 4561 rectam
2681 4513 2735 4561 et
2797 4504 2997 4560 bonam
3043 4502 3442 4577 Operationem.
3501 4503 3848 4575 Frequenter

2248 4593 2498 4661 audistis,
2533 4594 2730 4651 fratres
2776 4592 3110 4662 charissimi,
3147 4593 3285 4649 duos
3327 4609 3444 4650 esse
3486 4591 3763 4659 homines,
3792 4586 3852 4644 id

2249 4695 2349 4755 est,
2382 4686 2556 4742 Adam
2587 4694 2639 4741 et
2673 4686 2952 4743 Christum
2986 4706 2999 4755 ;
3033 4687 3128 4743 ille
3157 4687 3366 4744 dicitur
3394 4694 3572 4755 vetus,
3617 4684 3719 4741 iste
3751 4700 3853 4739 vo.

2249 4784 2405 4834 catur
2433 4793 2629 4832 novus.
2663 4778 2734 4833 Et
2763 4777 2884 4835 ideo
2939 4778 3033 4851 qui
3066 4778 3241 4834 malus
3269 4786 3372 4846 est,
3405 4785 3565 4832 vetus
3593 4784 3697 4845 est,
3719 4774 3852 4830 imi-

2248 4866 2417 4923 tando
2436 4865 2613 4935 illum,
2645 4867 2739 4938 qui
2771 4867 2878 4923 fuit
2900 4868 2955 4922 in
2978 4866 3257 4939 paradisio
3283 4864 3549 4938 superbus
3574 4874 3629 4921 et
3659 4863 3853 4920 inobe-

2250 4956 2446 5025 diens;
2480 4956 2578 5029 qui
2633 4973 2764 5012 vero
2813 4956 2990 5012 bonus
3045 4962 3147 5025 est,
3184 4972 3361 5011 novus
3398 4961 3503 5020 est,
3568 4947 3854 5025 sequendo

2250 5046 2409 5103 illum
2441 5046 2538 5119 qui
2591 5045 2771 5102 dicit:
2821 5072 2838 5093 ι
2863 5046 3069 5102 Discite
3106 5063 3139 5101 a
3194 5061 3281 5101 me
3329 5044 3462 5118 quia
3508 5040 3663 5098 mitis
3699 5053 3853 5104 sum,

2249 5144 2304 5191 et
2342 5136 2571 5192 humilis
2600 5135 2763 5192 corde
2794 5136 3006 5208 (Matth.
3036 5135 3226 5208 x1,29)
3254 5153 3268 5202 ;
3302 5153 3330 5187 »
3363 5140 3418 5189 et
3455 5133 3523 5189 de
3551 5148 3662 5205 quo
3687 5132 3856 5202 Apo—

2252 5346 2400 5385 versa
2431 5334 2604 5402 antea,
2635 5326 3169 5402 sup'plendumlofa.
3214 5397 3228 5402 _
3331 5395 3367 5402 __
3525 5393 3537 5402 _
3632 5400 3641 5402 4
3709 5390 3751 5402 ..
3796 5387 3808 5401 ,
3847 5384 3859 5398 .

2328 5402 2444 5484 (ᾷῖ)
2478 5392 2662 5484 Codex
2704 5392 2836 5473 Heg.
2895 5407 2948 5455 et
3004 5397 3277 5466 Valliscl.,
3309 5393 3537 5468 dispersi
3592 5400 3644 5449 et
3689 5392 3857 5447 divisi

2253 5480 2477 5617 ﬂigi?
2696 5559 2904 5610 omnes,
2954 5542 3245 5617 symbolum
3277 5539 3390 5617 sine
3417 5555 3521 5611 quo
3550 5538 3863 5609 renuente;

2255 5613 2385 5674 mss.
2418 5613 2598 5673 autem
2646 5616 2830 5675 locum
2861 5616 3181 5682 restituunt,
3204 5621 3267 5670 ut
3290 5613 3349 5668 in
3379 5617 3671 5668 contextu.
