4064 6178
163 228 274 287 653
993 218 1365 277 SEBMONES
1405 217 1462 274 S.
1503 211 1860 272 AMBROSIO
1901 209 2271 269 HACTENUS
2309 209 2646 268 ASCRIPTI.
3363 211 3468 271 05L

165 359 345 416 Stolus
373 355 453 411 ait
479 373 492 411 :
563 374 584 399 ι
615 351 815 408 Factus
840 356 922 405 est
955 349 1215 405 obediens
1242 363 1413 420 usque
1441 345 1510 401 ad
1544 349 1775 399 mortem
1804 345 1856 404 Α
1884 341 1977 412 qui
2007 349 2208 397 terram
2248 336 2690 411 repromissionis
2720 337 3086 407 intraverunt,
3138 346 3194 396 et
3234 337 3475 395 ﬁdeliter

167 447 438 520 (Philipp.
469 460 528 512 ιι,
553 441 634 513 8).
656 465 673 490 ι
711 439 817 496 Sed
839 439 969 512 quia
989 439 1094 496 hoc
1112 446 1328 510 tempus
1348 453 1556 492 novum
1578 451 1778 491 nomen
1886 429 1946 520 in
1977 427 2237 487 Ecclesiaa
2278 427 2441 520 vinea
2484 427 2806 498 laborando,
2864 428 3152 485 denarium
3200 436 3475 502 perpetua

171 538 357 604 habet,
407 533 620 591 idcirco
665 531 1027 587 admonemus
1066 529 1212 597 illos,
1262 527 1356 601 qui
1400 535 1612 584 veteres
1649 533 1780 582 sunt
1885 519 2245 577 beatitudinis
2299 519 2578 594 percipere
2631 526 2986 590 meruerunt;
3031 526 3301 594 quatenus
3347 534 3474 578 cum

172 629 315 685 male
346 623 612 691 vivendo,
643 630 706 678 ut
736 620 847 676 sint
876 619 1009 677 novi
1044 617 1183 675 bene
1211 616 1608 676 conversando.
1884 611 2059 683 capite
2090 620 2278 668 nostro
2308 609 2528 668 Christo
2559 627 2678 679 vos,
2728 609 2824 684 qui
2870 609 2989 683 ejus
3030 609 3278 667 membra
3323 610 3474 680 estis,

1882 699 2104 770 possitis
2132 716 2358 772 regnare
2397 717 2492 773 per
2521 699 2742 756 inﬁnita
2772 700 3105 758 saeculorum
3131 700 3349 759 saecula.

243 735 296 792 3.
341 732 728 790 Admonemus
756 729 885 785 illos
917 728 1012 800 qui
1036 726 1150 799 jam
1183 727 1314 783 novi
1345 733 1474 782 sunt
1502 740 1598 797 per
1631 723 1777 780 bona

174 840 359 899 opera,
421 829 482 878 ut
528 835 795 876 renovare
821 817 1075 874 studeant
1122 816 1181 872 in
1223 815 1329 872 hoc
1353 831 1500 871 novo
1528 822 1773 886 tempore

172 934 266 991 per
297 929 467 988 opera
498 911 730 968 meliora
755 929 765 965 :
814 907 967 965 verbi
995 908 1187 980 gratia,
1238 924 1417 964 novus
1446 905 1540 978 qui
1569 914 1652 961 est
1680 921 1775 977 per

174 1007 486 1065 castitatem
520 999 784 1058 cessando
837 1015 868 1054 a
916 998 1060 1054 malo
1089 1013 1269 1070 opere,
1323 1004 1618 1052 renovetur
1647 1013 1775 1052 ces-

174 1095 346 1155 sando
395 1093 464 1150 ab
512 1091 688 1164 ipsius
719 1089 901 1161 operis
931 1088 1312 1145 delectatione.
1365 1086 1634 1142 Similiter
1679 1085 1773 1158 qui

172 1185 427 1252 humilis,
471 1190 526 1238 et
553 1179 834 1247 obediens,
886 1184 940 1234 et
971 1177 1301 1246 misericors,
1349 1183 1402 1231 et
1434 1176 1642 1248 patiens
1671 1182 1771 1244 est,

174 1281 475 1332 renovetur
501 1285 718 1327 necesse
749 1276 831 1325 est
859 1267 1107 1340 quotidie
1131 1286 1144 1336 ;
1188 1276 1250 1324 ut
1279 1265 1617 1338 proﬁciendo
1646 1281 1776 1321 cre-

174 1373 292 1423 scat
326 1365 383 1419 in
415 1361 546 1436 ipsis
572 1358 896 1426 virtutibus,
952 1355 1251 1414 secundum
1285 1355 1423 1410 illud
1453 1355 1599 1427 quod
1631 1354 1776 1410 scri-

175 1464 332 1529 ptum
367 1460 488 1509 est:
559 1475 578 1499 ‹
607 1449 771 1506 Ibunt
813 1449 881 1504 de
923 1447 1129 1503 virtute
1176 1445 1234 1500 in
1285 1444 1548 1500 virtutem
1599 1443 1772 1516 (Psal.

178 1562 420 1614 Lxxxm,
453 1543 535 1614 8).
583 1565 603 1591 ι
646 1542 818 1599 Nemo
845 1547 1117 1606 nostrum,
1169 1535 1501 1604 charissimi,
1553 1550 1777 1591 securus

179 1640 265 1707 sit,
309 1635 442 1710 quia
470 1633 780 1706 baptizatus
808 1638 889 1687 est
921 1649 933 1698 ;
985 1627 1244 1703 quoniam
1275 1627 1419 1684 sicut
1445 1642 1558 1704 non
1587 1641 1778 1682 omnes

181 1729 270 1804 qui
320 1729 377 1784 in
429 1724 611 1782 stadio
652 1729 904 1788 currunt,
959 1717 1238 1792 accipiunt
1265 1715 1544 1785 bravium,
1594 1715 1652 1771 id
1700 1715 1857 1778 estB

179 1817 521 1874 destinatum
551 1811 859 1886 praemium,
911 1809 1005 1868 sed
1034 1810 1129 1866 ille
1168 1809 1264 1883 qui
1311 1810 1466 1882 prius
1507 1807 1779 1866 currendo

179 1906 444 1981 pervenit
473 1905 526 1975 (ι
554 1903 675 1959 Cor.
703 1919 783 1971 rx,
816 1899 908 1972 24)
938 1918 952 1968 ;
987 1900 1064 1956 ita
1090 1917 1202 1956 non
1232 1916 1422 1957 omnes
1451 1899 1546 1972 qui
1577 1898 1780 1954 habent

181 1997 378 2065 ﬁdem,
435 1995 752 2050 salvantur:
805 1991 901 2049 sed
959 1991 1047 2046 illi
1090 1998 1306 2046 tantum
1365 1989 1460 2062 qui
1513 1990 1570 2044 in
1609 1988 1776 2057 bono,

181 2086 333 2162 quod
363 2083 784 2152 inchoaverunt,
815 2097 978 2154 opere
1009 2087 1380 2154 perseverant.
1413 2079 1486 2134 Et
1513 2077 1656 2134 sicut
1686 2077 1781 2132 ille

181 2175 276 2252 qui
306 2175 572 2232 adversus
601 2175 833 2230 alterum
866 2177 1088 2244 pugnat,
1139 2171 1206 2226 ab
1236 2169 1495 2226 omnibus
1524 2185 1580 2225 se
1608 2167 1780 2224 absti-

184 2275 273 2323 net
300 2284 313 2333 ;
348 2265 428 2321 ita
457 2272 510 2320 et
541 2280 639 2320 vos
668 2262 736 2317 ab
765 2260 1026 2317 omnibus
1055 2259 1211 2316 vitiis
1237 2259 1510 2316 abstinere
1547 2256 1780 2324 debetis,

182 2365 242 2413 ut
272 2353 583 2420 diabolum,
617 2359 864 2408 vestrum
896 2358 1320 2422 persecutorem,
1363 2363 1620 2420 superare
1647 2363 1784 2418 pos-

183 2449 325 2506 sitis.
383 2445 572 2504 Miseri
617 2443 870 2500 homines
915 2460 1041 2500 cum
1086 2441 1348 2516 periculis
1399 2440 1527 2497 vitai
1574 2456 1685 2496 suae
1733 2447 1787 2496 et

185 2537 477 2596 immensis
507 2534 789 2592 laboribus
815 2532 1066 2590 serviunt
1093 2531 1205 2604 regi
1234 2539 1454 2587 terreno
1483 2546 1581 2603 pro
1610 2528 1787 2585 bene-

185 2629 316 2687 ﬁcio
368 2627 482 2685 cito
527 2625 830 2682 transiture
886 2631 940 2680 et
993 2620 1260 2695 perituro,
1315 2637 1480 2694 quare
1534 2636 1632 2676 vos
1673 2635 1786 2676 non

183 2721 412 2780 servitis
453 2719 568 2792 regi
613 2719 850 2775 caelestis
895 2716 1048 2789 regni
1075 2714 1418 2772 beatitudine
1459 2713 1790 2787 perfruenti,

184 2825 425 2884 eamque
454 2807 833 2866 laborantibus
864 2806 1115 2878 largienti
1139 2805 1167 2862 ‘l
1212 2806 1328 2861 Jam
1360 2805 1490 2878 quia
1519 2821 1615 2876 per
1667 2803 1784 2876 (54)

185 2904 356 2961 ﬁdem
376 2901 444 2956 ad
463 2900 701 2966 vineam,
721 2897 778 2954 id
802 2905 906 2966 est,
927 2897 994 2953 ad
1016 2905 1216 2953 sanctae
1235 2895 1493 2953 Ecclesiae
1518 2895 1786 2951 unitatem

185 2991 374 3049 vocati
406 2988 538 3046 estis
576 3003 608 3042 a
636 2987 908 3054 Domino;
955 2986 1032 3041 ita
1061 2985 1234 3042 vivite
1277 2993 1331 3041 et
1380 2986 1456 3041 ita
1502 3000 1786 3042 conversa-

2481 846 2714 904 SERMO
2752 847 2876 904 XV.

2285 955 2576 1013 Dominica
2613 957 2672 1012 in
2711 958 3079 1030 Sexagesima.

1883 1063 2034 1119 Hunc
2082 1079 2372 1137 sermonem
2415 1081 2519 1119 non
2565 1082 2670 1121 esse
2715 1065 2987 1121 Ambrosii
3020 1071 3219 1137 praeter
3257 1081 3319 1122 ea
3364 1081 3479 1137 qua:

1957 1136 2220 1206 superiori
2239 1137 2617 1208 praemisimus,
2640 1138 2697 1192 id
2725 1138 2880 1193 etiam
2910 1136 3123 1208 probat,
3164 1138 3304 1208 quod
3329 1136 3478 1194 sexa-

1954 1208 2158 1280 gesi-maz
2221 1225 2392 1276 usum,
2467 1211 2619 1280 cujus
2672 1209 2980 1265 instituendi
3033 1209 3352 1264 occasionem
3396 1209 3482 1280 ad

1955 1279 2316 1353 adulterinum
2389 1279 2698 1337 Melchiadis
2765 1298 2921 1353 papa:
2992 1282 3255 1337 decretum
3316 1279 3483 1350 refert

1955 1350 2216 1407 Alcuinus
2241 1354 2298 1407 in
2329 1354 2418 1409 lib.
2467 1355 2544 1410 De
2574 1350 2782 1410 Eccles:
2835 1350 2992 1411 Dﬁic.
3043 1354 3100 1408 in
3126 1355 3219 1409 hoc
3248 1368 3483 1408 sermone

1957 1422 2279 1497 signiﬁcetur
2330 1443 2376 1497 ag
2429 1427 2739 1497 Telesphoro
2786 1442 2890 1480 esse
2913 1443 2931 1490 ;
2979 1442 3093 1480 cum
3141 1426 3277 1480 enim
3324 1424 3483 1497 illam

1956 1493 2268 1552 Mercatoris
2349 1493 2618 1566 falsa-rain
2695 1497 3052 1553 Dec-retalium
3131 1496 3482 1553 collectionem

1958 1575 2154 1625 constet
2182 1569 2238 1623 in
2275 1569 2512 1624 Ecclesia
2557 1585 2663 1624 non
2707 1569 2814 1622 nisi
2858 1586 2995 1624 nono
3035 1569 3243 1624 ineunte
3288 1569 3481 1624 saeculo

1965 1640 2272 1707 incaluisse,
2352 1640 2584 1695 eumdem
2670 1656 2958 1696 sermonem
3010 1641 3241 1696 auctoris
3308 1640 3483 1695 eodem

1958 1715 2144 1772 saecqu
2209 1711 2531 1783 antiquioris
2587 1728 2922 1782 nequaquam
2987 1727 3092 1766 esse
3143 1711 3484 1783 manifestum

1959 1793 2071 1866 est._
2097 1785 2249 1866 Adde
2279 1782 2360 1840 his
2411 1785 2474 1839 de
2515 1783 2967 1866 quadragesimali
3003 1782 3485 1866 observatione‘ltic

1959 1877 2018 1917 ea
2055 1858 2220 1924 tradi,
2277 1873 2395 1928 qua:
2423 1853 2539 1911 cum
2567 1855 2678 1911 ritu
2720 1853 2778 1910 in
2811 1854 3252 1928 Quadragesima
3273 1853 3487 1928 Medio-

1962 1930 2076 1988 lani
2104 1925 2311 1985 servari
2338 1929 2493 1983 solito
2522 1944 2630 1982 non
2658 1927 2984 1995 conveniant,
3033 1925 3093 1981 ut
3119 1943 3184 1982 ea:
3213 1925 3487 1981 Admoni-

1962 2005 2098 2060 tione
2120 2007 2308 2059 nostra
2349 2000 2407 2056 in
2437 1999 2527 2057 lib.
2578 2001 2656 2056 De
2682 1998 2807 2056 Elia
2837 2006 2893 2056 et
2913 1997 3130 2071 jejunio
3171 1997 3353 2070 colligi
3388 2013 3485 2070 po-

1961 2081 2072 2133 test.
2913 2113 2926 2124 .

1947 2202 2014 2258 ’1.
2055 2199 2226 2257 Adest
2253 2207 2491 2272 tempus,
2523 2196 2837 2256 charissimi
2876 2194 3095 2263 fratres,
3126 2193 3275 2269 quod
3307 2193 3488 2253 Sexa-

1893 2293 2097 2367 gesima
2126 2298 2388 2358 vocatur;
2437 2299 2493 2346 et
2525 2289 2650 2346 ideo
2678 2303 2897 2345 necesse
2943 2294 3026 2344 est
3071 2294 3134 2344 ut
3161 2286 3278 2342 vita
3305 2291 3488 2342 vestra

1893 2390 2156 2452 mutetur,
2207 2397 2387 2438 mores
2433 2379 2796 2453 corrigantur,
2847 2377 3087 2436 mundus
3130 2375 3484 2450 despiciatur,

1893 2480 1948 2529 et
1971 2471 2206 2529 caelestis
2235 2471 2412 2546 patria
2440 2469 2723 2528 ardentius
2752 2468 3032 2542 diligatur.
3072 2467 3210 2524 Nam
3240 2465 3488 2523 senarius

1894 2577 2174 2628 numerus,
2228 2575 2260 2615 a
2289 2575 2397 2631 quo
2426 2557 2729 2629 sexaginta,
2777 2564 2833 2612 et
2860 2555 3215 2628 sexagesima,
3268 2561 3323 2610 et
3350 2569 3486 2610 sex-

1895 2659 2074 2720 centa,
2105 2659 2158 2707 et
2186 2666 2282 2706 sex
2313 2648 2489 2704 millia
2519 2647 2860 2715 derivantur,
2893 2646 3285 2719 perfectionem
3316 2644 3487 2717 signi-

1896 2741 2043 2798 ﬁcat.
2103 2738 2244 2795 Hinc
2271 2745 2354 2795 est
2384 2737 2532 2810 quod
2564 2738 2678 2806 ille,
2710 2737 2805 2810 qui
2834 2743 2989 2792 sexta
3015 2735 3106 2792 die
3135 2734 3266 2791 fecit
3293 2733 3486 2790 homi-

1896 2849 2043 2902 nem,
2103 2830 2162 2887 in
2191 2839 2347 2888 sexta
2377 2836 2555 2898 etate,
2598 2837 2653 2884 et
2681 2835 2835 2885 sexta
2863 2827 3018 2897 feria,
3071 2834 3126 2883 et
3169 2831 3324 2882 sexta
3353 2823 3489 2881 hora

1898 2925 2057 2981 illum
2090 2924 2269 2980 voluit
2290 2921 2577 2979 redimere.
2595 2919 2750 2977 Unde
2775 2919 2869 2992 qui
2889 2918 3004 2991 jam
3025 2916 3488 2990 Septuagesimam

1896 3015 2232 3084 celebrastis,
2280 3023 2334 3070 et
2385 3011 2550 3069 hodie
2604 3009 2998 3084 sexagesimam
3057 3006 3363 3076 celebratis,
3427 3021 3491 3065 ac

185 3083 358 3152 mini,
379 3091 446 3139 ut
465 3081 780 3178 denarium,
804 3079 861 3136 id
887 3087 968 3135 est
998 3079 1150 3178 regni
1179 3077 1418 3178 coelestis
1443 3075 1784 3178 felici-tatem,
1820 3081 1871 3146 α
1901 3105 2100 3162 deinde
2153 3075 2674 3178 Qéinquagesimam
2716 3075 2770 3158 εἱ
2815 3099 3320 3173 ρηᾶάηεθδίωδω,
3350 3075 3491 3153 Deo

183 3177 304 3232 Deo
342 3172 627 3244 largiente,
665 3170 908 3241 accipere
939 3167 1167 3225 valeatis
1200 3167 1413 3239 (Matth.
1447 3183 1544 3233 xx,
1580 3166 1691 3238 l0).

259 3283 322 3339 4.
365 3282 538 3338 Nemo
597 3278 846 3351 desperet
885 3275 952 3332 de
1006 3275 1384 3349 magnitudine
1443 3283 1791 3347 peccatorum

186 3387 450 3438 suorum,
481 3369 713 3426 dicendo
739 3387 750 3424 :
793 3367 966 3423 Multa
995 3373 1123 3421 sunt
1152 3373 1372 3437 peccata
1401 3381 1541 3433 mea,
1574 3364 1629 3419 in
1661 3363 1794 3436 qui-

186 3463 299 3520 bus
360 3475 532 3532 usque
589 3458 657 3514 ad
709 3462 1043 3514 senectutem
1095 3462 1148 3511 et
1194 3453 1526 3526 decrepitam
1579 3460 1794 3509 aetatem

185 3550 549 3628 perseveravi
571 3568 581 3605 :
597 3548 712 3621 jam
726 3546 1024 3621 promereri
1045 3562 1154 3601 non
1169 3543 1794 3619 poteroindulgentiam,

185 3644 448 3702 maxime
477 3642 604 3715 quia
628 3650 850 3714 peccata
879 3656 964 3696 me
998 3639 1348 3706 dimiserunt,
1393 3654 1505 3693 non
1551 3653 1648 3710 ego
1679 3637 1793 3692 illa.

189 3734 366 3793 Absit
395 3742 458 3790 ut
487 3733 613 3788 talis
653 3731 720 3788 de
757 3731 858 3788 Dei
906 3730 1285 3787 misericordia
1338 3727 1621 3800 desperet;
1673 3725 1801 3800 quia

186 3827 290 3883 alii
331 3824 515 3897 prima
544 3823 700 3892 hora,
725 3823 821 3879 alii
849 3822 1034 3890 tertia,
1058 3821 1152 3877 alii
1184 3829 1359 3889 sexta,
1383 3819 1479 3874 alii
1507 3834 1674 3887 nona,
1704 3816 1801 3872 alii

185 3913 505 3972 undecima
553 3911 619 3966 ad
661 3913 760 3966 Dei
796 3920 1065 3988 vocantur
1094 3911 1333 3980 vineam,
1387 3908 1444 3966 id
1471 3918 1571 3978 est,
1615 3907 1712 3963 alii
1745 3907 1802 3962 in

184 3999 476 4078 pueritia,
502 3999 596 4053 alii
631 3999 689 4053 in
709 3999 1198 4068 adolescentia,alii
1223 4001 1280 4055 in
1295 3999 1607 4070 juventute,
1630 3997 1724 4054 alii
1748 3997 1804 4052 in

184 4094 518 4156 senectute,
573 4087 668 4142 alii
700 4087 756 4142 in
790 4087 1064 4160 decrepita
1092 4097 1247 4145 aetate
1294 4091 1361 4146 ad
1387 4091 1484 4146 Dei
1514 4090 1806 4147 servitium

188 4176 638 4257 pertrahuntur.
686 4185 832 4241 410
858 4180 929 4234 Et
957 4178 1099 4234 sicut
1125 4179 1312 4234 nullus
1341 4179 1623 4251 desperare
1647 4179 1810 4236 debet

194 4279 254 4334 in
288 4289 632 4347 quacunque
662 4280 818 4330 aetate
859 4273 951 4340 sit,
1004 4273 1050 4326 si
1099 4273 1166 4328 ad
1213 4273 1511 4329 Dominum
1559 4273 1809 4332 converti

195 4363 488 4422 voluerit:
544 4363 621 4418 ita
659 4363 848 4418 nullus
892 4377 992 4434 pro
1022 4361 1136 4417 sola
1177 4360 1287 4416 ﬁde
1326 4376 1547 4418 securus
1587 4379 1698 4418 esse
1722 4364 1810 4420 de-

1903 3195 2164 3270 propitio,
2186 3193 2512 3252 celebraturi
2543 3192 2694 3262 estis,
2714 3192 2946 3249 istorum
2976 3190 3268 3249 nominum
3296 3194 3497 3263 myste-

1904 3286 1986 3342 ria
2015 3284 2174 3342 vobis
2204 3283 2552 3340 manifestare
2580 3282 2862 3340 debemus.

1977 3377 2030 3433 2.
2072 3375 2496 3448 Quadragesima
2524 3375 2789 3432 nimirum
2825 3389 2922 3430 sex
2951 3372 3284 3446 septimanas
3310 3367 3498 3440 habet,

1907 3465 1996 3524 cui
2025 3465 2234 3522 addicit
2262 3463 2629 3536 Telesphorus
2658 3463 2912 3536 pontifex
2940 3463 3232 3534 septimam
3280 3459 3503 3516 hebdo-

1909 3553 2147 3624 madam,
2169 3561 2224 3611 et
2249 3563 2506 3610 vocatum
2537 3561 2617 3609 est
2637 3553 2742 3609 hoc
2760 3559 2977 3625 tempus
2995 3549 3460 3622 Quinquagesima
3485 3565 3498 3605 :

1910 3645 2110 3702 deinde
2181 3644 2249 3701 ab
2306 3643 2431 3701 aliis
2484 3641 2672 3699 addita
2744 3649 2826 3700 est
2895 3649 3089 3698 octava
3145 3639 3452 3712 septimana
3487 3679 3504 3706 ,

1911 3742 1966 3792 et
2057 3741 2313 3792 vocatum
2406 3742 2490 3790 est
2563 3731 2744 3804 ipsum
2827 3739 3047 3806 tempus
3119 3727 3504 3802 Sexagesima:

1915 3824 2264 3898 postmodum
2339 3840 2471 3881 vero
2527 3823 2714 3881 addita
2788 3833 2870 3880 est
2933 3838 3078 3880 nova
3142 3817 3507 3888 hebdomada,

1915 3924 1969 3972 et
1995 3915 2143 3971 dicta
2179 3922 2263 3971 est
2291 3913 2717 3986 Septuagesima.
2749 3912 3022 3982 Quoniam
3051 3911 3196 3970 sicut
3223 3927 3256 3966 a
3275 3918 3512 3983 quatuor

1917 4003 2363 4077 Quadragesima,
2413 4011 2468 4060 et
2496 4019 2528 4060 a
2557 4019 2655 4060 sex
2685 4002 3072 4076 Sexagesima;
3125 4000 3203 4058 ita
3241 4016 3272 4056 a
3299 4006 3509 4070 septem

1919 4093 2325 4167 Septuagesima
2353 4093 2580 4151 dicitur.
2639 4093 2793 4151 Unde
2838 4093 2886 4149 si
2933 4092 3058 4165 quis
3099 4089 3266 4146 modo
3289 4086 3514 4144 adderet

1921 4182 2191 4240 decimam
2223 4183 2607 4258 septimanam,
2656 4200 2768 4240 non
2812 4199 2931 4239 eam
2975 4195 3296 4240 vocaremus
3345 4177 3515 4234 deca-

1925 4274 2208 4347 gesimam,
2240 4274 2335 4331 sed
2355 4274 2766 4348 octogesimam,
2788 4280 3005 4331 servato
3035 4269 3255 4329 numeri
3283 4268 3510 4326 ordine:

1925 4365 2055 4438 quia
2083 4373 2205 4439 post
2231 4371 2461 4438 septem,
2509 4381 2542 4421 a
2572 4380 2682 4439 quo
2719 4362 3121 4437 septuagesima
3164 4359 3341 4432 venit,
3389 4367 3520 4418 sunt

198 4457 332 4525 bet,
383 4454 477 4510 sed
522 4455 705 4528 potius
752 4453 1140 4527 pertimescere
1194 4451 1321 4520 hoc,
1373 4450 1520 4524 quod
1573 4452 1812 4513 dicitur:
1845 4462 1894 4520 D
1925 4467 2068 4514 octo.

215 4574 234 4596 ε
266 4545 444 4603 Multi
470 4545 620 4601 enim
653 4553 780 4601 sunt
809 4543 1012 4612 vocati,
1045 4541 1204 4617 pauci
1234 4558 1366 4598 vero
1396 4542 1557 4598 electi
1607 4542 1818 4614 (Matth.

200 4653 310 4706 xx,
357 4635 468 4708 l6).
516 4659 534 4683 ι
578 4634 738 4703 Quod
778 4634 958 4692 vocati
1008 4651 1198 4691 sumus
1256 4649 1352 4706 per
1405 4632 1592 4705 ﬁdem,
1653 4633 1824 4690 novi-

205 4742 384 4783 mus:
421 4724 516 4780 sed
541 4724 589 4780 si
619 4741 808 4780 sumus
836 4724 905 4781 ad
935 4724 1104 4780 vitam
1137 4733 1399 4781 aeternam
1431 4723 1615 4794 electi,
1650 4723 1822 4780 nesci-

205 4830 369 4872 mus.
422 4814 597 4870 Tanto
625 4831 752 4887 ergo
780 4813 940 4870 debet
969 4815 1346 4888 unusquisque
1375 4830 1491 4872 esse
1530 4813 1819 4882 humilior,

208 4912 460 4981 quanto,
493 4905 539 4960 si
569 4904 641 4960 sit
671 4905 895 4973 electus,
929 4904 1162 4977 ignorat.

288 5016 349 5073 5.
400 5012 674 5070 Concedat
708 5013 867 5070 vobis
894 5013 1244 5085 omnipotens
1272 5014 1437 5081 Deus,
1489 5021 1551 5070 ut
1599 5028 1711 5068 non
1740 5010 1827 5068 si—

213 5106 292 5162 tis
316 5103 389 5160 de
417 5101 641 5158 illorum
664 5119 913 5171 numero,
943 5103 1036 5176 qui
1063 5119 1210 5158 mare
1231 5102 1477 5158 Rubrum
1502 5101 1648 5159 sicco
1667 5102 1832 5158 vesti-

220 5195 315 5268 gio
347 5193 719 5260 transierunt,
769 5208 969 5248 manna
1002 5191 1058 5246 in
1090 5190 1304 5246 deserto
1334 5193 1827 5260 manducaverunt,

219 5293 278 5343 et
312 5292 512 5359 potum
543 5284 848 5357 spiritalem
879 5283 1161 5352 biberunt,
1184 5288 1236 5338 et
1271 5291 1492 5356 propter
1525 5298 1829 5340 murmura-

223 5375 448 5434 tionem
477 5391 633 5432 suam
664 5373 723 5432 in
752 5390 935 5431 eremo
964 5373 1282 5446 perierunt:
1339 5372 1432 5430 sed
1482 5371 1550 5430 de
1603 5373 1829 5431 illorum

310 5542 434 5619 (54)
474 5547 602 5619 Reg.
631 5543 806 5619 codex
830 5559 1018 5619 unus,_
1042 5542 1152 5616 regi
1179 5542 1369 5599 calesti
1391 5558 1495 5614 pro
1524 5540 1674 5616 regni
1701 5540 1832 5600 bea-

229 5615 485 5676 titudine.
515 5615 640 5676 lam
667 5617 796 5692 quia
817 5632 916 5690 per
943 5615 1118 5690 ﬁdem,
1148 5621 1252 5674 etc.

2002 4548 2054 4604 3.
2095 4547 2521 4620 Quadragesima
2550 4545 2676 4603 ideo
2703 4553 2973 4616 servatur,
3029 4543 3159 4620 quia
3199 4543 3416 4617 Moyses
3467 4549 3523 4600 et

1931 4637 2101 4706 Elias,
2160 4645 2215 4693 et
2259 4637 2511 4693 Salvator
2540 4635 2900 4707 quadraginta
2929 4633 3122 4691 diebus
3173 4643 3227 4690 et
3265 4631 3524 4689 noctibus

1928 4725 2204 4798 jejunasse
2236 4727 2511 4798 leguntur.
2559 4724 3024 4798 Quinquagesima
3052 4722 3176 4779 ideo
3217 4739 3248 4778 a
3288 4720 3528 4794 quibus-

1934 4816 2058 4872 dam
2091 4823 2362 4884 servatur,
2393 4815 2451 4870 in
2482 4829 2589 4888 qua
2617 4823 2747 4869 sunt
2775 4812 3175 4888 quinquaginta
3201 4810 3350 4868 dies:
3398 4810 3529 4884 quia

1935 4906 1982 4962 si
2011 4905 2351 4962 subtraxeris
2402 4905 2470 4960 ab
2513 4903 2602 4960 his
2629 4913 2835 4977 septem
2864 4903 3204 4973 Dominicas,
3252 4917 3364 4959 non
3401 4917 3530 4958 am-

1936 4999 2082 5072 plius
2112 5005 2396 5054 remanent
2439 4997 2497 5052 in
2526 4995 2881 5066 abstinentia,
2923 4995 3030 5052 nisi
3078 4995 3439 5070 quadraginta
3477 5000 3532 5049 et

1938 5091 2049 5146 duo
2077 5089 2195 5146 dies
2221 5107 2233 5147 :
2288 5097 2342 5146 et
2372 5089 2430 5144 in
2460 5089 2596 5162 ipsis
2624 5088 2839 5146 duobus
2869 5089 3065 5146 diebus
3115 5088 3212 5146 alii
3253 5085 3530 5160 jejunant,

1938 5179 2035 5236 alii
2068 5197 2202 5250 non,
2240 5178 2297 5234 id
2335 5185 2437 5247 est,
2494 5178 2550 5234 in
2607 5195 2762 5236 coena
2809 5179 3057 5249 Domini,
3085 5186 3139 5236 et
3186 5178 3244 5234 in
3292 5175 3531 5233 Sabbato

1939 5283 2150 5330 sancto.
2205 5273 2556 5346 Sexagesima
2586 5272 2710 5330 ideo
2753 5274 3080 5342 celebratur,
3139 5273 3198 5329 in
3248 5285 3356 5344 qua
3403 5274 3534 5325 sunt

1939 5372 2064 5422 octo
2091 5362 2471 5434 hebdomade,
2491 5363 2549 5422 id
2577 5371 2680 5435 est,
2700 5363 2819 5422 dies
2834 5361 3234 5438 quinquaginta
3259 5359 3376 5431 (55)
3395 5372 3529 5417 sex:

2015 5539 2133 5620 (55)
2172 5536 2366 5620 Codex
2394 5535 2662 5597 Biblioth.
2697 5537 2889 5596 Ambr.
2922 5541 2978 5592 et
3007 5547 3150 5592 unus
3177 5531 3332 5605 Reg“
3352 5535 3403 5592 et
3427 5530 3540 5593 dies

1941 5617 2239 5683 sexaginta.
