4064 6178
554 286 663 345 655

1550 285 1644 339 AD
1681 280 1915 339 OPEBA
1951 279 2006 336 S.
2047 275 2382 336 AMBROSII
2420 274 2800 335 APPENDIX.

3741 274 3837 334 656

554 410 600 466 si
634 410 975 468 subtraxeris
1000 416 1124 467 octo
1151 406 1469 464 Dominicos
1495 406 1635 472 dies,
1683 414 1736 462 et
1764 415 1888 464 octo
1916 406 2138 480 quintas
2175 408 2227 467 A
2255 418 2445 461 succos
2472 400 2809 458 infunderet.
2858 401 2980 458 Non
3024 399 3230 456 mirum
3260 405 3364 469 est,
3414 398 3461 454 si
3514 397 3561 454 is
3608 408 3838 459 arentem

553 498 745 567 ferias,
790 498 1151 572 quadraginta
1187 496 1304 552 dies
1336 495 1683 552 solummodo
1726 505 2011 551 remanent
2053 494 2148 567 je—

549 586 720 658 junii.
777 586 1186 659 Septuagesima
1213 600 1367 650 vero,
1414 600 1446 639 a
1492 601 1601 657 qua
1627 598 1800 657 usque
1848 584 1907 639 in
1943 583 2149 656 pascha

552 685 685 732 sunt
722 692 921 733 novem
952 676 1289 748 septimanae,
1331 673 1388 729 id
1414 680 1515 742 est,
1564 675 1849 746 sexaginta
1881 682 1994 730 tres
2027 672 2144 745 (56)

553 762 711 831 dies;
758 764 882 820 ideo
908 764 975 820 ab
1010 763 1289 836 aliquibus
1316 762 1644 831 celebratur,
1690 763 1819 836 quia
1844 762 1889 819 si
1921 762 2150 819 subtra-

554 853 703 907 xeris
732 869 932 908 novem
962 852 1084 908 dies
1112 851 1435 907 Dominicos
1466 859 1689 924 propter
1716 851 1939 909 Domini
1969 867 2147 907 resur-

554 941 876 1010 rectionem,
930 949 984 996 et
1039 957 1238 997 novem
1284 941 1505 1014 quintas
1552 941 1714 997 ferias
1758 949 1980 1014 propter
2029 943 2151 997 Do-

552 1029 812 1085 minicam
839 1046 1072 1100 ccenam,
1124 1039 1177 1087 et
1206 1030 1436 1087 totidem
1466 1031 1720 1101 Sabbata,
1761 1048 1831 1088 ne
1862 1031 2150 1088 videamur

553 1117 887 1175 sabbatizare
930 1136 1057 1176 cum
1087 1118 1327 1187 Iudaeis;
1377 1136 1490 1176 non
1536 1120 1775 1192 amplius
1820 1136 1982 1193 quam
2037 1120 2150 1175 tri-

554 1211 705 1283 ginta
751 1227 847 1266 sex
903 1209 1021 1266 dies
1076 1218 1363 1267 remanent
1417 1209 1486 1267 ad
1545 1209 1950 1283 jejunandum:
2013 1227 2149 1284 quos

554 1298 707 1354 omni
737 1298 1029 1356 devotione
1067 1301 1182 1372 ipse
1213 1317 1313 1356 vos
1340 1300 1635 1356 observare
1682 1300 1947 1357 concedat
1976 1299 2150 1357 Chri-

553 1393 671 1446 stus
699 1389 970 1447 Dominus
999 1396 1206 1457 noster,
1253 1389 1350 1462 qui
1378 1389 1521 1445 vivit
1551 1398 1604 1446 et
1635 1397 1825 1462 regnat
1864 1406 1992 1448 cum
2035 1392 2149 1446 Deo

553 1483 710 1541 Patre
752 1482 811 1537 in
839 1478 1051 1536 unitate
1092 1476 1331 1551 Spiritus
1377 1477 1556 1536 sancti
1597 1479 1763 1548 Deus,
1812 1494 1909 1550 per
1951 1486 2149 1535 cuncta

552 1571 769 1639 saecula,
799 1583 979 1626 amen.

1039 1705 1181 1764 411
1226 1698 1460 1757 SEBMO
1500 1699 1652 1758 XVI.

637 1808 743 1868 Ubi
771 1806 1044 1867 Dominus
1063 1806 1307 1864 Sabhato
1333 1822 1559 1862 manum
1588 1805 1796 1863 aridam
1829 1806 2063 1864 curavit.

552 1916 782 1977 Romani
812 1915 1033 1970 editores
1094 1913 1521 1983 uadragesimam
1549 1913 1841 1972 Mediolani
1886 1930 1993 1968 non
2024 1913 2146 1968 inci-

622 2005 747 2041 nere
774 1986 882 2041 nisi
910 1931 1098 2041 feriag
1117 1991 1235 2041 post
1260 1985 1591 2041 Dominicam
1620 1985 1670 2041 Ι.
1691 2002 1798 2040 non
1827 1986 2149 2041 advertentes
2196 1984 2203 1991 ’

619 2005 747 2060 pere
774 1986 882 2041 nisi
908 1984 1098 2060 feria?
1113 1991 1235 2060 post
1260 1985 1591 2060 Dominicam
1620 1985 1670 2049 Ι,
1691 2002 1798 2040 non
1827 1986 2149 2060 advertentes

628 2056 929 2117 Sermonem
953 2056 1011 2111 in
1039 2056 1234 2127 feriam
1274 2056 1309 2111 6
1346 2061 1470 2128 post
1498 2056 1712 2112 Cineres
1754 2074 1818 2111 ea:
1845 2059 1938 2128 hoc
1966 2063 2148 2111 nostro

625 2130 940 2187 concinnare
969 2127 1390 2193 constituerant;
1433 2143 1496 2183 ac
1517 2133 1802 2199 propterea
1830 2127 1942 2198 ejus
1984 2128 2149 2199 capiti

629 2203 835 2273 longam
886 2200 1131 2273 laciniam
1170 2206 1570 2273 praetexuerant
1599 2200 1802 2273 partim
1828 2216 1871 2273 _e
1914 2217 2150 2273 semnone

626 2272 695 2329 63
722 2270 966 2343 Append.
990 2270 1243 2343 August,
1271 2271 1474 2343 partim
1499 2287 1564 2325 ea:
1586 2270 1859 2326 Ambrosii
1888 2272 1978 2327 lib.
2012 2288 2052 2327 II
2081 2270 2148 2327 de

623 2341 925 2411 Abraham,
957 2341 1095 2413 cap.‘
1118 2343 1174 2411 6,
1218 2341 1366 2398 num.
1403 2341 1495 2407 32,
1543 2343 1987 2398 consarcinatam.
2048 2343 2150 2398 Sed

624 2415 672 2470 si
729 2430 845 2469 eum
890 2413 1172 2469 Ambrosio
1222 2413 1319 2468 hac
1372 2413 1461 2468 via
1508 2414 1775 2468 vindicari
1814 2431 1962 2470 nosse
2005 2414 2146 2468 arbi-

626 2486 756 2541 trati
784 2491 926 2551 sunt,
949 2485 1089 2558 nihil
1112 2485 1418 2558 absurdius.
1438 2485 1546 2558 Nos
1572 2485 1729 2558 illum
1750 2485 1833 2558 ad
1861 2486 2019 2558 ﬁdem
2046 2492 2144 2541 vet.

623 2558 746 2638 edit:
789 2571 1006 2638 namss.
1060 2557 1226 2638 Gall._
1254 2561 1304 2611 et
1319 2556 1499 2638 'Lugd.
1550 2556 1875 2638 restituimus
1899 2562 2017 2638 :__at
2043 2574 2147 2638 pro

621 2628 977 2685 Ambrosiam
1006 2644 1113 2681 non
1141 2627 1490 2696 obtrudimus,
1512 2643 1630 2683 cum
1657 2629 1888 2683 eumdem
1906 2627 2147 2687 Maximo

610 2699 813 2770 justius
840 2698 1103 2755 attribuat
1140 2699 1284 2755 Gall.
1316 2699 1497 2755 eodem.

622 2829 672 2885 1.
714 2827 1041 2901 Diligenter,
1100 2828 1296 2885 fratres
1356 2828 1498 2901 (57),
1546 2845 1647 2887 vos
1697 2828 1913 2886 audisse
1958 2828 2146 2901 credo,

549 2916 922 2987 evangelicam
960 2914 1251 2971 lectionem
1284 2934 1405 2989 quae
1436 2933 1610 2989 nuper
1639 2917 1779 2975 lecta
1798 2927 1901 2987 est,
1923 2918 2020 2974 ubi
2042 2920 2145 2975 Do-

548 3004 733 3060 minus
779 3004 933 3060 Iesus
989 3001 1242 3060 Christus
1295 3003 1572 3077 ingressus
1618 3006 1855 3063 Sabbato
1904 3008 2143 3080 Synago-

2254 492 2528 565 reparavit
2562 491 2866 561 dexteram,
2918 489 3012 564 qui
3044 496 3126 545 tot
3153 504 3387 562 corpora
3418 488 3537 561 (58)
3588 488 3657 545 de
3680 493 3842 549 arenti

2256 583 2482 654 pulvere
2510 581 2839 654 procreavit,
2890 588 2944 635 et
2992 578 3049 636 id
3097 577 3252 635 verbi
3306 578 3539 651 imperio
3587 578 3841 651 restituit,

2256 671 2403 744 quod
2468 671 2527 726 in
2583 670 2856 743 principio
2911 670 3121 727 factura
3179 668 3520 742 operationis
3577 668 3841 727 instituit:

2257 763 2410 818 velut
2439 770 2718 819 auctorem
2748 778 2907 817 suum
2940 763 3148 833 plasma
3184 776 3539 833 cognoscens,
3589 759 3846 833 obsequi—

2258 860 2349 908 tur
2378 852 2429 907 ei
2457 853 2827 924 portiuncula,
2877 852 2965 909 cui
2996 859 3176 908 totum
3206 868 3262 908 se
3290 851 3517 908 deberet
3567 850 3628 905 in
3660 867 3842 908 massa.

2329 946 2382 1002 2.
2423 945 2527 1002 Sed
2574 944 2858 1002 videamus
2918 961 3038 1018 quae
3095 945 3167 1000 sit
3211 944 3270 999 in
3330 943 3618 1016 Synagoga
3664 959 3846 1000 manus

2258 1035 2429 1103 arida,
2481 1051 2600 1107 quae
2629 1035 2769 1090 nihil
2807 1035 3024 1107 corpori
3055 1034 3297 1106 prodest,
3341 1034 3562 1107 quando
3600 1034 3848 1106 operibus

2258 1124 2517 1181 siccavit:
2554 1125 2775 1198 quando
2804 1125 2968 1180 etiam
3011 1123 3249 1196 primum
3279 1123 3435 1179 arida
3463 1140 3581 1179 esse
3609 1123 3844 1195 coeperit,

2258 1214 2644 1286 requiramus;
2704 1231 2817 1269 non
2851 1214 2998 1269 enim
3039 1213 3205 1269 unius
3237 1212 3482 1268 hominis
3510 1220 3735 1269 tantum
3765 1229 3848 1285 per

2258 1302 2596 1360 Salvatorem
2628 1318 2791 1360 causa
2821 1303 3048 1375 geritur,
3083 1318 3185 1358 nec
3213 1302 3380 1357 unius
3406 1301 3657 1358 hominis
3694 1302 3846 1358 imbe

2257 1391 2462 1449 cillitas
2493 1399 2838 1464 procuratur,
2871 1392 2966 1449 sed
2993 1392 3164 1447 totius
3195 1391 3408 1464 generis
3441 1391 3677 1448 humani
3709 1408 3847 1449 sana-

2257 1489 2348 1537 tur
2404 1480 2718 1537 inﬁrmitas.
2797 1480 3183 1537 Nulli‘autem
3243 1479 3477 1536 dubium
3532 1488 3620 1537 est
3672 1481 3846 1537 dexte-

2259 1586 2374 1626 ram
2423 1570 2511 1625 vel
2560 1569 2733 1626 totius
2782 1569 3031 1642 corporis
3086 1568 3489 1642 praeclariorem
3545 1571 3847 1643 portionem

2162 1727 2172 1734 .
2256 1658 2364 1714 hoc
2391 1658 2557 1715 oﬂicii
2588 1675 2807 1731 gerere;
2862 1665 2926 1714 ut
2952 1658 3153 1714 diurna
3181 1659 3446 1715 alimenta
3491 1674 3593 1716 suo
3641 1661 3848 1734 corpori

2174 1760 2221 1821 Β
2256 1749 2659 1818 subministret,
2707 1758 2762 1805 et
2803 1749 3153 1823 providentia
3181 1749 3417 1822 quadam
3459 1749 3531 1805 ad
3566 1750 3847 1807 fruendam

2256 1838 2429 1894 vitam
2460 1837 2707 1894 membra
2734 1846 2931 1895 caetera
2956 1845 3141 1911 pascat
3171 1854 3235 1895 ac
3266 1837 3498 1894 nutriat.

2328 1928 2382 1983 3.
2423 1927 2577 1984 Hanc
2607 1927 2777 2000 igitur
2803 1928 3084 1985 dexteram
3115 1929 3175 1984 in
3202 1928 3434 1985 Iudaico
3462 1928 3676 2002 populo
3713 1930 3845 1986 scri-

2256 2016 2353 2074 bas
2381 2034 2496 2074 esse
2525 2017 2788 2089 dixerim,
2812 2018 2900 2073 vel
2929 2016 3201 2085 doctores,
3227 2017 3323 2088 qui
3353 2018 3511 2073 velut
3540 2018 3847 2089 praclarior

2257 2106 2438 2178 portio
2468 2106 2527 2161 in
2556 2106 2959 2162 Pharisaeorum
2979 2121 3207 2178 corpore
3226 2122 3258 2160 a
3276 2106 3516 2161 Domino
3540 2106 3845 2175 constituti,

2258 2196 2621 2266 neglexerunt
2645 2201 2699 2250 et
2730 2195 2788 2250 in
2817 2202 3016 2251 caetera
3046 2194 3293 2250 membra
3334 2211 3432 2250 sua
3460 2193 3848 2266 prophetarum

2257 2285 2659 2355 oraculagvelut
2688 2300 2866 2340 escam
2896 2285 3026 2341 vitm
3064 2292 3280 2341 aeternae
3323 2285 3646 2357 porrigere:
3702 2294 3851 2358 atque

2256 2375 2379 2431 ideo
2409 2372 2661 2430 doctrina
2689 2390 2880 2429 eorum
2922 2381 3185 2447 tanquam
3234 2389 3430 2430 manus
3474 2374 3627 2430 aruit
3677 2374 3851 2431 imbe—

2256 2464 2433 2532 cillis;
2457 2463 2587 2537 quia
2616 2463 2822 2520 fontem
2846 2464 3102 2537 perennis
3123 2464 3405 2537 sapientiae
3428 2479 3543 2519 non
3569 2464 3845 2536 quaesivit.

2256 2553 2546 2624 Propterea
2590 2551 2827 2625 denique
2873 2552 3082 2609 factum
3125 2559 3227 2618 est,
3283 2559 3345 2607 ut
3383 2552 3542 2625 quasi
3573 2559 3851 2610 contracta

2256 2642 2480 2699 dextera
2525 2642 2736 2697 clavem
2780 2641 3025 2698 scientia:
3071 2648 3256 2698 tenere
3301 2657 3414 2696 non
3463 2649 3670 2713 posset,
3726 2643 3852 2698 sicut

2256 2731 2334 2786 ait
2361 2730 2666 2787 Dominus:
2735 2755 2754 2779 ι
2782 2730 2880 2788 Va:
2908 2731 3088 2800 vobis,
3119 2729 3323 2789 Scriba:
3351 2738 3407 2786 et
3437 2730 3740 2801 Pharisei,
3769 2729 3853 2805 qui

2255 2820 2595 2877 absconditis
2639 2821 2850 2877 clavem
2897 2820 3163 2888 scientiae,
3212 2828 3266 2877 et
3295 2820 3511 2894 reliqua
3562 2820 3731 2892 (Luc.
3781 2836 3851 2888 ιι,

2256 2910 2373 2982 52).
2407 2935 2425 2959 ιι
2506 2911 2634 2966 Haec
2679 2918 2862 2966 autem
2913 2909 3089 2966 clavis
3134 2908 3386 2966 Christus
3432 2916 3515 2966 est
3560 2909 3852 2976 Dominus,

2257 3017 2367 3074 quo
2396 3000 2467 3057 ad
2490 2999 2875 3058 credulitatem
2897 2999 3026 3056 ﬁdei
3046 3008 3330 3073 pectorum
3351 3015 3551 3057 arcana
3573 2999 3701 3073 (59)
3726 3014 3854 3057 rese-

548 3107 692 3165 gam,
741 3091 988 3148 hominis
1017 3091 1095 3148 ibi
1126 3091 1383 3149 habentis
1411 3110 1635 3150 manum
1670 3095 1878 3151 aridam
1907 3095 2146 3168 spiritali
2174 3122 2218 3184 C
2254 3100 2467 3149 rantur.
2491 3093 2601 3149 Ista
2632 3093 2828 3162 clavis,
2855 3092 2998 3152 sicut
3026 3093 3103 3148 ait
3131 3093 3403 3150 Dominus
3430 3093 3594 3150 Petro
3618 3110 3633 3149 :
3686 3116 3709 3140 ε
3739 3091 3855 3149 Tibi

547 3179 821 3237 medicina
848 3180 1085 3250 curavit,
1135 3197 1248 3237 non
1287 3183 1550 3256 appositis
1598 3183 1893 3240 herbarum
1937 3185 2136 3255 succis,

547 3287 660 3327 non
710 3270 1118 3344 pigmentorum
1168 3270 1630 3328 medicaminibus
1679 3272 1988 3346 colligatis:
2047 3273 2141 3330 sed

534 3359 717 3429 ,verbo
746 3358 967 3432 jubens,
1026 3368 1080 3417 et
1109 3361 1167 3416 in
1198 3360 1280 3417 ira
1310 3362 1636 3434 praecipiens
1683 3363 1891 3419 refudit
1922 3360 2143 3437 corpori

545 3449 836 3507 sanitatem
888 3449 1039 3522 (Luc.
1075 3467 1152 3519 v1,
1198 3449 1373 3522 6-10).
1424 3451 1532 3518 Ira,
1585 3450 1833 3523 inquam,
1883 3452 2028 3509 sicut
2066 3453 2143 3508 ait

546 3538 900 3610 evangelista,
933 3537 1177 3593 restituit
1210 3538 1458 3609 vigorem
1487 3538 1748 3595 dexteras.
1781 3540 1938 3596 Unde
1968 3540 2144 3597 intel-

546 3627 771 3701 ligimus
812 3627 992 3700 qualis
1032 3627 1336 3684 Dominicae
1379 3627 1738 3700 benignitatis
1785 3631 1860 3686 sit
1912 3632 2138 3701 sanitas,

546 3716 707 3788 cujus
736 3713 1136 3785 indignationis
1162 3714 1291 3770 talis
1318 3721 1401 3770 est
1436 3716 1711 3774 medicina
1735 3736 1746 3774 :
1770 3726 1864 3774 aut
1886 3721 2141 3793 quemad-

549 3804 775 3863 modum
805 3803 1050 3876 placatus
1075 3803 1316 3876 prodest,
1365 3804 1462 3877 qui
1509 3806 1586 3864 ita
1623 3808 1919 3866 miseretur
1946 3810 2137 3869 iratus.

547 3894 733 3956 Verbo
788 3892 960 3966 igitur
1010 3893 1191 3967 jubet,
1240 3901 1302 3950 ut
1359 3895 1535 3952 arenti
1589 3896 1830 3955 dexterae
1875 3915 2141 3957 venarum

623 4055 744 4137 (56)
784 4053 957 4137 Iidem
985 4054 1148 4115 codd.
1178 4056 1376 4117 Ambr.
1410 4064 1465 4115 et
1491 4058 1646 4131 Reg.,
1678 4059 1737 4116 id
1763 4066 1839 4116 est
1866 4063 2144 4134 sexaginta

549 4128 938 4202 quatuondies.

624 4200 742 4274 (57)
783 4200 942 4278 Rom.
976 4198 1149 4278 edit.:
1199 4199 1273 4256 Te
1314 4200 2144 4278 autem_faciente_eleemosy-

549 4270 699 4341 nam,
717 4270 725 4344 ξ
745 4272 955 4344 nesciat
982 4270 1207 4327 sinistra
1234 4278 1351 4341 tua,
1398 4271 1534 4344 quid
1563 4273 1727 4330 faciat
1776 4274 2002 4332 dextera
2027 4270 2140 4333 tua.

560 4343 770 4411 Videtis,
820 4341 1042 4415 fratres,
1097 4360 1258 4413 quam
1301 4341 1557 4399 moralem
1598 4345 1837 4415 judicem
1888 4348 2141 4404 habeatis.

2253 3180 2395 3238 dabo
2425 3182 2607 3238 claves
2633 3182 2787 3254 regni
2817 3183 3083 3239 caelorum
3118 3182 3331 3254 (Matth.
3367 3200 3485 3252 xvr,
3509 3182 3629 3253 19).
3659 3206 3681 3231 ι
3722 3182 3855 3254 Ergo

2250 3271 2431 3343 arguit
2455 3271 2680 3327 dextera
2707 3271 3005 3344 Synagogaa
3046 3286 3263 3341 manus,
3314 3272 3641 3345 relinquens
3690 3269 3854 3329 Chri-

2254 3366 2438 3415 stum:
2489 3374 2610 3431 qute
2652 3357 2806 3431 prius
2853 3365 2967 3414 erat
3015 3359 3073 3414 in
3124 3358 3465 3433 principibus
3510 3359 3852 3424 Iudaeorum,

2253 3447 2647 3516 deterioravit;
2690 3448 2940 3520 quisquis
2970 3447 3116 3504 enim
3148 3448 3356 3506 Christi
3386 3448 3597 3506 fontem
3629 3448 3854 3515 deserit,

2253 3535 2578 3593 debilitatur
2606 3537 2859 3609 protinus
2887 3545 2941 3593 et
2970 3537 3185 3594 arescit.

2324 3634 2377 3691 4.
2420 3634 2524 3690 Sed
2554 3635 2778 3691 invenio
2817 3635 2991 3708 ipsam
3037 3650 3262 3691 manum
3304 3633 3585 3707 quondam
3635 3636 3854 3693 caeteris

2253 3723 2515 3779 membris
2545 3724 2712 3780 fuisse
2736 3724 3020 3780 meliorem
3045 3742 3058 3792 ;
3083 3731 3308 3781 sanctus
3326 3724 3476 3779 enim
3496 3724 3728 3797 Moyses
3745 3726 3856 3783 dux

2253 3812 2467 3869 Iudaici
2500 3813 2710 3885 populi,
2760 3814 2913 3869 velut
2951 3813 3152 3869 clarior
3195 3812 3442 3886 corporis
3484 3814 3575 3870 sui
3624 3815 3855 3872 dextera

2252 3900 2381 3972 fuit,
2404 3918 2532 3959 cum
2554 3903 2724 3975 legem
2748 3901 3129 3976 porrigendam
3144 3902 3348 3960 meruit
3366 3918 3397 3959 a
3414 3902 3727 3961 divinitate
3746 3919 3856 3977 per-

2252 4064 2495 4131 honores,
2526 4064 2583 4118 in
2606 4065 2875 4120 meliorem
2899 4069 3106 4135 partem
3134 4064 3433 4120 constituit:
3462 4064 3716 4136 prudens
3740 4079 3855 4120 vero

2251 4136 2497 4208 virtutem
2527 4136 2737 4208 animle,
2783 4142 2832 4189 et
2861 4136 3293 4208 immortalitatis
3332 4136 3700 4208 adipiscendae
3730 4154 3855 4208 gra-

2255 4207 2383 4261 tiam
2398 4207 2682 4277 prceponit.
2703 4206 3011 4278 Longitudo
3040 4207 3177 4261 enim
3206 4207 3334 4262 vitae
3364 4206 3433 4262 in
3454 4208 3691 4279 dextera
3720 4206 3854 4279 ejus.

2253 4278 2486 4348 Denique
2536 4278 2663 4349 quia
2704 4279 2921 4333 dextera
2953 4280 3059 4333 haec
3095 4279 3154 4332 in
3185 4278 3389 4333 homine
3432 4278 3557 4348 jam
3604 4278 3860 4346 aruerat,

2254 4348 2452 4422 idcirco
2480 4350 2735 4405 Dominus
2761 4351 2911 4405 Iesus
2942 4350 3269 4422 Synagogam
3298 4350 3526 4406 Sabbato
3560 4350 3857 4422 ingressus,

556 4415 656 4474 Vos
685 4414 912 4469 consulit
940 4415 1201 4490 quomodo
1242 4432 1375 4486 opus
1416 4414 1647 4490 vestrum
1676 4417 1947 4489 suscipiat,
1992 4437 2147 4474 men-
2171 4482 2213 4490 _
2254 4420 2481 4475 hominis
2526 4422 2601 4476 ibi
2645 4422 2879 4477 habentis
2923 4414 3451 4476 mEznum'dexteram
3493 4414 3741 4490 aridam,
3802 4414 3862 4475 ut

550 4491 647 4540 tem
677 4485 1090 4608 vestramgrius
1112 4482 1438 4556 interrogat:
1472 4488 1711 4570 Nesciet,
1766 4482 1959 4559 inquit,
2003 4491 2142 4572 sini-
2171 4482 2221 4542 D
2251 4492 2394 4572 alius
2421 4499 2617 4573 narrat
2652 4494 2989 4563 evangelista,
3037 4491 3274 4562 spiritali
3318 4493 3582 4574 medicina
3612 4482 3859 4574 .curhoit,

550 4563 660 4609 stra
686 4562 802 4609 tua.
827 4571 921 4609 (Jul
986 4554 1154 4609 faciat
1180 4554 1407 4609 dextera
1429 4566 1541 4609 tua.
1568 4560 1859 4609 Dilmenter
1872 4563 2138 4609 attendite-
2251 4580 2326 4609 sic
2353 4580 2488 4609 enim
2519 4564 2701 4609 habet:
2732 4566 2954 4609 Factum
2987 4570 3069 4609 est
3108 4570 3290 4609 autem
3341 4571 3395 4609 9t
3445 4580 3497 4609 ιη
3550 4565 3667 4609 nlm
3714 4563 3859 4609 Sab-

548 4563 660 4631 s_tra
686 4562 802 4623 tua,
827 4554 962 4631 quid
986 4554 1154 4631 faciat
1180 4554 1407 4631 dextera
1429 4566 1541 4614 tua.
1562 4554 1859 4631 Diligenter
1872 4554 2140 4631 attendite,

546 4627 770 4702 fratres,
827 4626 874 4681 et
918 4626 1242 4702 intellectum
1252 4627 1482 4702 _divinae
1542 4626 1832 4702 Scriptura:
1877 4626 2144 4689 humiliter

548 4696 597 4753 et
624 4699 891 4774 sapienter
916 4696 1190 4774 requirite.
1212 4698 1351 4774 Nam
1380 4716 1498 4774 cum
1526 4696 1768 4769 dextéra,
1788 4704 1870 4759 vel
1898 4704 2140 4774 sinislra,

548 4768 792 4846 corporis
821 4785 1026 4846 organa
1054 4769 1179 4837 sint,
1226 4770 1457 4846 rationis
1484 4774 1745 4844 expertia,
1774 4776 1908 4829 scire
1935 4768 2144 4846 aliquid

546 4840 908 4916 vel’ignorare
936 4840 1144 4916 eis__non
1174 4842 1444 4916 competit:
1477 4840 1583 4898 non
1609 4840 1738 4916 ergo
1757 4863 1896 4901 nunc
1932 4848 1994 4901 de
2021 4840 2142 4902 cor-

540 4929 680 4988 pore
706 4912 960 4988 loquitur.
994 4912 1180 4988 Verum
1197 4913 1253 4988 in
1272 4912 1494 4988 dextera
1517 4916 1617 4988 Dei
1634 4912 1788 4972 amor
1805 4918 2139 4988 intelligitur,

544 4983 606 5058 in
634 4983 856 5058 sinistra
883 4983 1114 5058 uanitas,
1138 4986 1219 5058 uel
1251 4986 1438 5058 mundi
1466 4987 1748 5058 cupiditas.
1783 4990 1947 5055 Quasi
1966 4983 2135 5044 dicati

544 5054 765 5129 Nesciat
791 5054 1037 5129 sinistra,
1076 5055 1212 5127 quid
1257 5056 1424 5129 faciat
1452 5054 1695 5127 dextera,
1729 5054 1823 5113 hoc
1860 5065 1953 5127 est,
2002 5062 2142 5129 quod

545 5125 680 5197 facit
703 5143 857 5182 amor
886 5126 1006 5195 Dei,
1033 5125 1140 5182 non
1160 5128 1354 5197 perdat
1380 5129 1565 5183 mundi
1592 5125 1819 5185 vanitas.
1863 5125 2141 5186 Abraham

544 5215 663 5254 cum
690 5204 930 5272 nepotem
976 5216 1012 5272 ᾳ
1051 5216 1104 5254 se
1144 5200 1486 5272 deﬂectentem
1518 5206 1687 5272 tenere
1716 5218 1821 5255 non
1842 5208 2033 5272 posset,
2092 5210 2145 5259 et

544 5272 703 5327 vellet
729 5270 848 5327 eum
876 5270 1167 5326 dimittere:
1215 5270 1464 5339 Discede,
1513 5271 1706 5341 inquit,
1755 5271 1801 5327 si
1831 5270 1893 5327 tu
1922 5271 1981 5327 in
2007 5274 2140 5330 sini-

542 5351 735 5412 stram,
762 5359 860 5416 ego
890 5343 958 5416 in_
971 5343 1281 5416 dexteram.
1303 5343 1370 5416 In
1402 5341 1625 5398 sinistra
1651 5350 1773 5398 sunt
1796 5360 1857 5416 ea
1884 5360 2001 5414 qua:
2018 5361 2137 5400 cor-

535 5415 691 5487 poris
717 5421 768 5471 et
792 5412 980 5469 mundi
998 5420 1177 5487 (sunt,
1200 5414 1258 5487 in
1286 5413 1687 5487 dextera‘amor
1704 5415 1824 5487 Dei,
1874 5412 1923 5471 et
1947 5418 2141 5473 animae

541 5484 764 5554 uirtutes
793 5491 934 5540 sunt.
982 5485 1132 5542 Recte
1156 5484 1327 5554 igitur
1354 5485 1629 5539 Abraham
1655 5486 1832 5541 dixit:
1877 5486 1934 5543 Si
1982 5498 2042 5545 tu
2080 5488 2139 5545 in

542 5553 847 5624 sinistram,
895 5571 995 5636 ego
1025 5554 1094 5636 in
1112 5553 1433 5636 dekteram;
1479 5557 1607 5636 quia
1644 5556 1796 5613 homo
1831 5558 2139 5636 imprudens

543 5638 605 5679 ea
647 5642 764 5695 qua:
806 5627 996 5683 mundi
1049 5633 1098 5684 et
1137 5627 1376 5698 corporis
1418 5632 1562 5697 sunt,
1609 5645 1788 5701 nempe
1832 5627 2048 5689 diuitias
2090 5638 2140 5688 et

2251 4563 2326 4617 sic
2353 4564 2488 4618 enim
2519 4564 2701 4619 habet:
2731 4566 2957 4619 Factum
2987 4570 3069 4618 est
3108 4570 3293 4619 autem
3341 4571 3395 4619 et
3444 4564 3499 4618 in
3550 4564 3667 4619 alio
3714 4563 3866 4620 Sab-

2251 4633 2401 4706 bato,
2430 4644 2492 4691 ut
2521 4634 2834 4693 intraretin
2867 4636 3228 4706 Synagogam,
3265 4643 3319 4690 et
3347 4635 3569 4691 doceret
3599 4653 3611 4690 :
3648 4645 3707 4691 et
3744 4639 3865 4690 erat

2252 4703 2335 4777 ibi
2361 4703 2547 4774 homo,
2581 4714 2634 4761 et
2666 4723 2856 4761 manus
2887 4703 3004 4777 ejus
3023 4703 3259 4761 'de’xtera
3289 4716 3405 4761 erat
3432 4706 3606 4761 arida.
3646 4708 3866 4764 Obser—

2250 4776 2447 4831 uabant
2472 4784 2647 4831 autem
2674 4779 2857 4833 scriba:
2885 4776 2932 4832 et
2955 4777 3213 4847 phariscei
3253 4777 3302 4831 si
3347 4780 3399 4833 in
3432 4777 3662 4832 Sabbato
3703 4795 3864 4833 cura-

2250 4854 2371 4930 ret,.
2398 4854 2458 4930 ut
2502 4849 2794 4930 invenirent
2838 4850 2973 4904 unde
3013 4854 3323 4930 accusarent
3363 4865 3522 4929 eum;
3570 4849 3687 4930 ipse
3716 4864 3864 4930 pero

2251 4917 2445 4973 sciebat
2470 4921 2805 4990 cogitationes
2834 4937 3033 4975 eorum.
3053 4921 3127 4975 Et
3155 4919 3235 4973 ait
3262 4919 3483 4983 homini,
3505 4917 3605 4990 qui
3633 4920 3868 4975 habebat

2249 5006 2467 5045 manum
2493 4992 2743 5047 aridam:
2788 4991 2976 5063 Surge,
3016 4998 3070 5045 et
3095 4998 3178 5063 sta
3207 4990 3264 5063 in
3295 4990 3562 5058 medium,
3584 5062 3591 5063 ί
3617 4999 3675 5047 et
3725 5006 3865 5063 sur-

2286 5077 2379 5117 ens
2409 5063 2596 5118 stetit:
2640 5070 2686 5118 et
2711 5070 2829 5132 post
2889 5060 3054 5117 duca:
3107 5062 3178 5116 Et
3207 5061 3625 5134 circumspectis
3656 5060 3866 5119 omni-

2248 5078 2371 5188 ἕης.
2395 5133 2541 5188 dixit
2570 5133 2784 5188 homini
2809 5153 2819 5188 :
2845 5081 3098 5188 Extende
3117 5148 3341 5188 manum
3362 5142 3515 5188 tuam
3541 5151 3553 5186 :
3578 5142 3631 5188 et
3653 5141 3864 5188 exten-

2289 5150 2371 5201 us,
2395 5133 2541 5189 dixit
2570 5133 2784 5189 homini
2809 5153 2819 5190 :
2845 5133 3098 5189 Extende
3117 5148 3341 5188 manum
3362 5133 3515 5188 tuam
3541 5151 3553 5200 ς
3578 5142 3631 5189 et
3653 5141 3864 5189 exten-

2248 5205 2350 5271 dit,
2389 5212 2443 5260 et
2472 5205 2724 5260 restituta
2770 5214 2851 5262 est
2896 5222 3089 5261 manus
3136 5203 3253 5275 ejus
3301 5220 3432 5259 sana
3479 5204 3625 5260 sicut
3650 5205 3863 5262 altera.

2247 5276 2561 5347 Diligenter,
2595 5276 2813 5346 fratres,
2847 5295 2936 5333 vos
2964 5277 3177 5332 aiulisse
3204 5276 3359 5332 credo
3389 5276 3647 5348 quomodo
3681 5275 3867 5333 Chri—

2248 5354 2358 5421 stus
2384 5348 2662 5421 Dominus,
2698 5367 2803 5402 non
2831 5349 3108 5421 appositis,
3140 5354 3245 5403 etc.

2322 5420 2441 5500 (58)
2480 5420 2681 5475 Omnes
2711 5417 2981 5490 edita—qui
3006 5426 3165 5474 totum
3196 5435 3424 5490 corpus;
3445 5419 3623 5493 Lugd.
3641 5417 3863 5483 codex,

2247 5496 2341 5562 qui
2370 5496 2444 5562 tot
2470 5507 2716 5562 corpora.

2321 5560 2437 5633 (59)
2479 5558 2653 5636 Lugd.
2693 5562 2887 5631 codex,
2919 5568 3253 5634 peecatomm
3283 5579 3511 5621 arcana.
3561 5562 3684 5621 Non
3723 5558 3867 5615 satis

2246 5641 2413 5690 recte.
