  <div class='ocr_page' id='page_1' title='image "/cluster/home/n/w/nwhite01/storage/ocr_20150623/17/hvd.32044096580436/334.png"; bbox 0 0 4064 6178; ppageno 0'>
   <div class='ocr_carea' id='block_1_1' title="bbox 196 312 301 369">
    <p class='ocr_par' dir='ltr' id='par_1_1' title="bbox 196 312 301 369">
     <span class='ocr_line' id='line_1_1' title="bbox 196 312 301 369; baseline -0.01 0"><span class='ocrx_word' id='word_1_1' title='bbox 196 312 301 369; x_wconf 80' lang='lat'>657</span> 
     </span>
    </p>
   </div>
   <div class='ocr_carea' id='block_1_2' title="bbox 1014 312 2669 380">
    <p class='ocr_par' dir='ltr' id='par_1_2' title="bbox 1014 312 2669 380">
     <span class='ocr_line' id='line_1_2' title="bbox 1014 312 2669 380; baseline 0.006 -11"><span class='ocrx_word' id='word_1_2' title='bbox 1014 312 1385 372; x_wconf 83' lang='lat' dir='ltr'>SERMONES</span> <span class='ocrx_word' id='word_1_3' title='bbox 1424 316 1478 372; x_wconf 89' lang='lat' dir='ltr'>S.</span> <span class='ocrx_word' id='word_1_4' title='bbox 1519 315 1878 376; x_wconf 85' lang='lat' dir='ltr'>AMBROSIO</span> <span class='ocrx_word' id='word_1_5' title='bbox 1919 318 2290 377; x_wconf 89' lang='lat' dir='ltr'>HACTENUS</span> <span class='ocrx_word' id='word_1_6' title='bbox 2328 320 2669 380; x_wconf 85' lang='lat' dir='ltr'>ASCRIPTI.</span> 
     </span>
    </p>
   </div>
   <div class='ocr_carea' id='block_1_3' title="bbox 3399 326 3505 386">
    <p class='ocr_par' dir='ltr' id='par_1_3' title="bbox 3399 326 3505 386">
     <span class='ocr_line' id='line_1_3' title="bbox 3399 326 3505 386; baseline 0.038 -4"><span class='ocrx_word' id='word_1_7' title='bbox 3399 326 3505 386; x_wconf 79' lang='grc'>658</span> 
     </span>
    </p>
   </div>
   <div class='ocr_carea' id='block_1_4' title="bbox 199 429 3505 525">
    <p class='ocr_par' dir='ltr' id='par_1_4' title="bbox 199 429 3505 525">
     <span class='ocr_line' id='line_1_4' title="bbox 199 429 3505 525; baseline 0.005 -29"><span class='ocrx_word' id='word_1_8' title='bbox 199 439 396 511; x_wconf 88' lang='lat' dir='ltr'>cipere.</span> <span class='ocrx_word' id='word_1_9' title='bbox 440 437 703 505; x_wconf 88' lang='lat' dir='ltr'>Dextera,</span> <span class='ocrx_word' id='word_1_10' title='bbox 730 435 981 509; x_wconf 87' lang='lat' dir='ltr'>inquam,</span> <span class='ocrx_word' id='word_1_11' title='bbox 1029 447 1145 494; x_wconf 89' lang='lat' dir='ltr'>erat</span> <span class='ocrx_word' id='word_1_12' title='bbox 1182 448 1403 497; x_wconf 89' lang='lat' dir='ltr'>sanctus</span> <span class='ocrx_word' id='word_1_13' title='bbox 1431 440 1667 514; x_wconf 88' lang='lat' dir='ltr'>Moyses,</span> <span class='ocrx_word' id='word_1_14' title='bbox 1699 444 1794 517; x_wconf 86' lang='lat' dir='ltr'>qui</span> <span class='ocrx_word' id='word_1_15' title='bbox 1827 447 1880 507; x_wconf 85' lang='grc' dir='ltr'>Α</span> <span class='ocrx_word' id='word_1_16' title='bbox 1909 461 2023 502; x_wconf 89' lang='lat' dir='ltr'>esse</span> <span class='ocrx_word' id='word_1_17' title='bbox 2062 445 2353 518; x_wconf 72' lang='lat' dir='ltr'>oportetin</span> <span class='ocrx_word' id='word_1_18' title='bbox 2395 447 2623 521; x_wconf 84' lang='lat' dir='ltr'>vigiliis,</span> <span class='ocrx_word' id='word_1_19' title='bbox 2656 448 2716 504; x_wconf 92' lang='lat' dir='ltr'>in</span> <span class='ocrx_word' id='word_1_20' title='bbox 2738 446 2990 521; x_wconf 87' lang='lat' dir='ltr'>jejuniis,</span> <span class='ocrx_word' id='word_1_21' title='bbox 3020 449 3082 506; x_wconf 92' lang='lat' dir='ltr'>in</span> <span class='ocrx_word' id='word_1_22' title='bbox 3120 429 3505 525; x_wconf 82' lang='lat' dir='ltr'>eleemosynis</span> 
     </span>
    </p>
   </div>
   <div class='ocr_carea' id='block_1_5' title="bbox 200 526 1799 599">
    <p class='ocr_par' dir='ltr' id='par_1_5' title="bbox 200 526 1799 599">
     <span class='ocr_line' id='line_1_5' title="bbox 200 526 1799 599; baseline 0.004 -15"><span class='ocrx_word' id='word_1_23' title='bbox 200 527 337 585; x_wconf 86' lang='lat' dir='ltr'>ﬁlios</span> <span class='ocrx_word' id='word_1_24' title='bbox 385 527 553 584; x_wconf 82' lang='lat' dir='ltr'>Israel</span> <span class='ocrx_word' id='word_1_25' title='bbox 612 526 768 582; x_wconf 86' lang='lat' dir='ltr'>velut</span> <span class='ocrx_word' id='word_1_26' title='bbox 819 542 990 583; x_wconf 90' lang='lat' dir='ltr'>manu</span> <span class='ocrx_word' id='word_1_27' title='bbox 1044 527 1277 599; x_wconf 88' lang='lat' dir='ltr'>provida</span> <span class='ocrx_word' id='word_1_28' title='bbox 1339 530 1548 587; x_wconf 90' lang='lat' dir='ltr'>coelesti</span> <span class='ocrx_word' id='word_1_29' title='bbox 1596 548 1799 591; x_wconf 88' lang='lat' dir='ltr'>manna</span> 
     </span>
    </p>
   </div>
   <div class='ocr_carea' id='block_1_6' title="bbox 197 616 1797 692">
    <p class='ocr_par' dir='ltr' id='par_1_6' title="bbox 197 616 1797 692">
     <span class='ocr_line' id='line_1_6' title="bbox 197 616 1797 692; baseline 0.003 -17"><span class='ocrx_word' id='word_1_30' title='bbox 197 616 411 675; x_wconf 87' lang='lat' dir='ltr'>nutriit.</span> <span class='ocrx_word' id='word_1_31' title='bbox 466 616 595 672; x_wconf 74' lang='lat' dir='ltr'>Haec</span> <span class='ocrx_word' id='word_1_32' title='bbox 639 616 802 689; x_wconf 86' lang='lat' dir='ltr'>plane</span> <span class='ocrx_word' id='word_1_33' title='bbox 860 623 940 672; x_wconf 88' lang='lat' dir='ltr'>est</span> <span class='ocrx_word' id='word_1_34' title='bbox 992 616 1236 687; x_wconf 86' lang='lat' dir='ltr'>dextera,</span> <span class='ocrx_word' id='word_1_35' title='bbox 1269 635 1388 692; x_wconf 73' lang='lat' dir='ltr'>quze</span> <span class='ocrx_word' id='word_1_36' title='bbox 1432 621 1697 679; x_wconf 85' lang='lat' dir='ltr'>Joannem</span> <span class='ocrx_word' id='word_1_37' title='bbox 1743 632 1797 681; x_wconf 90' lang='lat' dir='ltr'>et</span> 
     </span>
    </p>
   </div>
   <div class='ocr_carea' id='block_1_7' title="bbox 197 705 1797 781">
    <p class='ocr_par' dir='ltr' id='par_1_7' title="bbox 197 705 1797 781">
     <span class='ocr_line' id='line_1_7' title="bbox 197 705 1797 781; baseline 0.003 -14"><span class='ocrx_word' id='word_1_38' title='bbox 197 708 498 768; x_wconf 85' lang='lat' dir='ltr'>Mambrem</span> <span class='ocrx_word' id='word_1_39' title='bbox 546 723 734 779; x_wconf 86' lang='lat' dir='ltr'>magos</span> <span class='ocrx_word' id='word_1_40' title='bbox 778 705 930 763; x_wconf 84' lang='lat' dir='ltr'>nivei</span> <span class='ocrx_word' id='word_1_41' title='bbox 977 708 1287 781; x_wconf 84' lang='lat' dir='ltr'>splendoris</span> <span class='ocrx_word' id='word_1_42' title='bbox 1328 710 1508 768; x_wconf 89' lang='lat' dir='ltr'>nitore</span> <span class='ocrx_word' id='word_1_43' title='bbox 1551 714 1797 772; x_wconf 81' lang='lat' dir='ltr'>convicit</span> 
     </span>
    </p>
   </div>
   <div class='ocr_carea' id='block_1_8' title="bbox 200 796 1794 870">
    <p class='ocr_par' dir='ltr' id='par_1_8' title="bbox 200 796 1794 870">
     <span class='ocr_line' id='line_1_8' title="bbox 200 796 1794 870; baseline 0.003 -16"><span class='ocrx_word' id='word_1_44' title='bbox 200 798 397 870; x_wconf 64' lang='lat' dir='ltr'>(Emori.</span> <span class='ocrx_word' id='word_1_45' title='bbox 432 815 536 864; x_wconf 84' lang='lat' dir='ltr'>vn,</span> <span class='ocrx_word' id='word_1_46' title='bbox 572 796 671 864; x_wconf 78' lang='lat' dir='ltr'>il;</span> <span class='ocrx_word' id='word_1_47' title='bbox 707 798 773 853; x_wconf 95' lang='lat' dir='ltr'><em>II</em></span> <span class='ocrx_word' id='word_1_48' title='bbox 816 797 952 854; x_wconf 90' lang='lat' dir='ltr'>Tim.</span> <span class='ocrx_word' id='word_1_49' title='bbox 992 814 1077 867; x_wconf 89' lang='lat' dir='ltr'>III,</span> <span class='ocrx_word' id='word_1_50' title='bbox 1109 799 1189 870; x_wconf 92' lang='lat'>8).</span> <span class='ocrx_word' id='word_1_51' title='bbox 1214 801 1296 856; x_wconf 88' lang='lat' dir='ltr'>Ita</span> <span class='ocrx_word' id='word_1_52' title='bbox 1312 806 1460 863; x_wconf 83' lang='lat'>412</span> <span class='ocrx_word' id='word_1_53' title='bbox 1489 802 1637 859; x_wconf 87' lang='lat' dir='ltr'>enim</span> <span class='ocrx_word' id='word_1_54' title='bbox 1664 804 1794 860; x_wconf 88' lang='lat' dir='ltr'>scri-</span> 
     </span>
    </p>
   </div>
   <div class='ocr_carea' id='block_1_9' title="bbox 198 893 1795 971">
    <p class='ocr_par' dir='ltr' id='par_1_9' title="bbox 198 893 1795 971">
     <span class='ocr_line' id='line_1_9' title="bbox 198 893 1795 971; baseline 0.004 -20"><span class='ocrx_word' id='word_1_55' title='bbox 198 903 345 970; x_wconf 87' lang='lat' dir='ltr'>ptum</span> <span class='ocrx_word' id='word_1_56' title='bbox 375 893 585 951; x_wconf 89' lang='lat' dir='ltr'>habes:</span> <span class='ocrx_word' id='word_1_57' title='bbox 620 894 802 968; x_wconf 86' lang='lat' dir='ltr'>Atque</span> <span class='ocrx_word' id='word_1_58' title='bbox 846 896 972 953; x_wconf 89' lang='lat' dir='ltr'>ideo</span> <span class='ocrx_word' id='word_1_59' title='bbox 1022 914 1306 971; x_wconf 84' lang='lat' dir='ltr'>magorum</span> <span class='ocrx_word' id='word_1_60' title='bbox 1345 901 1635 958; x_wconf 85' lang='lat' dir='ltr'>destructae</span> <span class='ocrx_word' id='word_1_61' title='bbox 1665 910 1795 958; x_wconf 88' lang='lat' dir='ltr'>sunt</span> 
     </span>
    </p>
   </div>
   <div class='ocr_carea' id='block_1_10' title="bbox 197 987 1792 1062">
    <p class='ocr_par' dir='ltr' id='par_1_10' title="bbox 197 987 1792 1062">
     <span class='ocr_line' id='line_1_10' title="bbox 197 987 1792 1062; baseline 0.004 -17"><span class='ocrx_word' id='word_1_62' title='bbox 197 987 456 1057; x_wconf 72' lang='lat' dir='ltr'>tenebrae,</span> <span class='ocrx_word' id='word_1_63' title='bbox 487 988 618 1062; x_wconf 87' lang='lat' dir='ltr'>quia</span> <span class='ocrx_word' id='word_1_64' title='bbox 664 987 846 1061; x_wconf 85' lang='lat' dir='ltr'>Moysi</span> <span class='ocrx_word' id='word_1_65' title='bbox 884 990 1098 1047; x_wconf 89' lang='lat' dir='ltr'>meritis</span> <span class='ocrx_word' id='word_1_66' title='bbox 1131 991 1322 1050; x_wconf 87' lang='lat' dir='ltr'>lucens</span> <span class='ocrx_word' id='word_1_67' title='bbox 1364 993 1591 1050; x_wconf 88' lang='lat' dir='ltr'>dextera</span> <span class='ocrx_word' id='word_1_68' title='bbox 1634 1010 1792 1051; x_wconf 91' lang='lat' dir='ltr'>coru-</span> 
     </span>
    </p>
   </div>
   <div class='ocr_carea' id='block_1_11' title="bbox 197 1077 399 1135">
    <p class='ocr_par' dir='ltr' id='par_1_11' title="bbox 197 1077 399 1135">
     <span class='ocr_line' id='line_1_11' title="bbox 197 1077 399 1135; baseline -0.01 -1"><span class='ocrx_word' id='word_1_69' title='bbox 197 1077 399 1135; x_wconf 88' lang='lat' dir='ltr'>scabat.</span> 
     </span>
    </p>
   </div>
   <div class='ocr_carea' id='block_1_12' title="bbox 262 1168 1792 1245">
    <p class='ocr_par' dir='ltr' id='par_1_12' title="bbox 262 1168 1792 1245">
     <span class='ocr_line' id='line_1_12' title="bbox 262 1168 1792 1245; baseline 0.001 -18"><span class='ocrx_word' id='word_1_70' title='bbox 262 1171 314 1228; x_wconf 84' lang='lat'>5.</span> <span class='ocrx_word' id='word_1_71' title='bbox 359 1169 466 1226; x_wconf 87' lang='lat' dir='ltr'>Sed</span> <span class='ocrx_word' id='word_1_72' title='bbox 523 1168 809 1226; x_wconf 87' lang='lat' dir='ltr'>videamus</span> <span class='ocrx_word' id='word_1_73' title='bbox 862 1187 1059 1228; x_wconf 89' lang='lat' dir='ltr'>manus</span> <span class='ocrx_word' id='word_1_74' title='bbox 1116 1170 1222 1228; x_wconf 90' lang='lat' dir='ltr'>ista</span> <span class='ocrx_word' id='word_1_75' title='bbox 1273 1170 1492 1245; x_wconf 87' lang='lat' dir='ltr'>quando</span> <span class='ocrx_word' id='word_1_76' title='bbox 1550 1173 1792 1245; x_wconf 89' lang='lat' dir='ltr'>primum</span> 
     </span>
    </p>
   </div>
   <div class='ocr_carea' id='block_1_13' title="bbox 196 1257 1793 1334">
    <p class='ocr_par' dir='ltr' id='par_1_13' title="bbox 196 1257 1793 1334">
     <span class='ocr_line' id='line_1_13' title="bbox 196 1257 1793 1334; baseline 0.003 -20"><span class='ocrx_word' id='word_1_77' title='bbox 196 1257 345 1314; x_wconf 89' lang='lat' dir='ltr'>arida</span> <span class='ocrx_word' id='word_1_78' title='bbox 372 1257 599 1329; x_wconf 67' lang='lat' dir='ltr'>coeperit</span> <span class='ocrx_word' id='word_1_79' title='bbox 642 1274 759 1314; x_wconf 88' lang='lat' dir='ltr'>esse</span> <span class='ocrx_word' id='word_1_80' title='bbox 801 1259 887 1315; x_wconf 91' lang='lat' dir='ltr'>vel</span> <span class='ocrx_word' id='word_1_81' title='bbox 920 1267 1157 1316; x_wconf 89' lang='lat' dir='ltr'>mortua.</span> <span class='ocrx_word' id='word_1_82' title='bbox 1205 1260 1323 1333; x_wconf 86' lang='lat' dir='ltr'>Ego</span> <span class='ocrx_word' id='word_1_83' title='bbox 1362 1261 1516 1317; x_wconf 88' lang='lat' dir='ltr'>illam</span> <span class='ocrx_word' id='word_1_84' title='bbox 1551 1262 1793 1334; x_wconf 90' lang='lat' dir='ltr'>primum</span> 
     </span>
    </p>
   </div>
   <div class='ocr_carea' id='block_1_14' title="bbox 197 1336 1792 1418">
    <p class='ocr_par' dir='ltr' id='par_1_14' title="bbox 197 1336 1792 1418">
     <span class='ocr_line' id='line_1_14' title="bbox 197 1336 1792 1418; baseline 0.003 -15"><span class='ocrx_word' id='word_1_85' title='bbox 197 1346 253 1403; x_wconf 91' lang='lat' dir='ltr'>in</span> <span class='ocrx_word' id='word_1_86' title='bbox 303 1336 479 1403; x_wconf 84' lang='lat' dir='ltr'>Adam</span> <span class='ocrx_word' id='word_1_87' title='bbox 517 1346 727 1403; x_wconf 87' lang='lat' dir='ltr'>aruisse</span> <span class='ocrx_word' id='word_1_88' title='bbox 774 1348 1066 1418; x_wconf 85' lang='lat' dir='ltr'>conﬁrmo,</span> <span class='ocrx_word' id='word_1_89' title='bbox 1128 1365 1254 1407; x_wconf 91' lang='lat' dir='ltr'>cum</span> <span class='ocrx_word' id='word_1_90' title='bbox 1312 1358 1505 1406; x_wconf 85' lang='lat' dir='ltr'>contra</span> <span class='ocrx_word' id='word_1_91' title='bbox 1555 1351 1792 1407; x_wconf 89' lang='lat' dir='ltr'>vetitum</span> 
     </span>
    </p>
   </div>
   <div class='ocr_carea' id='block_1_15' title="bbox 201 1435 1795 1512">
    <p class='ocr_par' dir='ltr' id='par_1_15' title="bbox 201 1435 1795 1512">
     <span class='ocr_line' id='line_1_15' title="bbox 201 1435 1795 1512; baseline 0.001 -17"><span class='ocrx_word' id='word_1_92' title='bbox 201 1437 423 1495; x_wconf 87' lang='lat' dir='ltr'>Domini</span> <span class='ocrx_word' id='word_1_93' title='bbox 452 1436 761 1512; x_wconf 80' lang='lat' dir='ltr'>interdictae</span> <span class='ocrx_word' id='word_1_94' title='bbox 791 1435 1004 1493; x_wconf 89' lang='lat' dir='ltr'>arboris</span> <span class='ocrx_word' id='word_1_95' title='bbox 1032 1454 1195 1511; x_wconf 91' lang='lat' dir='ltr'>poma</span> <span class='ocrx_word' id='word_1_96' title='bbox 1239 1438 1531 1512; x_wconf 77' lang='lat' dir='ltr'>decerpsit,</span> <span class='ocrx_word' id='word_1_97' title='bbox 1563 1456 1625 1496; x_wconf 88' lang='lat' dir='ltr'>ac</span> <span class='ocrx_word' id='word_1_98' title='bbox 1666 1447 1795 1497; x_wconf 89' lang='lat' dir='ltr'>tunc</span> 
     </span>
    </p>
   </div>
   <div class='ocr_carea' id='block_1_16' title="bbox 198 1525 1793 1602">
    <p class='ocr_par' dir='ltr' id='par_1_16' title="bbox 198 1525 1793 1602">
     <span class='ocr_line' id='line_1_16' title="bbox 198 1525 1793 1602; baseline 0.001 -18"><span class='ocrx_word' id='word_1_99' title='bbox 198 1543 415 1584; x_wconf 85' lang='lat' dir='ltr'>succum</span> <span class='ocrx_word' id='word_1_100' title='bbox 433 1525 869 1583; x_wconf 79' lang='lat' dir='ltr'>immortalitatis</span> <span class='ocrx_word' id='word_1_101' title='bbox 879 1527 1163 1585; x_wconf 88' lang='lat' dir='ltr'>amisit.Et</span> <span class='ocrx_word' id='word_1_102' title='bbox 1177 1529 1526 1602; x_wconf 90' lang='lat' dir='ltr'>siccataquod</span> <span class='ocrx_word' id='word_1_103' title='bbox 1535 1529 1793 1585; x_wconf 88' lang='lat' dir='ltr'>ammodo</span> 
     </span>
    </p>
   </div>
   <div class='ocr_carea' id='block_1_17' title="bbox 197 1615 1792 1691">
    <p class='ocr_par' dir='ltr' id='par_1_17' title="bbox 197 1615 1792 1691">
     <span class='ocr_line' id='line_1_17' title="bbox 197 1615 1792 1691; baseline 0.001 -19"><span class='ocrx_word' id='word_1_104' title='bbox 197 1623 291 1683; x_wconf 89' lang='lat' dir='ltr'>est,</span> <span class='ocrx_word' id='word_1_105' title='bbox 320 1616 541 1688; x_wconf 85' lang='lat' dir='ltr'>quando</span> <span class='ocrx_word' id='word_1_106' title='bbox 560 1615 845 1673; x_wconf 86' lang='lat' dir='ltr'>hominem</span> <span class='ocrx_word' id='word_1_107' title='bbox 875 1615 943 1672; x_wconf 92' lang='lat' dir='ltr'>ad</span> <span class='ocrx_word' id='word_1_108' title='bbox 974 1616 1271 1690; x_wconf 83' lang='lat' dir='ltr'>imaginem</span> <span class='ocrx_word' id='word_1_109' title='bbox 1298 1618 1397 1674; x_wconf 90' lang='lat' dir='ltr'>Dei</span> <span class='ocrx_word' id='word_1_110' title='bbox 1428 1618 1637 1674; x_wconf 86' lang='lat' dir='ltr'>factum</span> <span class='ocrx_word' id='word_1_111' title='bbox 1669 1634 1792 1691; x_wconf 88' lang='lat' dir='ltr'>pec-</span> 
     </span>
    </p>
   </div>
   <div class='ocr_carea' id='block_1_18' title="bbox 201 1706 1793 1783">
    <p class='ocr_par' dir='ltr' id='par_1_18' title="bbox 201 1706 1793 1783">
     <span class='ocr_line' id='line_1_18' title="bbox 201 1706 1793 1783; baseline 0.002 -21"><span class='ocrx_word' id='word_1_112' title='bbox 201 1714 317 1763; x_wconf 88' lang='lat' dir='ltr'>cato</span> <span class='ocrx_word' id='word_1_113' title='bbox 336 1724 440 1763; x_wconf 90' lang='lat' dir='ltr'>suo</span> <span class='ocrx_word' id='word_1_114' title='bbox 463 1706 607 1764; x_wconf 85' lang='lat' dir='ltr'>solvi</span> <span class='ocrx_word' id='word_1_115' title='bbox 636 1707 765 1765; x_wconf 90' lang='lat' dir='ltr'>fecit</span> <span class='ocrx_word' id='word_1_116' title='bbox 797 1709 853 1763; x_wconf 92' lang='lat' dir='ltr'>in</span> <span class='ocrx_word' id='word_1_117' title='bbox 885 1709 1190 1780; x_wconf 88' lang='lat' dir='ltr'>pulverem.</span> <span class='ocrx_word' id='word_1_118' title='bbox 1222 1712 1403 1783; x_wconf 85' lang='lat' dir='ltr'>Atque</span> <span class='ocrx_word' id='word_1_119' title='bbox 1434 1710 1648 1767; x_wconf 88' lang='lat' dir='ltr'>unitam</span> <span class='ocrx_word' id='word_1_120' title='bbox 1677 1710 1793 1766; x_wconf 88' lang='lat' dir='ltr'>sola</span> 
     </span>
    </p>
   </div>
   <div class='ocr_carea' id='block_1_19' title="bbox 1908 536 3506 615">
    <p class='ocr_par' dir='ltr' id='par_1_19' title="bbox 1908 536 3506 615">
     <span class='ocr_line' id='line_1_19' title="bbox 1908 536 3506 615; baseline 0.007 -25"><span class='ocrx_word' id='word_1_121' title='bbox 1908 543 1960 591; x_wconf 92' lang='lat' dir='ltr'>et</span> <span class='ocrx_word' id='word_1_122' title='bbox 1980 536 2341 595; x_wconf 88' lang='lat' dir='ltr'>orationibus.</span> <span class='ocrx_word' id='word_1_123' title='bbox 2375 538 2481 606; x_wconf 83' lang='lat' dir='ltr'>Qui</span> <span class='ocrx_word' id='word_1_124' title='bbox 2510 556 2685 613; x_wconf 91' lang='lat' dir='ltr'>usque</span> <span class='ocrx_word' id='word_1_125' title='bbox 2731 540 2895 597; x_wconf 90' lang='lat' dir='ltr'>modo</span> <span class='ocrx_word' id='word_1_126' title='bbox 2924 541 3330 615; x_wconf 87' lang='lat' dir='ltr'>eleemosynam</span> <span class='ocrx_word' id='word_1_127' title='bbox 3354 541 3506 614; x_wconf 87' lang='lat' dir='ltr'>fecit,</span> 
     </span>
    </p>
   </div>
   <div class='ocr_carea' id='block_1_20' title="bbox 1906 627 3505 708">
    <p class='ocr_par' dir='ltr' id='par_1_20' title="bbox 1906 627 3505 708">
     <span class='ocr_line' id='line_1_20' title="bbox 1906 627 3505 708; baseline 0.006 -25"><span class='ocrx_word' id='word_1_128' title='bbox 1906 628 2144 700; x_wconf 81' lang='lat' dir='ltr'>amplius</span> <span class='ocrx_word' id='word_1_129' title='bbox 2158 627 2245 686; x_wconf 86' lang='lat' dir='ltr'>his</span> <span class='ocrx_word' id='word_1_130' title='bbox 2274 628 2470 687; x_wconf 89' lang='lat' dir='ltr'>diebus</span> <span class='ocrx_word' id='word_1_131' title='bbox 2497 630 2693 699; x_wconf 81' lang='lat' dir='ltr'>faciat;</span> <span class='ocrx_word' id='word_1_132' title='bbox 2714 632 2844 705; x_wconf 89' lang='lat' dir='ltr'>quia</span> <span class='ocrx_word' id='word_1_133' title='bbox 2873 632 3017 690; x_wconf 88' lang='lat' dir='ltr'>sicut</span> <span class='ocrx_word' id='word_1_134' title='bbox 3036 649 3179 707; x_wconf 87' lang='lat' dir='ltr'>aqua</span> <span class='ocrx_word' id='word_1_135' title='bbox 3197 634 3505 708; x_wconf 85' lang='lat' dir='ltr'>exstinguit</span> 
     </span>
    </p>
   </div>
   <div class='ocr_carea' id='block_1_21' title="bbox 1905 715 3500 799">
    <p class='ocr_par' dir='ltr' id='par_1_21' title="bbox 1905 715 3500 799">
     <span class='ocr_line' id='line_1_21' title="bbox 1905 715 3500 799; baseline 0.008 -29"><span class='ocrx_word' id='word_1_136' title='bbox 1905 715 2110 787; x_wconf 80' lang='lat' dir='ltr'>ignem,</span> <span class='ocrx_word' id='word_1_137' title='bbox 2166 718 2244 776; x_wconf 90' lang='lat' dir='ltr'>ita</span> <span class='ocrx_word' id='word_1_138' title='bbox 2298 719 2646 792; x_wconf 89' lang='lat' dir='ltr'>eleemosyna</span> <span class='ocrx_word' id='word_1_139' title='bbox 2683 721 2987 794; x_wconf 81' lang='lat' dir='ltr'>exstinguit</span> <span class='ocrx_word' id='word_1_140' title='bbox 3038 732 3323 796; x_wconf 89' lang='lat' dir='ltr'>peccatum</span> <span class='ocrx_word' id='word_1_141' title='bbox 3382 724 3500 799; x_wconf 83' lang='lat'>(62)</span> 
     </span>
    </p>
   </div>
   <div class='ocr_carea' id='block_1_22' title="bbox 1909 805 3500 884">
    <p class='ocr_par' dir='ltr' id='par_1_22' title="bbox 1909 805 3500 884">
     <span class='ocr_line' id='line_1_22' title="bbox 1909 805 3500 884; baseline 0.006 -23"><span class='ocrx_word' id='word_1_142' title='bbox 1909 805 2100 878; x_wconf 88' lang='lat' dir='ltr'>(Eccli.</span> <span class='ocrx_word' id='word_1_143' title='bbox 2127 823 2212 876; x_wconf 83' lang='lat' dir='ltr'>in,</span> <span class='ocrx_word' id='word_1_144' title='bbox 2244 806 2361 880; x_wconf 92' lang='lat'>33).</span> <span class='ocrx_word' id='word_1_145' title='bbox 2399 807 2504 875; x_wconf 90' lang='lat' dir='ltr'>Qui</span> <span class='ocrx_word' id='word_1_146' title='bbox 2536 825 2707 882; x_wconf 88' lang='lat' dir='ltr'>usque</span> <span class='ocrx_word' id='word_1_147' title='bbox 2736 810 2900 867; x_wconf 90' lang='lat' dir='ltr'>modo</span> <span class='ocrx_word' id='word_1_148' title='bbox 2923 810 3201 884; x_wconf 87' lang='lat' dir='ltr'>jejunavit</span> <span class='ocrx_word' id='word_1_149' title='bbox 3220 819 3275 869; x_wconf 92' lang='lat' dir='ltr'>et</span> <span class='ocrx_word' id='word_1_150' title='bbox 3300 813 3500 883; x_wconf 89' lang='lat' dir='ltr'>oravit,</span> 
     </span>
    </p>
   </div>
   <div class='ocr_carea' id='block_1_23' title="bbox 1906 895 3502 975">
    <p class='ocr_par' dir='ltr' id='par_1_23' title="bbox 1906 895 3502 975">
     <span class='ocr_line' id='line_1_23' title="bbox 1906 895 3502 975; baseline 0.006 -26"><span class='ocrx_word' id='word_1_151' title='bbox 1906 895 2070 951; x_wconf 89' lang='lat' dir='ltr'>modo</span> <span class='ocrx_word' id='word_1_152' title='bbox 2099 896 2336 968; x_wconf 87' lang='lat' dir='ltr'>amplius</span> <span class='ocrx_word' id='word_1_153' title='bbox 2359 895 2574 969; x_wconf 90' lang='lat' dir='ltr'>jejunet</span> <span class='ocrx_word' id='word_1_154' title='bbox 2619 906 2673 954; x_wconf 90' lang='lat' dir='ltr'>et</span> <span class='ocrx_word' id='word_1_155' title='bbox 2707 907 2861 967; x_wconf 90' lang='lat' dir='ltr'>oret;</span> <span class='ocrx_word' id='word_1_156' title='bbox 2913 899 3042 974; x_wconf 90' lang='lat' dir='ltr'>quia</span> <span class='ocrx_word' id='word_1_157' title='bbox 3084 910 3214 959; x_wconf 88' lang='lat' dir='ltr'>sunt</span> <span class='ocrx_word' id='word_1_158' title='bbox 3252 901 3502 975; x_wconf 66' lang='lat' dir='ltr'>quaedam</span> 
     </span>
    </p>
   </div>
   <div class='ocr_carea' id='block_1_24' title="bbox 1904 987 3501 1063">
    <p class='ocr_par' dir='ltr' id='par_1_24' title="bbox 1904 987 3501 1063">
     <span class='ocr_line' id='line_1_24' title="bbox 1904 987 3501 1063; baseline 0.006 -24"><span class='ocrx_word' id='word_1_159' title='bbox 1904 991 2146 1055; x_wconf 90' lang='lat' dir='ltr'>peccata,</span> <span class='ocrx_word' id='word_1_160' title='bbox 2177 1001 2297 1057; x_wconf 69' lang='lat' dir='ltr'>quae</span> <span class='ocrx_word' id='word_1_161' title='bbox 2328 1002 2439 1041; x_wconf 93' lang='lat' dir='ltr'>non</span> <span class='ocrx_word' id='word_1_162' title='bbox 2492 987 2875 1057; x_wconf 89' lang='lat' dir='ltr'>dimittuntur,</span> <span class='ocrx_word' id='word_1_163' title='bbox 2907 989 3018 1045; x_wconf 87' lang='lat' dir='ltr'>nisi</span> <span class='ocrx_word' id='word_1_164' title='bbox 3043 990 3169 1063; x_wconf 69' lang='lat' dir='ltr'>[per</span> <span class='ocrx_word' id='word_1_165' title='bbox 3196 991 3501 1049; x_wconf 89' lang='lat' dir='ltr'>orationem</span> 
     </span>
    </p>
   </div>
   <div class='ocr_carea' id='block_1_25' title="bbox 1904 1072 3503 1153">
    <p class='ocr_par' dir='ltr' id='par_1_25' title="bbox 1904 1072 3503 1153">
     <span class='ocr_line' id='line_1_25' title="bbox 1904 1072 3503 1153; baseline 0.007 -25"><span class='ocrx_word' id='word_1_166' title='bbox 1904 1081 1957 1128; x_wconf 90' lang='lat' dir='ltr'>et</span> <span class='ocrx_word' id='word_1_167' title='bbox 1981 1072 2258 1145; x_wconf 87' lang='lat' dir='ltr'>jejunium</span> <span class='ocrx_word' id='word_1_168' title='bbox 2293 1075 2505 1145; x_wconf 82' lang='lat' dir='ltr'>(Matth.</span> <span class='ocrx_word' id='word_1_169' title='bbox 2561 1094 2702 1147; x_wconf 83' lang='lat' dir='ltr'>xvn,</span> <span class='ocrx_word' id='word_1_170' title='bbox 2735 1077 2852 1150; x_wconf 84' lang='lat'>20).</span> <span class='ocrx_word' id='word_1_171' title='bbox 2907 1079 2964 1135; x_wconf 91' lang='lat' dir='ltr'>Si</span> <span class='ocrx_word' id='word_1_172' title='bbox 2993 1080 3118 1153; x_wconf 88' lang='lat' dir='ltr'>quis</span> <span class='ocrx_word' id='word_1_173' title='bbox 3170 1079 3309 1137; x_wconf 89' lang='lat' dir='ltr'>iram</span> <span class='ocrx_word' id='word_1_174' title='bbox 3349 1088 3503 1139; x_wconf 87' lang='lat' dir='ltr'>tenet</span> 
     </span>
    </p>
   </div>
   <div class='ocr_carea' id='block_1_26' title="bbox 1905 1162 3499 1244">
    <p class='ocr_par' dir='ltr' id='par_1_26' title="bbox 1905 1162 3499 1244">
     <span class='ocr_line' id='line_1_26' title="bbox 1905 1162 3499 1244; baseline 0.007 -27"><span class='ocrx_word' id='word_1_175' title='bbox 1905 1162 2167 1219; x_wconf 89' lang='lat' dir='ltr'>adversus</span> <span class='ocrx_word' id='word_1_176' title='bbox 2197 1164 2455 1235; x_wconf 90' lang='lat' dir='ltr'>alterum,</span> <span class='ocrx_word' id='word_1_177' title='bbox 2490 1166 2737 1223; x_wconf 86' lang='lat' dir='ltr'>dimittat</span> <span class='ocrx_word' id='word_1_178' title='bbox 2776 1166 2826 1223; x_wconf 91' lang='lat' dir='ltr'>ei</span> <span class='ocrx_word' id='word_1_179' title='bbox 2857 1184 2927 1224; x_wconf 90' lang='lat' dir='ltr'>ex</span> <span class='ocrx_word' id='word_1_180' title='bbox 2959 1168 3122 1226; x_wconf 91' lang='lat' dir='ltr'>corde</span> <span class='ocrx_word' id='word_1_181' title='bbox 3156 1186 3168 1225; x_wconf 90' lang='lat'>:</span> <span class='ocrx_word' id='word_1_182' title='bbox 3202 1170 3249 1226; x_wconf 89' lang='lat' dir='ltr'>si</span> <span class='ocrx_word' id='word_1_183' title='bbox 3276 1171 3400 1244; x_wconf 91' lang='lat' dir='ltr'>quis</span> <span class='ocrx_word' id='word_1_184' title='bbox 3430 1172 3499 1229; x_wconf 86' lang='lat' dir='ltr'>ab</span> 
     </span>
    </p>
   </div>
   <div class='ocr_carea' id='block_1_27' title="bbox 1904 1251 3499 1336">
    <p class='ocr_par' dir='ltr' id='par_1_27' title="bbox 1904 1251 3499 1336">
     <span class='ocr_line' id='line_1_27' title="bbox 1904 1251 3499 1336; baseline 0.008 -29"><span class='ocrx_word' id='word_1_185' title='bbox 1904 1251 2089 1325; x_wconf 89' lang='lat' dir='ltr'>aliquo</span> <span class='ocrx_word' id='word_1_186' title='bbox 2131 1252 2337 1325; x_wconf 89' lang='lat' dir='ltr'>injuste</span> <span class='ocrx_word' id='word_1_187' title='bbox 2383 1256 2597 1329; x_wconf 91' lang='lat' dir='ltr'>aliquid</span> <span class='ocrx_word' id='word_1_188' title='bbox 2645 1256 2895 1326; x_wconf 87' lang='lat' dir='ltr'>abstulit,</span> <span class='ocrx_word' id='word_1_189' title='bbox 2955 1256 3146 1314; x_wconf 83' lang='lat' dir='ltr'>reddat</span> <span class='ocrx_word' id='word_1_190' title='bbox 3193 1259 3264 1329; x_wconf 91' lang='lat' dir='ltr'>ei,</span> <span class='ocrx_word' id='word_1_191' title='bbox 3310 1278 3343 1317; x_wconf 90' lang='lat' dir='ltr'>a</span> <span class='ocrx_word' id='word_1_192' title='bbox 3390 1279 3499 1336; x_wconf 89' lang='lat' dir='ltr'>quo</span> 
     </span>
    </p>
   </div>
   <div class='ocr_carea' id='block_1_28' title="bbox 1903 1339 3500 1420">
    <p class='ocr_par' dir='ltr' id='par_1_28' title="bbox 1903 1339 3500 1420">
     <span class='ocr_line' id='line_1_28' title="bbox 1903 1339 3500 1420; baseline 0.007 -24"><span class='ocrx_word' id='word_1_193' title='bbox 1903 1339 2151 1411; x_wconf 85' lang='lat' dir='ltr'>abstulit,</span> <span class='ocrx_word' id='word_1_194' title='bbox 2184 1343 2229 1397; x_wconf 90' lang='lat' dir='ltr'>si</span> <span class='ocrx_word' id='word_1_195' title='bbox 2251 1344 2404 1416; x_wconf 89' lang='lat' dir='ltr'>cupit</span> <span class='ocrx_word' id='word_1_196' title='bbox 2437 1345 2553 1417; x_wconf 86' lang='lat'>(63)</span> <span class='ocrx_word' id='word_1_197' title='bbox 2573 1346 2747 1402; x_wconf 90' lang='lat' dir='ltr'>Deum</span> <span class='ocrx_word' id='word_1_198' title='bbox 2777 1344 3079 1420; x_wconf 88' lang='lat' dir='ltr'>propitium</span> <span class='ocrx_word' id='word_1_199' title='bbox 3109 1347 3333 1406; x_wconf 91' lang='lat' dir='ltr'>habere.</span> <span class='ocrx_word' id='word_1_200' title='bbox 3361 1351 3500 1407; x_wconf 85' lang='lat' dir='ltr'>Nam</span> 
     </span>
    </p>
   </div>
   <div class='ocr_carea' id='block_1_29' title="bbox 1904 1432 3502 1510">
    <p class='ocr_par' dir='ltr' id='par_1_29' title="bbox 1904 1432 3502 1510">
     <span class='ocr_line' id='line_1_29' title="bbox 1904 1432 3502 1510; baseline 0.007 -24"><span class='ocrx_word' id='word_1_201' title='bbox 1904 1432 2156 1504; x_wconf 83' lang='lat' dir='ltr'>quamvis</span> <span class='ocrx_word' id='word_1_202' title='bbox 2169 1434 2322 1489; x_wconf 90' lang='lat' dir='ltr'>omni</span> <span class='ocrx_word' id='word_1_203' title='bbox 2338 1442 2447 1490; x_wconf 90' lang='lat' dir='ltr'>tem</span> <span class='ocrx_word' id='word_1_204' title='bbox 2456 1434 2934 1507; x_wconf 89' lang='lat' dir='ltr'>poreChristianus</span> <span class='ocrx_word' id='word_1_205' title='bbox 2947 1453 2977 1491; x_wconf 92' lang='lat' dir='ltr'>a</span> <span class='ocrx_word' id='word_1_206' title='bbox 2990 1436 3502 1510; x_wconf 88' lang='lat' dir='ltr'>maledictionibus,</span> 
     </span>
    </p>
   </div>
   <div class='ocr_carea' id='block_1_30' title="bbox 1903 1520 3501 1604">
    <p class='ocr_par' dir='ltr' id='par_1_30' title="bbox 1903 1520 3501 1604">
     <span class='ocr_line' id='line_1_30' title="bbox 1903 1520 3501 1604; baseline 0.008 -29"><span class='ocrx_word' id='word_1_207' title='bbox 1903 1528 1957 1575; x_wconf 92' lang='lat' dir='ltr'>et</span> <span class='ocrx_word' id='word_1_208' title='bbox 2015 1520 2305 1591; x_wconf 89' lang='lat' dir='ltr'>conviciis,</span> <span class='ocrx_word' id='word_1_209' title='bbox 2358 1531 2411 1578; x_wconf 93' lang='lat' dir='ltr'>et</span> <span class='ocrx_word' id='word_1_210' title='bbox 2447 1521 2800 1595; x_wconf 88' lang='lat' dir='ltr'>juramentis,</span> <span class='ocrx_word' id='word_1_211' title='bbox 2852 1533 2907 1581; x_wconf 90' lang='lat' dir='ltr'>et</span> <span class='ocrx_word' id='word_1_212' title='bbox 2951 1525 3067 1581; x_wconf 88' lang='lat' dir='ltr'>risu</span> <span class='ocrx_word' id='word_1_213' title='bbox 3098 1526 3297 1597; x_wconf 91' lang='lat' dir='ltr'>nimio,</span> <span class='ocrx_word' id='word_1_214' title='bbox 3337 1538 3501 1604; x_wconf 88' lang='lat' dir='ltr'>atque</span> 
     </span>
    </p>
   </div>
   <div class='ocr_carea' id='block_1_31' title="bbox 1902 1609 3497 1683">
    <p class='ocr_par' dir='ltr' id='par_1_31' title="bbox 1902 1609 3497 1683">
     <span class='ocr_line' id='line_1_31' title="bbox 1902 1609 3497 1683; baseline 0.008 -20"><span class='ocrx_word' id='word_1_215' title='bbox 1902 1609 2086 1665; x_wconf 86' lang='lat' dir='ltr'>verbis</span> <span class='ocrx_word' id='word_1_216' title='bbox 2129 1610 2321 1668; x_wconf 89' lang='lat' dir='ltr'>otiosis</span> <span class='ocrx_word' id='word_1_217' title='bbox 2369 1628 2425 1668; x_wconf 91' lang='lat' dir='ltr'>se</span> <span class='ocrx_word' id='word_1_218' title='bbox 2464 1612 2739 1670; x_wconf 89' lang='lat' dir='ltr'>abstinere</span> <span class='ocrx_word' id='word_1_219' title='bbox 2780 1613 2975 1683; x_wconf 89' lang='lat' dir='ltr'>debet;</span> <span class='ocrx_word' id='word_1_220' title='bbox 3022 1616 3263 1674; x_wconf 88' lang='lat' dir='ltr'>maxime</span> <span class='ocrx_word' id='word_1_221' title='bbox 3310 1626 3497 1675; x_wconf 89' lang='lat' dir='ltr'>tamen</span> 
     </span>
    </p>
   </div>
   <div class='ocr_carea' id='block_1_32' title="bbox 1900 1699 3503 1777">
    <p class='ocr_par' dir='ltr' id='par_1_32' title="bbox 1900 1699 3503 1777">
     <span class='ocr_line' id='line_1_32' title="bbox 1900 1699 3503 1777; baseline 0.005 -21"><span class='ocrx_word' id='word_1_222' title='bbox 1900 1699 2105 1756; x_wconf 89' lang='lat' dir='ltr'>sanctis</span> <span class='ocrx_word' id='word_1_223' title='bbox 2146 1700 2234 1757; x_wconf 89' lang='lat' dir='ltr'>his</span> <span class='ocrx_word' id='word_1_224' title='bbox 2279 1701 2494 1773; x_wconf 84' lang='lat' dir='ltr'>diebus,</span> <span class='ocrx_word' id='word_1_225' title='bbox 2536 1704 2632 1776; x_wconf 89' lang='lat' dir='ltr'>qui</span> <span class='ocrx_word' id='word_1_226' title='bbox 2680 1703 2748 1760; x_wconf 89' lang='lat' dir='ltr'>ad</span> <span class='ocrx_word' id='word_1_227' title='bbox 2785 1704 2892 1761; x_wconf 89' lang='lat' dir='ltr'>hoc</span> <span class='ocrx_word' id='word_1_228' title='bbox 2929 1706 3217 1762; x_wconf 89' lang='lat' dir='ltr'>constituti</span> <span class='ocrx_word' id='word_1_229' title='bbox 3247 1714 3397 1777; x_wconf 89' lang='lat' dir='ltr'>sunt,</span> <span class='ocrx_word' id='word_1_230' title='bbox 3438 1716 3503 1764; x_wconf 90' lang='lat' dir='ltr'>ut</span> 
     </span>
    </p>
   </div>
   <div class='ocr_carea' id='block_1_33' title="bbox 196 1790 3503 1873">
    <p class='ocr_par' dir='ltr' id='par_1_33' title="bbox 196 1790 3503 1873">
     <span class='ocr_line' id='line_1_33' title="bbox 196 1790 3503 1873; baseline 0 -18"><span class='ocrx_word' id='word_1_231' title='bbox 196 1815 389 1855; x_wconf 90' lang='lat' dir='ltr'>manus</span> <span class='ocrx_word' id='word_1_232' title='bbox 403 1807 625 1870; x_wconf 86' lang='lat' dir='ltr'>peccato</span> <span class='ocrx_word' id='word_1_233' title='bbox 652 1806 935 1856; x_wconf 89' lang='lat' dir='ltr'>teneretur</span> <span class='ocrx_word' id='word_1_234' title='bbox 954 1799 1227 1857; x_wconf 87' lang='lat' dir='ltr'>obnoxial</span> <span class='ocrx_word' id='word_1_235' title='bbox 1262 1800 1419 1869; x_wconf 86' lang='lat' dir='ltr'>Quod</span> <span class='ocrx_word' id='word_1_236' title='bbox 1447 1808 1528 1856; x_wconf 89' lang='lat' dir='ltr'>est</span> <span class='ocrx_word' id='word_1_237' title='bbox 1549 1802 1791 1873; x_wconf 84' lang='lat' dir='ltr'>gravius,</span> <span class='ocrx_word' id='word_1_238' title='bbox 1820 1808 1869 1869; x_wconf 87' lang='grc' dir='ltr'><strong>Β</strong></span> <span class='ocrx_word' id='word_1_239' title='bbox 1902 1797 2122 1862; x_wconf 70' lang='grc' dir='ltr'>Ρθοαειῐᾶ</span> <span class='ocrx_word' id='word_1_240' title='bbox 2157 1790 2329 1847; x_wconf 61' lang='lat' dir='ltr'>Mlius</span> <span class='ocrx_word' id='word_1_241' title='bbox 2358 1791 2487 1846; x_wconf 75' lang='lat' dir='ltr'>anni</span> <span class='ocrx_word' id='word_1_242' title='bbox 2519 1792 2579 1849; x_wconf 81' lang='lat' dir='ltr'>in</span> <span class='ocrx_word' id='word_1_243' title='bbox 2626 1792 2714 1849; x_wconf 82' lang='lat' dir='ltr'>his</span> <span class='ocrx_word' id='word_1_244' title='bbox 2761 1793 3123 1868; x_wconf 77' lang='lat' dir='ltr'>quadraginta</span> <span class='ocrx_word' id='word_1_245' title='bbox 3168 1794 3363 1852; x_wconf 72' lang='lat' dir='ltr'>diebus</span> <span class='ocrx_word' id='word_1_246' title='bbox 3406 1812 3503 1869; x_wconf 86' lang='lat' dir='ltr'>per</span> 
     </span>
    </p>
   </div>
   <div class='ocr_carea' id='block_1_34' title="bbox 195 1889 1795 1960">
    <p class='ocr_par' dir='ltr' id='par_1_34' title="bbox 195 1889 1795 1960">
     <span class='ocr_line' id='line_1_34' title="bbox 195 1889 1795 1960; baseline 0.003 -17"><span class='ocrx_word' id='word_1_247' title='bbox 195 1903 358 1944; x_wconf 89' lang='lat' dir='ltr'>omne</span> <span class='ocrx_word' id='word_1_248' title='bbox 410 1903 609 1960; x_wconf 87' lang='lat' dir='ltr'>corpus</span> <span class='ocrx_word' id='word_1_249' title='bbox 653 1896 828 1946; x_wconf 88' lang='lat' dir='ltr'>morte</span> <span class='ocrx_word' id='word_1_250' title='bbox 875 1889 1198 1946; x_wconf 89' lang='lat' dir='ltr'>damnatum</span> <span class='ocrx_word' id='word_1_251' title='bbox 1243 1900 1346 1959; x_wconf 90' lang='lat' dir='ltr'>est,</span> <span class='ocrx_word' id='word_1_252' title='bbox 1394 1908 1520 1946; x_wconf 91' lang='lat' dir='ltr'>cum</span> <span class='ocrx_word' id='word_1_253' title='bbox 1569 1891 1795 1947; x_wconf 85' lang='lat' dir='ltr'>dextera</span> 
     </span>
    </p>
   </div>
   <div class='ocr_carea' id='block_1_35' title="bbox 195 1978 1793 2051">
    <p class='ocr_par' dir='ltr' id='par_1_35' title="bbox 195 1978 1793 2051">
     <span class='ocr_line' id='line_1_35' title="bbox 195 1978 1793 2051; baseline 0.001 -17"><span class='ocrx_word' id='word_1_254' title='bbox 195 1978 379 2051; x_wconf 90' lang='lat' dir='ltr'>prima</span> <span class='ocrx_word' id='word_1_255' title='bbox 410 1978 731 2050; x_wconf 86' lang='lat' dir='ltr'>peccaverit.</span> <span class='ocrx_word' id='word_1_256' title='bbox 756 1981 869 2037; x_wconf 91' lang='lat' dir='ltr'>Nec</span> <span class='ocrx_word' id='word_1_257' title='bbox 892 1979 1109 2037; x_wconf 89' lang='lat' dir='ltr'>mireris</span> <span class='ocrx_word' id='word_1_258' title='bbox 1130 1980 1177 2036; x_wconf 90' lang='lat' dir='ltr'>si</span> <span class='ocrx_word' id='word_1_259' title='bbox 1207 1979 1521 2037; x_wconf 84' lang='lat' dir='ltr'>membrum</span> <span class='ocrx_word' id='word_1_260' title='bbox 1551 1980 1793 2037; x_wconf 79' lang='lat' dir='ltr'>dexterae</span> 
     </span>
    </p>
   </div>
   <div class='ocr_carea' id='block_1_36' title="bbox 195 2064 1794 2142">
    <p class='ocr_par' dir='ltr' id='par_1_36' title="bbox 195 2064 1794 2142">
     <span class='ocr_line' id='line_1_36' title="bbox 195 2064 1794 2142; baseline 0.003 -21"><span class='ocrx_word' id='word_1_261' title='bbox 195 2064 253 2122; x_wconf 91' lang='lat' dir='ltr'>in</span> <span class='ocrx_word' id='word_1_262' title='bbox 300 2065 483 2123; x_wconf 83' lang='lat' dir='ltr'>Adam</span> <span class='ocrx_word' id='word_1_263' title='bbox 530 2083 641 2124; x_wconf 93' lang='lat' dir='ltr'>non</span> <span class='ocrx_word' id='word_1_264' title='bbox 687 2070 891 2126; x_wconf 90' lang='lat' dir='ltr'>mansit</span> <span class='ocrx_word' id='word_1_265' title='bbox 929 2070 1243 2142; x_wconf 84' lang='lat' dir='ltr'>integrum;</span> <span class='ocrx_word' id='word_1_266' title='bbox 1294 2070 1452 2142; x_wconf 85' lang='lat' dir='ltr'>vigor</span> <span class='ocrx_word' id='word_1_267' title='bbox 1504 2069 1654 2125; x_wconf 91' lang='lat' dir='ltr'>enim</span> <span class='ocrx_word' id='word_1_268' title='bbox 1700 2069 1794 2125; x_wconf 92' lang='lat' dir='ltr'>ille</span> 
     </span>
    </p>
   </div>
   <div class='ocr_carea' id='block_1_37' title="bbox 193 2156 1793 2231">
    <p class='ocr_par' dir='ltr' id='par_1_37' title="bbox 193 2156 1793 2231">
     <span class='ocr_line' id='line_1_37' title="bbox 193 2156 1793 2231; baseline 0.001 -17"><span class='ocrx_word' id='word_1_269' title='bbox 193 2156 520 2214; x_wconf 67' lang='lat' dir='ltr'>mternitatis</span> <span class='ocrx_word' id='word_1_270' title='bbox 539 2157 775 2215; x_wconf 88' lang='lat' dir='ltr'>exaruit.</span> <span class='ocrx_word' id='word_1_271' title='bbox 798 2158 936 2215; x_wconf 91' lang='lat' dir='ltr'>Nam</span> <span class='ocrx_word' id='word_1_272' title='bbox 958 2159 1101 2215; x_wconf 90' lang='lat' dir='ltr'>sicut</span> <span class='ocrx_word' id='word_1_273' title='bbox 1132 2158 1309 2231; x_wconf 86' lang='lat' dir='ltr'>Moysi</span> <span class='ocrx_word' id='word_1_274' title='bbox 1341 2158 1568 2214; x_wconf 86' lang='lat' dir='ltr'>dextera</span> <span class='ocrx_word' id='word_1_275' title='bbox 1597 2167 1793 2215; x_wconf 89' lang='lat' dir='ltr'>custo-</span> 
     </span>
    </p>
   </div>
   <div class='ocr_carea' id='block_1_38' title="bbox 192 2244 1789 2322">
    <p class='ocr_par' dir='ltr' id='par_1_38' title="bbox 192 2244 1789 2322">
     <span class='ocr_line' id='line_1_38' title="bbox 192 2244 1789 2322; baseline 0 -19"><span class='ocrx_word' id='word_1_276' title='bbox 192 2244 393 2303; x_wconf 85' lang='lat' dir='ltr'>dientis</span> <span class='ocrx_word' id='word_1_277' title='bbox 424 2245 681 2303; x_wconf 88' lang='lat' dir='ltr'>mandata</span> <span class='ocrx_word' id='word_1_278' title='bbox 708 2247 931 2304; x_wconf 89' lang='lat' dir='ltr'>Domini</span> <span class='ocrx_word' id='word_1_279' title='bbox 964 2248 1127 2304; x_wconf 88' lang='lat' dir='ltr'>niveo</span> <span class='ocrx_word' id='word_1_280' title='bbox 1170 2248 1385 2322; x_wconf 88' lang='lat' dir='ltr'>fulgore</span> <span class='ocrx_word' id='word_1_281' title='bbox 1414 2247 1789 2320; x_wconf 86' lang='lat' dir='ltr'>resplenduit;</span> 
     </span>
    </p>
   </div>
   <div class='ocr_carea' id='block_1_39' title="bbox 194 2334 1792 2412">
    <p class='ocr_par' dir='ltr' id='par_1_39' title="bbox 194 2334 1792 2412">
     <span class='ocr_line' id='line_1_39' title="bbox 194 2334 1792 2412; baseline 0.001 -21"><span class='ocrx_word' id='word_1_282' title='bbox 194 2334 267 2392; x_wconf 85' lang='lat' dir='ltr'>ita</span> <span class='ocrx_word' id='word_1_283' title='bbox 284 2344 339 2392; x_wconf 92' lang='lat' dir='ltr'>et</span> <span class='ocrx_word' id='word_1_284' title='bbox 372 2335 509 2393; x_wconf 68' lang='lat' dir='ltr'>Adae</span> <span class='ocrx_word' id='word_1_285' title='bbox 535 2335 761 2393; x_wconf 87' lang='lat' dir='ltr'>dextera</span> <span class='ocrx_word' id='word_1_286' title='bbox 776 2337 1190 2409; x_wconf 82' lang='lat' dir='ltr'>praevaricantis</span> <span class='ocrx_word' id='word_1_287' title='bbox 1211 2346 1483 2412; x_wconf 67' lang='lat' dir='ltr'>praecepta</span> <span class='ocrx_word' id='word_1_288' title='bbox 1502 2337 1792 2394; x_wconf 88' lang='lat' dir='ltr'>mortifero</span> 
     </span>
    </p>
   </div>
   <div class='ocr_carea' id='block_1_40' title="bbox 194 2424 841 2496">
    <p class='ocr_par' dir='ltr' id='par_1_40' title="bbox 194 2424 841 2496">
     <span class='ocr_line' id='line_1_40' title="bbox 194 2424 841 2496; baseline 0.006 -17"><span class='ocrx_word' id='word_1_289' title='bbox 194 2424 401 2496; x_wconf 86' lang='lat' dir='ltr'>pallore</span> <span class='ocrx_word' id='word_1_290' title='bbox 427 2432 712 2482; x_wconf 86' lang='lat' dir='ltr'>contracta</span> <span class='ocrx_word' id='word_1_291' title='bbox 740 2434 841 2483; x_wconf 90' lang='lat' dir='ltr'>est.</span> 
     </span>
    </p>
   </div>
   <div class='ocr_carea' id='block_1_41' title="bbox 258 2516 1792 2589">
    <p class='ocr_par' dir='ltr' id='par_1_41' title="bbox 258 2516 1792 2589">
     <span class='ocr_line' id='line_1_41' title="bbox 258 2516 1792 2589; baseline 0 -17"><span class='ocrx_word' id='word_1_292' title='bbox 258 2516 308 2572; x_wconf 90' lang='lat'>6.</span> <span class='ocrx_word' id='word_1_293' title='bbox 344 2516 505 2573; x_wconf 85' lang='lat' dir='ltr'>Hanc</span> <span class='ocrx_word' id='word_1_294' title='bbox 553 2516 726 2589; x_wconf 85' lang='lat' dir='ltr'>igitur</span> <span class='ocrx_word' id='word_1_295' title='bbox 770 2516 903 2574; x_wconf 85' lang='lat' dir='ltr'>Adae</span> <span class='ocrx_word' id='word_1_296' title='bbox 948 2534 1174 2574; x_wconf 89' lang='lat' dir='ltr'>manum</span> <span class='ocrx_word' id='word_1_297' title='bbox 1229 2517 1478 2574; x_wconf 85' lang='lat' dir='ltr'>Salvator</span> <span class='ocrx_word' id='word_1_298' title='bbox 1522 2524 1679 2573; x_wconf 88' lang='lat' dir='ltr'>curat</span> <span class='ocrx_word' id='word_1_299' title='bbox 1735 2516 1792 2572; x_wconf 90' lang='lat' dir='ltr'>in</span> 
     </span>
    </p>
   </div>
   <div class='ocr_carea' id='block_1_42' title="bbox 194 2604 1793 2680">
    <p class='ocr_par' dir='ltr' id='par_1_42' title="bbox 194 2604 1793 2680">
     <span class='ocr_line' id='line_1_42' title="bbox 194 2604 1793 2680; baseline 0 -19"><span class='ocrx_word' id='word_1_300' title='bbox 194 2604 503 2678; x_wconf 84' lang='lat' dir='ltr'>Synagoga,</span> <span class='ocrx_word' id='word_1_301' title='bbox 535 2605 642 2663; x_wconf 92' lang='lat' dir='ltr'>hoc</span> <span class='ocrx_word' id='word_1_302' title='bbox 670 2614 771 2675; x_wconf 90' lang='lat' dir='ltr'>est,</span> <span class='ocrx_word' id='word_1_303' title='bbox 819 2607 989 2664; x_wconf 90' lang='lat' dir='ltr'>totius</span> <span class='ocrx_word' id='word_1_304' title='bbox 1037 2607 1250 2680; x_wconf 82' lang='lat' dir='ltr'>generis</span> <span class='ocrx_word' id='word_1_305' title='bbox 1286 2606 1516 2663; x_wconf 87' lang='lat' dir='ltr'>humani</span> <span class='ocrx_word' id='word_1_306' title='bbox 1548 2605 1793 2663; x_wconf 88' lang='lat' dir='ltr'>imbecil-</span> 
     </span>
    </p>
   </div>
   <div class='ocr_carea' id='block_1_43' title="bbox 196 2693 1790 2763">
    <p class='ocr_par' dir='ltr' id='par_1_43' title="bbox 196 2693 1790 2763">
     <span class='ocr_line' id='line_1_43' title="bbox 196 2693 1790 2763; baseline 0 -13"><span class='ocrx_word' id='word_1_307' title='bbox 196 2693 411 2752; x_wconf 86' lang='lat' dir='ltr'>litatem</span> <span class='ocrx_word' id='word_1_308' title='bbox 440 2711 633 2751; x_wconf 86' lang='lat' dir='ltr'>sanare</span> <span class='ocrx_word' id='word_1_309' title='bbox 661 2696 920 2763; x_wconf 84' lang='lat' dir='ltr'>festinat;</span> <span class='ocrx_word' id='word_1_310' title='bbox 953 2695 1091 2754; x_wconf 89' lang='lat' dir='ltr'>dicit</span> <span class='ocrx_word' id='word_1_311' title='bbox 1120 2697 1269 2752; x_wconf 90' lang='lat' dir='ltr'>enim</span> <span class='ocrx_word' id='word_1_312' title='bbox 1300 2696 1466 2752; x_wconf 86' lang='lat' dir='ltr'>etiam</span> <span class='ocrx_word' id='word_1_313' title='bbox 1512 2695 1596 2751; x_wconf 91' lang='lat' dir='ltr'>illi</span> <span class='ocrx_word' id='word_1_314' title='bbox 1623 2715 1633 2752; x_wconf 93' lang='lat'>:</span> <span class='ocrx_word' id='word_1_315' title='bbox 1677 2697 1790 2750; x_wconf 88' lang='lat' dir='ltr'>Ex-</span> 
     </span>
    </p>
   </div>
   <div class='ocr_carea' id='block_1_44' title="bbox 192 2783 1794 2858">
    <p class='ocr_par' dir='ltr' id='par_1_44' title="bbox 192 2783 1794 2858">
     <span class='ocr_line' id='line_1_44' title="bbox 192 2783 1794 2858; baseline 0.001 -19"><span class='ocrx_word' id='word_1_316' title='bbox 192 2785 352 2841; x_wconf 86' lang='lat' dir='ltr'>tende</span> <span class='ocrx_word' id='word_1_317' title='bbox 413 2800 637 2840; x_wconf 88' lang='lat' dir='ltr'>manum</span> <span class='ocrx_word' id='word_1_318' title='bbox 684 2792 860 2854; x_wconf 88' lang='lat' dir='ltr'>tuam,</span> <span class='ocrx_word' id='word_1_319' title='bbox 918 2785 1013 2858; x_wconf 89' lang='lat' dir='ltr'>qui</span> <span class='ocrx_word' id='word_1_320' title='bbox 1058 2801 1174 2841; x_wconf 86' lang='lat' dir='ltr'>eam</span> <span class='ocrx_word' id='word_1_321' title='bbox 1241 2784 1407 2840; x_wconf 89' lang='lat' dir='ltr'>idolis</span> <span class='ocrx_word' id='word_1_322' title='bbox 1454 2783 1794 2840; x_wconf 87' lang='lat' dir='ltr'>immolando</span> 
     </span>
    </p>
   </div>
   <div class='ocr_carea' id='block_1_45' title="bbox 190 2872 1795 2946">
    <p class='ocr_par' dir='ltr' id='par_1_45' title="bbox 190 2872 1795 2946">
     <span class='ocr_line' id='line_1_45' title="bbox 190 2872 1795 2946; baseline 0 -16"><span class='ocrx_word' id='word_1_323' title='bbox 190 2872 500 2931; x_wconf 84' lang='lat' dir='ltr'>contraxit.</span> <span class='ocrx_word' id='word_1_324' title='bbox 533 2874 682 2932; x_wconf 89' lang='lat' dir='ltr'>Dicit</span> <span class='ocrx_word' id='word_1_325' title='bbox 710 2874 826 2931; x_wconf 91' lang='lat' dir='ltr'>illi:</span> <span class='ocrx_word' id='word_1_326' title='bbox 866 2875 1121 2932; x_wconf 84' lang='lat' dir='ltr'>Extende</span> <span class='ocrx_word' id='word_1_327' title='bbox 1165 2891 1390 2932; x_wconf 79' lang='lat' dir='ltr'>manum</span> <span class='ocrx_word' id='word_1_328' title='bbox 1422 2881 1594 2943; x_wconf 91' lang='lat' dir='ltr'>tuam,</span> <span class='ocrx_word' id='word_1_329' title='bbox 1635 2873 1795 2946; x_wconf 89' lang='lat' dir='ltr'>cujus</span> 
     </span>
    </p>
   </div>
   <div class='ocr_carea' id='block_1_46' title="bbox 190 2960 1790 3037">
    <p class='ocr_par' dir='ltr' id='par_1_46' title="bbox 190 2960 1790 3037">
     <span class='ocr_line' id='line_1_46' title="bbox 190 2960 1790 3037; baseline 0.001 -19"><span class='ocrx_word' id='word_1_330' title='bbox 190 2960 426 3020; x_wconf 89' lang='lat' dir='ltr'>dextera</span> <span class='ocrx_word' id='word_1_331' title='bbox 449 2979 644 3020; x_wconf 86' lang='lat' dir='ltr'>usuras</span> <span class='ocrx_word' id='word_1_332' title='bbox 661 2963 980 3037; x_wconf 90' lang='lat' dir='ltr'>accipiendo</span> <span class='ocrx_word' id='word_1_333' title='bbox 1000 2963 1247 3022; x_wconf 88' lang='lat' dir='ltr'>siccavit.</span> <span class='ocrx_word' id='word_1_334' title='bbox 1283 2963 1537 3020; x_wconf 85' lang='lat' dir='ltr'>Extende</span> <span class='ocrx_word' id='word_1_335' title='bbox 1567 2980 1790 3020; x_wconf 88' lang='lat' dir='ltr'>manum</span> 
     </span>
    </p>
   </div>
   <div class='ocr_carea' id='block_1_47' title="bbox 190 3053 1795 3129">
    <p class='ocr_par' dir='ltr' id='par_1_47' title="bbox 190 3053 1795 3129">
     <span class='ocr_line' id='line_1_47' title="bbox 190 3053 1795 3129; baseline 0.001 -21"><span class='ocrx_word' id='word_1_336' title='bbox 190 3059 363 3122; x_wconf 87' lang='lat' dir='ltr'>tuam,</span> <span class='ocrx_word' id='word_1_337' title='bbox 403 3053 499 3127; x_wconf 88' lang='lat' dir='ltr'>qui</span> <span class='ocrx_word' id='word_1_338' title='bbox 530 3070 627 3126; x_wconf 91' lang='lat' dir='ltr'>per</span> <span class='ocrx_word' id='word_1_339' title='bbox 665 3070 783 3111; x_wconf 88' lang='lat' dir='ltr'>eam</span> <span class='ocrx_word' id='word_1_340' title='bbox 837 3071 929 3129; x_wconf 88' lang='lat' dir='ltr'>res</span> <span class='ocrx_word' id='word_1_341' title='bbox 966 3055 1340 3129; x_wconf 90' lang='lat' dir='ltr'>orphanorum</span> <span class='ocrx_word' id='word_1_342' title='bbox 1388 3054 1795 3127; x_wconf 89' lang='lat' dir='ltr'>viduarumque</span> 
     </span>
    </p>
   </div>
   <div class='ocr_carea' id='block_1_48' title="bbox 1902 1879 3517 1965">
    <p class='ocr_par' dir='ltr' id='par_1_48' title="bbox 1902 1879 3517 1965">
     <span class='ocr_line' id='line_1_48' title="bbox 1902 1879 3517 1965; baseline 0.004 -31"><span class='ocrx_word' id='word_1_343' title='bbox 1902 1879 2285 1953; x_wconf 64' lang='lat' dir='ltr'>paenitentiam</span> <span class='ocrx_word' id='word_1_344' title='bbox 2315 1880 2623 1938; x_wconf 84' lang='lat' dir='ltr'>deleantur.</span> <span class='ocrx_word' id='word_1_345' title='bbox 3505 1946 3517 1965; x_wconf 49' lang='grc'><strong><em>⁸</em></strong></span> 
     </span>
    </p>
   </div>
   <div class='ocr_carea' id='block_1_49' title="bbox 1973 1968 3504 2046">
    <p class='ocr_par' dir='ltr' id='par_1_49' title="bbox 1973 1968 3504 2046">
     <span class='ocr_line' id='line_1_49' title="bbox 1973 1968 3504 2046; baseline 0.002 -19"><span class='ocrx_word' id='word_1_346' title='bbox 1973 1970 2026 2027; x_wconf 89' lang='grc'>2.</span> <span class='ocrx_word' id='word_1_347' title='bbox 2061 1968 2299 2038; x_wconf 87' lang='lat' dir='ltr'>Credite,</span> <span class='ocrx_word' id='word_1_348' title='bbox 2331 1977 2385 2026; x_wconf 92' lang='lat' dir='ltr'>et</span> <span class='ocrx_word' id='word_1_349' title='bbox 2412 1969 2729 2027; x_wconf 88' lang='lat' dir='ltr'>ﬁrmissime</span> <span class='ocrx_word' id='word_1_350' title='bbox 2776 1970 3003 2041; x_wconf 90' lang='lat' dir='ltr'>credite,</span> <span class='ocrx_word' id='word_1_351' title='bbox 3043 1972 3173 2046; x_wconf 89' lang='lat' dir='ltr'>quia</span> <span class='ocrx_word' id='word_1_352' title='bbox 3214 1973 3260 2030; x_wconf 92' lang='lat' dir='ltr'>si</span> <span class='ocrx_word' id='word_1_353' title='bbox 3292 1969 3409 2045; x_wconf 76' lang='grc'>(64)</span> <span class='ocrx_word' id='word_1_354' title='bbox 3444 1973 3504 2030; x_wconf 88' lang='lat' dir='ltr'>in</span> 
     </span>
    </p>
   </div>
   <div class='ocr_carea' id='block_1_50' title="bbox 1902 2058 3498 2136">
    <p class='ocr_par' dir='ltr' id='par_1_50' title="bbox 1902 2058 3498 2136">
     <span class='ocr_line' id='line_1_50' title="bbox 1902 2058 3498 2136; baseline 0.003 -21"><span class='ocrx_word' id='word_1_355' title='bbox 1902 2058 1989 2115; x_wconf 91' lang='lat' dir='ltr'>his</span> <span class='ocrx_word' id='word_1_356' title='bbox 2019 2058 2215 2116; x_wconf 90' lang='lat' dir='ltr'>diebus</span> <span class='ocrx_word' id='word_1_357' title='bbox 2242 2077 2433 2133; x_wconf 89' lang='lat' dir='ltr'>puram</span> <span class='ocrx_word' id='word_1_358' title='bbox 2460 2060 2863 2119; x_wconf 83' lang='lat' dir='ltr'>confessionem</span> <span class='ocrx_word' id='word_1_359' title='bbox 2894 2062 3155 2132; x_wconf 86' lang='lat' dir='ltr'>feceritis,</span> <span class='ocrx_word' id='word_1_360' title='bbox 3198 2071 3253 2120; x_wconf 90' lang='lat' dir='ltr'>et</span> <span class='ocrx_word' id='word_1_361' title='bbox 3291 2063 3498 2136; x_wconf 88' lang='lat' dir='ltr'>taliter,</span> 
     </span>
    </p>
   </div>
   <div class='ocr_carea' id='block_1_51' title="bbox 1900 2149 3497 2226">
    <p class='ocr_par' dir='ltr' id='par_1_51' title="bbox 1900 2149 3497 2226">
     <span class='ocr_line' id='line_1_51' title="bbox 1900 2149 3497 2226; baseline 0.005 -21"><span class='ocrx_word' id='word_1_362' title='bbox 1900 2149 2044 2206; x_wconf 90' lang='lat' dir='ltr'>sicut</span> <span class='ocrx_word' id='word_1_363' title='bbox 2096 2149 2363 2221; x_wconf 84' lang='lat' dir='ltr'>diximus,</span> <span class='ocrx_word' id='word_1_364' title='bbox 2409 2151 2799 2224; x_wconf 75' lang='lat' dir='ltr'>pmnitueritis,</span> <span class='ocrx_word' id='word_1_365' title='bbox 2841 2151 3093 2208; x_wconf 89' lang='lat' dir='ltr'>omnium</span> <span class='ocrx_word' id='word_1_366' title='bbox 3146 2162 3497 2226; x_wconf 86' lang='lat' dir='ltr'>peccatorum</span> 
     </span>
    </p>
   </div>
   <div class='ocr_carea' id='block_1_52' title="bbox 1902 2240 3505 2303">
    <p class='ocr_par' dir='ltr' id='par_1_52' title="bbox 1902 2240 3505 2303">
     <span class='ocr_line' id='line_1_52' title="bbox 1902 2240 3505 2303; baseline 0.004 -8"><span class='ocrx_word' id='word_1_367' title='bbox 1902 2247 2209 2297; x_wconf 89' lang='lat' dir='ltr'>vestrorum</span> <span class='ocrx_word' id='word_1_368' title='bbox 2241 2241 2622 2298; x_wconf 88' lang='lat' dir='ltr'>remissionem</span> <span class='ocrx_word' id='word_1_369' title='bbox 2651 2257 2777 2298; x_wconf 91' lang='lat' dir='ltr'>cum</span> <span class='ocrx_word' id='word_1_370' title='bbox 2827 2240 3094 2299; x_wconf 86' lang='lat' dir='ltr'>Ninivitis</span> <span class='ocrx_word' id='word_1_371' title='bbox 3121 2258 3153 2300; x_wconf 87' lang='lat' dir='ltr'>a</span> <span class='ocrx_word' id='word_1_372' title='bbox 3180 2242 3505 2303; x_wconf 87' lang='lat' dir='ltr'>misericor-</span> 
     </span>
    </p>
   </div>
   <div class='ocr_carea' id='block_1_53' title="bbox 1901 2333 3500 2408">
    <p class='ocr_par' dir='ltr' id='par_1_53' title="bbox 1901 2333 3500 2408">
     <span class='ocr_line' id='line_1_53' title="bbox 1901 2333 3500 2408; baseline 0.005 -19"><span class='ocrx_word' id='word_1_373' title='bbox 1901 2333 2130 2390; x_wconf 86' lang='lat' dir='ltr'>dissimo</span> <span class='ocrx_word' id='word_1_374' title='bbox 2169 2334 2409 2391; x_wconf 89' lang='lat' dir='ltr'>Domino</span> <span class='ocrx_word' id='word_1_375' title='bbox 2452 2333 2855 2406; x_wconf 86' lang='lat' dir='ltr'>impctrabitis;</span> <span class='ocrx_word' id='word_1_376' title='bbox 2897 2335 2993 2408; x_wconf 89' lang='lat' dir='ltr'>qui</span> <span class='ocrx_word' id='word_1_377' title='bbox 3032 2335 3094 2391; x_wconf 87' lang='lat' dir='ltr'>in</span> <span class='ocrx_word' id='word_1_378' title='bbox 3139 2353 3295 2394; x_wconf 88' lang='lat' dir='ltr'>sacco</span> <span class='ocrx_word' id='word_1_379' title='bbox 3344 2346 3399 2396; x_wconf 85' lang='lat' dir='ltr'>et</span> <span class='ocrx_word' id='word_1_380' title='bbox 3442 2339 3500 2397; x_wconf 89' lang='lat' dir='ltr'>in</span> 
     </span>
    </p>
   </div>
   <div class='ocr_carea' id='block_1_54' title="bbox 1902 2422 3500 2497">
    <p class='ocr_par' dir='ltr' id='par_1_54' title="bbox 1902 2422 3500 2497">
     <span class='ocr_line' id='line_1_54' title="bbox 1902 2422 3500 2497; baseline 0.004 -20"><span class='ocrx_word' id='word_1_381' title='bbox 1902 2422 2084 2478; x_wconf 89' lang='lat' dir='ltr'>cinere</span> <span class='ocrx_word' id='word_1_382' title='bbox 2130 2422 2450 2495; x_wconf 78' lang='lat' dir='ltr'>paenitendo</span> <span class='ocrx_word' id='word_1_383' title='bbox 2498 2423 2721 2479; x_wconf 86' lang='lat' dir='ltr'>liberari</span> <span class='ocrx_word' id='word_1_384' title='bbox 2762 2431 3122 2482; x_wconf 89' lang='lat' dir='ltr'>meruerunt:</span> <span class='ocrx_word' id='word_1_385' title='bbox 3165 2425 3244 2482; x_wconf 89' lang='lat' dir='ltr'>ita</span> <span class='ocrx_word' id='word_1_386' title='bbox 3283 2434 3338 2485; x_wconf 88' lang='lat' dir='ltr'>et</span> <span class='ocrx_word' id='word_1_387' title='bbox 3379 2444 3500 2497; x_wconf 91' lang='lat' dir='ltr'>vos,</span> 
     </span>
    </p>
   </div>
   <div class='ocr_carea' id='block_1_55' title="bbox 1902 2513 3499 2588">
    <p class='ocr_par' dir='ltr' id='par_1_55' title="bbox 1902 2513 3499 2588">
     <span class='ocr_line' id='line_1_55' title="bbox 1902 2513 3499 2588; baseline 0.003 -20"><span class='ocrx_word' id='word_1_388' title='bbox 1902 2514 1947 2569; x_wconf 90' lang='lat' dir='ltr'>si</span> <span class='ocrx_word' id='word_1_389' title='bbox 1978 2530 2047 2569; x_wconf 89' lang='lat' dir='ltr'>ex</span> <span class='ocrx_word' id='word_1_390' title='bbox 2083 2520 2201 2570; x_wconf 89' lang='lat' dir='ltr'>toto</span> <span class='ocrx_word' id='word_1_391' title='bbox 2230 2513 2394 2570; x_wconf 91' lang='lat' dir='ltr'>corde</span> <span class='ocrx_word' id='word_1_392' title='bbox 2444 2514 2750 2571; x_wconf 90' lang='lat' dir='ltr'>secundum</span> <span class='ocrx_word' id='word_1_393' title='bbox 2790 2514 3016 2570; x_wconf 88' lang='lat' dir='ltr'>illorum</span> <span class='ocrx_word' id='word_1_394' title='bbox 3071 2518 3387 2588; x_wconf 89' lang='lat' dir='ltr'>exemplum</span> <span class='ocrx_word' id='word_1_395' title='bbox 3431 2516 3499 2573; x_wconf 91' lang='lat' dir='ltr'>ad</span> 
     </span>
    </p>
   </div>
   <div class='ocr_carea' id='block_1_56' title="bbox 1901 2604 3501 2677">
    <p class='ocr_par' dir='ltr' id='par_1_56' title="bbox 1901 2604 3501 2677">
     <span class='ocr_line' id='line_1_56' title="bbox 1901 2604 3501 2677; baseline 0.001 -15"><span class='ocrx_word' id='word_1_396' title='bbox 1901 2607 2076 2662; x_wconf 90' lang='lat' dir='ltr'>Deum</span> <span class='ocrx_word' id='word_1_397' title='bbox 2106 2605 2499 2674; x_wconf 86' lang='lat' dir='ltr'>clamaveritis,</span> <span class='ocrx_word' id='word_1_398' title='bbox 2530 2604 2778 2661; x_wconf 88' lang='lat' dir='ltr'>divinam</span> <span class='ocrx_word' id='word_1_399' title='bbox 2825 2621 2990 2677; x_wconf 89' lang='lat' dir='ltr'>super</span> <span class='ocrx_word' id='word_1_400' title='bbox 3036 2622 3136 2661; x_wconf 89' lang='lat' dir='ltr'>vos</span> <span class='ocrx_word' id='word_1_401' title='bbox 3176 2606 3501 2664; x_wconf 85' lang='lat' dir='ltr'>misericor-</span> 
     </span>
    </p>
   </div>
   <div class='ocr_carea' id='block_1_57' title="bbox 1902 2694 3499 2769">
    <p class='ocr_par' dir='ltr' id='par_1_57' title="bbox 1902 2694 3499 2769">
     <span class='ocr_line' id='line_1_57' title="bbox 1902 2694 3499 2769; baseline 0 -16"><span class='ocrx_word' id='word_1_402' title='bbox 1902 2696 2051 2753; x_wconf 92' lang='lat' dir='ltr'>diam</span> <span class='ocrx_word' id='word_1_403' title='bbox 2083 2695 2479 2769; x_wconf 84' lang='lat' dir='ltr'>provocabitis,</span> <span class='ocrx_word' id='word_1_404' title='bbox 2511 2695 2571 2750; x_wconf 90' lang='lat' dir='ltr'>in</span> <span class='ocrx_word' id='word_1_405' title='bbox 2601 2703 2818 2751; x_wconf 88' lang='lat' dir='ltr'>tantum</span> <span class='ocrx_word' id='word_1_406' title='bbox 2848 2701 2910 2750; x_wconf 90' lang='lat' dir='ltr'>ut</span> <span class='ocrx_word' id='word_1_407' title='bbox 2938 2694 3241 2753; x_wconf 75' lang='lat' dir='ltr'>laetioreset</span> <span class='ocrx_word' id='word_1_408' title='bbox 3262 2697 3499 2753; x_wconf 87' lang='lat' dir='ltr'>securio-</span> 
     </span>
    </p>
   </div>
   <div class='ocr_carea' id='block_1_58' title="bbox 1902 2783 3500 2854">
    <p class='ocr_par' dir='ltr' id='par_1_58' title="bbox 1902 2783 3500 2854">
     <span class='ocr_line' id='line_1_58' title="bbox 1902 2783 3500 2854; baseline 0.001 -14"><span class='ocrx_word' id='word_1_409' title='bbox 1902 2800 1988 2840; x_wconf 92' lang='lat' dir='ltr'>res</span> <span class='ocrx_word' id='word_1_410' title='bbox 2010 2784 2157 2841; x_wconf 91' lang='lat' dir='ltr'>diem</span> <span class='ocrx_word' id='word_1_411' title='bbox 2172 2784 2480 2842; x_wconf 71' lang='lat' dir='ltr'>Dominica:</span> <span class='ocrx_word' id='word_1_412' title='bbox 2508 2789 2655 2846; x_wconf 85' lang='lat'>413</span> <span class='ocrx_word' id='word_1_413' title='bbox 2670 2783 3090 2840; x_wconf 91' lang='lat' dir='ltr'>resurrectionis</span> <span class='ocrx_word' id='word_1_414' title='bbox 3117 2784 3423 2854; x_wconf 89' lang='lat' dir='ltr'>celebretis,</span> <span class='ocrx_word' id='word_1_415' title='bbox 3444 2792 3500 2842; x_wconf 90' lang='lat' dir='ltr'>et</span> 
     </span>
    </p>
   </div>
   <div class='ocr_carea' id='block_1_59' title="bbox 1902 2879 3493 2954">
    <p class='ocr_par' dir='ltr' id='par_1_59' title="bbox 1902 2879 3493 2954">
     <span class='ocr_line' id='line_1_59' title="bbox 1902 2879 3493 2954; baseline 0.001 -18"><span class='ocrx_word' id='word_1_416' title='bbox 1902 2880 2092 2938; x_wconf 86' lang='lat' dir='ltr'>felices</span> <span class='ocrx_word' id='word_1_417' title='bbox 2120 2880 2190 2937; x_wconf 88' lang='lat' dir='ltr'>ad</span> <span class='ocrx_word' id='word_1_418' title='bbox 2219 2882 2497 2938; x_wconf 73' lang='lat' dir='ltr'>cmlestem</span> <span class='ocrx_word' id='word_1_419' title='bbox 2531 2880 2762 2954; x_wconf 90' lang='lat' dir='ltr'>patriam</span> <span class='ocrx_word' id='word_1_420' title='bbox 2793 2888 2915 2953; x_wconf 91' lang='lat' dir='ltr'>post</span> <span class='ocrx_word' id='word_1_421' title='bbox 2940 2879 3083 2938; x_wconf 90' lang='lat' dir='ltr'>hanc</span> <span class='ocrx_word' id='word_1_422' title='bbox 3111 2879 3283 2937; x_wconf 90' lang='lat' dir='ltr'>vitam</span> <span class='ocrx_word' id='word_1_423' title='bbox 3313 2888 3493 2938; x_wconf 90' lang='lat' dir='ltr'>trans-</span> 
     </span>
    </p>
   </div>
   <div class='ocr_carea' id='block_1_60' title="bbox 1903 2969 3500 3043">
    <p class='ocr_par' dir='ltr' id='par_1_60' title="bbox 1903 2969 3500 3043">
     <span class='ocr_line' id='line_1_60' title="bbox 1903 2969 3500 3043; baseline 0 -17"><span class='ocrx_word' id='word_1_424' title='bbox 1903 2970 2061 3040; x_wconf 88' lang='lat' dir='ltr'>eatis,</span> <span class='ocrx_word' id='word_1_425' title='bbox 2094 2980 2388 3043; x_wconf 65' lang='lat' dir='ltr'>prmstante</span> <span class='ocrx_word' id='word_1_426' title='bbox 2428 2971 2668 3028; x_wconf 92' lang='lat' dir='ltr'>Domino</span> <span class='ocrx_word' id='word_1_427' title='bbox 2715 2979 2903 3027; x_wconf 90' lang='lat' dir='ltr'>nostro</span> <span class='ocrx_word' id='word_1_428' title='bbox 2949 2971 3080 3027; x_wconf 84' lang='lat' dir='ltr'>Jesu</span> <span class='ocrx_word' id='word_1_429' title='bbox 3130 2969 3370 3039; x_wconf 90' lang='lat' dir='ltr'>Christo,</span> <span class='ocrx_word' id='word_1_430' title='bbox 3403 2971 3500 3043; x_wconf 91' lang='lat' dir='ltr'>qui</span> 
     </span>
    </p>
   </div>
   <div class='ocr_carea' id='block_1_61' title="bbox 1902 3058 3501 3133">
    <p class='ocr_par' dir='ltr' id='par_1_61' title="bbox 1902 3058 3501 3133">
     <span class='ocr_line' id='line_1_61' title="bbox 1902 3058 3501 3133; baseline 0 -18"><span class='ocrx_word' id='word_1_431' title='bbox 1902 3076 2028 3115; x_wconf 90' lang='lat' dir='ltr'>cum</span> <span class='ocrx_word' id='word_1_432' title='bbox 2071 3060 2230 3116; x_wconf 90' lang='lat' dir='ltr'>Patre</span> <span class='ocrx_word' id='word_1_433' title='bbox 2274 3067 2331 3117; x_wconf 89' lang='lat' dir='ltr'>et</span> <span class='ocrx_word' id='word_1_434' title='bbox 2377 3060 2591 3133; x_wconf 88' lang='lat' dir='ltr'>Spiritu</span> <span class='ocrx_word' id='word_1_435' title='bbox 2633 3066 2824 3117; x_wconf 90' lang='lat' dir='ltr'>sancto</span> <span class='ocrx_word' id='word_1_436' title='bbox 2871 3058 3015 3116; x_wconf 87' lang='lat' dir='ltr'>vivit</span> <span class='ocrx_word' id='word_1_437' title='bbox 3062 3066 3115 3117; x_wconf 89' lang='lat' dir='ltr'>et</span> <span class='ocrx_word' id='word_1_438' title='bbox 3165 3066 3354 3131; x_wconf 87' lang='lat' dir='ltr'>regnat</span> <span class='ocrx_word' id='word_1_439' title='bbox 3403 3074 3501 3132; x_wconf 91' lang='lat' dir='ltr'>per</span> 
     </span>
    </p>
   </div>
   <div class='ocr_carea' id='block_1_62' title="bbox 180 3128 2928 3231">
    <p class='ocr_par' dir='ltr' id='par_1_62' title="bbox 180 3128 2928 3231">
     <span class='ocr_line' id='line_1_62' title="bbox 180 3128 2928 3231; baseline 0.002 -32"><span class='ocrx_word' id='word_1_440' title='bbox 180 3143 344 3215; x_wconf 88' lang='lat' dir='ltr'>gestis</span> <span class='ocrx_word' id='word_1_441' title='bbox 379 3142 666 3201; x_wconf 88' lang='lat' dir='ltr'>invadere.</span> <span class='ocrx_word' id='word_1_442' title='bbox 687 3143 792 3201; x_wconf 90' lang='lat' dir='ltr'>Sed</span> <span class='ocrx_word' id='word_1_443' title='bbox 811 3152 877 3211; x_wconf 70' lang='lat' dir='ltr'>et</span> <span class='ocrx_word' id='word_1_444' title='bbox 890 3128 951 3200; x_wconf 75' lang='lat' dir='ltr'>tu</span> <span class='ocrx_word' id='word_1_445' title='bbox 969 3143 1063 3218; x_wconf 92' lang='lat' dir='ltr'>qui</span> <span class='ocrx_word' id='word_1_446' title='bbox 1082 3152 1241 3217; x_wconf 89' lang='lat' dir='ltr'>putas</span> <span class='ocrx_word' id='word_1_447' title='bbox 1261 3151 1315 3200; x_wconf 90' lang='lat' dir='ltr'>te</span> <span class='ocrx_word' id='word_1_448' title='bbox 1337 3161 1560 3200; x_wconf 89' lang='lat' dir='ltr'>manum</span> <span class='ocrx_word' id='word_1_449' title='bbox 1589 3144 1794 3201; x_wconf 90' lang='lat' dir='ltr'>habere</span> <span class='ocrx_word' id='word_1_450' title='bbox 1827 3169 1871 3231; x_wconf 70' lang='grc' dir='ltr'>α</span> <span class='ocrx_word' id='word_1_451' title='bbox 1903 3148 2090 3207; x_wconf 89' lang='lat' dir='ltr'>omnia</span> <span class='ocrx_word' id='word_1_452' title='bbox 2118 3150 2319 3207; x_wconf 85' lang='lat' dir='ltr'>saecula</span> <span class='ocrx_word' id='word_1_453' title='bbox 2346 3128 2696 3207; x_wconf 71' lang='lat' dir='ltr'>saeculorum.</span> <span class='ocrx_word' id='word_1_454' title='bbox 2728 3149 2928 3205; x_wconf 87' lang='lat' dir='ltr'>Amen.</span> 
     </span>
    </p>
   </div>
   <div class='ocr_carea' id='block_1_63' title="bbox 179 3232 1788 3307">
    <p class='ocr_par' dir='ltr' id='par_1_63' title="bbox 179 3232 1788 3307">
     <span class='ocr_line' id='line_1_63' title="bbox 179 3232 1788 3307; baseline 0.001 -19"><span class='ocrx_word' id='word_1_455' title='bbox 179 3248 377 3305; x_wconf 88' lang='lat' dir='ltr'>puram</span> <span class='ocrx_word' id='word_1_456' title='bbox 412 3240 465 3289; x_wconf 92' lang='lat' dir='ltr'>et</span> <span class='ocrx_word' id='word_1_457' title='bbox 493 3249 701 3302; x_wconf 89' lang='lat' dir='ltr'>sanam,</span> <span class='ocrx_word' id='word_1_458' title='bbox 733 3249 864 3290; x_wconf 87' lang='lat' dir='ltr'>cave</span> <span class='ocrx_word' id='word_1_459' title='bbox 893 3249 961 3289; x_wconf 91' lang='lat' dir='ltr'>ne</span> <span class='ocrx_word' id='word_1_460' title='bbox 981 3232 1214 3290; x_wconf 89' lang='lat' dir='ltr'>avaritia</span> <span class='ocrx_word' id='word_1_461' title='bbox 1237 3233 1626 3289; x_wconf 89' lang='lat' dir='ltr'>contrahatur:</span> <span class='ocrx_word' id='word_1_462' title='bbox 1652 3235 1788 3307; x_wconf 87' lang='lat' dir='ltr'>quin</span> 
     </span>
    </p>
   </div>
   <div class='ocr_carea' id='block_1_64' title="bbox 179 3320 1788 3395">
    <p class='ocr_par' dir='ltr' id='par_1_64' title="bbox 179 3320 1788 3395">
     <span class='ocr_line' id='line_1_64' title="bbox 179 3320 1788 3395; baseline -0.001 -16"><span class='ocrx_word' id='word_1_463' title='bbox 179 3322 365 3394; x_wconf 80' lang='lat' dir='ltr'>potius</span> <span class='ocrx_word' id='word_1_464' title='bbox 402 3321 635 3379; x_wconf 87' lang='lat' dir='ltr'>extende</span> <span class='ocrx_word' id='word_1_465' title='bbox 668 3338 787 3379; x_wconf 88' lang='lat' dir='ltr'>eam</span> <span class='ocrx_word' id='word_1_466' title='bbox 818 3339 917 3395; x_wconf 89' lang='lat' dir='ltr'>pro</span> <span class='ocrx_word' id='word_1_467' title='bbox 953 3320 1332 3379; x_wconf 90' lang='lat' dir='ltr'>misericordia</span> <span class='ocrx_word' id='word_1_468' title='bbox 1371 3322 1688 3395; x_wconf 89' lang='lat' dir='ltr'>frequenter</span> <span class='ocrx_word' id='word_1_469' title='bbox 1719 3321 1788 3378; x_wconf 87' lang='lat' dir='ltr'>ad</span> 
     </span>
    </p>
   </div>
   <div class='ocr_carea' id='block_1_65' title="bbox 181 3410 1788 3485">
    <p class='ocr_par' dir='ltr' id='par_1_65' title="bbox 181 3410 1788 3485">
     <span class='ocr_line' id='line_1_65' title="bbox 181 3410 1788 3485; baseline 0.001 -19"><span class='ocrx_word' id='word_1_470' title='bbox 181 3426 506 3485; x_wconf 87' lang='lat' dir='ltr'>pauperem,</span> <span class='ocrx_word' id='word_1_471' title='bbox 557 3426 657 3483; x_wconf 91' lang='lat' dir='ltr'>pro</span> <span class='ocrx_word' id='word_1_472' title='bbox 712 3410 1088 3484; x_wconf 88' lang='lat' dir='ltr'>hospitalitate</span> <span class='ocrx_word' id='word_1_473' title='bbox 1153 3411 1354 3484; x_wconf 81' lang='lat' dir='ltr'>saepius</span> <span class='ocrx_word' id='word_1_474' title='bbox 1417 3411 1485 3467; x_wconf 90' lang='lat' dir='ltr'>ad</span> <span class='ocrx_word' id='word_1_475' title='bbox 1554 3411 1788 3484; x_wconf 87' lang='lat' dir='ltr'>peregri-</span> 
     </span>
    </p>
   </div>
   <div class='ocr_carea' id='block_1_66' title="bbox 181 3500 1787 3575">
    <p class='ocr_par' dir='ltr' id='par_1_66' title="bbox 181 3500 1787 3575">
     <span class='ocr_line' id='line_1_66' title="bbox 181 3500 1787 3575; baseline 0 -20"><span class='ocrx_word' id='word_1_476' title='bbox 181 3515 311 3557; x_wconf 90' lang='lat' dir='ltr'>num</span> <span class='ocrx_word' id='word_1_477' title='bbox 356 3518 371 3556; x_wconf 88' lang='lat'><strong>:</strong></span> <span class='ocrx_word' id='word_1_478' title='bbox 405 3501 642 3558; x_wconf 83' lang='lat' dir='ltr'>extende</span> <span class='ocrx_word' id='word_1_479' title='bbox 678 3517 795 3558; x_wconf 89' lang='lat' dir='ltr'>eam</span> <span class='ocrx_word' id='word_1_480' title='bbox 837 3519 937 3574; x_wconf 92' lang='lat' dir='ltr'>pro</span> <span class='ocrx_word' id='word_1_481' title='bbox 967 3501 1204 3575; x_wconf 84' lang='lat' dir='ltr'>peccatis</span> <span class='ocrx_word' id='word_1_482' title='bbox 1248 3516 1463 3573; x_wconf 87' lang='lat' dir='ltr'>semper</span> <span class='ocrx_word' id='word_1_483' title='bbox 1505 3501 1575 3557; x_wconf 88' lang='lat' dir='ltr'>ad</span> <span class='ocrx_word' id='word_1_484' title='bbox 1602 3500 1787 3557; x_wconf 91' lang='lat' dir='ltr'>Domi-</span> 
     </span>
    </p>
   </div>
   <div class='ocr_carea' id='block_1_67' title="bbox 181 3588 1789 3664">
    <p class='ocr_par' dir='ltr' id='par_1_67' title="bbox 181 3588 1789 3664">
     <span class='ocr_line' id='line_1_67' title="bbox 181 3588 1789 3664; baseline -0.001 -18"><span class='ocrx_word' id='word_1_485' title='bbox 181 3605 344 3647; x_wconf 88' lang='lat' dir='ltr'>num:</span> <span class='ocrx_word' id='word_1_486' title='bbox 402 3597 516 3647; x_wconf 89' lang='lat' dir='ltr'>esto</span> <span class='ocrx_word' id='word_1_487' title='bbox 545 3592 879 3661; x_wconf 87' lang='lat' dir='ltr'>misericors,</span> <span class='ocrx_word' id='word_1_488' title='bbox 937 3600 1053 3648; x_wconf 91' lang='lat' dir='ltr'>esto</span> <span class='ocrx_word' id='word_1_489' title='bbox 1102 3591 1303 3664; x_wconf 88' lang='lat' dir='ltr'>largus.</span> <span class='ocrx_word' id='word_1_490' title='bbox 1351 3588 1595 3646; x_wconf 89' lang='lat' dir='ltr'>Observa</span> <span class='ocrx_word' id='word_1_491' title='bbox 1641 3588 1789 3661; x_wconf 90' lang='lat' dir='ltr'>quod</span> 
     </span>
    </p>
   </div>
   <div class='ocr_carea' id='block_1_68' title="bbox 182 3676 1786 3753">
    <p class='ocr_par' dir='ltr' id='par_1_68' title="bbox 182 3676 1786 3753">
     <span class='ocr_line' id='line_1_68' title="bbox 182 3676 1786 3753; baseline -0.001 -19"><span class='ocrx_word' id='word_1_492' title='bbox 182 3678 257 3736; x_wconf 88' lang='lat' dir='ltr'>ait</span> <span class='ocrx_word' id='word_1_493' title='bbox 301 3680 613 3753; x_wconf 86' lang='lat' dir='ltr'>propheta:</span> <span class='ocrx_word' id='word_1_494' title='bbox 683 3706 701 3728; x_wconf 75' lang='grc' dir='ltr'>ι</span> <span class='ocrx_word' id='word_1_495' title='bbox 727 3682 804 3738; x_wconf 91' lang='lat' dir='ltr'>Ne</span> <span class='ocrx_word' id='word_1_496' title='bbox 832 3680 905 3738; x_wconf 90' lang='lat' dir='ltr'>sit</span> <span class='ocrx_word' id='word_1_497' title='bbox 933 3697 1129 3737; x_wconf 85' lang='lat' dir='ltr'>manus</span> <span class='ocrx_word' id='word_1_498' title='bbox 1159 3687 1254 3735; x_wconf 89' lang='lat' dir='ltr'>tua</span> <span class='ocrx_word' id='word_1_499' title='bbox 1294 3677 1362 3735; x_wconf 88' lang='lat' dir='ltr'>ad</span> <span class='ocrx_word' id='word_1_500' title='bbox 1409 3676 1786 3751; x_wconf 87' lang='lat' dir='ltr'>accipiendum</span> 
     </span>
    </p>
   </div>
   <div class='ocr_carea' id='block_1_69' title="bbox 182 3767 1774 3844">
    <p class='ocr_par' dir='ltr' id='par_1_69' title="bbox 182 3767 1774 3844">
     <span class='ocr_line' id='line_1_69' title="bbox 182 3767 1774 3844; baseline -0.003 -19"><span class='ocrx_word' id='word_1_501' title='bbox 182 3777 460 3839; x_wconf 84' lang='lat' dir='ltr'>porrecta,</span> <span class='ocrx_word' id='word_1_502' title='bbox 478 3777 533 3827; x_wconf 89' lang='lat' dir='ltr'>et</span> <span class='ocrx_word' id='word_1_503' title='bbox 553 3771 621 3827; x_wconf 90' lang='lat' dir='ltr'>ad</span> <span class='ocrx_word' id='word_1_504' title='bbox 652 3770 987 3844; x_wconf 87' lang='lat' dir='ltr'>erogandum</span> <span class='ocrx_word' id='word_1_505' title='bbox 1007 3777 1291 3828; x_wconf 90' lang='lat' dir='ltr'>contracta</span> <span class='ocrx_word' id='word_1_506' title='bbox 1308 3767 1502 3839; x_wconf 87' lang='lat' dir='ltr'>(Eccli.</span> <span class='ocrx_word' id='word_1_507' title='bbox 1536 3784 1612 3836; x_wconf 86' lang='lat' dir='ltr'>1v,</span> <span class='ocrx_word' id='word_1_508' title='bbox 1635 3767 1774 3839; x_wconf 63' lang='lat'>36).:</span> 
     </span>
    </p>
   </div>
   <div class='ocr_carea' id='block_1_70' title="bbox 181 3856 1789 3933">
    <p class='ocr_par' dir='ltr' id='par_1_70' title="bbox 181 3856 1789 3933">
     <span class='ocr_line' id='line_1_70' title="bbox 181 3856 1789 3933; baseline -0.001 -20"><span class='ocrx_word' id='word_1_509' title='bbox 181 3856 274 3915; x_wconf 89' lang='lat' dir='ltr'>Sic</span> <span class='ocrx_word' id='word_1_510' title='bbox 303 3859 460 3914; x_wconf 91' lang='lat' dir='ltr'>enim</span> <span class='ocrx_word' id='word_1_511' title='bbox 492 3876 691 3915; x_wconf 88' lang='lat' dir='ltr'>manus</span> <span class='ocrx_word' id='word_1_512' title='bbox 716 3868 812 3916; x_wconf 88' lang='lat' dir='ltr'>tua</span> <span class='ocrx_word' id='word_1_513' title='bbox 844 3877 975 3917; x_wconf 87' lang='lat' dir='ltr'>sana</span> <span class='ocrx_word' id='word_1_514' title='bbox 1003 3876 1119 3917; x_wconf 90' lang='lat' dir='ltr'>esse</span> <span class='ocrx_word' id='word_1_515' title='bbox 1148 3858 1370 3933; x_wconf 88' lang='lat' dir='ltr'>poterit,</span> <span class='ocrx_word' id='word_1_516' title='bbox 1402 3857 1449 3912; x_wconf 88' lang='lat' dir='ltr'>si</span> <span class='ocrx_word' id='word_1_517' title='bbox 1475 3856 1636 3913; x_wconf 88' lang='lat' dir='ltr'>malis</span> <span class='ocrx_word' id='word_1_518' title='bbox 1663 3872 1789 3913; x_wconf 91' lang='lat' dir='ltr'>con-</span> 
     </span>
    </p>
   </div>
   <div class='ocr_carea' id='block_1_71' title="bbox 179 3946 1640 4021">
    <p class='ocr_par' dir='ltr' id='par_1_71' title="bbox 179 3946 1640 4021">
     <span class='ocr_line' id='line_1_71' title="bbox 179 3946 1640 4021; baseline 0.001 -19"><span class='ocrx_word' id='word_1_519' title='bbox 179 3946 470 4015; x_wconf 88' lang='lat' dir='ltr'>trahatur,</span> <span class='ocrx_word' id='word_1_520' title='bbox 496 3947 661 4003; x_wconf 88' lang='lat' dir='ltr'>bonis</span> <span class='ocrx_word' id='word_1_521' title='bbox 687 3964 821 4003; x_wconf 86' lang='lat' dir='ltr'>vero</span> <span class='ocrx_word' id='word_1_522' title='bbox 845 3950 1102 4021; x_wconf 89' lang='lat' dir='ltr'>operibus</span> <span class='ocrx_word' id='word_1_523' title='bbox 1137 3948 1468 4006; x_wconf 86' lang='lat' dir='ltr'>extendatur</span> <span class='ocrx_word' id='word_1_524' title='bbox 1499 3946 1640 4020; x_wconf 89' lang='lat'>(60).</span> 
     </span>
    </p>
   </div>
   <div class='ocr_carea' id='block_1_72' title="bbox 768 4073 1215 4133">
    <p class='ocr_par' dir='ltr' id='par_1_72' title="bbox 768 4073 1215 4133">
     <span class='ocr_line' id='line_1_72' title="bbox 768 4073 1215 4133; baseline 0.004 -4"><span class='ocrx_word' id='word_1_525' title='bbox 768 4073 1001 4132; x_wconf 84' lang='lat' dir='ltr'>SERMO</span> <span class='ocrx_word' id='word_1_526' title='bbox 1040 4075 1215 4133; x_wconf 81' lang='lat' dir='ltr'>XVII.</span> 
     </span>
    </p>
   </div>
   <div class='ocr_carea' id='block_1_73' title="bbox 591 4169 1400 4243">
    <p class='ocr_par' dir='ltr' id='par_1_73' title="bbox 591 4169 1400 4243">
     <span class='ocr_line' id='line_1_73' title="bbox 591 4169 1400 4243; baseline 0.006 -18"><span class='ocrx_word' id='word_1_527' title='bbox 591 4169 673 4226; x_wconf 87' lang='lat' dir='ltr'>De</span> <span class='ocrx_word' id='word_1_528' title='bbox 698 4179 882 4228; x_wconf 83' lang='lat' dir='ltr'>sancta</span> <span class='ocrx_word' id='word_1_529' title='bbox 908 4170 1329 4243; x_wconf 87' lang='lat' dir='ltr'>Quadragesima</span> <span class='ocrx_word' id='word_1_530' title='bbox 1355 4175 1400 4230; x_wconf 92' lang='lat' dir='ltr'>l.</span> 
     </span>
    </p>
   </div>
   <div class='ocr_carea' id='block_1_74' title="bbox 179 4284 1792 4356">
    <p class='ocr_par' dir='ltr' id='par_1_74' title="bbox 179 4284 1792 4356">
     <span class='ocr_line' id='line_1_74' title="bbox 179 4284 1792 4356; baseline -0.002 -12"><span class='ocrx_word' id='word_1_531' title='bbox 179 4288 287 4344; x_wconf 78' lang='lat' dir='ltr'>Hic</span> <span class='ocrx_word' id='word_1_532' title='bbox 316 4301 495 4341; x_wconf 83' lang='lat' dir='ltr'>sermo</span> <span class='ocrx_word' id='word_1_533' title='bbox 532 4284 767 4356; x_wconf 84' lang='lat' dir='ltr'>primum</span> <span class='ocrx_word' id='word_1_534' title='bbox 790 4285 847 4340; x_wconf 85' lang='lat' dir='ltr'>in</span> <span class='ocrx_word' id='word_1_535' title='bbox 884 4287 1125 4343; x_wconf 86' lang='lat' dir='ltr'>Romana</span> <span class='ocrx_word' id='word_1_536' title='bbox 1153 4287 1374 4341; x_wconf 81' lang='lat' dir='ltr'>editione</span> <span class='ocrx_word' id='word_1_537' title='bbox 1402 4287 1537 4341; x_wconf 85' lang='lat' dir='ltr'>inter</span> <span class='ocrx_word' id='word_1_538' title='bbox 1564 4286 1792 4343; x_wconf 88' lang='lat' dir='ltr'>Ambro-</span> 
     </span>
    </p>
   </div>
   <div class='ocr_carea' id='block_1_75' title="bbox 254 4356 1795 4424">
    <p class='ocr_par' dir='ltr' id='par_1_75' title="bbox 254 4356 1795 4424">
     <span class='ocr_line' id='line_1_75' title="bbox 254 4356 1795 4424; baseline 0.001 -13"><span class='ocrx_word' id='word_1_539' title='bbox 254 4356 445 4413; x_wconf 85' lang='lat' dir='ltr'>sianos</span> <span class='ocrx_word' id='word_1_540' title='bbox 475 4358 647 4413; x_wconf 85' lang='lat' dir='ltr'>locum</span> <span class='ocrx_word' id='word_1_541' title='bbox 702 4357 945 4424; x_wconf 74' lang='lat' dir='ltr'>obtinuit,</span> <span class='ocrx_word' id='word_1_542' title='bbox 1001 4363 1049 4412; x_wconf 90' lang='lat' dir='ltr'>et</span> <span class='ocrx_word' id='word_1_543' title='bbox 1090 4373 1275 4411; x_wconf 82' lang='lat' dir='ltr'>revera</span> <span class='ocrx_word' id='word_1_544' title='bbox 1324 4374 1440 4411; x_wconf 87' lang='lat' dir='ltr'>eum</span> <span class='ocrx_word' id='word_1_545' title='bbox 1479 4358 1635 4413; x_wconf 89' lang='lat' dir='ltr'>etiam</span> <span class='ocrx_word' id='word_1_546' title='bbox 1688 4359 1795 4413; x_wconf 86' lang='lat' dir='ltr'>do-</span> 
     </span>
    </p>
   </div>
   <div class='ocr_carea' id='block_1_76' title="bbox 256 4428 1794 4501">
    <p class='ocr_par' dir='ltr' id='par_1_76' title="bbox 256 4428 1794 4501">
     <span class='ocr_line' id='line_1_76' title="bbox 256 4428 1794 4501; baseline 0.001 -18"><span class='ocrx_word' id='word_1_547' title='bbox 256 4429 401 4484; x_wconf 84' lang='lat' dir='ltr'>ctori</span> <span class='ocrx_word' id='word_1_548' title='bbox 439 4435 621 4485; x_wconf 84' lang='lat' dir='ltr'>nostra</span> <span class='ocrx_word' id='word_1_549' title='bbox 657 4429 1011 4501; x_wconf 79' lang='lat' dir='ltr'>perantiquus</span> <span class='ocrx_word' id='word_1_550' title='bbox 1032 4428 1193 4483; x_wconf 72' lang='lat' dir='ltr'>codex</span> <span class='ocrx_word' id='word_1_551' title='bbox 1215 4428 1582 4501; x_wconf 77' lang='lat' dir='ltr'>_Vallicellance</span> <span class='ocrx_word' id='word_1_552' title='bbox 1602 4429 1794 4501; x_wconf 81' lang='lat' dir='ltr'>biblio-</span> 
     </span>
    </p>
   </div>
   <div class='ocr_carea' id='block_1_77' title="bbox 2458 3272 2935 3330">
    <p class='ocr_par' dir='ltr' id='par_1_77' title="bbox 2458 3272 2935 3330">
     <span class='ocr_line' id='line_1_77' title="bbox 2458 3272 2935 3330; baseline -0.002 -1"><span class='ocrx_word' id='word_1_553' title='bbox 2458 3272 2694 3330; x_wconf 82' lang='lat' dir='ltr'>SERMO</span> <span class='ocrx_word' id='word_1_554' title='bbox 2733 3272 2935 3328; x_wconf 82' lang='lat' dir='ltr'>XVIII.</span> 
     </span>
    </p>
   </div>
   <div class='ocr_carea' id='block_1_78' title="bbox 2280 3368 3118 3442">
    <p class='ocr_par' dir='ltr' id='par_1_78' title="bbox 2280 3368 3118 3442">
     <span class='ocr_line' id='line_1_78' title="bbox 2280 3368 3118 3442; baseline -0.006 -13"><span class='ocrx_word' id='word_1_555' title='bbox 2280 3373 2360 3429; x_wconf 88' lang='lat' dir='ltr'>De</span> <span class='ocrx_word' id='word_1_556' title='bbox 2386 3378 2573 3428; x_wconf 87' lang='lat' dir='ltr'>sancta</span> <span class='ocrx_word' id='word_1_557' title='bbox 2594 3368 3019 3442; x_wconf 85' lang='lat' dir='ltr'>Quadragesima</span> <span class='ocrx_word' id='word_1_558' title='bbox 3048 3369 3118 3424; x_wconf 92' lang='lat' dir='ltr'>II.</span> 
     </span>
    </p>
   </div>
   <div class='ocr_carea' id='block_1_79' title="bbox 1900 3472 3498 3549">
    <p class='ocr_par' dir='ltr' id='par_1_79' title="bbox 1900 3472 3498 3549">
     <span class='ocr_line' id='line_1_79' title="bbox 1900 3472 3498 3549; baseline -0.004 -10"><span class='ocrx_word' id='word_1_559' title='bbox 1900 3481 2039 3539; x_wconf 86' lang='lat' dir='ltr'>Huic</span> <span class='ocrx_word' id='word_1_560' title='bbox 2064 3478 2294 3536; x_wconf 82' lang='lat' dir='ltr'>sermoni</span> <span class='ocrx_word' id='word_1_561' title='bbox 2314 3479 2499 3534; x_wconf 83' lang='lat' dir='ltr'>titulus</span> <span class='ocrx_word' id='word_1_562' title='bbox 2549 3477 2851 3549; x_wconf 78' lang='lat' dir='ltr'>prceﬁgitur</span> <span class='ocrx_word' id='word_1_563' title='bbox 2880 3476 2937 3549; x_wconf 86' lang='lat' dir='ltr'>in</span> <span class='ocrx_word' id='word_1_564' title='bbox 2982 3472 3221 3549; x_wconf 77' lang='lat' dir='ltr'>antiquis</span> <span class='ocrx_word' id='word_1_565' title='bbox 3245 3474 3381 3549; x_wconf 72' lang='lat' dir='ltr'>edit.</span> <span class='ocrx_word' id='word_1_566' title='bbox 3402 3478 3498 3549; x_wconf 82' lang='lat' dir='ltr'>De</span> 
     </span>
    </p>
   </div>
   <div class='ocr_carea' id='block_1_80' title="bbox 1966 3545 3501 3627">
    <p class='ocr_par' dir='ltr' id='par_1_80' title="bbox 1966 3545 3501 3627">
     <span class='ocr_line' id='line_1_80' title="bbox 1966 3545 3501 3627; baseline -0.004 -18"><span class='ocrx_word' id='word_1_567' title='bbox 1966 3552 2215 3627; x_wconf 82' lang='lat' dir='ltr'>jejuniis,</span> <span class='ocrx_word' id='word_1_568' title='bbox 2246 3552 2303 3627; x_wconf 81' lang='lat' dir='ltr'>in</span> <span class='ocrx_word' id='word_1_569' title='bbox 2339 3545 2629 3627; x_wconf 69' lang='lat' dir='ltr'>niss._péro</span> <span class='ocrx_word' id='word_1_570' title='bbox 2658 3545 2955 3627; x_wconf 73' lang='lat' dir='ltr'>nonnullis,</span> <span class='ocrx_word' id='word_1_571' title='bbox 2985 3548 3064 3602; x_wconf 90' lang='lat' dir='ltr'>De</span> <span class='ocrx_word' id='word_1_572' title='bbox 3079 3545 3295 3627; x_wconf 80' lang='lat' dir='ltr'>jejunio</span> <span class='ocrx_word' id='word_1_573' title='bbox 3322 3546 3501 3627; x_wconf 79' lang='lat' dir='ltr'>initio</span> 
     </span>
    </p>
   </div>
   <div class='ocr_carea' id='block_1_81' title="bbox 1973 3617 3499 3695">
    <p class='ocr_par' dir='ltr' id='par_1_81' title="bbox 1973 3617 3499 3695">
     <span class='ocr_line' id='line_1_81' title="bbox 1973 3617 3499 3695; baseline -0.004 -15"><span class='ocrx_word' id='word_1_574' title='bbox 1973 3617 2431 3695; x_wconf 71' lang='lat' dir='ltr'>Quadragesimaa.</span> <span class='ocrx_word' id='word_1_575' title='bbox 2465 3621 2569 3695; x_wconf 68' lang='lat' dir='ltr'>Nec</span> <span class='ocrx_word' id='word_1_576' title='bbox 2599 3619 2944 3695; x_wconf 69' lang='lat' dir='ltr'>incommode,</span> <span class='ocrx_word' id='word_1_577' title='bbox 2970 3634 3088 3695; x_wconf 81' lang='lat' dir='ltr'>cum</span> <span class='ocrx_word' id='word_1_578' title='bbox 3124 3617 3182 3695; x_wconf 66' lang='lat' dir='ltr'>in</span> <span class='ocrx_word' id='word_1_579' title='bbox 3200 3617 3499 3695; x_wconf 72' lang='lat' dir='ltr'>epistolam,</span> 
     </span>
    </p>
   </div>
   <div class='ocr_carea' id='block_1_82' title="bbox 1970 3689 3503 3767">
    <p class='ocr_par' dir='ltr' id='par_1_82' title="bbox 1970 3689 3503 3767">
     <span class='ocr_line' id='line_1_82' title="bbox 1970 3689 3503 3767; baseline -0.004 -16"><span class='ocrx_word' id='word_1_580' title='bbox 1970 3689 2088 3767; x_wconf 70' lang='lat' dir='ltr'>quae</span> <span class='ocrx_word' id='word_1_581' title='bbox 2122 3689 2471 3767; x_wconf 46' lang='lat' dir='ltr'>in&#39;Liturgia</span> <span class='ocrx_word' id='word_1_582' title='bbox 2510 3689 3115 3767; x_wconf 70' lang='lat' dir='ltr'>GallicanaDominicle</span> <span class='ocrx_word' id='word_1_583' title='bbox 3142 3689 3503 3767; x_wconf 75' lang='lat' dir='ltr'>Quadrage-</span> 
     </span>
    </p>
   </div>
   <div class='ocr_carea' id='block_1_83' title="bbox 1973 3759 3511 3837">
    <p class='ocr_par' dir='ltr' id='par_1_83' title="bbox 1973 3759 3511 3837">
     <span class='ocr_line' id='line_1_83' title="bbox 1973 3759 3511 3837; baseline -0.005 -14"><span class='ocrx_word' id='word_1_584' title='bbox 1973 3759 2119 3823; x_wconf 68' lang='lat' dir='ltr'>Sima:</span> <span class='ocrx_word' id='word_1_585' title='bbox 2143 3759 2469 3837; x_wconf 78' lang='lat' dir='ltr'>assignatur,</span> <span class='ocrx_word' id='word_1_586' title='bbox 2502 3779 2594 3837; x_wconf 83' lang='lat' dir='ltr'>nec</span> <span class='ocrx_word' id='word_1_587' title='bbox 2636 3778 2745 3837; x_wconf 78' lang='lat' dir='ltr'>non</span> <span class='ocrx_word' id='word_1_588' title='bbox 2791 3762 3041 3817; x_wconf 79' lang='lat' dir='ltr'>hactenus</span> <span class='ocrx_word' id='word_1_589' title='bbox 3065 3759 3511 3837; x_wconf 72' lang='lat' dir='ltr'>recitatureodem</span> 
     </span>
    </p>
   </div>
   <div class='ocr_carea' id='block_1_84' title="bbox 1972 3832 3499 3909">
    <p class='ocr_par' dir='ltr' id='par_1_84' title="bbox 1972 3832 3499 3909">
     <span class='ocr_line' id='line_1_84' title="bbox 1972 3832 3499 3909; baseline -0.004 -15"><span class='ocrx_word' id='word_1_590' title='bbox 1972 3839 2074 3906; x_wconf 88' lang='lat' dir='ltr'>die,</span> <span class='ocrx_word' id='word_1_591' title='bbox 2106 3832 2280 3909; x_wconf 73' lang='lat' dir='ltr'>factus</span> <span class='ocrx_word' id='word_1_592' title='bbox 2324 3835 2509 3909; x_wconf 76' lang='lat' dir='ltr'>fuerit.</span> <span class='ocrx_word' id='word_1_593' title='bbox 2545 3834 3014 3909; x_wconf 40' lang='lat' dir='ltr'>Quaedamhporro</span> <span class='ocrx_word' id='word_1_594' title='bbox 3059 3832 3118 3909; x_wconf 65' lang='lat' dir='ltr'>in</span> <span class='ocrx_word' id='word_1_595' title='bbox 3154 3848 3213 3909; x_wconf 87' lang='lat' dir='ltr'>eo</span> <span class='ocrx_word' id='word_1_596' title='bbox 3240 3832 3499 3909; x_wconf 63' lang='lat' dir='ltr'>reperias,</span> 
     </span>
    </p>
   </div>
   <div class='ocr_carea' id='block_1_85' title="bbox 2007 3903 3499 3979">
    <p class='ocr_par' dir='ltr' id='par_1_85' title="bbox 2007 3903 3499 3979">
     <span class='ocr_line' id='line_1_85' title="bbox 2007 3903 3499 3979; baseline -0.004 -14"><span class='ocrx_word' id='word_1_597' title='bbox 2007 3903 2089 3965; x_wconf 67' lang='lat' dir='ltr'>uie</span> <span class='ocrx_word' id='word_1_598' title='bbox 2106 3903 2181 3964; x_wconf 75' lang='lat' dir='ltr'>ea:</span> <span class='ocrx_word' id='word_1_599' title='bbox 2204 3903 2491 3979; x_wconf 78' lang='lat' dir='ltr'>Augustini</span> <span class='ocrx_word' id='word_1_600' title='bbox 2516 3921 2752 3960; x_wconf 83' lang='lat' dir='ltr'>sermone</span> <span class='ocrx_word' id='word_1_601' title='bbox 2780 3903 3048 3979; x_wconf 60' lang='lat' dir='ltr'>21c,__num.</span> <span class='ocrx_word' id='word_1_602' title='bbox 3082 3904 3136 3971; x_wconf 91' lang='lat'>7,</span> <span class='ocrx_word' id='word_1_603' title='bbox 3165 3908 3215 3956; x_wconf 83' lang='lat' dir='ltr'>et</span> <span class='ocrx_word' id='word_1_604' title='bbox 3244 3903 3332 3971; x_wconf 91' lang='lat'>77,</span> <span class='ocrx_word' id='word_1_605' title='bbox 3352 3920 3499 3959; x_wconf 86' lang='lat' dir='ltr'>num.</span> 
     </span>
    </p>
   </div>
   <div class='ocr_carea' id='block_1_86' title="bbox 1972 3929 3503 4045">
    <p class='ocr_par' dir='ltr' id='par_1_86' title="bbox 1972 3929 3503 4045">
     <span class='ocr_line' id='line_1_86' title="bbox 2007 3929 3499 3979; baseline -0.004 -14"><span class='ocrx_word' id='word_1_606' title='bbox 2007 3929 2089 3965; x_wconf 74' lang='lat' dir='ltr'>ure</span> <span class='ocrx_word' id='word_1_607' title='bbox 2116 3929 2181 3964; x_wconf 80' lang='lat' dir='ltr'>ea:</span> <span class='ocrx_word' id='word_1_608' title='bbox 2204 3929 2491 3979; x_wconf 71' lang='lat' dir='ltr'>augusum</span> <span class='ocrx_word' id='word_1_609' title='bbox 2516 3929 2752 3960; x_wconf 75' lang='lat' dir='ltr'>sermone</span> <span class='ocrx_word' id='word_1_610' title='bbox 2781 3929 2868 3973; x_wconf 72' lang='grc' dir='ltr'>Ζιιι,</span> <span class='ocrx_word' id='word_1_611' title='bbox 2899 3929 3048 3959; x_wconf 81' lang='lat' dir='ltr'>num.</span> <span class='ocrx_word' id='word_1_612' title='bbox 3087 3929 3136 3971; x_wconf 83' lang='grc' dir='ltr'>ι,</span> <span class='ocrx_word' id='word_1_613' title='bbox 3165 3929 3215 3956; x_wconf 73' lang='grc' dir='ltr'>ει</span> <span class='ocrx_word' id='word_1_614' title='bbox 3248 3929 3266 3957; x_wconf 89' lang='lat' dir='ltr'><strong><em>l</em></strong></span> <span class='ocrx_word' id='word_1_615' title='bbox 3284 3929 3332 3971; x_wconf 84' lang='grc' dir='ltr'>ι,</span> <span class='ocrx_word' id='word_1_616' title='bbox 3352 3929 3499 3959; x_wconf 81' lang='lat' dir='ltr'>num.</span> 
     </span>
     <span class='ocr_line' id='line_1_87' title="bbox 1972 3929 3503 4045; baseline -0.008 -6"><span class='ocrx_word' id='word_1_617' title='bbox 1972 3929 2027 4045; x_wconf 53' lang='lat' dir='ltr'>gi,</span> <span class='ocrx_word' id='word_1_618' title='bbox 2085 3980 2322 4035; x_wconf 84' lang='lat' dir='ltr'>imitatus</span> <span class='ocrx_word' id='word_1_619' title='bbox 2360 3979 2570 4034; x_wconf 86' lang='lat' dir='ltr'>videtur</span> <span class='ocrx_word' id='word_1_620' title='bbox 2614 3982 2819 4032; x_wconf 86' lang='lat' dir='ltr'>auctor.</span> <span class='ocrx_word' id='word_1_621' title='bbox 2853 3976 3003 4030; x_wconf 87' lang='lat' dir='ltr'>Hunc</span> <span class='ocrx_word' id='word_1_622' title='bbox 3033 3980 3207 4045; x_wconf 86' lang='lat' dir='ltr'>autem</span> <span class='ocrx_word' id='word_1_623' title='bbox 3234 3980 3503 4029; x_wconf 82' lang='lat' dir='ltr'>auctorem</span> 
     </span>
    </p>
   </div>
   <div class='ocr_carea' id='block_1_87' title="bbox 1972 4044 3498 4125">
    <p class='ocr_par' dir='ltr' id='par_1_87' title="bbox 1972 4044 3498 4125">
     <span class='ocr_line' id='line_1_88' title="bbox 1972 4044 3498 4125; baseline -0.008 -15"><span class='ocrx_word' id='word_1_624' title='bbox 1972 4044 2273 4113; x_wconf 71' lang='lat' dir='ltr'>Maximum</span> <span class='ocrx_word' id='word_1_625' title='bbox 2330 4066 2435 4125; x_wconf 69' lang='lat' dir='ltr'>esse</span> <span class='ocrx_word' id='word_1_626' title='bbox 2460 4066 2568 4103; x_wconf 87' lang='lat' dir='ltr'>non</span> <span class='ocrx_word' id='word_1_627' title='bbox 2631 4047 2807 4125; x_wconf 55' lang='lat' dir='ltr'>modo</span> <span class='ocrx_word' id='word_1_628' title='bbox 2839 4048 3007 4125; x_wconf 66' lang='lat' dir='ltr'>stylus</span> <span class='ocrx_word' id='word_1_629' title='bbox 3040 4044 3262 4125; x_wconf 71' lang='lat' dir='ltr'>suadere</span> <span class='ocrx_word' id='word_1_630' title='bbox 3299 4050 3498 4125; x_wconf 71' lang='lat' dir='ltr'>potest,</span> 
     </span>
    </p>
   </div>
   <div class='ocr_carea' id='block_1_88' title="bbox 1976 4116 3501 4193">
    <p class='ocr_par' dir='ltr' id='par_1_88' title="bbox 1976 4116 3501 4193">
     <span class='ocr_line' id='line_1_89' title="bbox 1976 4116 3501 4193; baseline -0.007 -12"><span class='ocrx_word' id='word_1_631' title='bbox 1976 4140 2156 4181; x_wconf 83' lang='lat' dir='ltr'>verum</span> <span class='ocrx_word' id='word_1_632' title='bbox 2202 4129 2250 4178; x_wconf 90' lang='lat' dir='ltr'>et</span> <span class='ocrx_word' id='word_1_633' title='bbox 2276 4122 2416 4193; x_wconf 87' lang='lat' dir='ltr'>quod</span> <span class='ocrx_word' id='word_1_634' title='bbox 2462 4136 2581 4176; x_wconf 88' lang='lat' dir='ltr'>cum</span> <span class='ocrx_word' id='word_1_635' title='bbox 2605 4119 2731 4175; x_wconf 85' lang='lat' dir='ltr'>aliis</span> <span class='ocrx_word' id='word_1_636' title='bbox 2759 4116 2987 4189; x_wconf 77' lang='lat' dir='ltr'>ejusdem</span> <span class='ocrx_word' id='word_1_637' title='bbox 3033 4116 3263 4174; x_wconf 68' lang='lat' dir='ltr'>Maximi</span> <span class='ocrx_word' id='word_1_638' title='bbox 3287 4116 3346 4170; x_wconf 83' lang='lat' dir='ltr'>in</span> <span class='ocrx_word' id='word_1_639' title='bbox 3375 4116 3501 4171; x_wconf 84' lang='lat' dir='ltr'>Gal-</span> 
     </span>
    </p>
   </div>
   <div class='ocr_carea' id='block_1_89' title="bbox 1979 4193 2690 4253">
    <p class='ocr_par' dir='ltr' id='par_1_89' title="bbox 1979 4193 2690 4253">
     <span class='ocr_line' id='line_1_90' title="bbox 1979 4193 2690 4253; baseline -0.008 -1"><span class='ocrx_word' id='word_1_640' title='bbox 1979 4194 2109 4253; x_wconf 86' lang='lat' dir='ltr'>tensi</span> <span class='ocrx_word' id='word_1_641' title='bbox 2137 4195 2307 4250; x_wconf 84' lang='lat' dir='ltr'>codice</span> <span class='ocrx_word' id='word_1_642' title='bbox 2336 4193 2690 4248; x_wconf 84' lang='lat' dir='ltr'>contineatur.</span> 
     </span>
    </p>
   </div>
   <div class='ocr_carea' id='block_1_90' title="bbox 1979 4301 3503 4379">
    <p class='ocr_par' dir='ltr' id='par_1_90' title="bbox 1979 4301 3503 4379">
     <span class='ocr_line' id='line_1_91' title="bbox 1979 4301 3503 4379; baseline -0.006 -12"><span class='ocrx_word' id='word_1_643' title='bbox 1979 4313 2027 4368; x_wconf 89' lang='grc'>1.</span> <span class='ocrx_word' id='word_1_644' title='bbox 2075 4308 2476 4366; x_wconf 89' lang='lat' dir='ltr'>Testimonium</span> <span class='ocrx_word' id='word_1_645' title='bbox 2524 4304 2779 4379; x_wconf 88' lang='lat' dir='ltr'>perhibet</span> <span class='ocrx_word' id='word_1_646' title='bbox 2825 4310 3047 4360; x_wconf 88' lang='lat' dir='ltr'>sanctus</span> <span class='ocrx_word' id='word_1_647' title='bbox 3092 4302 3413 4376; x_wconf 79' lang='lat' dir='ltr'>Apostolus.</span> <span class='ocrx_word' id='word_1_648' title='bbox 3434 4301 3503 4358; x_wconf 91' lang='lat' dir='ltr'>de</span> 
     </span>
    </p>
   </div>
   <div class='ocr_carea' id='block_1_91' title="bbox 1906 4392 3504 4474">
    <p class='ocr_par' dir='ltr' id='par_1_91' title="bbox 1906 4392 3504 4474">
     <span class='ocr_line' id='line_1_92' title="bbox 1906 4392 3504 4474; baseline -0.005 -17"><span class='ocrx_word' id='word_1_649' title='bbox 1906 4398 2208 4474; x_wconf 90' lang='lat' dir='ltr'>prophetis,</span> <span class='ocrx_word' id='word_1_650' title='bbox 2240 4398 2468 4455; x_wconf 89' lang='lat' dir='ltr'>dicens:</span> <span class='ocrx_word' id='word_1_651' title='bbox 2522 4418 2540 4442; x_wconf 75' lang='grc' dir='ltr'>ι</span> <span class='ocrx_word' id='word_1_652' title='bbox 2574 4395 2860 4466; x_wconf 88' lang='lat' dir='ltr'>Tempore,</span> <span class='ocrx_word' id='word_1_653' title='bbox 2910 4393 3116 4467; x_wconf 87' lang='lat' dir='ltr'>inquit,</span> <span class='ocrx_word' id='word_1_654' title='bbox 3169 4392 3504 4467; x_wconf 87' lang='lat' dir='ltr'>acceptabili</span> 
     </span>
    </p>
   </div>
   <div class='ocr_carea' id='block_1_92' title="bbox 270 4482 3501 4591">
    <p class='ocr_par' dir='ltr' id='par_1_92' title="bbox 270 4482 3501 4591">
     <span class='ocr_line' id='line_1_93' title="bbox 270 4482 3501 4591; baseline -0.005 -35"><span class='ocrx_word' id='word_1_655' title='bbox 270 4482 573 4591; x_wconf 46' lang='lat' dir='ltr'>tliecw,;ea:</span> <span class='ocrx_word' id='word_1_656' title='bbox 595 4482 990 4591; x_wconf 43' lang='lat' dir='ltr'>gitimam</span> <span class='ocrx_word' id='word_1_657' title='bbox 1036 4482 1795 4591; x_wconf 37' lang='lat' dir='ltr'>Acmendaviinus,.asc&#39;riptuijn</span> <span class='ocrx_word' id='word_1_658' title='bbox 1824 4532 1872 4591; x_wconf 68' lang='grc' dir='ltr'>Β</span> <span class='ocrx_word' id='word_1_659' title='bbox 1905 4490 2169 4549; x_wconf 82' lang='lat' dir='ltr'>exaudivi</span> <span class='ocrx_word' id='word_1_660' title='bbox 2198 4493 2356 4591; x_wconf 45' lang='lat' dir='ltr'>te,‘et</span> <span class='ocrx_word' id='word_1_661' title='bbox 2391 4485 2466 4584; x_wconf 37' lang='lat' dir='ltr'>in-</span> <span class='ocrx_word' id='word_1_662' title='bbox 2495 4484 2584 4542; x_wconf 90' lang='lat' dir='ltr'>die</span> <span class='ocrx_word' id='word_1_663' title='bbox 2615 4484 2809 4586; x_wconf 79' lang='lat' dir='ltr'>salutis</span> <span class='ocrx_word' id='word_1_664' title='bbox 2836 4482 3029 4591; x_wconf 47' lang='lat' dir='ltr'>adj‘uvi</span> <span class='ocrx_word' id='word_1_665' title='bbox 3059 4491 3113 4541; x_wconf 90' lang='lat' dir='ltr'>te</span> <span class='ocrx_word' id='word_1_666' title='bbox 3159 4483 3296 4556; x_wconf 84' lang='lat' dir='ltr'>(Isa.</span> <span class='ocrx_word' id='word_1_667' title='bbox 3344 4500 3501 4553; x_wconf 77' lang='lat' dir='ltr'>xux,</span> 
     </span>
    </p>
   </div>
   <div class='ocr_carea' id='block_1_93' title="bbox 258 4570 3504 4654">
    <p class='ocr_par' dir='ltr' id='par_1_93' title="bbox 258 4570 3504 4654">
     <span class='ocr_line' id='line_1_94' title="bbox 258 4570 3504 4654; baseline -0.002 -27"><span class='ocrx_word' id='word_1_668' title='bbox 258 4575 449 4654; x_wconf 33' lang='lat' dir='ltr'>haltel.‘</span> <span class='ocrx_word' id='word_1_669' title='bbox 472 4573 572 4628; x_wconf 81' lang='lat' dir='ltr'>Sed</span> <span class='ocrx_word' id='word_1_670' title='bbox 590 4570 898 4654; x_wconf 51' lang='lat' dir='ltr'>huiusmodi</span> <span class='ocrx_word' id='word_1_671' title='bbox 913 4571 1323 4654; x_wconf 65' lang='lat' dir='ltr'>auctoritatem,</span> <span class='ocrx_word' id='word_1_672' title='bbox 1355 4577 1414 4625; x_wconf 88' lang='lat' dir='ltr'>ut</span> <span class='ocrx_word' id='word_1_673' title='bbox 1455 4570 1501 4626; x_wconf 86' lang='lat' dir='ltr'>ei</span> <span class='ocrx_word' id='word_1_674' title='bbox 1528 4570 1629 4626; x_wconf 86' lang='lat' dir='ltr'>soli</span> <span class='ocrx_word' id='word_1_675' title='bbox 1657 4571 1796 4625; x_wconf 88' lang='lat' dir='ltr'>credi</span> <span class='ocrx_word' id='word_1_676' title='bbox 1827 4570 1872 4591; x_wconf 73' lang='grc' dir='ltr'><em>υ</em></span> <span class='ocrx_word' id='word_1_677' title='bbox 1901 4582 1983 4654; x_wconf 82' lang='grc'>8),</span> <span class='ocrx_word' id='word_1_678' title='bbox 2012 4606 2029 4627; x_wconf 77' lang='grc' dir='ltr'><strong>ι</strong></span> <span class='ocrx_word' id='word_1_679' title='bbox 2090 4580 2161 4635; x_wconf 59' lang='lat' dir='ltr'>Et</span> <span class='ocrx_word' id='word_1_680' title='bbox 2213 4575 2566 4648; x_wconf 83' lang='lat' dir='ltr'>subsequitur</span> <span class='ocrx_word' id='word_1_681' title='bbox 2613 4575 2766 4648; x_wconf 78' lang='lat' dir='ltr'>ipse:</span> <span class='ocrx_word' id='word_1_682' title='bbox 2827 4597 2847 4621; x_wconf 74' lang='grc' dir='ltr'>ι</span> <span class='ocrx_word' id='word_1_683' title='bbox 2898 4574 3041 4631; x_wconf 76' lang='lat' dir='ltr'>Ecce</span> <span class='ocrx_word' id='word_1_684' title='bbox 3082 4589 3233 4633; x_wconf 74' lang='lat' dir='ltr'>nunc</span> <span class='ocrx_word' id='word_1_685' title='bbox 3283 4581 3504 4647; x_wconf 75' lang='lat' dir='ltr'>tempus</span> 
     </span>
    </p>
   </div>
   <div class='ocr_carea' id='block_1_94' title="bbox 266 4644 1060 4710">
    <p class='ocr_par' dir='ltr' id='par_1_94' title="bbox 266 4644 1060 4710">
     <span class='ocr_line' id='line_1_95' title="bbox 266 4644 1060 4710; baseline -0.004 -6"><span class='ocrx_word' id='word_1_686' title='bbox 266 4647 474 4710; x_wconf 77' lang='lat' dir='ltr'>valeat,</span> <span class='ocrx_word' id='word_1_687' title='bbox 502 4661 611 4699; x_wconf 83' lang='lat' dir='ltr'>non</span> <span class='ocrx_word' id='word_1_688' title='bbox 641 4644 774 4700; x_wconf 86' lang='lat' dir='ltr'>tanti</span> <span class='ocrx_word' id='word_1_689' title='bbox 803 4645 1060 4701; x_wconf 82' lang='lat' dir='ltr'>ducimus.</span> 
     </span>
    </p>
   </div>
   <div class='ocr_carea' id='block_1_95' title="bbox 266 4766 1796 4842">
    <p class='ocr_par' dir='ltr' id='par_1_95' title="bbox 266 4766 1796 4842">
     <span class='ocr_line' id='line_1_96' title="bbox 266 4766 1796 4842; baseline -0.006 -12"><span class='ocrx_word' id='word_1_690' title='bbox 266 4773 321 4830; x_wconf 83' lang='grc'><strong>1.</strong></span> <span class='ocrx_word' id='word_1_691' title='bbox 355 4771 500 4827; x_wconf 88' lang='lat' dir='ltr'>Ecce</span> <span class='ocrx_word' id='word_1_692' title='bbox 559 4766 999 4842; x_wconf 87' lang='lat' dir='ltr'>appropinquant</span> <span class='ocrx_word' id='word_1_693' title='bbox 1051 4767 1167 4826; x_wconf 87' lang='lat' dir='ltr'>dies</span> <span class='ocrx_word' id='word_1_694' title='bbox 1220 4766 1415 4837; x_wconf 87' lang='lat' dir='ltr'>sancti,</span> <span class='ocrx_word' id='word_1_695' title='bbox 1479 4773 1535 4824; x_wconf 91' lang='lat' dir='ltr'>et</span> <span class='ocrx_word' id='word_1_696' title='bbox 1578 4772 1796 4840; x_wconf 90' lang='lat' dir='ltr'>tempus</span> 
     </span>
    </p>
   </div>
   <div class='ocr_carea' id='block_1_96' title="bbox 192 4856 1795 4935">
    <p class='ocr_par' dir='ltr' id='par_1_96' title="bbox 192 4856 1795 4935">
     <span class='ocr_line' id='line_1_97' title="bbox 192 4856 1795 4935; baseline -0.006 -15"><span class='ocrx_word' id='word_1_697' title='bbox 192 4858 560 4935; x_wconf 85' lang='lat' dir='ltr'>acceptabile,</span> <span class='ocrx_word' id='word_1_698' title='bbox 589 4858 782 4915; x_wconf 87' lang='lat' dir='ltr'>fratres</span> <span class='ocrx_word' id='word_1_699' title='bbox 809 4857 1136 4928; x_wconf 87' lang='lat' dir='ltr'>charissimi,</span> <span class='ocrx_word' id='word_1_700' title='bbox 1165 4857 1237 4916; x_wconf 91' lang='lat' dir='ltr'>de</span> <span class='ocrx_word' id='word_1_701' title='bbox 1267 4874 1375 4932; x_wconf 90' lang='lat' dir='ltr'>quo</span> <span class='ocrx_word' id='word_1_702' title='bbox 1417 4856 1683 4931; x_wconf 89' lang='lat' dir='ltr'>scriptum</span> <span class='ocrx_word' id='word_1_703' title='bbox 1712 4862 1795 4913; x_wconf 88' lang='lat' dir='ltr'>est</span> 
     </span>
    </p>
   </div>
   <div class='ocr_carea' id='block_1_97' title="bbox 192 4948 1796 5025">
    <p class='ocr_par' dir='ltr' id='par_1_97' title="bbox 192 4948 1796 5025">
     <span class='ocr_line' id='line_1_98' title="bbox 192 4948 1796 5025; baseline -0.004 -17"><span class='ocrx_word' id='word_1_704' title='bbox 192 4952 317 5025; x_wconf 74' lang='lat'>(6!)</span> <span class='ocrx_word' id='word_1_705' title='bbox 353 4968 366 5005; x_wconf 76' lang='grc' dir='ltr'>ε</span> <span class='ocrx_word' id='word_1_706' title='bbox 425 4972 444 4996; x_wconf 74' lang='grc' dir='ltr'>ι</span> <span class='ocrx_word' id='word_1_707' title='bbox 478 4949 621 5005; x_wconf 90' lang='lat' dir='ltr'>Ecce</span> <span class='ocrx_word' id='word_1_708' title='bbox 657 4963 805 5004; x_wconf 89' lang='lat' dir='ltr'>nunc</span> <span class='ocrx_word' id='word_1_709' title='bbox 836 4955 1050 5022; x_wconf 88' lang='lat' dir='ltr'>tempus</span> <span class='ocrx_word' id='word_1_710' title='bbox 1081 4948 1432 5021; x_wconf 89' lang='lat' dir='ltr'>acceptabile,</span> <span class='ocrx_word' id='word_1_711' title='bbox 1474 4963 1598 5003; x_wconf 88' lang='lat' dir='ltr'>ecce</span> <span class='ocrx_word' id='word_1_712' title='bbox 1646 4962 1796 5002; x_wconf 91' lang='lat' dir='ltr'>nunc</span> 
     </span>
    </p>
   </div>
   <div class='ocr_carea' id='block_1_98' title="bbox 190 5034 1798 5109">
    <p class='ocr_par' dir='ltr' id='par_1_98' title="bbox 190 5034 1798 5109">
     <span class='ocr_line' id='line_1_99' title="bbox 190 5034 1798 5109; baseline -0.004 -13"><span class='ocrx_word' id='word_1_713' title='bbox 190 5039 316 5096; x_wconf 86' lang='lat' dir='ltr'>dies</span> <span class='ocrx_word' id='word_1_714' title='bbox 347 5037 543 5095; x_wconf 85' lang='lat' dir='ltr'>salutis</span> <span class='ocrx_word' id='word_1_715' title='bbox 575 5036 665 5109; x_wconf 91' lang='grc' dir='ltr'>(ΙΙ</span> <span class='ocrx_word' id='word_1_716' title='bbox 694 5037 820 5094; x_wconf 87' lang='lat' dir='ltr'>Cor.</span> <span class='ocrx_word' id='word_1_717' title='bbox 853 5054 929 5106; x_wconf 79' lang='lat' dir='ltr'>vr,</span> <span class='ocrx_word' id='word_1_718' title='bbox 951 5037 1009 5109; x_wconf 86' lang='grc'>2)</span> <span class='ocrx_word' id='word_1_719' title='bbox 1037 5056 1089 5105; x_wconf 79' lang='grc'>;›</span> <span class='ocrx_word' id='word_1_720' title='bbox 1138 5036 1261 5093; x_wconf 89' lang='lat' dir='ltr'>ideo</span> <span class='ocrx_word' id='word_1_721' title='bbox 1304 5034 1656 5093; x_wconf 87' lang='lat' dir='ltr'>sollicitiores</span> <span class='ocrx_word' id='word_1_722' title='bbox 1697 5051 1798 5090; x_wconf 91' lang='lat' dir='ltr'>vos</span> 
     </span>
    </p>
   </div>
   <div class='ocr_carea' id='block_1_99' title="bbox 267 5177 1797 5254">
    <p class='ocr_par' dir='ltr' id='par_1_99' title="bbox 267 5177 1797 5254">
     <span class='ocr_line' id='line_1_100' title="bbox 267 5177 1797 5254; baseline -0.005 -14"><span class='ocrx_word' id='word_1_723' title='bbox 267 5181 394 5254; x_wconf 86' lang='lat'>(60)</span> <span class='ocrx_word' id='word_1_724' title='bbox 429 5182 587 5238; x_wconf 76' lang='lat' dir='ltr'>Rom.</span> <span class='ocrx_word' id='word_1_725' title='bbox 618 5179 800 5254; x_wconf 81' lang='lat' dir='ltr'>edit.,_</span> <span class='ocrx_word' id='word_1_726' title='bbox 822 5181 1156 5254; x_wconf 68' lang='lat' dir='ltr'>extemdatur.</span> <span class='ocrx_word' id='word_1_727' title='bbox 1193 5180 1331 5254; x_wconf 78' lang='lat' dir='ltr'>Dum</span> <span class='ocrx_word' id='word_1_728' title='bbox 1373 5184 1548 5254; x_wconf 78' lang='lat' dir='ltr'>autem</span> <span class='ocrx_word' id='word_1_729' title='bbox 1579 5177 1651 5233; x_wconf 83' lang='lat' dir='ltr'>ad</span> <span class='ocrx_word' id='word_1_730' title='bbox 1692 5177 1797 5233; x_wconf 85' lang='lat' dir='ltr'>vir-</span> 
     </span>
    </p>
   </div>
   <div class='ocr_carea' id='block_1_100' title="bbox 195 5250 1797 5325">
    <p class='ocr_par' dir='ltr' id='par_1_100' title="bbox 195 5250 1797 5325">
     <span class='ocr_line' id='line_1_101' title="bbox 195 5250 1797 5325; baseline -0.004 -17"><span class='ocrx_word' id='word_1_731' title='bbox 195 5250 381 5311; x_wconf 72' lang='lat' dir='ltr'>tutum</span> <span class='ocrx_word' id='word_1_732' title='bbox 400 5251 912 5325; x_wconf 7' lang='lat' dir='ltr'>operaqextenditur,</span> <span class='ocrx_word' id='word_1_733' title='bbox 943 5251 1140 5307; x_wconf 84' lang='lat' dir='ltr'>nesciat</span> <span class='ocrx_word' id='word_1_734' title='bbox 1160 5252 1415 5325; x_wconf 86' lang='lat' dir='ltr'>_sinistra,</span> <span class='ocrx_word' id='word_1_735' title='bbox 1449 5250 1518 5325; x_wconf 78' lang='lat' dir='ltr'>id</span> <span class='ocrx_word' id='word_1_736' title='bbox 1558 5255 1797 5325; x_wconf 39' lang='lat' dir='ltr'>est,.c_ar-</span> 
     </span>
    </p>
   </div>
   <div class='ocr_carea' id='block_1_101' title="bbox 198 5320 1801 5395">
    <p class='ocr_par' dir='ltr' id='par_1_101' title="bbox 198 5320 1801 5395">
     <span class='ocr_line' id='line_1_102' title="bbox 198 5320 1801 5395; baseline -0.002 -16"><span class='ocrx_word' id='word_1_737' title='bbox 198 5326 283 5381; x_wconf 84' lang='lat' dir='ltr'>nis</span> <span class='ocrx_word' id='word_1_738' title='bbox 308 5326 390 5380; x_wconf 91' lang='lat' dir='ltr'>vel</span> <span class='ocrx_word' id='word_1_739' title='bbox 422 5320 606 5379; x_wconf 72' lang='lat' dir='ltr'>mundi</span> <span class='ocrx_word' id='word_1_740' title='bbox 627 5323 1021 5395; x_wconf 7' lang='lat' dir='ltr'>cupiditasgnon</span> <span class='ocrx_word' id='word_1_741' title='bbox 1040 5321 1275 5394; x_wconf 85' lang='lat' dir='ltr'>perdat;</span> <span class='ocrx_word' id='word_1_742' title='bbox 1297 5321 1622 5395; x_wconf 81' lang='lat' dir='ltr'>propitiante</span> <span class='ocrx_word' id='word_1_743' title='bbox 1648 5320 1801 5377; x_wconf 83' lang='lat' dir='ltr'>Chri-</span> 
     </span>
    </p>
   </div>
   <div class='ocr_carea' id='block_1_102' title="bbox 195 5393 1798 5465">
    <p class='ocr_par' dir='ltr' id='par_1_102' title="bbox 195 5393 1798 5465">
     <span class='ocr_line' id='line_1_103' title="bbox 195 5393 1798 5465; baseline -0.001 -15"><span class='ocrx_word' id='word_1_744' title='bbox 195 5402 279 5452; x_wconf 80' lang='lat' dir='ltr'>sto</span> <span class='ocrx_word' id='word_1_745' title='bbox 311 5397 544 5453; x_wconf 89' lang='lat' dir='ltr'>Domino</span> <span class='ocrx_word' id='word_1_746' title='bbox 574 5393 779 5462; x_wconf 71' lang='lat' dir='ltr'>nostra,</span> <span class='ocrx_word' id='word_1_747' title='bbox 820 5393 912 5465; x_wconf 86' lang='lat' dir='ltr'>qui</span> <span class='ocrx_word' id='word_1_748' title='bbox 964 5393 1081 5447; x_wconf 81' lang='lat' dir='ltr'>cum</span> <span class='ocrx_word' id='word_1_749' title='bbox 1122 5395 1284 5450; x_wconf 88' lang='lat' dir='ltr'>Patre</span> <span class='ocrx_word' id='word_1_750' title='bbox 1311 5398 1358 5465; x_wconf 81' lang='lat' dir='ltr'>et</span> <span class='ocrx_word' id='word_1_751' title='bbox 1394 5393 1600 5465; x_wconf 85' lang='lat' dir='ltr'>Spiritu</span> <span class='ocrx_word' id='word_1_752' title='bbox 1621 5398 1798 5448; x_wconf 81' lang='lat' dir='ltr'>sancto</span> 
     </span>
    </p>
   </div>
   <div class='ocr_carea' id='block_1_103' title="bbox 196 5464 1489 5540">
    <p class='ocr_par' dir='ltr' id='par_1_103' title="bbox 196 5464 1489 5540">
     <span class='ocr_line' id='line_1_104' title="bbox 196 5464 1489 5540; baseline -0.002 -17"><span class='ocrx_word' id='word_1_753' title='bbox 196 5468 335 5523; x_wconf 86' lang='lat' dir='ltr'>vivit</span> <span class='ocrx_word' id='word_1_754' title='bbox 363 5474 411 5522; x_wconf 85' lang='lat' dir='ltr'>et</span> <span class='ocrx_word' id='word_1_755' title='bbox 438 5474 621 5540; x_wconf 82' lang='lat' dir='ltr'>regnat</span> <span class='ocrx_word' id='word_1_756' title='bbox 646 5468 705 5540; x_wconf 73' lang='lat' dir='ltr'>in</span> <span class='ocrx_word' id='word_1_757' title='bbox 719 5464 920 5540; x_wconf 74' lang='lat' dir='ltr'>scecula</span> <span class='ocrx_word' id='word_1_758' title='bbox 947 5466 1275 5540; x_wconf 76' lang='lat' dir='ltr'>sweulorum.</span> <span class='ocrx_word' id='word_1_759' title='bbox 1293 5464 1489 5540; x_wconf 42' lang='lat' dir='ltr'>Amen.</span> 
     </span>
    </p>
   </div>
   <div class='ocr_carea' id='block_1_104' title="bbox 276 5536 1803 5610">
    <p class='ocr_par' dir='ltr' id='par_1_104' title="bbox 276 5536 1803 5610">
     <span class='ocr_line' id='line_1_105' title="bbox 276 5536 1803 5610; baseline -0.003 -15"><span class='ocrx_word' id='word_1_760' title='bbox 276 5539 399 5610; x_wconf 83' lang='lat'>(6!)</span> <span class='ocrx_word' id='word_1_761' title='bbox 450 5536 606 5595; x_wconf 78' lang='lat' dir='ltr'>Rom.</span> <span class='ocrx_word' id='word_1_762' title='bbox 642 5537 799 5605; x_wconf 84' lang='lat' dir='ltr'>edit.,</span> <span class='ocrx_word' id='word_1_763' title='bbox 849 5538 981 5593; x_wconf 82' lang='lat' dir='ltr'>Ecce</span> <span class='ocrx_word' id='word_1_764' title='bbox 1023 5537 1219 5592; x_wconf 85' lang='lat' dir='ltr'>adsunt</span> <span class='ocrx_word' id='word_1_765' title='bbox 1271 5536 1383 5590; x_wconf 85' lang='lat' dir='ltr'>dies</span> <span class='ocrx_word' id='word_1_766' title='bbox 1433 5536 1689 5591; x_wconf 85' lang='lat' dir='ltr'>sancti....</span> <span class='ocrx_word' id='word_1_767' title='bbox 1740 5536 1803 5590; x_wconf 88' lang='lat' dir='ltr'>de</span> 
     </span>
    </p>
   </div>
   <div class='ocr_carea' id='block_1_105' title="bbox 202 5612 824 5682">
    <p class='ocr_par' dir='ltr' id='par_1_105' title="bbox 202 5612 824 5682">
     <span class='ocr_line' id='line_1_106' title="bbox 202 5612 824 5682; baseline -0.002 -17"><span class='ocrx_word' id='word_1_768' title='bbox 202 5628 310 5682; x_wconf 85' lang='lat' dir='ltr'>quo</span> <span class='ocrx_word' id='word_1_769' title='bbox 340 5628 479 5665; x_wconf 86' lang='lat' dir='ltr'>nunc</span> <span class='ocrx_word' id='word_1_770' title='bbox 512 5612 695 5666; x_wconf 85' lang='lat' dir='ltr'>tectum</span> <span class='ocrx_word' id='word_1_771' title='bbox 731 5616 824 5664; x_wconf 88' lang='lat' dir='ltr'>est.</span> 
     </span>
    </p>
   </div>
   <div class='ocr_carea' id='block_1_106' title="bbox 278 5679 1804 5754">
    <p class='ocr_par' dir='ltr' id='par_1_106' title="bbox 278 5679 1804 5754">
     <span class='ocr_line' id='line_1_107' title="bbox 278 5679 1804 5754; baseline -0.004 -15"><span class='ocrx_word' id='word_1_772' title='bbox 278 5682 406 5754; x_wconf 86' lang='grc'>(62)</span> <span class='ocrx_word' id='word_1_773' title='bbox 444 5684 607 5741; x_wconf 80' lang='lat' dir='ltr'>Rom.</span> <span class='ocrx_word' id='word_1_774' title='bbox 638 5681 797 5752; x_wconf 86' lang='lat' dir='ltr'>edit.,</span> <span class='ocrx_word' id='word_1_775' title='bbox 850 5681 986 5738; x_wconf 87' lang='lat' dir='ltr'>sicut</span> <span class='ocrx_word' id='word_1_776' title='bbox 1029 5681 1197 5753; x_wconf 81' lang='lat' dir='ltr'>ignem</span> <span class='ocrx_word' id='word_1_777' title='bbox 1224 5680 1492 5736; x_wconf 85' lang='lat' dir='ltr'>ardentem</span> <span class='ocrx_word' id='word_1_778' title='bbox 1519 5679 1804 5753; x_wconf 65' lang='lat' dir='ltr'>exstinguit</span> 
     </span>
    </p>
   </div>
   <div class='ocr_carea' id='block_1_107' title="bbox 1902 4663 3491 4744">
    <p class='ocr_par' dir='ltr' id='par_1_107' title="bbox 1902 4663 3491 4744">
     <span class='ocr_line' id='line_1_108' title="bbox 1902 4663 3491 4744; baseline -0.008 -15"><span class='ocrx_word' id='word_1_779' title='bbox 1902 4670 2254 4744; x_wconf 87' lang='lat' dir='ltr'>acceptabile,</span> <span class='ocrx_word' id='word_1_780' title='bbox 2288 4681 2412 4724; x_wconf 91' lang='lat' dir='ltr'>ecce</span> <span class='ocrx_word' id='word_1_781' title='bbox 2441 4681 2593 4723; x_wconf 90' lang='lat' dir='ltr'>nunc</span> <span class='ocrx_word' id='word_1_782' title='bbox 2613 4664 2733 4722; x_wconf 86' lang='lat' dir='ltr'>dies</span> <span class='ocrx_word' id='word_1_783' title='bbox 2770 4663 2966 4721; x_wconf 89' lang='lat' dir='ltr'>salutis</span> <span class='ocrx_word' id='word_1_784' title='bbox 2988 4664 3046 4736; x_wconf 91' lang='grc' dir='ltr'>(Ι</span> <span class='ocrx_word' id='word_1_785' title='bbox 3074 4665 3201 4722; x_wconf 85' lang='lat' dir='ltr'>Cor.</span> <span class='ocrx_word' id='word_1_786' title='bbox 3233 4680 3317 4734; x_wconf 85' lang='lat' dir='ltr'>vr,</span> <span class='ocrx_word' id='word_1_787' title='bbox 3356 4664 3437 4737; x_wconf 83' lang='lat'>2).</span> <span class='ocrx_word' id='word_1_788' title='bbox 3471 4690 3491 4715; x_wconf 76' lang='grc' dir='ltr'><strong><em>ι</em></strong></span> 
     </span>
    </p>
   </div>
   <div class='ocr_carea' id='block_1_108' title="bbox 1904 4753 3506 4830">
    <p class='ocr_par' dir='ltr' id='par_1_108' title="bbox 1904 4753 3506 4830">
     <span class='ocr_line' id='line_1_109' title="bbox 1904 4753 3506 4830; baseline -0.004 -11"><span class='ocrx_word' id='word_1_789' title='bbox 1904 4761 2059 4819; x_wconf 89' lang='lat' dir='ltr'>Unde</span> <span class='ocrx_word' id='word_1_790' title='bbox 2086 4767 2141 4817; x_wconf 89' lang='lat' dir='ltr'>et</span> <span class='ocrx_word' id='word_1_791' title='bbox 2170 4776 2267 4830; x_wconf 85' lang='lat' dir='ltr'>ego</span> <span class='ocrx_word' id='word_1_792' title='bbox 2305 4756 2573 4815; x_wconf 84' lang='lat' dir='ltr'>testiﬁcor</span> <span class='ocrx_word' id='word_1_793' title='bbox 2616 4755 2777 4813; x_wconf 91' lang='lat' dir='ltr'>vobis</span> <span class='ocrx_word' id='word_1_794' title='bbox 2806 4755 2908 4812; x_wconf 90' lang='lat' dir='ltr'>hos</span> <span class='ocrx_word' id='word_1_795' title='bbox 2952 4770 3069 4811; x_wconf 88' lang='lat' dir='ltr'>esse</span> <span class='ocrx_word' id='word_1_796' title='bbox 3116 4754 3235 4813; x_wconf 86' lang='lat' dir='ltr'>dies</span> <span class='ocrx_word' id='word_1_797' title='bbox 3279 4753 3506 4812; x_wconf 89' lang='lat' dir='ltr'>redem—</span> 
     </span>
    </p>
   </div>
   <div class='ocr_carea' id='block_1_109' title="bbox 1903 4844 3505 4927">
    <p class='ocr_par' dir='ltr' id='par_1_109' title="bbox 1903 4844 3505 4927">
     <span class='ocr_line' id='line_1_110' title="bbox 1903 4844 3505 4927; baseline -0.003 -18"><span class='ocrx_word' id='word_1_798' title='bbox 1903 4852 2130 4925; x_wconf 89' lang='lat' dir='ltr'>ptionis,</span> <span class='ocrx_word' id='word_1_799' title='bbox 2190 4850 2297 4907; x_wconf 92' lang='lat' dir='ltr'>hoc</span> <span class='ocrx_word' id='word_1_800' title='bbox 2350 4864 2467 4906; x_wconf 87' lang='lat' dir='ltr'>esse</span> <span class='ocrx_word' id='word_1_801' title='bbox 2535 4854 2753 4919; x_wconf 89' lang='lat' dir='ltr'>tempus</span> <span class='ocrx_word' id='word_1_802' title='bbox 2806 4846 3044 4903; x_wconf 77' lang='lat' dir='ltr'>cmlestis</span> <span class='ocrx_word' id='word_1_803' title='bbox 3098 4844 3505 4927; x_wconf 82' lang='lat' dir='ltr'>quodammodo</span> 
     </span>
    </p>
   </div>
   <div class='ocr_carea' id='block_1_110' title="bbox 1905 4935 3505 5013">
    <p class='ocr_par' dir='ltr' id='par_1_110' title="bbox 1905 4935 3505 5013">
     <span class='ocr_line' id='line_1_111' title="bbox 1905 4935 3505 5013; baseline -0.003 -15"><span class='ocrx_word' id='word_1_804' title='bbox 1905 4940 2214 5009; x_wconf 75' lang='lat' dir='ltr'>medicinae,</span> <span class='ocrx_word' id='word_1_805' title='bbox 2253 4940 2312 4995; x_wconf 91' lang='lat' dir='ltr'>in</span> <span class='ocrx_word' id='word_1_806' title='bbox 2352 4954 2461 5013; x_wconf 91' lang='lat' dir='ltr'>quo</span> <span class='ocrx_word' id='word_1_807' title='bbox 2502 4945 2753 5010; x_wconf 90' lang='lat' dir='ltr'>tempore</span> <span class='ocrx_word' id='word_1_808' title='bbox 2797 4935 3050 4993; x_wconf 89' lang='lat' dir='ltr'>omnium</span> <span class='ocrx_word' id='word_1_809' title='bbox 3095 4936 3361 4994; x_wconf 88' lang='lat' dir='ltr'>vitiorum</span> <span class='ocrx_word' id='word_1_810' title='bbox 3394 4953 3505 4994; x_wconf 89' lang='lat' dir='ltr'>no-</span> 
     </span>
    </p>
   </div>
   <div class='ocr_carea' id='block_1_111' title="bbox 1905 5026 3505 5100">
    <p class='ocr_par' dir='ltr' id='par_1_111' title="bbox 1905 5026 3505 5100">
     <span class='ocr_line' id='line_1_112' title="bbox 1905 5026 3505 5100; baseline -0.004 -12"><span class='ocrx_word' id='word_1_811' title='bbox 1905 5039 2146 5089; x_wconf 89' lang='lat' dir='ltr'>strorum</span> <span class='ocrx_word' id='word_1_812' title='bbox 2177 5029 2359 5086; x_wconf 87' lang='lat' dir='ltr'>labem</span> <span class='ocrx_word' id='word_1_813' title='bbox 2396 5034 2452 5084; x_wconf 87' lang='lat' dir='ltr'>et</span> <span class='ocrx_word' id='word_1_814' title='bbox 2482 5026 2743 5084; x_wconf 89' lang='lat' dir='ltr'>universa</span> <span class='ocrx_word' id='word_1_815' title='bbox 2772 5026 3005 5084; x_wconf 88' lang='lat' dir='ltr'>vulnera</span> <span class='ocrx_word' id='word_1_816' title='bbox 3031 5034 3379 5100; x_wconf 86' lang='lat' dir='ltr'>peccatorum</span> <span class='ocrx_word' id='word_1_817' title='bbox 3408 5042 3505 5083; x_wconf 88' lang='lat' dir='ltr'>sa-</span> 
     </span>
    </p>
   </div>
   <div class='ocr_carea' id='block_1_112' title="bbox 1906 5169 3503 5315">
    <p class='ocr_par' dir='ltr' id='par_1_112' title="bbox 1906 5169 3503 5315">
     <span class='ocr_line' id='line_1_113' title="bbox 1906 5169 3503 5254; baseline -0.006 -21"><span class='ocrx_word' id='word_1_818' title='bbox 1906 5194 2069 5248; x_wconf 89' lang='lat' dir='ltr'>aqua,</span> <span class='ocrx_word' id='word_1_819' title='bbox 2102 5176 2180 5231; x_wconf 85' lang='lat' dir='ltr'>ita</span> <span class='ocrx_word' id='word_1_820' title='bbox 2207 5175 2527 5254; x_wconf 71' lang='lat' dir='ltr'>eleemosyna</span> <span class='ocrx_word' id='word_1_821' title='bbox 2572 5170 2779 5253; x_wconf 56' lang='lat' dir='ltr'>ueniam</span> <span class='ocrx_word' id='word_1_822' title='bbox 2825 5170 3126 5253; x_wconf 70' lang='lat' dir='ltr'>impetrabit</span> <span class='ocrx_word' id='word_1_823' title='bbox 3171 5170 3384 5242; x_wconf 87' lang='lat' dir='ltr'>peccati.</span> <span class='ocrx_word' id='word_1_824' title='bbox 3434 5169 3503 5223; x_wconf 87' lang='lat' dir='ltr'>Et</span> 
     </span>
     <span class='ocr_line' id='line_1_114' title="bbox 1907 5243 3501 5315; baseline -0.009 -11"><span class='ocrx_word' id='word_1_825' title='bbox 1907 5248 2075 5314; x_wconf 88' lang='lat' dir='ltr'>infra,</span> <span class='ocrx_word' id='word_1_826' title='bbox 2130 5253 2178 5302; x_wconf 88' lang='lat' dir='ltr'>et</span> <span class='ocrx_word' id='word_1_827' title='bbox 2214 5261 2501 5315; x_wconf 72' lang='lat' dir='ltr'>Jejunium,</span> <span class='ocrx_word' id='word_1_828' title='bbox 2560 5249 2695 5298; x_wconf 76' lang='lat' dir='ltr'>sicut</span> <span class='ocrx_word' id='word_1_829' title='bbox 2730 5244 2979 5315; x_wconf 74' lang='lat' dir='ltr'>Salvator</span> <span class='ocrx_word' id='word_1_830' title='bbox 3015 5248 3133 5315; x_wconf 74' lang='lat' dir='ltr'>ait:</span> <span class='ocrx_word' id='word_1_831' title='bbox 3179 5243 3292 5299; x_wconf 86' lang='lat' dir='ltr'>Hoc</span> <span class='ocrx_word' id='word_1_832' title='bbox 3342 5256 3501 5311; x_wconf 77' lang='lat' dir='ltr'>genus</span> 
     </span>
    </p>
   </div>
   <div class='ocr_carea' id='block_1_113' title="bbox 1908 5312 3455 5397">
    <p class='ocr_par' dir='ltr' id='par_1_113' title="bbox 1908 5312 3455 5397">
     <span class='ocr_line' id='line_1_115' title="bbox 1908 5312 3455 5397; baseline -0.005 -22"><span class='ocrx_word' id='word_1_833' title='bbox 1908 5312 2276 5397; x_wconf 46' lang='lat' dir='ltr'>nonjicitur,</span> <span class='ocrx_word' id='word_1_834' title='bbox 2304 5316 2426 5397; x_wconf 63' lang='lat' dir='ltr'>nisi</span> <span class='ocrx_word' id='word_1_835' title='bbox 2438 5332 2536 5397; x_wconf 82' lang='lat' dir='ltr'>per</span> <span class='ocrx_word' id='word_1_836' title='bbox 2562 5315 2854 5397; x_wconf 66' lang='lat' dir='ltr'>orationem</span> <span class='ocrx_word' id='word_1_837' title='bbox 2878 5320 2927 5369; x_wconf 83' lang='lat' dir='ltr'>et</span> <span class='ocrx_word' id='word_1_838' title='bbox 2938 5312 3232 5397; x_wconf 59' lang='lat' dir='ltr'>jejunium;</span> <span class='ocrx_word' id='word_1_839' title='bbox 3301 5382 3314 5397; x_wconf 47' lang='grc' dir='ltr'><strong>Ι</strong></span> 
     </span>
    </p>
   </div>
   <div class='ocr_carea' id='block_1_114' title="bbox 1982 5379 3498 5464">
    <p class='ocr_par' dir='ltr' id='par_1_114' title="bbox 1982 5379 3498 5464">
     <span class='ocr_line' id='line_1_116' title="bbox 1982 5379 3498 5464; baseline -0.009 -18"><span class='ocrx_word' id='word_1_840' title='bbox 1982 5379 2099 5464; x_wconf 84' lang='lat'>(63&#39;)</span> <span class='ocrx_word' id='word_1_841' title='bbox 2130 5379 2349 5464; x_wconf 76' lang='lat' dir='ltr'>Eadem</span> <span class='ocrx_word' id='word_1_842' title='bbox 2366 5379 2525 5464; x_wconf 59' lang='lat' dir='ltr'>edit,</span> <span class='ocrx_word' id='word_1_843' title='bbox 2576 5388 2768 5464; x_wconf 78' lang='lat' dir='ltr'>reddat</span> <span class='ocrx_word' id='word_1_844' title='bbox 2793 5387 2841 5464; x_wconf 76' lang='lat' dir='ltr'>ei</span> <span class='ocrx_word' id='word_1_845' title='bbox 2869 5379 3053 5441; x_wconf 63' lang='lat' dir='ltr'>saltem</span> <span class='ocrx_word' id='word_1_846' title='bbox 3091 5384 3233 5454; x_wconf 82' lang='lat' dir='ltr'>quod</span> <span class='ocrx_word' id='word_1_847' title='bbox 3259 5379 3498 5448; x_wconf 83' lang='lat' dir='ltr'>abstulit,</span> 
     </span>
    </p>
   </div>
   <div class='ocr_carea' id='block_1_115' title="bbox 1907 5457 2994 5542">
    <p class='ocr_par' dir='ltr' id='par_1_115' title="bbox 1907 5457 2994 5542">
     <span class='ocr_line' id='line_1_117' title="bbox 1907 5457 2994 5542; baseline -0.006 -24"><span class='ocrx_word' id='word_1_848' title='bbox 1907 5462 1955 5518; x_wconf 86' lang='lat' dir='ltr'>si</span> <span class='ocrx_word' id='word_1_849' title='bbox 2205 5460 2590 5542; x_wconf 67' lang='lat' dir='ltr'>quadruplum,</span> <span class='ocrx_word' id='word_1_850' title='bbox 2618 5457 2994 5542; x_wconf 29' lang='lat' dir='ltr'>sicupithetc.</span> 
     </span>
    </p>
   </div>
   <div class='ocr_carea' id='block_1_116' title="bbox 1983 5523 3505 5603">
    <p class='ocr_par' dir='ltr' id='par_1_116' title="bbox 1983 5523 3505 5603">
     <span class='ocr_line' id='line_1_118' title="bbox 1983 5523 3505 5603; baseline -0.008 -14"><span class='ocrx_word' id='word_1_851' title='bbox 1983 5533 2099 5603; x_wconf 72' lang='grc'>(64)</span> <span class='ocrx_word' id='word_1_852' title='bbox 2124 5523 2329 5589; x_wconf 86' lang='lat' dir='ltr'>Eadem</span> <span class='ocrx_word' id='word_1_853' title='bbox 2343 5523 2717 5603; x_wconf 76' lang='lat' dir='ltr'>edit.,Credite</span> <span class='ocrx_word' id='word_1_854' title='bbox 2735 5523 3034 5603; x_wconf 69' lang='lat' dir='ltr'>ﬁrniissime</span> <span class='ocrx_word' id='word_1_855' title='bbox 3053 5524 3199 5591; x_wconf 84' lang='lat' dir='ltr'>mihi,</span> <span class='ocrx_word' id='word_1_856' title='bbox 3215 5523 3441 5603; x_wconf 53' lang='grc' dir='ltr'>βφπθ,</span> <span class='ocrx_word' id='word_1_857' title='bbox 3454 5529 3505 5603; x_wconf 76' lang='lat' dir='ltr'>et</span> 
     </span>
    </p>
   </div>
   <div class='ocr_carea' id='block_1_117' title="bbox 1910 5593 3504 5673">
    <p class='ocr_par' dir='ltr' id='par_1_117' title="bbox 1910 5593 3504 5673">
     <span class='ocr_line' id='line_1_119' title="bbox 1910 5593 3504 5673; baseline -0.006 -13"><span class='ocrx_word' id='word_1_858' title='bbox 1910 5593 2214 5660; x_wconf 71' lang='lat' dir='ltr'>nullatenus</span> <span class='ocrx_word' id='word_1_859' title='bbox 2244 5593 2497 5667; x_wconf 71' lang='lat' dir='ltr'>dubitate,</span> <span class='ocrx_word' id='word_1_860' title='bbox 2553 5601 2682 5673; x_wconf 85' lang='lat' dir='ltr'>quia</span> <span class='ocrx_word' id='word_1_861' title='bbox 2712 5593 2779 5666; x_wconf 79' lang='lat' dir='ltr'>si,</span> <span class='ocrx_word' id='word_1_862' title='bbox 2836 5606 2941 5655; x_wconf 92' lang='lat' dir='ltr'>etc.</span> <span class='ocrx_word' id='word_1_863' title='bbox 2983 5598 3184 5651; x_wconf 87' lang='lat' dir='ltr'>lterum</span> <span class='ocrx_word' id='word_1_864' title='bbox 3217 5593 3382 5662; x_wconf 85' lang='lat' dir='ltr'>infra,</span> <span class='ocrx_word' id='word_1_865' title='bbox 3415 5595 3504 5651; x_wconf 83' lang='lat' dir='ltr'>sed</span> 
     </span>
    </p>
   </div>
   <div class='ocr_carea' id='block_1_118' title="bbox 1910 5674 2850 5739">
    <p class='ocr_par' dir='ltr' id='par_1_118' title="bbox 1910 5674 2850 5739">
     <span class='ocr_line' id='line_1_120' title="bbox 1910 5674 2850 5739; baseline -0.01 -6"><span class='ocrx_word' id='word_1_866' title='bbox 1910 5677 2044 5733; x_wconf 87' lang='lat' dir='ltr'>sicut</span> <span class='ocrx_word' id='word_1_867' title='bbox 2071 5675 2158 5733; x_wconf 84' lang='lat' dir='ltr'>illi</span> <span class='ocrx_word' id='word_1_868' title='bbox 2184 5691 2290 5731; x_wconf 88' lang='lat' dir='ltr'>non</span> <span class='ocrx_word' id='word_1_869' title='bbox 2316 5675 2423 5730; x_wconf 82' lang='lat' dir='ltr'>nisi</span> <span class='ocrx_word' id='word_1_870' title='bbox 2453 5674 2509 5730; x_wconf 87' lang='lat' dir='ltr'>in</span> <span class='ocrx_word' id='word_1_871' title='bbox 2546 5689 2715 5739; x_wconf 86' lang='lat' dir='ltr'>sacco,</span> <span class='ocrx_word' id='word_1_872' title='bbox 2745 5677 2850 5725; x_wconf 89' lang='lat' dir='ltr'>etc.</span> 
     </span>
    </p>
   </div>
  </div>
