4064 6178
583 341 690 399 659

1592 336 1690 430 AD
1727 336 1964 395 OPERA
1999 336 2054 394 S.
2099 335 2432 397 AMBROSII
2470 337 2854 395 APPENDIX.
3775 338 3858 396 660

583 483 713 524 nare
742 464 1065 539 poterimus,
1105 463 1152 522 si
1181 463 1458 521 medicum
1499 463 1809 520 animarum
1859 472 2173 521 nostrarum
2205 470 2255 529 A
2282 463 2640 522 devastandas
2669 463 2944 521 Ecclesias
2973 465 3301 522 Damascum
3323 472 3664 540 properaret,
3697 465 3858 524 subito

582 556 820 613 ﬁdeliter
849 571 1159 624 exoremus,
1195 562 1258 611 ut
1307 561 1578 628 praecepta
1606 554 1725 627 ejus
1752 567 2021 628 tanquam
2045 573 2175 612 sus-

581 645 725 719 cepti
766 644 950 702 idonei
981 644 1212 701 minime
1241 643 1642 716 dispernamus.
1689 645 1843 702 Tunc
1871 644 2019 700 enim
2061 647 2174 700 lan-

583 735 782 808 guidus
803 732 1153 807 aegritudinis
1181 750 1293 789 sum
1323 733 1542 788 invenit
1571 733 1924 802 medicinam,
1955 733 2001 790 si
2027 733 2179 789 omni

581 822 962 880 sollicitudine
990 821 1194 878 medici
1235 822 1495 878 mandata
1526 820 1830 878 servaverit
1863 823 1978 893 (65)
2005 841 2018 890 ;
2052 822 2180 895 quia

581 914 628 970 si
657 912 809 970 aliud
831 913 1016 980 faciat,
1040 927 1167 968 curn
1190 910 1343 967 aliud
1350 910 1604 982 jubetur,
1627 911 1965 968 increscente
1985 912 2178 968 morbo

580 1019 691 1061 non
722 1001 990 1070 medicus,
1022 999 1117 1058 sed
1146 999 1540 1074 praevaricator
1569 1000 1628 1055 in
1655 1001 1815 1074 culpa
1843 1008 1944 1058 est.

650 1112 704 1170 2.
753 1111 1000 1168 Medicus
1076 1118 1258 1166 autem
1315 1116 1396 1164 est
1455 1109 1726 1166 Dominus
1790 1119 1976 1166 noster
2022 1109 2177 1165 Jesus

580 1201 853 1268 Christus,
907 1199 1000 1273 qui
1053 1199 1171 1254 ait:
1237 1199 1399 1271 «Ego
1446 1198 1692 1255 occidam
1741 1207 1794 1254 et
1845 1199 2170 1256 viviﬁcabo:

579 1289 881 1365 percutiam
926 1297 980 1346 et
1026 1287 1229 1345 sanabo
1272 1286 1451 1358 (Deut.
1507 1305 1691 1356 xxxu,
1732 1289 1846 1361 39).
1881 1315 1899 1338 ι
1962 1290 2178 1347 Occidit

578 1379 725 1436 enim
760 1378 1165 1453 quodammodo
1220 1385 1515 1450 antequam
1564 1377 1812 1435 vivificet
1866 1379 2171 1448 Dominus;

578 1469 783 1527 occidit
815 1470 961 1525 enim
981 1469 1220 1542 primum
1254 1468 1311 1524 in
1338 1468 1498 1524 nobis
1518 1468 1844 1536 homicidia,
1879 1467 2173 1538 adulteria,

577 1561 803 1630 scelera,
834 1561 1003 1629 furta,
1043 1576 1138 1633 per
1165 1559 1501 1632 baptismum
1527 1577 1538 1615 :
1593 1567 1645 1614 et
1679 1559 1759 1616 sic
1783 1577 1882 1615 nos
1912 1568 2176 1633 tanquam

577 1668 752 1709 novos
796 1650 1048 1706 homines
1095 1649 1420 1706 aeternitatis
1455 1648 1872 1706 immortalitate
1907 1649 2173 1707 viviﬁcat.

577 1740 848 1800 Morimur
876 1756 1003 1812 ergo
1031 1738 1272 1812 peccatis
1313 1737 1574 1795 videlicet
1605 1755 1702 1811 par
1739 1739 2019 1795 lavacrum
2055 1757 2065 1794 :
2095 1755 2175 1795 re-

2286 556 2515 629 fulgoris
2561 555 2798 613 caelestis
2839 572 2962 613 eum
3013 565 3218 613 terrore
3272 557 3563 630 percussit,
3608 566 3668 614 ut
3698 576 3859 615 evan-

2289 645 2446 717 gelici
2477 645 2782 717 splendoris
2796 663 2920 703 eum
2943 648 3063 704 luce
3084 647 3468 720 perfunderet:
3499 656 3551 704 et
3572 651 3862 708 carnalium

2289 734 2562 791 luminum
2587 737 2976 798 414orbitate
2996 738 3285 796 mulctavit
3307 737 3447 811 (68),
3473 738 3865 812 utspiritalium

2287 837 2569 893 oculorum
2603 838 2940 896 illuminaret
2969 848 3190 912 aspectu
3217 856 3227 893 :
3279 836 3526 911 corporis
3557 854 3685 894 eum
3717 838 3867 897 debi-

2288 927 2440 984 litate
2470 930 2780 1001 perterruit,
2826 939 2887 986 ut
2933 929 3061 986 ﬁdei
3089 928 3386 985 devotione
3435 928 3694 985 salvaret.
3738 929 3869 986 Sur-

2287 1034 2416 1089 gens
2443 1036 2569 1092 ergo
2597 1037 2629 1075 a
2649 1028 2790 1077 terra
2818 1022 3035 1088 Paulus,
3071 1019 3436 1077 exterioribus
3487 1020 3719 1093 quidem
3751 1039 3868 1079 ocu-

2289 1107 2355 1162 lis
2394 1124 2502 1163 non
2535 1109 2756 1165 videbat
2799 1109 3070 1177 homines,
3113 1125 3226 1164 non
3258 1125 3436 1165 aerem
3469 1127 3483 1177 ;
3533 1111 3634 1168 sed
3687 1113 3871 1171 mentis

2288 1197 2589 1254 luminibus
2637 1198 2916 1256 Christum
2973 1200 3194 1256 videbat
3245 1217 3273 1255 e
3313 1202 3471 1257 coelo.
3525 1202 3772 1275 Denique
3817 1205 3872 1260 in

2284 1297 2498 1346 tantum
2532 1291 2738 1363 profuit
2773 1292 2997 1348 Domini
3029 1292 3133 1349 ista
3175 1293 3474 1365 percussio,
3503 1303 3566 1351 ut
3598 1293 3669 1350 de
3697 1295 3874 1353 Iudaeo

2286 1378 2651 1448 Christianus,
2674 1379 2740 1436 de
2761 1380 3080 1454 blasphemo
3096 1383 3393 1455 apostolus,
3411 1383 3476 1439 de
3494 1385 3660 1441 Saulo
3687 1386 3876 1442 Paulus

2286 1471 2570 1526 exsisteret
2597 1488 2610 1537 ;
2646 1477 2699 1526 et
2729 1487 2792 1526 eo
2818 1487 2989 1545 usque
3039 1472 3274 1528 mutavit
3303 1481 3544 1530 veterem
3594 1491 3724 1532 cum
3755 1492 3876 1534 mo-

2286 1560 2438 1616 ribus
2474 1560 2782 1626 hominem,
2813 1568 2874 1616 ut
2902 1563 3068 1619 etiam
3101 1571 3338 1620 mutaret
3367 1572 3420 1621 et
3453 1581 3679 1622 nomen.

2358 1659 2408 1715 6.
2443 1658 2716 1716 Habentes
2744 1660 2912 1733 igitur
2939 1660 3260 1732 hujusmodi
3287 1661 3590 1732 medicum,
3623 1665 3721 1737 qui
3751 1681 3876 1737 per-

2286 1749 2546 1806 cutiendo
2593 1759 2770 1820 sanat,
2817 1751 3202 1810 mortificando
3259 1751 3526 1820 viviﬁcat,
3581 1753 3882 1812 subdarum

577 1846 900 1904 seueram“?
927 1836 1108 1885 autem
1158 1828 1285 1884 VWB
1329 1844 1425 1900 Per
1459 1827 1736 1901 spiritum,
1769 1829 1912 1886 Sicut
1950 1831 2027 1886 ait
2058 1846 2178 1886 San'
2208 1835 2255 1895 Β
2290 1839 2340 1895 ei
2369 1857 2494 1896 cum
2530 1841 2682 1896 omni
2715 1841 2980 1913 patientia
3023 1841 3090 1896 ad
3135 1841 3471 1898 curandum:
3508 1849 3570 1898 ut
3609 1843 3876 1917 quidquid

574 1930 698 1979 ctus
725 1919 1060 1992 Apostolus:
1128 1941 1146 1966 ι
1190 1917 1460 1986 Quoniam
1521 1920 1725 1974 mortui
1781 1919 1911 1976 estis
1961 1919 2177 1976 delictis

576 2010 794 2078 vestris,
829 2017 882 2064 et
912 2008 1026 2065 vita
1065 2017 1248 2065 vestra
1291 2007 1613 2064 abscondita
1663 2015 1746 2064 est
1793 2025 1921 2066 cum
1953 2008 2176 2066 Christo

579 2099 808 2172 (Coloss.
842 2115 927 2166 III,
951 2097 1029 2170 3).
1053 2121 1071 2144 ι
1101 2128 1165 2138 μ-
1201 2121 1220 2145 ‹
1249 2097 1572 2169 Consepulti
1599 2097 1748 2153 enim
1779 2097 1912 2155 estis
1931 2115 2059 2155 cum
2077 2098 2176 2155 illo

575 2203 671 2262 per
699 2187 1034 2262 baptismum
1057 2187 1115 2242 in
1132 2193 1365 2243 mortem
1398 2187 1576 2258 (Rom.
1603 2205 1680 2255 vi,
1702 2185 1760 2258 4)
1783 2205 1831 2254 ;ι
1867 2187 2176 2244 occidimur

575 2279 724 2336 enim
784 2277 1209 2353 quodammodo,
1278 2294 1403 2334 cum
1470 2278 1778 2336 desinimus
1843 2293 1958 2334 esse
2028 2278 2175 2351 quod

573 2367 802 2426 fuimus.
837 2370 991 2426 Novo
1019 2369 1168 2426 enim
1207 2367 1426 2442 pietatis
1464 2383 1658 2440 genere
1693 2367 1750 2422 in
1790 2384 1902 2422 uno
1941 2367 2175 2424 eodem—

573 2477 680 2535 que
750 2459 976 2516 homine
1041 2475 1190 2515 mors
1255 2467 1513 2532 operatur
1579 2465 1632 2514 et
1699 2457 1869 2525 vita;
1939 2459 2175 2514 moritur

575 2550 720 2606 enim
747 2548 1195 2621 concupiscentia
1223 2555 1595 2621 peccatorum,
1625 2545 1945 2604 vivificatur
1989 2564 2173 2604 amore

574 2638 845 2696 virtutum
879 2637 1018 2710 (66).
1060 2638 1123 2693 In
1153 2653 1266 2694 uno
1315 2653 1550 2710 namque
1601 2636 1902 2710 eodemque
1947 2636 2172 2694 homine

573 2729 778 2805 impius
799 2738 852 2787 et
866 2728 1085 2786 adulter
1114 2727 1406 2798 occiditur,
1430 2735 1493 2784 ut
1514 2727 1828 2786 misericors
1858 2736 2174 2785 renascatur

574 2828 628 2877 et
653 2830 834 2878 castus
869 2841 880 2878 :
914 2818 1255 2876 interimitur
1285 2817 1619 2888 idololatria,
1656 2826 1717 2874 ut
1748 2817 1941 2890 religio
1971 2835 2171 2892 propa-

574 2918 765 2984 getur;
805 2911 1107 2967 fornicator
1135 2916 1189 2965 et
1213 2908 1463 2965 ebriosus
1492 2907 1888 2982 exstinguitur,
1911 2917 1974 2965 ut
1999 2907 2171 2966 conti-

574 3017 710 3057 nens
738 3007 792 3057 et
816 2997 1033 3056 sobrius
1071 3006 1411 3071 procreetur.

643 3109 696 3166 3.
716 3108 806 3166 Sic
821 3124 948 3180 ergo
971 3104 1566 3174 mortiﬁcatDominus,
1583 3111 1645 3161 ut
1665 3103 1943 3162 viviﬁcari
1969 3104 2166 3162 faciat:

574 3200 654 3258 sic
683 3198 906 3267 occidit,
955 3206 1018 3254 ut
1068 3196 1286 3271 prosit:
1335 3196 1416 3255 sic
1464 3196 1738 3262 verberat,
1788 3203 1849 3252 ut
1895 3195 2167 3252 emendet.
2201 3203 2244 3263 ί]
2282 3191 2517 3247 caelestis
2571 3191 2759 3264 gratim
2815 3209 2938 3249 rore
2992 3193 3345 3265 perfunditur
3391 3213 3405 3263 ;

573 3291 700 3348 Haec
720 3296 800 3346 est
818 3287 989 3361 igitur
1009 3286 1154 3345 circa
1169 3286 1424 3342 homines
1455 3302 1583 3342 suos
1613 3285 1730 3358 ejus
1747 3294 1862 3342 tota
1882 3285 2165 3356 severitas,

572 3388 635 3438 ut
677 3381 736 3437 in
765 3379 854 3436 bis
909 3384 1131 3452 peccata
1177 3376 1499 3450 puniantur,
1551 3376 1735 3431 anima
1765 3382 2164 3432 conservetur:

546 3469 938 3526 -abstollantur
971 3464 1288 3523 detestanda
1319 3463 1476 3532 vitia,
1521 3464 1757 3519 virtutes
1801 3463 2023 3535 optimae
2054 3479 2170 3518 nu-

572 3557 810 3612 triantur
849 3555 985 3627 (67).
1020 3555 1200 3626 Usque
1229 3553 1364 3610 adeo
1393 3561 1574 3608 autem
1626 3551 1729 3608 hac
1758 3552 1850 3623 pia
1899 3551 2172 3608 occisione

571 3644 798 3702 Domini
826 3641 1105 3701 cernimus
1133 3642 1418 3716 plerosque
1445 3657 1741 3698 conversos
1765 3640 1825 3696 in
1853 3648 2070 3697 tantum
2102 3641 2172 3698 ad

572 3731 773 3788 melius
802 3728 1118 3804 profecisse,
1157 3729 1238 3787 sic
1265 3727 1332 3786 de
1361 3728 1628 3802 piissimis
1673 3729 1912 3802 optimos
1959 3730 2167 3798 factos;

571 3828 636 3878 ut
663 3836 792 3878 cum
821 3819 1008 3876 videas
1035 3835 1146 3889 eos,
1178 3819 1316 3876 alios
1344 3819 1532 3876 credas
1580 3818 1854 3888 homines,
1885 3835 2012 3876 cum
2056 3835 2170 3876 non

574 3909 764 3968 videas
809 3917 1045 3967 mutatas
1072 3926 1188 3968 esse
1215 3924 1493 3983 personas.
1541 3911 1602 3966 In
1654 3917 1872 3967 tantum
1903 3910 2052 3966 enim
2111 3909 2170 3966 in

574 4001 736 4059 nobis
780 4001 838 4058 id
878 4000 1025 4075 quod
1068 4001 1220 4074 prius
1248 4017 1486 4071 eramus,
1546 3999 1861 4073 perimitur,
1893 4001 2164 4070 aufertur,

572 4090 969 4165 exstinguitur,
999 4099 1062 4148 ut
1077 4090 1135 4147 id
1161 4089 1309 4164 quod
1339 4099 1528 4163 postea
1542 4107 1752 4159 sumus,
1772 4089 1954 4147 denuo
1975 4099 2169 4147 natum

573 4199 688 4240 esse
716 4182 1004 4240 credamus
1029 4199 1041 4238 :
1079 4180 1225 4238 unde
1254 4180 1514 4238 nativitas
1544 4181 1661 4238 haec
1691 4180 1931 4238 secunda
1969 4181 2173 4254 prioris

575 4271 704 4329 vita;
721 4271 888 4329 ﬁnem
901 4270 1018 4344 jam
1047 4271 1256 4329 factum
1283 4270 1454 4327 fuisse
1482 4269 1807 4343 signiﬁcat,

644 4368 699 4425 4.
729 4368 886 4438 Quod
915 4376 1097 4427 autem
1139 4369 1250 4428 ait:
1298 4391 1318 4418 ι
1345 4371 1461 4443 Ego
1507 4367 1811 4444 percutiam
1861 4377 1916 4426 et
1965 4369 2170 4427 sanabo

577 4459 762 4530 (Deut.
794 4474 979 4529 xxxii,
1010 4459 1103 4531 39)
1135 4476 1150 4527 ;
1183 4483 1203 4508 ι
1243 4459 1483 4532 percutit
1533 4460 1694 4533 plane
1740 4459 2026 4533 praeceptis
2060 4457 2175 4516 suis

2287 1928 2344 1983 in
2399 1928 2559 1986 nobis
2611 1930 2966 2003 probrosum,
3000 1931 3270 2004 quidquid
3302 1931 3521 1989 delictis
3573 1933 3870 2002 sordidum,

2286 2017 2557 2092 quidquid
2599 2020 2875 2077 ulceribus
2919 2021 3157 2078 fetidum
3207 2022 3321 2095 (69)
3370 2039 3484 2078 esse
3515 2025 3869 2097 perspexerit,

2285 2107 2514 2179 incidat,
2564 2118 2831 2182 amputet,
2891 2118 3159 2179 exsecat;
3221 2119 3283 2166 ut
3339 2112 3562 2168 resectis
3625 2113 3870 2168 omnibus

2284 2199 2492 2256 diaboli
2536 2201 2878 2270 vulneribus,
2912 2202 3016 2260 hoc
3058 2203 3237 2259 solum
3281 2203 3340 2258 in
3389 2203 3551 2260 nobis
3595 2205 3757 2262 faciat
3784 2221 3869 2261 re-

2283 2307 2523 2358 manere,
2547 2293 2693 2365 quod
2721 2294 2820 2350 Dei
2859 2300 2958 2349 est.
2993 2294 3147 2350 Istud
3177 2302 3362 2351 autem
3400 2303 3732 2368 praeceptum
3762 2296 3866 2368 ejus

2283 2390 2363 2438 est
2410 2384 2670 2456 primum,
2718 2393 2778 2441 ut
2817 2385 2906 2441 his
2935 2385 3296 2458 quadraginta
3358 2385 3581 2454 diebus,
3629 2386 3861 2459 jejuniis,

2283 2474 2644 2543 orationibus,
2678 2475 2886 2547 vigiliis
2908 2491 3126 2547 operam
3169 2476 3586 2532 commodemus
3612 2496 3627 2544 ;
3654 2476 3859 2549 jejuniis

2283 2565 2430 2619 enim
2454 2565 2679 2623 lascivia
2717 2566 2962 2640 corporis
2983 2565 3296 2638 castigatur,
3317 2565 3662 2621 orationibus
3683 2566 3856 2622 devota

2282 2653 2563 2726 saginatur
2576 2654 2779 2722 anima,
2797 2654 3006 2726 vigiliis
3027 2655 3240 2712 diaboli
3260 2654 3474 2710 insidiae
3499 2655 3851 2728 depelluntur.

2280 2742 2490 2799 Deinde
2520 2760 2645 2798 cum
2668 2743 2787 2799 istis
2817 2745 3203 2801 mandatorum
3236 2744 3716 2801 observationibus
3742 2745 3854 2800 fue-

2282 2831 2355 2887 rit
2397 2831 2502 2888 hoo
2543 2841 2758 2905 tempus
2801 2833 3109 2906 impletum,
3143 2842 3278 2891 tunc
3307 2844 3538 2908 purgata
3567 2842 3622 2891 et
3655 2834 3854 2906 fatigata

2281 2928 2363 2977 tot
2393 2921 2869 2978 observationibus
2912 2923 3115 2992 anima,
3147 2924 3215 2979 ad
3259 2923 3593 2996 baptismum
3626 2924 3848 2987 veniens,

2281 3009 2517 3082 Spiritus
2542 3011 2714 3068 sancti
2744 3011 3106 3068 inundatione
3125 3013 3372 3070 reficitur
3397 3032 3408 3069 :
3439 3023 3492 3070 et
3512 3013 3773 3088 quidquid
3803 3013 3847 3066 in

2279 3116 2342 3157 ea
2401 3101 2741 3156 diversarum
2813 3102 3201 3174 aegritudinum
3259 3103 3422 3159 ardor
3477 3103 3847 3166 exsiccaverat,

3483 3204 3545 3252 ut
3597 3195 3848 3268 deponens

2279 3281 2480 3338 veteris
2509 3283 2751 3338 hominis
2781 3286 3169 3356 corruptelam,
3205 3302 3365 3343 novae
3395 3285 3638 3344 indolem
3664 3286 3848 3359 juven-

2278 3372 2414 3428 tutis
2438 3373 2704 3446 acquirat.
2737 3374 2809 3431 Et
2836 3375 3038 3431 mirum
3071 3376 3127 3432 in
3159 3375 3385 3432 modum
3418 3378 3473 3433 in
3505 3394 3617 3433 uno
3645 3376 3846 3434 eodem-

2280 3477 2385 3534 que
2427 3462 2652 3521 homine
2702 3465 2920 3522 delictis
2966 3466 3247 3534 sanctitas,
3299 3467 3584 3540 iniquitati
3635 3466 3844 3540 justitia,

2280 3553 2547 3609 senectuti
2612 3554 2858 3612 succedit
2913 3555 3193 3613 infantia:
3253 3573 3510 3630 novoque
3568 3553 3847 3613 nativitatis

2281 3660 2474 3717 genere
2502 3647 2641 3703 alter
2675 3654 2777 3717 est,
2815 3648 2908 3721 qui
2941 3648 3266 3718 renascitur,
3297 3667 3461 3724 quam
3510 3649 3630 3724 ipse
3655 3648 3738 3716 sit,
3767 3643 3845 3718 qui

2279 3735 2548 3807 peccavit.

2352 3833 2402 3888 7.
2427 3834 2518 3892 Sic
2554 3851 2789 3910 namque
2821 3837 2972 3894 Elias
3017 3837 3378 3912 quadraginta
3424 3838 3642 3896 dierum
3671 3855 3728 3896 ac
3750 3852 3844 3893 no-

2279 3923 2452 3980 ctium
2481 3927 2755 3984 curriculo
2779 3928 3100 3985 continuato
3111 3928 3324 4000 jejunio
3357 3929 3478 4002 (III
3493 3932 3618 4002 Reg.
3649 3946 3756 3997 xrx,
3774 3927 3840 3996 8),

2279 4013 2449 4070 totius
2478 4016 2671 4071 mundi
2703 4017 2919 4089 longam
2948 4035 3009 4074 ac
3047 4018 3279 4074 nimiam
3309 4019 3616 4076 siccitatem
3669 4016 3843 4076 meruit

2281 4101 2542 4158 imbrium
2599 4121 2720 4161 rore
2768 4106 3123 4179 restinguere,
3176 4116 3230 4164 et
3275 4108 3558 4165 ardentem
3605 4119 3841 4166 terrarum

2281 4192 2432 4250 sitim
2465 4193 2698 4250 cmlestis
2727 4196 2929 4267 pluvia:
2959 4197 3205 4270 largitate
3236 4197 3563 4271 perfundere
3611 4199 3718 4270 (ΙΙΙ
3734 4199 3842 4265 Reg.

2282 4299 2444 4352 xvm,
2475 4282 2592 4356 45).
2622 4284 2780 4352 Quod
2805 4286 3028 4360 quidem
3076 4287 3134 4344 in
3181 4289 3413 4361 figuram
3465 4289 3636 4346 nostri
3666 4287 3842 4344 factum

2282 4386 2396 4428 esse
2424 4376 2824 4447 cognoscimus,
2865 4386 2927 4433 ut
2960 4394 3060 4434 nos
3106 4394 3322 4452 quoque
3379 4377 3581 4436 horum
3629 4376 3847 4452 quadra-

2283 4463 2432 4536 ginta
2460 4464 2738 4522 curriculo
2771 4465 2984 4522 dierum
3034 4466 3370 4539 jejunantes,
3430 4469 3723 4542 spiritalem
3752 4466 3844 4522 ba-

483 4603 490 4608 .
573 4548 844 4608 Dominus
878 4555 1210 4624 peccatores,
1255 4557 1318 4608 ut
1347 4559 1500 4608 sanet
1530 4567 1546 4619 ;
1592 4550 1866 4607 mandatis
1894 4549 2168 4619 verberat,
2203 4576 2248 4634 D
2283 4553 2552 4625 ptismatis
2581 4555 2827 4627 pluviam
2856 4555 3114 4612 tribubus
3142 4558 3347 4614 nostris
3383 4559 3508 4630 (70)
3542 4569 3842 4618 mereamur,

573 4650 636 4700 ut
653 4639 943 4699 emendet:
969 4639 1184 4714 jejunia
1211 4641 1482 4715 praecipit,
1514 4641 1713 4701 indicit
1743 4641 2166 4710 continentiam,

566 4729 845 4804 judicium
883 4730 1280 4788 comminatur:
1329 4739 1383 4788 et
1410 4732 1624 4790 tristem
1666 4732 1929 4806 gehennae
1954 4739 2162 4788 metum

573 4820 868 4891 incutiens,
901 4819 1129 4878 adhibet
1151 4820 1484 4886 medicinam
1513 4839 1526 4890 ;
1559 4829 1622 4878 ut
1651 4821 1787 4878 dum
1806 4821 1992 4878 futura
2029 4835 2165 4893 per—

571 4909 938 4981 timescimus,
969 4910 1260 4985 praesentia
1287 4910 1643 4983 corrigamus.

643 5021 697 5079 5.
739 5020 828 5080 Sic
873 5035 1111 5094 namque
1165 5019 1396 5076 Paulum
1456 5019 1763 5091 apostolum
1808 5015 2165 5089 percutiendo

571 5126 766 5167 sanum
815 5109 1057 5168 reddidit
1107 5110 1249 5182 (Act.
1281 5126 1362 5178 ιιι,
1404 5108 1437 5165 3
1465 5109 1638 5180 seq.);
1672 5123 1799 5164 cum
1839 5106 1987 5161 enim
2027 5113 2166 5162 esset

572 5207 908 5275 persecutor,
964 5199 1170 5273 impius
1204 5208 1258 5257 et
1301 5197 1673 5270 blasphemus,
1716 5204 1770 5253 et
1820 5193 2043 5267 quidem
2100 5195 2168 5251 ad

643 5372 762 5444 (65)
795 5371 984 5430 Codex
1014 5368 1274 5444 valliscl.
1308 5367 1624 5444 medicinam
1652 5365 1833 5444 datam
1858 5365 2164 5444 servaverit.

645 5437 761 5514 (66)
796 5443 946 5500 Idem
979 5441 1177 5514 codex,
1212 5440 1519 5514 viviﬁcatur
1539 5438 1673 5514 odor
1701 5437 1978 5514 virtutum.

645 5508 763 5586 (67)
790 5514 967 5580 Edit.,
1008 5508 1352 5586 auferamus
1383 5509 1685 5586 detestynda
1716 5509 1926 5586 vitia..._
1953 5511 2049 5564 hac
2073 5508 2170 5580 pia

570 5580 835 5641 occasione
872 5580 1112 5641 Domini.
1149 5583 1220 5638 Et
1266 5581 1433 5647 infra,
1461 5580 1640 5635 vid-eas
1670 5597 1776 5646 eos,
1806 5581 1988 5635 eredas
2015 5598 2168 5637 rena-

573 5659 649 5706 tos
666 5655 920 5710 homines.

647 5723 766 5792 (68)
798 5725 880 5780 Ita
907 5725 1082 5784 codex
1112 5725 1393 5794 Valliscl.;
1427 5723 1560 5782 edit.
1602 5733 1784 5782 autem
1822 5733 1958 5794 tet.,
1997 5725 2171 5782 orbem

2278 4652 2629 4717 nostramque
2656 4645 2871 4717 jamdiu
2898 4647 3106 4702 aridam
3130 4657 3331 4705 terram
3366 4649 3606 4706 caelestis
3636 4648 3845 4717 desuper

2273 4732 2452 4790 imber
2501 4734 2778 4804 infundat,
2824 4743 2878 4792 et
2935 4738 3156 4810 longam
3218 4739 3510 4811 gentilium
3566 4737 3843 4795 siccitatem

2274 4821 2478 4878 lavacri
2510 4821 2799 4880 inundatio
2820 4826 3075 4883 salutaris
3105 4828 3322 4886 irroret.
3353 4829 3666 4886 Siccitatem
3710 4823 3843 4880 enim

2272 4917 2324 4965 et
2352 4909 2601 4966 ardorem
2630 4911 2825 4969 animae
2876 4932 2984 4970 suae
3034 4915 3261 4988 patitur,
3311 4916 3562 4990 quisquis
3607 4900 3844 4986 baptismi

2274 4999 2449 5071 gratia
2483 5017 2596 5057 non
2628 5001 2855 5073 rigatur.

2347 5099 2400 5154 8.
2435 5099 2640 5154 Horum
2672 5117 2798 5171 ergo
2829 5099 3042 5157 dierum
3078 5103 3435 5176 noctiumque
3458 5102 3673 5176 jejunio
3699 5101 3848 5171 Moy-

2273 5204 2357 5245 ses
2385 5196 2605 5244 sanctus
2636 5190 2837 5246 meruit
2864 5206 2988 5247 cum
3019 5193 3133 5248 Deo
3155 5191 3328 5264 loqui,
3359 5200 3523 5261 stare,
3548 5192 3850 5255 consistere,

2273 5368 2539 5434 mutavit;
2594 5370 2773 5436 Rom.,
2827 5367 3100 5424 orbitatem
3151 5367 3400 5424 mutavit:
3469 5383 3655 5423 omnes
3706 5381 3854 5431 vero,

2275 5439 2602 5495 illuminaret
2623 5446 2902 5510 aspectum.

2349 5511 2466 5582 (69)
2499 5509 2704 5568 Omnes
2733 5511 2892 5580 edit.,
2924 5518 2998 5578 ut,
3025 5510 3285 5582 quidquid
3327 5511 3588 5566 ulceribus
3608 5509 3862 5580 fetidum;

2276 5581 2601 5638 intermedia
2626 5599 2754 5639 vero
2775 5599 2803 5638 e
2833 5582 2955 5639 cod.
2999 5581 3250 5640 Valliscl.
3282 5582 3539 5639 restituta
3558 5591 3701 5639 sunt.

2349 5653 2466 5782 (’70)
2494 5655 2651 5712 Rom.
2685 5654 2819 5711 edit.
2862 5662 2984 5728 post
3011 5671 3205 5712 vocem
3229 5655 3476 5728 pluviam
3502 5661 3864 5720 resecaverat,

2386 5726 2516 5782 ubus
2545 5726 2759 5782 nostris.

2278 5725 2516 5782 tribubus
2545 5726 2759 5783 nostris.
