4068 6188
312 336 411 393 661

1126 331 1498 389 SERMONES
1537 332 1591 388 S.
1634 330 1990 389 AMBROSIO
2030 329 2405 388 HACTENUS
2442 328 2778 387 ASCRIPT].

3505 332 3612 390 662

311 467 367 518 et
391 460 461 517 de
490 475 654 517 manu
685 460 821 533 legis
864 421 1133 532 praecepta
1178 458 1457 531 suscipere
1498 458 1701 529 (Exod.
1743 475 1904 528 xxiv,
1936 462 1986 522 Α
2017 456 2299 530 gestimus.
2332 455 2590 528 Legimus
2616 455 2675 510 in
2706 454 2895 514 Veteri
2924 455 3292 526 Testamento,
3319 470 3445 514 cum
3474 473 3613 515 san-

314 551 416 619 18;
448 567 605 619 xxxr,
639 550 752 622 18).
776 549 1042 617 Quamvis
1057 548 1203 604 enim
1223 548 1383 605 illum
1410 549 1477 605 ab
1505 548 1790 606 obtutibus
1806 547 1903 604 Dei

311 640 556 699 conditio
611 640 856 696 humana
902 639 1273 708 subtraheret,
1327 638 1668 711 jejuniorum
1722 647 1904 695 tamen

311 731 484 804 gratia
502 730 822 804 proximum
851 728 1010 785 illum
1033 728 1344 784 divinitatis
1360 728 1637 785 consortio
1652 727 1903 795 faciebat;

310 822 429 881 haec
458 823 606 880 enim
638 822 696 879 in
726 822 887 878 nobis
917 821 1187 878 virtutum
1221 820 1400 894 portio
1447 821 1546 877 Dei
1593 828 1692 889 est,
1726 828 1787 875 ut
1814 818 1909 891 je-

302 915 567 989 junemus
621 915 958 988 frequenter,
1007 911 1266 985 quoniam
1330 928 1541 983 semper
1597 913 1740 966 Deus
1794 909 1909 982 ipse

301 1007 538 1081 jejunat.
572 1009 634 1063 In
681 1020 1013 1079 quocunque
1058 1003 1227 1075 igitur
1257 1003 1380 1075 plus
1426 1019 1652 1075 operum
1684 1016 1907 1057 suorum

310 1098 488 1155 inesse
520 1094 880 1170 perspexerit,
913 1093 1018 1166 ipsi
1048 1093 1220 1165 magis
1252 1093 1560 1160 familiaris,
1592 1092 1821 1147 intimus
1858 1098 1911 1148 et

307 1188 522 1244 amicus
550 1194 654 1254 est,
687 1185 831 1241 sicut
878 1183 1160 1255 Scriptura
1189 1182 1325 1238 dicit
1356 1200 1366 1237 :
1428 1205 1447 1228 ι
1476 1182 1546 1236 Et
1573 1182 1788 1253 Moyses
1818 1181 1910 1235 lo-

309 1277 578 1350 quebatur
606 1292 731 1331 cum
763 1276 876 1331 Deo
902 1270 1041 1328 facie
1066 1271 1134 1326 ad
1164 1272 1383 1340 faciem,
1415 1272 1556 1327 sicut
1584 1272 1707 1344 quis
1736 1270 1909 1344 loqui-

309 1377 403 1424 tur
439 1382 565 1423 cum
594 1363 772 1420 amico
808 1379 907 1418 suo
942 1361 1147 1433 (Exod.
1180 1378 1387 1430 xxxm,
1422 1361 1536 1433 11).
1567 1386 1586 1410 ι

380 1457 435 1515 9.
467 1454 622 1513 Unde
648 1460 701 1508 et
727 1451 1003 1508 Dominus
1031 1452 1186 1507 Jesus
1216 1450 1470 1508 Christus
1493 1448 1911 1506 resurrectionis

310 1545 538 1620 gloriam
601 1550 983 1616 percepturus,
1061 1540 1294 1596 virtutes
1352 1558 1476 1597 suas
1551 1538 1912 1614 quadraginta

309 1636 521 1693 dierum
571 1633 928 1705 noctiumque
970 1629 1188 1704 jejunio
1236 1631 1514 1687 dedicavit
1564 1630 1778 1701 (Matth.
1830 1648 1909 1698 1v,

309 1725 366 1797 2)
391 1743 405 1793 ;
437 1731 498 1781 ut
527 1722 839 1780 ostenderet
865 1737 977 1776 non
1018 1736 1215 1793 panem
1245 1737 1359 1777 esse
1388 1720 1562 1776 vitam
1592 1718 1907 1787 hominum,

2013 556 2134 603 ctus
2179 546 2395 617 Moyses
2420 544 2565 601 ﬁlios
2593 543 2757 601 Israel
2793 542 2861 600 de
2883 543 3019 617 jugo
3062 544 3338 617 Egyptia
3366 544 3613 618 captivi-

2014 635 2141 692 tatis
2178 643 2414 703 erueret,
2464 642 2525 690 ut
2570 634 2629 689 in
2672 642 2873 690 terram
2904 650 2995 690 eos
3026 633 3469 707 repromissionis
3511 636 3614 692 in—

2016 724 2256 793 duceret,
2306 722 2666 797 quadraginta
2712 730 2764 780 et
2793 722 3029 780 duorum
3072 722 3287 778 dierum
3320 723 3437 794 (72)
3479 740 3605 783 eum

2017 814 2084 869 ad
2116 823 2469 870 memoratam
2486 821 2686 869 terram
2704 813 3082 869 mansionibus
3102 813 3607 886 pervenisse(Num.

2018 922 2223 973 xxxnr,
2249 905 2275 959 1
2326 904 2479 974 seq.);
2534 910 2795 976 tantoque
2839 903 2999 959 illum
3039 911 3348 976 temporum
3384 921 3615 963 numero

2019 995 2256 1066 potitum
2320 1010 2433 1049 esse
2474 994 2779 1065 promissis,
2827 1002 3033 1066 quanto
3077 1002 3129 1049 et
3184 1010 3284 1051 nos
3332 995 3615 1067 promissis

2020 1085 2178 1140 nobis
2206 1101 2238 1140 a
2279 1084 2559 1139 Salvatore
2602 1083 2808 1155 perfrui
2848 1084 3207 1155 gratulamur.
3253 1084 3485 1155 Eodem,
3517 1085 3616 1141 in-

2019 1192 2204 1249 quam,
2244 1190 2475 1231 numero
2515 1174 2730 1246 Moyses
2763 1190 2859 1246 per
2900 1174 3214 1232 mansiones
3256 1175 3508 1247 pervenit
3547 1177 3618 1234 ad

2019 1266 2283 1339 requiem,
2335 1282 2444 1339 quo
2477 1274 2532 1321 et
2574 1282 2674 1321 nos
2723 1282 2817 1337 per
2851 1264 3065 1337 jejunia
3122 1281 3504 1338 prosperamus
3549 1267 3617 1325 ad

2020 1359 2221 1415 coelum
2261 1377 2281 1424 ;
2325 1356 2537 1430 jejunia
2583 1358 2730 1414 enim
2778 1367 2965 1415 nostra
3008 1358 3321 1415 mansiones
3366 1359 3616 1432 quaedam

2019 1456 2172 1515 sunt,
2229 1465 2325 1520 per
2375 1465 2497 1520 quae
2554 1448 2659 1503 iter
2698 1447 3019 1520 spiritaliter
3072 1447 3352 1517 facientes,
3417 1447 3616 1505 animae

2022 1537 2323 1594 virtutibus
2364 1539 2732 1606 ambulamus,
2782 1546 2835 1594 et
2881 1538 3084 1596 diurno
3118 1539 3370 1611 profectu
3417 1556 3617 1612 repro-

2019 1628 2201 1684 missze
2266 1628 2426 1683 nobis
2467 1636 2624 1683 terrae
2680 1626 2979 1685 viciniores
3036 1628 3308 1685 efﬁcimur
3352 1647 3366 1696 ;
3435 1629 3514 1685 ita
3556 1638 3620 1686 ut

2020 1718 2185 1775 citius
2213 1718 2517 1791 perveniat,
2551 1717 2645 1789 qui
2672 1717 2925 1773 devotius
2948 1716 3234 1788 jejunarit.
3265 1717 3439 1790 Pedes
3467 1717 3616 1775 enim

307 1814 402 1871 sed
448 1814 549 1870 Dei
598 1812 849 1867 verbum.
910 1810 1008 1865 His
1064 1809 1248 1882 itaque
1292 1810 1508 1866 dierum
1553 1808 1913 1882 quadraginta
1938 1830 1986 1891 B
2022 1808 2245 1881 quidam
2274 1807 2471 1864 animai
2515 1807 2762 1879 pernices
2805 1813 2935 1862 sunt
2961 1805 3098 1862 fides
3127 1814 3289 1880 atque
3314 1807 3616 1879 jejunium,

299 1903 532 1977 jejuniis
561 1899 952 1959 reconciliatur
979 1901 1147 1967 Deus,
1179 1899 1500 1971 aperiuntur
1519 1899 1665 1967 coeli,
1692 1898 1907 1953 inferna

308 2000 642 2051 reserantur.
675 1990 851 2063 Igitur
878 1998 932 2046 et
974 2006 1095 2058 nos,
1130 1988 1325 2044 fratres
1354 1988 1721 2057 dilectissimi,
1749 1986 1905 2059 jeju-

308 2099 506 2139 nemus
532 2081 795 2139 continue
842 2088 897 2135 et
924 2079 1121 2135 devote
1168 2078 1272 2136 hoc
1306 2079 1483 2151 spatio
1514 2078 1797 2148 temporis,
1846 2083 1908 2131 ut

305 2171 637 2245 propitietur
669 2168 828 2225 nobis
856 2166 1130 2224 Dominus
1156 2186 1167 2222 :
1202 2175 1423 2239 pateant
1453 2167 1615 2224 nobis
1642 2166 1789 2235 cmli,
1822 2166 1904 2221 in-

307 2259 461 2317 ferna
488 2276 600 2317 non
630 2258 847 2315 valeant
878 2258 995 2328 (71)
1028 2256 1283 2313 retinere.

803 2405 950 2463 415
978 2397 1211 2455 SERMO
1239 2400 1392 2456 XIX.

661 2502 740 2558 De
769 2508 959 2557 sancta
986 2499 1411 2573 Quadragesima
1450 2498 1543 2554 III.

308 2620 495 2680 Statim
535 2618 600 2674 ab
650 2618 801 2691 initio
854 2636 967 2691 eam
1008 2617 1313 2691 alﬁnitatcm
1350 2614 1561 2691 exhibet
1606 2613 1689 2668 hic
1734 2630 1903 2691 sermo

375 2709 491 2747 cum
520 2708 676 2747 serm.
710 2690 779 2747 39
824 2696 873 2745 et
914 2689 1005 2755 41,
1036 2685 1165 2759 quos
1202 2687 1494 2756 rejecimus,
1536 2692 1593 2740 ut
1638 2702 1720 2759 eos
1768 2685 1902 2754 ejus-

373 2765 489 2820 dem
542 2764 777 2819 auctoris
855 2779 960 2817 esse
1028 2758 1123 2816 nos
1186 2759 1502 2832 persuaderi
1556 2758 1701 2813 haud
1768 2774 1903 2832 (egre

368 2835 665 2908 patiamur.
713 2836 834 2908 Non
860 2840 948 2908 est
987 2840 1162 2889 autem
1186 2829 1297 2886 ’συν
1342 2829 1903 2908 existimethtadra-

372 2901 619 2979 besimam
648 2907 783 2972 illic,
814 2906 905 2961 ubi
928 2907 1313 2979 pronuntiatus
1329 2909 1437 2979 est,
1470 2901 1783 2979 hi’jejunia,
1814 2917 1903 2979 seu

372 2972 563 3051 Septem
582 2972 1216 3051 hebdomadas-complecti
1236 2976 1485 3051 solitam;
1502 2990 1603 3051 non
1633 2972 1902 3051 emutatio

372 3043 546 3120 modo,
580 3068 696 3121 qum
719 3051 801 3106 hic
827 3043 1080 3105 dicuntur
1108 3047 1263 3121 delt?
1292 3044 1677 3121 mansionibus.
1708 3043 1901 3121 intelli-

372 3116 540 3195 genda
564 3116 709 3195 sunt,
761 3138 923 3195 quam
958 3119 1261 3195 earumdem
1298 3116 1633 3195 mansionum
1658 3132 1708 3168 λα
1763 3116 1905 3195 Gre-

369 3185 520 3266 ᾗονίο
548 3185 741 3266 Magno
761 3185 915 3266 hom.
950 3191 1017 3246 16
1044 3191 1102 3244 in
1134 3188 1397 3266 Evangel.
1420 3186 1554 3266 inita
1573 3185 1899 3266 comparatio

371 3258 490 3321 cum
557 3258 1029 3330 Quadragesima;
1102 3260 1191 3315 ubi
1248 3258 1419 3313 tamen
1474 3259 1664 3330 diserte
1736 3258 1902 3312 tradit

376 3328 735 3462 tantus—modo
780 3328 849 3391 36
895 3334 1004 3388 dies
1028 3330 1232 3403 jejunii
1272 3336 1421 3386 aetate
1462 3346 1561 3385 sua
1604 3328 1767 3399 fuisse
1814 3330 1899 3384 ob-

376 3424 528 3462 serva
583 3422 630 3462 ε.

374 3422 630 3462 servatos.

378 3541 429 3596 1.
470 3540 681 3595 Sanctae
716 3537 1153 3611 Quadragesimte
1202 3534 1494 3603 rationem,
1540 3533 1697 3606 cujus
1732 3532 1898 3588 hodie

302 3629 526 3687 initium
576 3628 932 3696 celebramus,
982 3627 1296 3699 frequenter
1345 3623 1660 3679 edidimus:
1710 3631 1763 3679 et
1800 3639 1899 3678 cur

303 3726 581 3775 tantorum
622 3716 835 3773 dierum
867 3731 1099 3771 numero
1139 3714 1475 3787 jejunemus,
1510 3728 1650 3784 saipe
1696 3710 1897 3768 docui-

302 3825 442 3865 mus.
475 3808 733 3865 Diximus
771 3805 920 3862 enim
972 3805 1118 3878 quod
1146 3804 1417 3860 Dominus
1444 3803 1598 3858 Jesus
1645 3801 1897 3859 Christus

303 3898 451 3955 hunc
479 3896 731 3954 eumdem
759 3911 1053 3952 numerum
1079 3892 1279 3965 jejunii
1309 3891 1663 3959 consecrarit,
1687 3900 1739 3946 et
1770 3907 1896 3946 con-

302 3988 530 4045 tinuatis
586 3987 782 4044 diebus
832 3984 1195 4057 noctibusque
1268 3999 1380 4039 non
1436 3982 1656 4054 capiens
1709 3980 1895 4036 cibum

302 4096 475 4136 unum
500 4078 702 4153 jejunii
749 4092 952 4149 corpus
996 4074 1266 4130 eﬂ‘ecerit:
1317 4074 1422 4129 hoc
1468 4082 1569 4141 est,
1620 4071 1748 4129 licet
1786 4071 1897 4127 diei

301 4169 438 4226 ordo
480 4168 659 4225 noctis
710 4167 1205 4238 interrumperetur
1248 4163 1509 4232 adventu,
1556 4179 1666 4218 non
1711 4170 1896 4219 tamen

302 4259 643 4334 interruptus
673 4268 753 4316 est
781 4258 916 4314 ordo
940 4256 1163 4330 jejunii.
1187 4255 1341 4314 Unde
1370 4262 1525 4312 erant
1556 4254 1700 4327 apud
1719 4256 1895 4310 Deum

302 4352 461 4424 plura
485 4351 707 4425 quidem
735 4358 1045 4421 temporum
1076 4347 1373 4414 curricula,
1417 4344 1511 4401 sed
1549 4345 1894 4402 abstinentia:

300 4440 420 4499 dies
459 4457 609 4497 una:
658 4439 898 4496 ostendit
942 4436 1102 4494 nobis
1148 4437 1225 4493 ita
1270 4453 1369 4492 nos
1416 4435 1565 4491 hunc
1602 4449 1893 4490 numerum

301 4531 576 4605 integrum
615 4530 865 4604 jejunare
913 4529 1154 4596 debere;
1188 4536 1251 4585 ut
1296 4526 1426 4600 quia
1468 4533 1639 4582 totam
1668 4525 1895 4598 quadra-

302 4623 567 4696 gesimam
626 4621 918 4694 complecti
965 4636 1077 4676 non
1116 4634 1407 4692 possumus
1455 4616 1632 4672 solido
1687 4623 1739 4671 et
1785 4632 1896 4671 uno

294 4713 535 4788 jejunio,
564 4711 656 4767 vel
683 4710 1020 4785 quotidianis
1058 4709 1305 4765 eamdem
1342 4707 1461 4764 sine
1490 4705 1896 4762 intermissione

294 4801 528 4876 jejuniis
576 4800 957 4866 celebremus;
1007 4807 1070 4854 ut
1113 4799 1158 4854 si
1206 4798 1494 4871 quisquam
1542 4811 1707 4852 unam
1748 4793 1893 4850 diem

294 4890 603 4966 jejunando
676 4887 1104 4963 praetermiserit,
1182 4894 1353 4943 totam
1426 4885 1894 4959 quadragesimam

300 4982 547 5050 violarit,
578 4987 634 5037 et
666 4986 889 5053 propter
933 4975 1140 5033 modici
1173 4975 1435 5047 temporis
1471 4975 1681 5045 cibum,
1712 4974 1895 5048 magni

299 5073 546 5129 fructum
571 5068 777 5125 laboris
804 5066 1071 5123 amiserit.
1288 5136 1295 5141 ε

373 5162 427 5219 2.
478 5159 583 5218 Sed
634 5158 779 5217 dicet
830 5155 1067 5230 aliquis:
1122 5152 1560 5228 Quadragesimaa
1608 5153 1898 5227 aliquoties

300 5251 615 5327 accepimus
640 5249 931 5314 rationem,
969 5253 1023 5302 et
1050 5261 1169 5302 eam
1200 5252 1572 5303 consecratam
1602 5261 1632 5299 a
1660 5243 1898 5302 Domino

301 5344 622 5418 frequenter
669 5338 991 5397 audivimus
1025 5355 1035 5393 :
1070 5335 1165 5392 sed
1212 5351 1311 5392 cur
1356 5335 1543 5391 eadem
1577 5333 1898 5408 Quadrage-

301 5435 443 5493 sima
495 5430 860 5507 quadraginta
896 5436 948 5485 et
1006 5428 1144 5485 duos
1195 5426 1475 5482 contineat
1529 5425 1645 5482 dies
1710 5425 1899 5482 audire

377 5581 494 5647 (71)
530 5580 654 5637 Vet.
686 5578 845 5647 edit.,
878 5576 1091 5646 inferna
1140 5582 1327 5630 contra
1370 5591 1465 5629 nos
1514 5591 1619 5647 non
1653 5573 1899 5635 valeant;

301 5644 429 5710 cod.
466 5644 664 5720 Lugd,
694 5644 905 5720 inferna
937 5644 1040 5703 uon
1054 5649 1299 5720 valeant;
1333 5647 1491 5702 Rom.
1515 5644 1671 5713 edit.,
1694 5660 1898 5715 prava-

306 5726 487 5792 leant;
519 5719 772 5782 Valliscl.
804 5722 978 5779 codex
1003 5728 1065 5777 ut
1092 5737 1194 5776 nos
1223 5719 1281 5775 in
1310 5726 1487 5775 textu.

2021 1900 2116 1973 qui
2145 1899 2256 1956 cito
2285 1898 2352 1954 de
2395 1898 2702 1955 humilibus
2740 1896 2809 1953 ad
2838 1896 3036 1953 altiora
3070 1897 3469 1966 conscendunt,
3507 1896 3619 1953 cito

2014 1990 2083 2047 de
2115 1990 2353 2047 terrenis
2388 1990 2457 2046 ad
2487 1989 2727 2047 coelestia
2777 1987 3122 2060 gradiuntur.
3160 1991 3239 2044 De
3267 1988 3357 2045 his
3385 1990 3619 2062 pedibus

2012 2080 2158 2137 dixit
2185 2082 2482 2153 Apostolus
2518 2098 2529 2136 :
2581 2106 2600 2130 ι
2637 2081 2811 2148 Quam
2843 2081 3075 2153 speciosi
3104 2080 3269 2154 pedes
3326 2083 3617 2156 evangeli—

2014 2170 2258 2226 zantium
2324 2186 2533 2242 pacem,
2578 2169 3073 2241 evangelizantium
3129 2170 3275 2226 bona
3324 2171 3502 2243 (Rom.
3554 2191 3613 2243 χ,

2018 2260 2106 2331 15)
2136 2260 2187 2315 ι»
2248 2260 2360 2315 llos
2405 2258 2569 2331 pedes
2615 2259 2786 2315 lavari
2837 2258 3095 2332 praecepit
3133 2261 3423 2331 Dominus,
3472 2262 3617 2321 sicut

1964 2425 1972 2430 ῃ
2012 2350 2310 2423 Apostolus
2339 2350 2416 2405 ait
2444 2349 2513 2406 de
2545 2350 2715 2407 vidua
2747 2370 2758 2408 :
2807 2375 2825 2399 ι
2854 2352 2911 2408 Si
2940 2362 3255 2410 sanctorum
3286 2353 3449 2425 pedes
3481 2353 3618 2410 lavit

2016 2439 2074 2510 (Ι
2105 2441 2240 2497 Tim.
2283 2458 2339 2508 v,
2375 2441 2487 2512 10).
2521 2465 2540 2489 ι
2600 2441 2765 2513 Digni
2794 2442 2942 2499 enim
2987 2442 3196 2500 honore
3225 2444 3618 2517 evangelizan-

2013 2528 2152 2584 tium
2215 2545 2402 2601 pacem
2445 2529 2607 2601 pedes
2655 2541 2805 2599 sunt,
2851 2531 2946 2605 qui
3009 2533 3285 2603 spiritales
3330 2549 3394 2590 ac
3442 2532 3609 2589 nitidi

2012 2615 2266 2674 doctrina
2299 2617 2384 2673 sui
2414 2634 2576 2688 super
2603 2618 2892 2674 hominum
2920 2619 3087 2676 corda
3115 2620 3474 2693 gradiuntur.

2083 2708 2136 2765 3.
2177 2708 2549 2780 Quadraginta
2591 2709 2756 2764 etiam
2809 2716 2862 2764 et
2910 2709 3149 2765 duorum
3195 2726 3469 2768 annorum
3500 2728 3619 2769 nu-

2012 2812 2163 2852 mero
2207 2798 2375 2852 Israel
2420 2797 2655 2869 populus
2693 2798 2944 2869 pervenit
2978 2798 3046 2853 ad
3093 2798 3301 2854 ﬂuenta
3340 2798 3615 2870 Iordanis,

2011 2884 2199 2940 eodem
2224 2900 2439 2957 quoque
2468 2885 2683 2940 dierum
2702 2885 2982 2942 curriculo
3013 2886 3364 2944 Christianus
3379 2889 3616 2962 populus

2012 2977 2265 3048 pervenit
2293 2976 2361 3033 ad
2403 2976 2609 3034 ﬂuenta
2648 2976 3015 3050 baptismatis.
3047 2981 3120 3036 Et
3158 2979 3303 3036 sicut
3343 2980 3421 3037 ait
3470 2981 3615 3037 Pro-

2012 3067 2215 3139 pheta:
2264 3094 2282 3116 ι
2318 3068 2571 3125 Iordanis
2625 3086 2926 3127 conversus
2968 3078 3049 3127 est
3095 3079 3396 3130 retrorsum
3431 3073 3608 3147 (Psat.

1933 3191 1974 3250 Ο
2012 3177 2167 3250 cxrn,
2193 3159 2274 3232 3),
2295 3186 2313 3209 ι
2356 3161 2474 3218 illic
2502 3162 2817 3219 introeunte
2846 3165 3010 3220 Israel
3041 3164 3100 3220 in
3135 3181 3304 3239 aquas
3335 3165 3608 3235 ﬂuminis,

2010 3248 2156 3304 unda
2184 3250 2535 3323 subterfugit,
2570 3251 2662 3310 hic
2703 3252 3066 3309 descendente
3096 3254 3155 3309 in
3197 3255 3407 3311 fontem
3438 3255 3612 3314 Chri-

2007 3337 2207 3407 stiano,
2239 3339 2538 3396 criminum
2571 3349 2790 3414 peccata
2831 3342 3150 3415 diffugiunt.
3184 3344 3257 3399 Et
3316 3344 3519 3401 mirum
3550 3347 3610 3403 in

2009 3427 2235 3483 modum
2279 3429 2398 3487 illic
2447 3440 2747 3487 retrorsum
2777 3448 3075 3488 conversus
3104 3432 3308 3489 ﬂuvius
3336 3432 3397 3488 in
3427 3434 3609 3507 origi-

2007 3532 2133 3573 nem
2176 3535 2333 3575 suam
2374 3520 2713 3576 revertitur:
2761 3519 2854 3576 hic
2891 3520 2950 3576 in
2989 3528 3269 3593 posterum
3319 3518 3608 3581 revocatus

2006 3605 2174 3663 homo
2206 3608 2264 3663 in
2297 3609 2526 3681 originis
2553 3628 2665 3667 sua)
2690 3610 2982 3667 infantiam
3027 3621 3329 3683 reparatur.
3359 3612 3441 3669 Ibi
3471 3613 3607 3670 fon-

2004 3703 2115 3751 tem
2145 3714 2327 3767 suum,
2359 3698 2426 3754 de
2488 3715 2597 3772 quo
2629 3716 2844 3772 egressa
2874 3700 3071 3768 fuerat,
3104 3699 3255 3757 unda
3283 3701 3555 3776 perquirit
3586 3721 3599 3760 :

2004 3783 2097 3843 hic
2142 3786 2425 3844 hominem
2472 3806 2656 3855 suum,
2687 3806 2719 3845 a
2759 3806 2869 3862 quo
2897 3789 3106 3846 exierat
3142 3790 3480 3860 innocentia,
3522 3807 3603 3848 re-

2002 3879 2313 3947 cognoscit:
2349 3880 2426 3935 ibi
2455 3880 2774 3936 exinanitur
2800 3882 2992 3937 alveus
3023 3880 3308 3949 ﬂuctibus,
3342 3881 3436 3938 hic
3463 3898 3604 3938 eva—

2004 3974 2239 4022 cuantur
2281 3969 2446 4025 corda
2492 3969 2822 4027 criminibus
2855 3986 2868 4023 :
2914 3970 2992 4026 ita
3021 3977 3083 4026 ut
3126 3986 3313 4026 servos
3341 3969 3442 4026 Dei
3486 3970 3603 4026 illic

2002 4071 2145 4129 aqua
2194 4074 2413 4115 caenosa
2457 4076 2569 4116 non
2615 4059 2879 4128 madidet,
2936 4060 3029 4117 hic
3081 4059 3319 4116 famulos
3346 4058 3446 4114 Dei
3475 4074 3601 4114 con-

2002 4146 2233 4204 scientia
2276 4155 2418 4204 tetra
2460 4167 2572 4206 non
2616 4151 2846 4223 polluat.
2896 4148 3153 4206 Iordanis
3199 4148 3347 4204 enim
3376 4144 3601 4218 quidam

2003 4244 2084 4293 est
2126 4236 2249 4293 fons
2292 4238 2515 4303 lavacri,
2566 4255 2662 4311 per
2712 4254 2874 4311 quem
2923 4238 3018 4309 qui
3059 4235 3363 4301 transierit,
3393 4233 3603 4293 relictis

2003 4325 2276 4395 sordibus,
2308 4328 2620 4399 paradisum
2651 4325 3096 4399 repromissionis
3116 4323 3446 4397 ingreditur.

2074 4414 2125 4471 4.
2172 4417 2235 4470 In
2281 4416 2387 4472 hoc
2428 4433 2555 4488 ergo
2611 4414 3041 4489 quadragenario
3085 4424 3139 4472 et
3185 4414 3336 4471 duali
3367 4430 3601 4472 numero

2001 4504 2165 4560 Israel
2200 4507 2435 4577 populus
2481 4506 2797 4579 relinquens
2832 4505 3160 4579 Egyptum,
3212 4504 3388 4563 Rubri
3432 4506 3601 4562 maris

1926 4564 1976 4622 D
2005 4592 2211 4651 ﬂuenta
2248 4596 2587 4654 transcendit
2622 4606 2706 4653 :et
2737 4612 2838 4653 nos
2872 4612 3089 4671 quoque
3124 4596 3183 4652 in
3219 4596 3340 4669 ipso
3368 4613 3602 4655 numero

2003 4686 2376 4760 relinquentes
2418 4690 2613 4747 mundi
2667 4692 2994 4764 ngyptum,
3041 4690 3303 4763 gehennae
3358 4690 3602 4747 ardentis

2003 4784 2194 4850 stagna
2231 4781 2529 4837 transimus
2553 4798 2563 4834 :
2595 4781 2722 4837 illos
2760 4781 2820 4836 in
2844 4779 3106 4837 ﬂuctibus
3133 4780 3282 4837 unda
3309 4787 3598 4850 sustentat,

2003 4891 2106 4930 nos
2154 4872 2296 4946 ignis
2360 4872 2582 4929 ﬂamma
2621 4887 2733 4929 non
2773 4872 2920 4927 urit:
2969 4870 3083 4928 illis
3125 4871 3395 4929 solidatur
3439 4888 3600 4946 aqua,

2006 4964 2166 5021 nobis
2237 4962 2544 5034 refrigescit
2622 4962 2942 5020 incendium
2984 4971 3086 5029 ;et
3139 4966 3332 5020 contra
3392 4969 3602 5019 natura;

2003 5072 2165 5113 usum
2196 5071 2293 5127 per
2334 5062 2527 5110 aestum
2569 5053 2807 5111 siccatur
2834 5070 3004 5122 mare,
3044 5069 3144 5126 per
3187 5053 3398 5112 fontem
3427 5053 3603 5127 bapti-

2006 5145 2111 5202 smi
2160 5144 2407 5217 gehenna
2429 5144 2690 5201 mitescit.
2718 5149 2866 5207 416
2913 5145 2976 5199 In
3015 5142 3141 5213 hoc,
3188 5144 3435 5218 inquam,
3482 5157 3602 5213 my-

2006 5242 2145 5300 stico
2173 5258 2404 5299 numero
2434 5241 2536 5297 ﬁlii
2582 5243 2746 5299 Israel
2785 5241 3167 5315 pervenientes
3197 5241 3266 5297 ad
3292 5239 3597 5312 Myrrham,
3642 5308 3647 5315 ί

2006 5354 2132 5395 cum
2185 5354 2296 5410 prae
2324 5336 2690 5393 amaritudine
2729 5352 2927 5410 aquam
2965 5333 3188 5391 haurire
3241 5347 3354 5387 non
3384 5335 3603 5401 possent

2010 5430 2271 5503 (habebat
2310 5430 2459 5487 enim
2525 5430 2649 5487 fons
2694 5445 2914 5503 aquam,
2961 5427 3056 5484 sed
3093 5423 3443 5483 dulcedinem
3490 5435 3601 5476 non

2081 5575 2196 5648 (72)
2228 5575 2386 5633 Rom.
2408 5574 2544 5631 edit.
2578 5574 2716 5637 sola,
2745 5569 3107 5642 quadraginta
3134 5572 3184 5620 et
3210 5564 3440 5619 duorum
3473 5564 3609 5620 loco-

2008 5662 2149 5701 rum.
3118 5671 3137 5688 ο
