4068 6188
479 288 613 374 ⁷663

1528 318 1623 374 ΑΙ)
1663 315 1897 375 OPERA
1935 314 1990 373 S.
2021 313 2351 374 AMBROSII
2389 313 2768 373 APPENDIX.

3701 312 3803 368 66k

505 445 742 504 habebat
769 460 781 500 :
827 452 943 501 erat
982 444 1320 504 delectabilis
1356 446 1425 502 ad
1469 447 1762 517 visionem,
1791 448 1885 505 sed
1918 450 2093 509 since-
2120 448 2172 508 A
2205 452 2400 502 mutat.
2418 445 2540 502 Illic
2560 452 2860 500 retrorsum
2885 457 3168 510 conversa,
3191 456 3316 515 quae
3335 438 3691 514 sequebatur,
3712 455 3814 497 un-

506 555 602 594 rus
630 553 741 594 non
769 544 885 592 erat
907 535 974 591 ad
1004 538 1303 610 saporem),
1337 536 1539 610 injecto
1584 539 1642 594 in
1671 556 1789 596 eam
1825 557 1921 612 per
1950 543 2104 616 Moy-

507 643 602 683 sen
655 625 823 697 ligno.
872 625 1220 683 dulcedinem
1258 627 1502 684 suaviter
1544 635 1837 700 potarunt;
1871 633 2107 688 austeri-

508 724 672 774 tatem
703 715 850 771 enim
881 731 1044 789 quam
1084 718 1256 774 noxia
1278 716 1428 774 unda
1457 718 1718 791 gestabat,
1751 719 1887 792 ligni
1918 719 2106 776 abstu-

507 805 573 861 lit
610 814 1031 864 sacramentum.

576 897 631 953 5.
672 894 830 964 Quod
859 895 1081 968 quidem
1113 895 1172 952 in
1200 895 1430 969 ﬁguram
1462 897 1668 954 factum
1695 905 1830 970 puto
1856 915 1870 965 ;
1908 915 2106 971 aquam

508 984 656 1040 enim
699 1000 938 1040 amaram
1003 985 1062 1041 in
1119 986 1421 1058 Myrrham,
1470 987 1644 1057 legem
1695 1002 1811 1042 esse
1872 987 2109 1043 arbitror

508 1074 710 1130 veteris
745 1074 1099 1142 Testamenti,
1137 1090 1257 1146 quae
1302 1076 1392 1131 lex
1421 1075 1739 1148 priusquam
1780 1092 1941 1132 cruce
1978 1083 2108 1131 tem-

509 1171 788 1236 peraretur
810 1164 1054 1232 Domini,
1077 1172 1193 1220 erat
1226 1163 1459 1220 immitis
1489 1183 1501 1231 ;
1535 1163 1765 1236 jubebat
1797 1166 1946 1220 enim
1982 1182 2108 1221 ocu-

510 1254 624 1309 lum
678 1269 776 1326 pro
823 1253 1002 1322 oculo,
1051 1253 1272 1311 dentem
1317 1271 1417 1326 pro
1458 1253 1621 1311 dente
1668 1255 1808 1324 dari,
1859 1265 1912 1312 et
1957 1257 2110 1312 velut

509 1352 724 1400 austera
751 1343 969 1398 nullum
990 1342 1381 1400 misericordia
1407 1345 1757 1418 refrigerium
1776 1346 2105 1419 porrigebat.

509 1434 584 1489 At
628 1448 758 1488 vero
786 1431 880 1488 ubi
911 1430 1062 1505 ligno
1105 1433 1434 1506 evangelicae
1480 1435 1752 1506 passionis
1782 1444 1863 1491 est
1908 1442 2109 1506 tempe-

509 1529 644 1591 rata,
691 1521 874 1578 statim
903 1523 1329 1580 amaritudinem
1382 1540 1536 1580 suam
1568 1525 1837 1580 suavitate
1868 1541 2110 1580 commu-

511 1623 652 1684 tans,
708 1614 924 1671 dulcem
973 1602 1298 1672 se'cunctis
1351 1616 1606 1687 praestitit
1657 1617 1725 1673 ad
1773 1615 2101 1687 potandum,

513 1704 658 1762 sicut
687 1705 765 1761 ait
805 1703 1078 1777 Propheta
1110 1719 1122 1758 :
1169 1728 1187 1752 ι
1235 1704 1408 1771 Quam
1466 1705 1656 1762 dulcia
1697 1706 1949 1762 faucibus
1978 1706 2115 1761 meis

2213 535 2281 591 da
2311 533 2568 606 praecedit
2598 532 2690 590 hic
2739 534 2793 588 in
2827 532 3026 588 melius
3058 538 3385 604 temperata,
3415 547 3536 603 quas
3563 545 3815 586 amarum

2215 625 2476 692 stillabat,
2512 641 2652 680 vena
2680 622 2948 680 dulcescit
2979 641 2990 678 :
3025 629 3079 678 et
3109 622 3312 677 mirum
3350 621 3407 676 in
3437 619 3667 676 modum
3699 621 3814 676 flu-

2217 715 2341 770 vius
2369 730 2591 770 cursum
2623 713 2880 785 perdidit,
2913 712 3036 767 fons
3065 727 3337 784 saporem.

2288 830 2341 887 3.
2374 829 2478 886 Sed
2505 828 2766 901 quoniam
2796 827 3041 884 diximus
3075 827 3222 884 ﬁlios
3251 827 3415 883 Israel
3449 825 3737 884 venientes
3752 827 3819 884 ad

2215 919 2522 991 Myrrham,
2554 935 2706 991 aquae
2726 917 3092 974 amaritudine
3121 917 3421 982 laborasse,
3449 931 3680 988 eamque
3710 933 3819 972 non

2217 1009 2322 1064 nisi
2355 1007 2489 1081 ligni
2519 1007 2813 1080 injectione
2844 1016 3030 1080 potare
3056 1007 3302 1078 potuisse
3337 1006 3541 1078 (Exod.
3579 1022 3679 1074 xv,
3716 1005 3820 1061 23-

2217 1098 2332 1168 25),
2355 1108 2549 1171 typum
2568 1115 2784 1172 quoque
2815 1098 2871 1153 in
2902 1097 2995 1153 illa
3015 1098 3184 1153 fuisse
3205 1096 3422 1152 Veteris
3439 1096 3779 1152 Testamenti
3804 1113 3816 1162 ;

2219 1188 2503 1244 videamus
2533 1203 2640 1259 quo
2671 1186 2872 1243 exinde
2901 1186 3254 1258 proﬁciscens
3283 1185 3519 1258 populus
3546 1185 3662 1256 ipse
3694 1200 3822 1256 per-

2220 1276 2450 1332 venerit.
2484 1276 2740 1332 Pervenit
2771 1276 2828 1331 in
2858 1275 3062 1342 locum,
3098 1275 3192 1347 qui
3209 1274 3416 1330 dicitur
3435 1275 3612 1340 Elim,
3634 1273 3696 1328 in
3718 1290 3820 1346 quo

2219 1375 2375 1422 erant
2434 1358 2723 1420 duodecim
2795 1364 2974 1419 fontes
3023 1363 3327 1436 purissimi,
3376 1372 3430 1418 et
3476 1363 3822 1436 septuaginta

2221 1455 2520 1511 virentium
2567 1454 2866 1510 multitudo
2901 1455 3230 1527 palmarum.
3265 1453 3466 1510 Videte
3494 1453 3820 1525 mysterium

2221 1547 2340 1614 Dei,
2416 1546 2877 1622 quemadmodum
2955 1553 3079 1617 post
3154 1545 3587 1602 amaritudinem
3666 1544 3821 1616 legis,

2223 1636 2426 1692 ﬂuenta
2455 1634 2782 1707 evangelicae
2812 1635 3031 1707 pietatis
3047 1634 3373 1702 exuberent.
3410 1633 3494 1689 Ibi
3527 1633 3650 1689 fons
3683 1649 3824 1689 unus

2222 1732 2470 1781 austerus
2485 1731 2566 1780 est
2580 1723 2648 1780 ad
2669 1723 2994 1792 bibendum,
3019 1723 3112 1778 hic
3133 1725 3338 1795 plures,
3360 1729 3415 1777 et
3434 1722 3824 1779 omnesdulces

511 1797 730 1869 eloquia
775 1802 889 1862 tua»
939 1811 1104 1867 super
1149 1795 1256 1850 ΠΙθῖ
1304 1805 1358 1853 et
1398 1795 1584 1852 favum
1639 1797 1721 1852 οΓί
1763 1814 1885 1853 Πιθο
1934 1797 2110 1867 (Ρεαῖσ
2143 1808 2190 1868 Β
2225 1823 2355 1870 sunt
2409 1813 2476 1870 ad
2531 1813 2877 1884 potandum:
2943 1812 3019 1867 ibi
3067 1819 3190 1884 post
3237 1811 3608 1883 fatigationem
3663 1811 3822 1867 nulla

511 1903 706 1955 cxvnr,
737 1886 884 1958 103)!
909 1909 927 1933 ι
962 1887 1157 1942 Dulcia
1176 1888 1326 1943 enim
1347 1895 1475 1943 sunt
1495 1888 1715 1962 eloquia
1745 1904 1866 1960 quae
1892 1886 2110 1960 jubent:

531 2004 549 2028 ι
577 1978 634 2036 Si
669 1978 793 2053 quis
838 1987 891 2035 te
920 1977 1247 2050 percusserit
1286 1979 1345 2034 in
1385 1979 1611 2036 dextera
1649 1979 1900 2048 maxilla,
1939 1978 2119 2051 praebe

512 2071 564 2128 ei
593 2078 647 2128 et
685 2072 933 2127 alteram.
965 2070 1021 2128 Si
1063 2070 1186 2144 quis
1215 2070 1318 2128 tibi
1355 2071 1537 2127 aufert
1564 2071 1836 2141 tunicam,
1868 2071 2121 2144 relinque

511 2161 597 2219 illi
627 2169 680 2219 et
708 2162 938 2236 pallium
994 2164 1207 2234 (Matth.
1242 2181 1299 2232 v,
1328 2163 1442 2234 39).
1477 2187 1495 2210 ι
1553 2163 1681 2220 Hazc
1717 2171 1800 2220 est
1846 2180 1972 2235 ergo
2023 2163 2122 2217 illa

517 2253 911 2322 amaritudine,
943 2269 1065 2326 quae
1105 2253 1398 2311 dulcedine
1429 2261 1768 2309 commutata
1795 2260 1896 2320 est,
1929 2252 1987 2308 id
2017 2261 2116 2321 est,

516 2341 809 2397 austeritas
861 2341 995 2412 legis
1064 2341 1355 2413 Evangelii
1422 2341 1595 2414 gratia
1653 2350 1956 2413 temperata
2015 2351 2117 2398 est.

517 2428 727 2483 Amara
763 2427 910 2485 enim
959 2436 1040 2484 est
1061 2428 1195 2500 legis
1239 2429 1424 2484 littera
1451 2428 1569 2484 sine
1599 2429 1780 2485 crucis
1831 2430 2118 2508 mysterio,

515 2515 584 2572 de
613 2533 722 2592 qua
747 2518 825 2574 ait
861 2518 1160 2591 Apostolus
1188 2535 1199 2573 :
1249 2543 1266 2566 ι
1297 2519 1504 2575 Littera
1533 2519 1737 2577 occidit
1761 2521 1850 2591 (II
1869 2521 1996 2577 Cor.
2034 2537 2118 2581 ιιι,

515 2607 594 2680 6).
627 2632 646 2656 ›
688 2611 762 2664 At
800 2608 895 2665 ubi
937 2609 1086 2666 enim
1118 2609 1387 2682 passionis
1437 2609 1592 2665 illius
1622 2617 1962 2666 sacramenta
1986 2609 2116 2681 jun-

516 2708 741 2772 guntur,
771 2701 952 2758 omnis
979 2701 1097 2773 ejus
1125 2701 1448 2774 spiritaliter
1484 2701 1794 2758 amaritudo
1821 2701 2116 2769 conditur;

516 2797 572 2847 et
598 2789 667 2848 de
693 2806 757 2848 ea
785 2789 923 2850 dicit
940 2793 1240 2865 Apostolus
1266 2810 1278 2848 :
1319 2815 1336 2838 ι
1357 2792 1594 2864 Spiritus
1605 2799 1788 2849 autem
1807 2791 2103 2850 viviﬁcatn

1122 2933 1356 2992 SERMO
1387 2934 1518 2991 XX.

871 3030 949 3086 De
984 3036 1170 3086 sancta
1199 3029 1626 3104 Quadragesima
1654 3031 1756 3089 IV.-

517 3133 585 3190 In
615 3133 709 3208 hoc
759 3153 995 3192 sermone
1021 3136 1314 3208 superioris
1351 3137 1609 3195 habentur
1659 3137 2029 3203 continuatio;
2057 3155 2119 3194 ac

580 3207 808 3276 proinde
862 3209 957 3264 uni
999 3207 1206 3265 auctori
1234 3216 1450 3281 uterque
1508 3211 1813 3266 tribuendus
1843 3215 1934 3266 est.
1972 3211 2118 3266 Post-

587 3293 750 3354 quam
787 3281 869 3354 hic
895 3281 1137 3352 quaedam
1171 3280 1282 3336 illic
1310 3280 1537 3338 tractata
1575 3289 1762 3338 auctor
1791 3281 2018 3354 repetiit,
2047 3282 2120 3337 ad

598 3353 768 3423 fontes
805 3353 870 3409 12
899 3360 946 3409 et
969 3355 1182 3424 palmas
1213 3353 1278 3410 72
1309 3355 1602 3410 orationem
1626 3355 1785 3410 vertit
1809 3353 1950 3418 {ubi
1978 3354 2119 3424 quod

589 3426 757 3483 tradit
816 3426 1178 3496 apostolorum
1228 3442 1291 3481 ac
1335 3426 1720 3497 discipulorum
1776 3426 2008 3497 ﬁguram
2060 3425 2120 3497 in

590 3499 700 3554 iliis
768 3495 1044 3568 erstitisse,
1120 3512 1227 3551 non
1272 3495 1491 3568 aliunde
1541 3515 1701 3568 quam
1747 3495 1828 3551 ea
1875 3495 2118 3568 0rigenis

589 3569 744 3639 hom.
770 3567 858 3639 27,
883 3568 941 3639 in
963 3583 1089 3639 _cap.
1119 3583 1305 3639 χχχιιι
1333 3567 1524 3639 Num.,
1550 3567 1602 3623 et
1630 3567 1944 3636 Hieronymi
1963 3567 2115 3639 epist.

592 3638 714 3704 127,
747 3637 817 3692 ad
845 3637 1080 3704 Fabioll,
1111 3638 1360 3692 haustum
1386 3638 1616 3694 videtur.

594 3766 642 3822 1.
674 3762 934 3821 Retinent
973 3761 1154 3820 adhuc
1182 3779 1374 3821 sensus
1401 3766 1594 3836 vestri,
1629 3766 1845 3833 fratres,
1876 3783 1976 3824 nos
2006 3766 2119 3826 hoc

519 3853 802 3928 superiore
839 3851 1130 3910 Dominica
1175 3853 1520 3926 praedicasse,
1570 3855 1716 3930 quod
1758 3855 1925 3931 hujus
1973 3874 2119 3932 qua-

519 3942 838 4017 dragesimae
876 3949 1074 4000 nostra
1101 3942 1334 4016 ﬁguram
1379 3943 1492 4000 illas
1523 3946 1884 4020 quadraginta
1913 3954 1966 4004 et
1995 3946 2117 4004 duae

519 4037 830 4096 mansiones
856 4035 1152 4094 habuerint
1170 4036 1356 4110 (Num.
1392 4039 1640 4107 xxxnr,I
1672 4038 1830 4110 seq.),
1862 4055 1958 4111 per
1984 4056 2118 4112 quas

518 4130 752 4204 populus
798 4128 965 4186 Israel
1008 4127 1198 4184 exiens
1227 4127 1293 4184 de
1321 4129 1587 4202 Egypto,
1638 4127 1840 4184 diurno
1870 4129 2117 4200 profectu

517 4229 718 4277 terram
747 4217 1190 4294 repromissionis
1236 4217 1485 4286 intravit,
1519 4225 1573 4274 et
1601 4217 1756 4290 quasi
1785 4217 2113 4291 quibusdam

517 4311 710 4368 salutis
750 4307 1009 4382 gradibus
1051 4315 1173 4382 post
1205 4306 1401 4381 jugum
1441 4307 1726 4365 servitutis
1768 4307 2017 4366 ascendit
2045 4308 2112 4365 ad

517 4413 767 4471 regnum.

589 4488 642 4544 2.
689 4485 909 4559 Figura,
941 4485 1191 4560 inquam,
1239 4486 1345 4543 fuit
1385 4485 1445 4543 in
1469 4486 1585 4544 illis
1626 4485 2008 4544 mansionibus
2034 4483 2112 4560 je-

517 4575 810 4632 Juniorum
855 4581 1194 4642 nostrorum,
1233 4589 1343 4630 non
1365 4575 1546 4631 solum
1575 4575 1634 4630 in
1670 4576 1975 4648 quantitate
2015 4593 2115 4632 nu-

518 4663 678 4730 meri,
725 4662 819 4719 sed
861 4662 1025 4720 etiam
1091 4663 1150 4718 in
1193 4661 1576 4719 observatione
1636 4664 1957 4735 virtutum;
2003 4681 2117 4722 non

517 4752 664 4808 enim
695 4759 911 4809 tantum
940 4751 1043 4809 ﬁlii
1081 4752 1248 4809 Israel
1281 4751 1340 4808 in
1376 4751 1573 4810 itinere
1611 4752 1812 4812 deserti
1841 4755 2118 4828 corporeis

517 4839 793 4914 gressibus
821 4841 1194 4912 ambularunt,
1227 4849 1496 4916 quantum
1525 4842 1584 4898 in
1612 4843 1704 4900 via
1732 4844 1958 4901 Domini
1991 4845 2116 4900 reli-

517 4929 685 5003 giosis
713 4930 928 4988 actibus
971 4932 1339 5005 profecerunt.
1390 4933 1452 4989 In
1482 4932 1574 4988 via
1598 4933 1760 5006 plane
1788 4933 2116 4990 ambulave-
2152 4992 2160 4998 ,

516 5027 649 5076 runt
674 5018 922 5087 Domini,
955 5036 1074 5093 quas
1113 5021 1260 5090 illos,
1305 5030 1358 5078 et
1389 5021 1630 5094 portavit
1661 5022 1716 5076 in
1743 5020 2022 5089 ﬂuctibus,
2063 5031 2117 5078 et

516 5109 670 5182 pavit
705 5125 736 5165 e
779 5109 919 5167 cmlo
960 5128 974 5176 ;
1014 5111 1382 5168 esurientibus
1409 5111 1554 5168 enim
1596 5111 1651 5166 in
1703 5125 1885 5166 eremo
1917 5126 2117 5165 manna

518 5215 628 5256 non
659 5199 857 5267 defuit,
902 5199 1344 5271 periclitantibus
1366 5202 1423 5258 in
1455 5201 1592 5258 mari
1621 5209 1767 5258 terra
1796 5217 1906 5256 non
1949 5200 2109 5274 fugit:

516 5291 594 5349 ibi
619 5307 768 5348 mare
795 5291 855 5348 in
882 5289 1138 5348 semitam
1183 5292 1468 5362 sternitur,
1500 5293 1594 5352 hic
1621 5294 1823 5352 coelum
1851 5292 1919 5350 ad
1948 5292 2113 5366 pabu-

517 5382 632 5454 lum
662 5388 954 5439 reseratur.
985 5381 1214 5454 Propter
1243 5383 1473 5454 gratiam
1504 5382 1838 5439 famulorum
1869 5381 1965 5439 Dei
1998 5382 2112 5438 Jor-

516 5473 674 5529 danis
702 5472 906 5529 fluenta
929 5489 1027 5528 sua
1056 5471 1277 5541 retinet,
1305 5488 1500 5545 aquam
1532 5489 1687 5529 suam
1721 5473 1946 5546 Myrrha
1966 5491 2108 5531 com-

2227 1903 2474 1970 refectio,
2520 1901 2613 1958 hic
2652 1909 2773 1973 post
2799 1901 3039 1956 laborem
3070 1901 3418 1973 refrigerium
3461 1909 3622 1973 atque
3650 1900 3824 1955 victo-

2227 1993 2338 2055 ria;
2391 1991 2708 2049 sitientibus
2757 1992 2905 2047 enim
2954 1991 3134 2048 fontes
3164 1992 3573 2058 ministrantur,
3626 1991 3817 2062 palmae

2228 2081 2580 2139 vincentibus
2608 2082 2934 2137 offeruntur.

2299 2191 2352 2246 4.
2401 2192 2623 2258 Palmae,
2654 2190 2902 2263 inquam,
2933 2190 3242 2246 offeruntur
3270 2188 3626 2245 vincentibus
3654 2207 3668 2256 ;
3702 2186 3824 2260 quia
3855 2221 3863 2232 .

2228 2288 2351 2354 post
2381 2281 2515 2352 legis
2544 2279 2806 2336 duritiam
2837 2278 2905 2334 ad
2925 2279 3213 2351 Evangelii
3245 2279 3477 2351 gratiam
3513 2278 3823 2350 pervenisse

2227 2371 2427 2428 vicisse
2465 2377 2545 2426 est
2578 2389 2591 2437 ;
2644 2369 2931 2442 praemium
2962 2369 3110 2425 enim
3142 2369 3418 2441 quoddam
3466 2368 3699 2424 victoris
3727 2377 3820 2435 est,

2229 2476 2289 2516 os
2319 2459 2451 2515 vivo
2478 2459 2630 2515 fonte
2651 2459 2884 2526 diluere,
2915 2467 2968 2514 et
2987 2458 3271 2514 dexteram
3294 2457 3623 2530 triumphali
3654 2457 3824 2528 palma

2229 2548 2466 2604 munire.
2499 2549 2601 2604 Per
2634 2548 2844 2603 fontem
2897 2548 3042 2603 enim
3074 2548 3263 2619 lingua
3308 2547 3642 2603 confessoris
3670 2545 3824 2616 puri-

2230 2638 2444 2704 ﬁcatur,
2479 2653 2574 2708 per
2618 2639 2854 2708 palmam
2904 2639 3130 2694 dextera
3174 2636 3432 2708 martyris
3480 2635 3819 2692 honoratur:

2231 2727 2327 2783 illa
2360 2725 2490 2798 quia
2519 2725 2728 2783 Christi
2771 2727 3037 2783 exaltavit
3068 2727 3322 2798 gloriam,
3373 2725 3492 2782 hac
3521 2727 3652 2798 quia
3681 2742 3820 2780 aram

2229 2818 2503 2891 sacrilegii
2533 2818 2824 2874 recusavit.
2873 2819 3166 2874 Praemium
3197 2818 3344 2874 enim
3380 2817 3654 2890 quoddam
3686 2822 3824 2878 417

2229 2925 2310 2974 est
2359 2917 2541 2990 palma
2587 2916 2862 2990 martyrii,
2896 2933 3015 2989 quas
3063 2915 3348 2972 conﬁtenti
3379 2914 3580 2986 lingua:
3611 2914 3824 2970 dulcem

2235 3007 2476 3064 fructum
2505 3006 2723 3074 tribuit,
2758 3014 2812 3062 et
2841 3005 3058 3062 victrici
3088 3005 3329 3060 dextera;
3357 3003 3653 3076 gloriosum
3689 3019 3826 3074 pra-

2230 3104 2336 3153 stat
2363 3103 2642 3152 ornatum.
2665 3097 2763 3152 Est
2790 3095 2951 3168 plane
2980 3094 3162 3166 palma
3189 3093 3528 3166 martyribus
3555 3091 3742 3148 suavis
3763 3091 3827 3146 ad

2231 3186 2437 3255 cibum,
2467 3185 2726 3242 umbrosa
2757 3185 2824 3241 ad
2854 3184 3119 3257 requiem,
3153 3183 3496 3240 honorabilis
3521 3183 3590 3239 ad
3621 3183 3827 3239 trium—

2227 3275 2423 3348 phum,
2455 3293 2668 3348 semper
2699 3275 2906 3344 virens,
2937 3291 3151 3348 semper
3177 3276 3379 3331 vestita
3415 3274 3588 3342 foliis,
3621 3289 3825 3345 semper

2228 3375 2414 3438 parata
2447 3366 2714 3432 victorias,
2763 3373 2926 3438 atque
2965 3365 3087 3421 ideo
3135 3381 3246 3421 non
3289 3363 3578 3421 marcescit
3623 3364 3820 3436 palma,

2230 3455 2361 3528 quia
2382 3463 2687 3527 martyrum
2719 3454 2956 3511 victoria
2984 3470 3096 3510 non
3127 3453 3436 3510 marcescit.

2296 3573 2351 3629 ὅ.
2383 3572 2518 3644 Ipsae
2550 3570 2788 3644 denique
2816 3571 3011 3644 palmas
3057 3569 3265 3627 sedenti
3307 3587 3471 3643 super
3499 3570 3735 3637 asinam,
3774 3577 3822 3625 et

2227 3661 2472 3717 venienti
2503 3659 2570 3715 ad
2598 3661 2865 3732 templum
2897 3659 3134 3716 Domino
3164 3677 3193 3715 a
3223 3659 3442 3732 populis
3470 3659 3818 3724 offeruntur;

2227 3766 2351 3806 cum
2383 3749 2532 3806 enim
2576 3749 2835 3822 discipuli
2884 3749 3214 3807 vestimenta
3255 3764 3354 3806 sua
3399 3754 3733 3814 sternerent,
3774 3753 3824 3800 et

2228 3840 2332 3895 iter
2387 3839 2593 3898 Christi
2665 3841 2778 3896 suis
2833 3839 3128 3897 amictibus
3203 3837 3614 3895 communirent
3674 3836 3820 3908 (Luc.

2225 3944 2347 3998 xxx,
2380 3929 2493 4001 36),
2531 3945 2641 3984 non
2689 3928 2883 3984 habuit
2913 3929 3090 4002 majus
3121 3929 3408 4002 prmmium
3441 3927 3549 3984 nisi
3581 3927 3819 4000 palmas;

2227 4019 2372 4092 quod
2403 4019 2448 4075 si
2481 4018 2702 4076 devotio
2731 4019 2906 4092 plebis
2933 4020 3175 4084 offerret,
3205 4018 3523 4091 significans
3551 4014 3740 4071 stratis
3772 4013 3822 4067 in

2225 4107 2421 4163 itinere
2454 4108 2715 4177 vestibus,
2736 4109 3000 4181 pollutam
3025 4108 3172 4165 viam
3203 4125 3318 4164 esse
3345 4107 3461 4179 (73)
3498 4106 3558 4161 in
3588 4101 3819 4170 mundo,

2225 4196 2423 4252 oblatis
2453 4197 2651 4270 palmis
2703 4198 2881 4270 ipsum
2931 4198 3126 4255 mundi
3172 4214 3288 4254 esse
3333 4197 3626 4253 victorem.
3679 4195 3818 4264 Ipse,

2222 4291 2470 4357 inquam,
2505 4285 2682 4342 victor
2723 4296 2824 4356 est,
2870 4288 2937 4343 de
2983 4305 3091 4361 quo
3139 4287 3216 4345 ait
3247 4287 3563 4359 Scriptura:
3627 4310 3644 4331 ε
3676 4279 3827 4337 Vicit

2225 4374 2309 4430 leo
2338 4373 2406 4430 de
2437 4374 2590 4431 tribu
2619 4375 2759 4431 Iuda
2807 4376 2997 4448 (Apoc.
3026 4394 3082 4444 v,
3104 4378 3186 4448 5).
3216 4402 3234 4424 ι
3272 4377 3392 4449 Ipse
3426 4377 3588 4449 plane
3620 4375 3823 4440 victor,

2223 4464 2318 4536 qui
2350 4463 2625 4521 destruxit
2653 4465 2980 4522 diabolicam
3002 4475 3259 4536 mortem,
3291 4467 3464 4522 vitam
3485 4464 3827 4521 illuminavit

2142 4543 2191 4601 D
2228 4561 2506 4611 aeternam.
2547 4554 2748 4610 Palma:
2787 4555 2957 4628 igitur
2987 4555 3302 4612 advenienti
3333 4556 3624 4628 eriguntur
3655 4554 3828 4611 Chri-

2226 4651 2328 4700 sto.
2378 4645 2655 4716 Scriptum
2703 4654 2813 4701 est:
2893 4671 2911 4692 ι
2938 4645 3124 4702 Justus
3174 4646 3318 4702 sicut
3371 4646 3550 4718 palma
3608 4643 3826 4700 ﬂorebit

2229 4735 2402 4804 (Psal.
2433 4752 2548 4801 xcr,
2590 4735 2720 4806 I3);
2757 4760 2774 4782 ι
2832 4744 2976 4791 recte
3021 4753 3147 4810 ergo
3176 4735 3491 4792 advenienti
3515 4735 3668 4807 justo
3708 4734 3826 4789 eri-

2225 4831 2429 4896 guntur
2457 4824 2665 4880 vexilla
2715 4824 2968 4897 justitias,
3008 4835 3060 4882 et
3107 4826 3317 4882 auctori
3367 4841 3591 4882 suorum
3651 4823 3822 4878 obse-

2225 4920 2469 4985 quuntur
2496 4911 2646 4968 tituli
2682 4914 3109 4987 triumphorum.

2295 5021 2347 5077 6.
2380 5021 2539 5078 Prius
2586 5030 2768 5079 autem
2809 5039 2971 5094 quam
3020 5022 3286 5077 tollantur
3333 5021 3548 5093 palmae,
3586 5021 3689 5076 iter
3721 5020 3820 5074 Do-

2226 5113 2361 5169 mini
2392 5132 2566 5189 usque
2597 5114 2664 5171 ad
2697 5115 2961 5186 templum
2993 5115 3391 5187 discipulorum
3422 5113 3670 5169 vestibus
3699 5127 3820 5183 ope-

2223 5203 2383 5271 ritur,
2415 5213 2470 5260 et
2513 5212 2572 5259 ut
2603 5203 2898 5276 impolluta
2935 5204 3004 5260 sit
3033 5203 3226 5260 semita
3255 5203 3578 5270 Salvatoris,
3611 5208 3819 5276 aposto-

2224 5296 2403 5352 lorum
2467 5295 2761 5352 amictibus
2813 5295 3210 5352 communitur.
3261 5296 3419 5364 Quod
3477 5294 3700 5368 quidem
3761 5292 3817 5346 in

2224 5383 2550 5456 mysterium
2607 5383 2812 5440 factum
2853 5392 3029 5458 puto;
3086 5384 3178 5440 via
3219 5385 3364 5441 enim
3416 5383 3648 5450 Christi,
3699 5397 3816 5454 qua:

2222 5472 2376 5530 ducit
2419 5473 2487 5530 ad
2537 5473 2826 5545 templum,
2876 5473 3010 5528 fides
3064 5471 3182 5545 ejus
3219 5480 3301 5529 est
3345 5482 3506 5546 atque
3546 5469 3813 5528 doctrina.

590 5597 705 5673 (_73)
757 5597 962 5655 Omnes
981 5597 1123 5668 edit.
1157 5607 1212 5656 et
1243 5599 1419 5656 codex
1442 5597 1615 5673 Lugd.
1651 5600 1804 5672 Reg,
1848 5600 2180 5671 impollutam
2217 5599 2360 5655 viam
2408 5615 2544 5668 esse;
2596 5598 2770 5673 magis
2795 5615 3033 5673 congrue
3075 5616 3138 5658 ac
3185 5600 3395 5673 Remig.
3445 5607 3500 5656 et
3541 5597 3807 5665 Valliscl.,

512 5667 796 5736 pollutam,
817 5677 924 5726 etc.
