4064 6178
270 357 377 419 665

1086 343 1457 406 SERMONES
1494 343 1551 402 S.
1593 337 1952 400 AMBROSIO
1990 334 2362 396 HACTENUS
2402 332 2746 392 ASCBIPTI.

3472 329 3579 386 666

268 486 425 545 Hanc
451 477 626 554 igitur
660 477 810 534 viam
855 471 1139 548 discipuli,
1186 479 1249 529 ut
1290 486 1391 528 nos
1422 468 1540 526 sine
1562 464 1867 525 oﬂ'ensione
1894 473 1947 534 Α
1976 471 2073 519 aut
2114 460 2357 518 solitudo
2386 457 2710 533 pervaserit.
2761 455 2820 513 Si
2858 469 2986 527 ergo
3017 460 3074 509 et
3101 468 3201 509 nos
3229 450 3579 525 propositum

270 572 609 648 gradiamur,
636 566 873 625 amictus
915 562 1126 638 proprii
1155 559 1402 633 corporis
1448 564 1739 624 exuentes,
1769 570 1870 611 suo

268 646 525 728 stravere.
551 660 857 736 martyrio;
918 666 982 716 ut
1026 658 1171 714 inter
1222 653 1565 711 diversarum
1624 646 1871 722 gentium

269 757 461 816 turbas
483 751 719 828 justitiaa
743 749 999 807 semitam
1027 744 1403 803 membrorum
1435 755 1661 798 suorum
1691 736 1872 794 vesti-

270 854 460 905 menta
488 826 942 907 Vsubsternerent,
988 844 1042 894 et
1073 849 1346 894 cmnosam
1378 829 1573 888 mundi
1621 826 1871 901 myrrha-

272 938 456 1011 ginem
508 932 627 1007 (74)
670 928 971 1002 operirent,
1017 933 1072 981 et
1107 924 1458 998 impollutam
1507 919 1654 977 viam
1685 918 1870 974 Salva-

270 1027 413 1084 toris
439 1021 813 1082 ostenderent.

344 1118 398 1172 7.
444 1115 533 1172 Ad
578 1111 969 1169 duodecimum
1018 1123 1145 1181 ergo
1185 1106 1367 1162 fontes
1412 1108 1536 1176 post
1581 1099 1867 1173 Myrrham

272 1207 432 1265 venit
460 1203 698 1278 populus
740 1201 925 1257 Israel.
964 1198 1221 1271 Legimus
1248 1195 1308 1251 in
1349 1191 1659 1265 Propheta:
1707 1214 1727 1238 ι
1756 1191 1870 1247 Be-

273 1295 518 1354 nedicite
534 1291 776 1349 Domino
797 1289 865 1345 de
884 1287 1131 1344 fontibus
1149 1284 1497 1353 Israel(Psal.
1521 1297 1700 1347 van,
1718 1280 1858 1350 27).»

273 1385 549 1445 Dominus
577 1382 833 1441 Christus
874 1386 975 1447 est,
1027 1378 1122 1452 qui
1161 1391 1274 1433 non
1313 1374 1424 1431 nisi
1470 1388 1567 1447 per
1603 1370 1876 1445 apostolo-

274 1492 402 1534 rum
432 1491 526 1532 ora
552 1472 782 1540 dicitur,
814 1468 1322 1542 discipulorumque
1356 1461 1690 1521 doctrinam.
1731 1462 1875 1532 Apo-

274 1566 406 1624 stoli
426 1562 677 1622 discendi
698 1569 828 1618 sunt
844 1559 1043 1626 fontes;
1063 1557 1193 1632 quia
1207 1556 1374 1633 'velut
1396 1553 1573 1610 fontes
1593 1547 1877 1623 purissimi

275 1655 397 1727 (75)
433 1651 608 1727 gratia
636 1647 1045 1724 praedicationis
1091 1645 1416 1712 exuberant,
1470 1650 1523 1699 et
1573 1647 1695 1714 post
1729 1654 1875 1727 ama-

274 1726 583 1800 ritudinem
632 1738 771 1812 legis
821 1752 1087 1794 venarum
1134 1750 1357 1793 suarum
1404 1734 1551 1805 larga
1610 1726 1881 1801 sapientia

1983 551 2143 608 nobis
2171 548 2533 623 quadraginta
2559 548 2774 604 dierum
2804 545 2910 601 iter
2928 542 3192 600 debemus
3208 540 3362 597 omni
3394 540 3582 598 labore

1983 639 2272 708 conﬁcere,
2304 646 2359 694 et
2377 637 2706 711 quibusdam
2722 633 2877 709 quasi
2908 631 3102 690 castris
3119 647 3220 687 nos
3235 627 3581 702 jejuniorum

1983 727 2276 786 devotione
2325 726 2577 794 munire;
2617 732 2796 780 castra
2842 721 2990 779 enim
3025 718 3185 776 nobis
3232 725 3364 775 sunt
3394 725 3585 775 nostra

1977 816 2210 891 jejunia,
2260 832 2381 889 quae
2428 832 2529 872 nos
2566 832 2596 870 a
2624 812 2899 871 diabolica
2944 806 3352 883 oppugnatione
3382 806 3585 864 defen-

1984 905 2146 963 dunt.
2182 906 2433 979 Denique
2483 903 2748 959 stationes
2784 906 3074 967 vocantur,
3097 897 3244 971 quod
3284 903 3490 953 stantes
3527 902 3583 952 et

1983 1001 2386 1054 commorantes
2433 993 2493 1047 in
2530 990 2630 1060 eis,
2679 988 3038 1045 inimicorum
3082 986 3312 1043 insidias
3341 985 3584 1059 repella-

1985 1101 2127 1141 mus.
2177 1084 2367 1142 Castra
2399 1080 2546 1138 enim
2594 1087 2724 1135 sunt
2760 1077 2975 1149 jejunia
3020 1073 3375 1141 Christianis,
3409 1072 3580 1146 aqui-

1986 1176 2089 1232 bus
2115 1175 2162 1230 si
2190 1173 2313 1248 quis
2341 1170 2697 1237 aberraverit,
2732 1167 2800 1224 ab
2832 1166 3067 1239 spiritali
3099 1165 3382 1221 Pharaone
3413 1163 3585 1219 inva-

1986 1266 2159 1334 ditur,
2188 1273 2284 1321 aut
2313 1269 2666 1336 peccatorum
2687 1255 2994 1314 solitudine
3023 1254 3340 1310 devoratur.
3369 1253 3581 1310 Pecca-

1986 1363 2170 1411 torum
2211 1360 2394 1409 autem
2443 1347 2803 1406 solitudinem
2835 1344 3064 1418 patitur,
3095 1343 3191 1416 qui
3248 1340 3519 1398 deseritur
3551 1357 3583 1395 a

1987 1443 2246 1500 societate
2265 1447 2601 1497 sanctorum.

2060 1535 2113 1591 2.
2131 1536 2320 1592 Murus
2335 1532 2505 1606 igitur
2520 1528 2744 1603 quidam
2765 1534 2846 1584 est
2866 1524 3183 1586 Christiano
3193 1518 3585 1596 jejunium,in-

1990 1623 2374 1698 expugnabilis
2389 1622 2609 1678 diabolo
2629 1620 2770 1691 (78),
2794 1614 3312 1689 intransgressibilis
3335 1610 3585 1668 inimico.

1991 1713 2126 1782 Quis
2154 1712 2301 1768 enim
2330 1726 2575 1783 unquam
2606 1706 3046 1764 Christianorum
3079 1701 3376 1774 jejunavit,
3405 1707 3460 1755 et
3487 1714 3590 1755 ca-

273 1830 607 1891 sacramenti
640 1793 838 1903 pdcula
863 1825 1217 1884 dulcedinem
1247 1793 1516 1879 stillant.“
1531 1820 1644 1876 Nec
1672 1793 1875 1874 mirum
1913 1827 1960 1887 Β
1992 1815 2117 1880 plus
2137 1812 2218 1863 est
2239 1805 2267 1862 ?
2286 1803 2411 1877 quis
2439 1801 2656 1903 sobrius
2684 1798 2908 1903 mansit,
2937 1805 2990 1854 et
3020 1796 3199 1896 victus
3227 1802 3309 1851 est
3339 1794 3368 1850 ‘i’
3393 1793 3590 1849 Temu-

275 1922 327 1980 si
359 1928 526 1994 potus
562 1918 739 1976 dulcis
766 1924 849 1974 est
878 1916 1143 1985 fontium,
1193 1913 1253 1970 in
1283 1928 1520 1986 quorum
1558 1910 1687 1966 sinu
1722 1907 1882 1965 cibus

280 2012 505 2069 dulcior
561 2017 643 2066 est
687 2008 1012 2083 palmarum.
1059 2003 1311 2078 Apostoli
1356 2019 1485 2074 ergo
1515 2008 1645 2058 sunt
1676 1999 1879 2066 fontes,

281 2099 386 2175 qui
423 2100 593 2156 totius
619 2106 774 2155 terra:
802 2096 1002 2155 faciem
1033 2093 1298 2151 doctrinae
1324 2108 1436 2148 suae
1485 2089 1716 2146 ﬂumine
1744 2086 1884 2159 riga-

281 2196 515 2255 verunt,
535 2196 590 2245 et
618 2185 860 2261 fatigatis
885 2184 1130 2258 gentium
1160 2181 1381 2257 populis
1409 2188 1606 2253 potum
1635 2178 1753 2251 (76)
1787 2175 1886 2234 di-

278 2279 406 2337 vini
434 2277 690 2352 mysterii
719 2275 1108 2350 propinarunt.

351 2369 409 2426 8.
452 2368 810 2442 Septuaginta
838 2373 1023 2423 autem
1068 2364 1278 2438 palmas
1319 2361 1487 2435 juxta
1535 2359 1716 2416 fontes
1745 2373 1887 2429 apo-

276 2460 510 2518 stolicos
539 2467 820 2532 generatas
850 2456 1196 2530 septuaginta
1216 2453 1341 2510 illas
1391 2450 1696 2523 discipulos
1732 2447 1885 2503 dixe-

279 2550 416 2617 rim,
449 2548 544 2622 qui
578 2545 821 2605 secundo
848 2545 918 2602 ab
967 2542 1232 2617 apostolis
1277 2539 1449 2613 gradu
1476 2547 1701 2612 propter
1728 2537 1887 2592 salu-

280 2647 401 2696 tem
444 2636 737 2693 hominum
781 2651 813 2691 a
858 2632 1097 2691 Domino
1139 2629 1479 2704 diriguntur,
1530 2643 1668 2701 quos
1711 2627 1888 2683 Lucas

279 2727 628 2799 evangelista
664 2724 999 2792 describens,
1046 2722 1207 2779 binos
1262 2726 1317 2776 et
1369 2717 1531 2775 binos
1572 2716 1771 2774 asserit
1799 2714 1887 2772 de-

280 2818 525 2877 stinatos
589 2816 747 2888 (Luc.
798 2830 858 2883 x,
912 2813 990 2886 1).
1022 2811 1129 2879 Qui
1175 2825 1303 2867 vere
1344 2809 1500 2865 velut
1542 2806 1739 2880 palmae
1768 2811 1890 2879 post

278 2924 451 2967 curas
495 2904 787 2963 hominum
832 2920 958 2961 cum
1008 2898 1377 2959 exsultatione
1423 2897 1737 2966 redeuntes,
1777 2897 1890 2968 glo-

279 2998 507 3054 riantur
531 2993 678 3068 apud
694 2994 995 3051 Dominum
1018 2990 1126 3048 sibi
1145 2990 1313 3047 etiam
1332 2987 1607 3046 daemonia
1628 3002 1744 3043 esse
1764 2986 1889 3043 sub-

270 3086 449 3159 jecta.
482 3085 648 3143 Recte
672 3081 843 3157 igitur
866 3086 1252 3154 comparantur
1281 3076 1501 3151 palmis,
1546 3076 1644 3151 qui
1669 3077 1889 3150 palma-

277 3191 415 3233 rum
446 3172 674 3248 praemio
713 3170 920 3229 diaboli
942 3168 1203 3227 exstitere
1233 3166 1491 3225 victores.

881 3335 1117 3395 SERMO
1155 3334 1311 3392 XXI.

672 3468 751 3523 De
777 3473 966 3523 sancta
989 3462 1419 3535 Quadragesima
1446 3460 1517 3517 V.

277 3591 483 3652 Prima
510 3592 669 3664 hujus
697 3591 952 3648 sermonis
980 3589 1137 3664 verba
1164 3588 1314 3644 nobis
1346 3586 1583 3664 indicant
1598 3600 1716 3664 eum
1743 3582 1896 3664 ejus-

359 3665 502 3731 dem,
532 3653 685 3735 cujus
737 3665 840 3721 duo
870 3662 1190 3735 superiores,
1212 3659 1607 3735 parentis‘esse.
1638 3656 1759 3735 Nan
1782 3653 1896 3735 mi-

357 3726 686 3793 rum'autem
720 3737 859 3807 quod
885 3726 1002 3791 cum
1031 3726 1281 3807 agnoscat
1296 3729 1497 3807 jejunii
1528 3744 1633 3783 esse
1659 3726 1728 3783 40
1764 3726 1894 3790 dies,

359 3826 448 3864 eos
480 3814 652 3865 tamen
705 3804 773 3865 42
802 3804 1162 3865 mansionibus
1192 3804 1569 3862 Israelitarum
1603 3815 1897 3870 compara-

358 3880 498 3935 verit
518 3899 539 3952 ,j
567 3881 758 3952 quippe
785 3880 925 3952 quod
956 3879 1135 3935 eadem
1161 3874 1512 3952 comparatio,
1534 3877 1598 3952 ut
1613 3870 1894 3952 ,ἰατιιίᾀίφί-

362 3942 630 4020 mus,jain
651 3942 758 4005 iu'm
774 3942 942 4021 fuerit
967 3942 1374 4021 usurpata,cum
1393 3946 1462 4003 36
1483 3942 1897 4021 tantumdiebus

370 4014 789 4101 Quadragesima
814 4099 823 4101 Α
846 4014 1132 4101 constabat.
1381 4024 1557 4101 autem
1583 4015 1819 4101 dicitur
1840 4014 1898 4069 id

367 4091 540 4145 moris
594 4087 721 4156 esse,
768 4099 826 4147 ut
854 4091 1100 4146 stationes
1127 4092 1528 4161 appellarentur
1574 4087 1894 4161 iidemdies,

370 4178 448 4241 eat
510 4162 836 4241 Terttiitianp
889 4161 990 4241 tib.
1040 4157 1338 4241 den—Orat.
1372 4162 1467 4241 sub
1499 4162 1657 4241 ﬁnem
1710 4159 1799 4216 lib.
1827 4157 1895 4213 de

367 4232 552 4305 Jejun.
575 4239 624 4289 et
653 4234 741 4290 lib.
778 4234 846 4290 de
883 4231 1010 4305 Cor.
1028 4231 1204 4305 ,Milit.
1227 4231 1899 4305 sumptum‘videturqnon

368 4301 515 4361 secus
565 4321 630 4360 ac
685 4306 929 4361 Jonatha:
982 4304 1064 4357 hic
1124 4301 1268 4371 facta
1318 4301 1507 4357 mentio
1570 4321 1635 4358 ea;
1694 4303 1898 4360 Hiero-

366 4376 840 4506 ;mplibégAdv.
860 4374 1032 4448 Vigil.
1064 4389 1181 4445 cap.
1216 4373 1304 4439 10,
1341 4379 1390 4427 et
1420 4374 1677 4430 Cassium
1693 4374 1892 4433 Collat.

442 4491 462 4516 ,
483 4465 600 4521 cap.
624 4465 715 4506 zu.

1990 1898 2204 1953 lentum
2258 1892 2573 1967 aggreditur
2624 1890 2883 1948 diabolus
2927 1886 3280 1944 luxuriosum
3312 1888 3593 1956 oppugnat

1993 1988 2275 2045 inimicus.
2300 1985 2403 2042 Ubi
2436 1992 2615 2041 autem
2628 1981 2905 2055 jejunium
2938 1979 3162 2047 viderit,
3186 1976 3347 2048 fugit,
3373 1973 3594 2042 metuit,

1993 2074 2364 2151 pertimescit;
2408 2081 2642 2130 terretur
2667 2072 2878 2143 pallore
2916 2067 3057 2140 ejus,
3089 2066 3417 2123 debilitatur
3456 2062 3589 2118 ine-

1995 2167 2108 2236 dia,
2140 2163 2460 2221 inﬁrmitate
2491 2160 2858 2235 prosternitur
2884 2177 2895 2214 :
2921 2155 3310 2231 prosternitur,
3335 2153 3558 2225 inquam
3577 2193 3591 2219 ,

1997 2255 2341 2322 inﬁrmitate,
2416 2251 2544 2325 quia
2603 2247 2919 2307 Christiana
2975 2244 3271 2301 inﬁrmitas
3325 2240 3596 2297 fortitudo

1999 2355 2098 2405 est.
2133 2344 2288 2402 Unde
2316 2344 2393 2400 ait
2412 2342 2743 2414 Apostolus:
2802 2364 2821 2387 ι
2848 2338 2985 2396 Cum
3020 2336 3292 2403 inﬁrmor,
3324 2342 3460 2390 tunc
3488 2332 3598 2388 for-

1996 2436 2107 2493 tior
2135 2451 2256 2499 sum
2309 2435 2397 2504 (II
2427 2433 2553 2490 Cor.
2585 2447 2688 2497 χιι,
2726 2428 2838 2499 10),
2874 2450 2894 2476 ι
2956 2425 3063 2483 Sed
3107 2430 3315 2498 quaeret
3370 2421 3594 2495 aliquis,

1997 2523 2459 2601 quemadmodum
2488 2523 2561 2578 sit
2589 2520 2747 2577 fortis
2778 2517 3119 2575 inﬁrmitas?
3149 2517 3304 2571 Tunc
3323 2520 3404 2570 est
3439 2510 3601 2568 fortis

1998 2617 2314 2683 inﬁrmitas,
2339 2612 2560 2688 quando
2589 2627 2716 2667 caro
2736 2608 2969 2666 tabescit
2995 2606 3247 2680 jejuniis,
3268 2604 3455 2660 anima
3482 2619 3597 2675 pu-

1997 2706 2160 2763 ritate
2204 2700 2535 2776 pinguescit.
2570 2700 2850 2767 Quantum
2881 2696 3029 2753 enim
3062 2695 3148 2751 illi
3178 2694 3430 2752 ciborum
3460 2707 3597 2749 suc-

1997 2812 2095 2854 cus
2123 2790 2490 2859 subtrahitur,
2520 2795 2736 2844 tantum
2768 2785 2900 2843 huic
2923 2783 3155 2857 justitiae
3187 2782 3367 2838 virtus
3419 2796 3596 2853 auge-

1997 2894 2108 2942 tur.
2158 2883 2312 2939 Tunc
2357 2880 2527 2954 igitur
2575 2877 2743 2934 homo
2784 2874 3083 2932 imbecillis
3121 2871 3345 2947 quidem
3392 2877 3473 2926 est
3526 2870 3597 2926 ad

1999 2971 2283 3032 szecularia
2331 2985 2513 3044 opera,
2545 2966 2640 3024 sed
2681 2965 2841 3023 fortis
2887 2963 2956 3020 ad
2997 2962 3222 3020 divina:
3274 2969 3409 3017 tunc
3447 2958 3597 3015 enim

1998 3063 2172 3137 magis
2201 3063 2269 3119 de
2321 3062 2436 3118 Deo
2466 3058 2688 3131 cogitat,
2745 3064 2881 3113 tunc
2916 3052 3192 3127 judicium
3220 3049 3418 3108 metuit
3440 3048 3593 3137 ((79),

1928 3183 1972 3244 α
2002 3136 2136 3211 tunc
2173 3151 2350 3208 vincit
2378 3148 2691 3206 inimicum.
2727 3144 2823 3202 Ait
2852 3143 3001 3201 enim
3027 3141 3280 3241 Salvator
3306 3138 3373 3195 de
3394 3136 3597 3235 diabo-

2004 3244 2092 3299 lo:
2126 3242 2243 3297 Hoc
2268 3256 2437 3314 genus
2467 3254 2579 3294 non
2622 3234 2861 3308 ejicitur,
2895 3232 3006 3289 nisi
3051 3229 3269 3304 jejunio
3295 3235 3350 3285 et
3383 3225 3599 3283 oratio-

2000 3333 2164 3390 nibus
2216 3331 2431 3405 (Matth.
2480 3345 2624 3397 xvn,
2664 3326 2779 3399 20).
2830 3324 2980 3383 Dicit
3050 3322 3244 3395 utique
3291 3336 3323 3376 a
3375 3317 3597 3375 diabolo

2001 3435 2430 3495 energumenum
2470 3433 2581 3474 non
2616 3415 2725 3474 nisi
2765 3412 2994 3488 jejuniis
3024 3426 3180 3486 posse
3210 3408 3454 3483 purgari.
3488 3406 3599 3463 Vi-

2002 3493 2293 3581 deteiergo
2334 3524 2455 3582 quae
2500 3505 2702 3579 jejunii
2748 3504 2929 3560 virtus
2966 3502 3057 3571 sit,
3091 3505 3352 3575 quantam
3380 3493 3599 3553 homini

2003 3615 2102 3655 suo
2134 3603 2352 3670 praestet
2401 3595 2653 3669 gratiam,
2711 3592 2856 3666 quod
2908 3598 3114 3647 tantam
3168 3593 3389 3661 prastet
3440 3582 3599 3641 alteri

2004 3686 2336 3745 medicinam
2381 3704 2393 3742 :
2444 3681 2909 3758 quemadmodum
2960 3678 3247 3753 proprium
3294 3671 3599 3732 sanctiﬁcat

2004 3777 2288 3834 hominem
2313 3796 2323 3805 ·
2345 3776 2493 3850 quod
2519 3775 2595 3831 ita
2610 3773 2870 3847 puriﬁcet
2891 3771 3158 3828 alienum.
3187 3768 3326 3827 Mira
3340 3765 3489 3824 enim
3512 3779 3601 3819 res
3667 3827 3684 3838 ν

2005 3875 2108 3937 est,
2137 3867 2276 3924 alter
2316 3865 2551 3939 jejunat,
2584 3871 2638 3919 et
2678 3862 2837 3919 alteri
2869 3860 3091 3935 prodest
3129 3857 3203 3931 jej
3215 3855 3435 3914 unantis
3477 3852 3601 3910 uti-

2007 3958 2154 4015 litus.

2078 4047 2131 4104 3.
2162 4047 2327 4121 Ergo,
2359 4045 2573 4115 fratres,
2600 4043 2947 4103 abstinentia;
2974 4057 3126 4099 arma
3153 4035 3383 4095 minime
3418 4032 3600 4121 depo-

2006 4151 2220 4205 namus,
2245 4120 2298 4192 et
2318 4135 2680 4209 quadraginta
2706 4134 2917 4191 dierum
2946 4127 3159 4204 jejunia
3184 4126 3304 4183 sine
3323 4120 3599 4180 intermis-

2005 4225 2158 4282 sione
2189 4207 2461 4281 curemus.
2503 4207 2605 4280 Hic
2633 4230 2716 4278 est
2751 4221 2901 4278 enim
2930 4218 3206 4295 perfectus
3234 4225 3498 4270 numerus
3530 4207 3600 4265 ad

2005 4313 2341 4371 vincendum
2370 4332 2386 4381 ;
2436 4311 2709 4370 Dominus
2748 4309 2896 4367 enim
2925 4307 3208 4366 diabolum
3243 4310 3598 4378 posteaquam

2005 4403 2366 4479 quadraginta
2403 4402 2520 4460 dies
2546 4400 2843 4474 jejunavit,
2874 4398 3063 4468 evicit,
3094 4413 3206 4454 non
3235 4394 3383 4470 quod
3410 4399 3465 4448 et
3492 4407 3601 4447 an—

2008 4504 2061 4553 te
2083 4495 2299 4570 jejunia
2332 4510 2457 4551 eum
2486 4492 2709 4549 vincere
2739 4509 2852 4548 non
2881 4490 3184 4566 potuisset;
3208 4486 3305 4545 sed
3332 4492 3396 4542 ut
3420 4490 3600 4541 osten-

372 4592 423 4650 1.
464 4590 809 4650 Intellexisse
855 4607 956 4648 vos
992 4589 1178 4659 credo,
1210 4588 1409 4645 fratres
1462 4586 1605 4661 (77),
1656 4603 1754 4643 cur
1780 4587 1898 4645 haec
1927 4550 1981 4612 D
2007 4550 2372 4644 desiisse
2413 4591 2549 4641 tunc
2578 4599 2679 4639 nos
2731 4550 2942 4640 diaboli
2992 4595 3149 4653 posse
3170 4550 3297 4634 Iesse
3341 4574 3602 4642 victores,

290 4691 488 4741 nostra
509 4681 724 4755 jejunia
753 4681 867 4739 illis
920 4679 1302 4738 mansionibus
1330 4677 1789 4757 comparaverim,
1837 4678 1895 4733 in

290 4771 504 4848 quibus
532 4772 768 4846 populus
787 4772 951 4829 Israel
977 4779 1237 4845 tanquam
1260 4770 1320 4827 in
1349 4770 1636 4845 procinctu
1657 4770 1892 4844 quodam

292 4861 515 4936 positus
541 4860 881 4918 Pharaonem
938 4877 1118 4934 regem
1159 4860 1488 4934 quotidiano
1522 4860 1708 4918 labore
1736 4876 1893 4934 supe-

293 4951 468 5023 ravit,
496 4960 552 5009 et
577 4951 646 5009 ab
679 4951 922 5009 inimicis
968 4950 1082 5007 suis
1130 4950 1285 5023 quasi
1342 4950 1671 5024 quibusdam
1702 4949 1897 5007 castris

293 5040 651 5099 mansionum
681 5058 796 5099 sese
824 5039 1061 5097 statione
1089 5036 1375 5104 defendit;
1400 5038 1477 5092 ita
1496 5044 1559 5092 ut
1576 5036 1895 5110 quicunque

291 5148 370 5188 ex
390 5130 491 5187 illo
523 5132 907 5188 comitantium
938 5143 1170 5185 numero
1198 5125 1415 5182 diurnae
1442 5123 1699 5181 stationis
1721 5125 1896 5196 spatia

293 5236 413 5277 non
443 5220 705 5290 confecit,
753 5226 848 5276 aut
892 5217 1106 5274 Pharao
1155 5215 1316 5271 illum
1345 5212 1720 5287 occupaverit,
1746 5220 1894 5278 418

372 5355 493 5428 (74)
526 5357 685 5413 Rom.
718 5354 852 5428 edit.
884 5355 1018 5428 sola,
1059 5358 1106 5407 et
1157 5368 1411 5408 arenosum
1448 5350 1751 5428 voraginem
1774 5395 1792 5428 _.
1830 5393 1842 5405 .
1881 5393 1893 5406 .

288 5422 424 5503 post
450 5422 644 5485 maran
674 5426 857 5503 venit;
904 5424 999 5481 sed
1045 5438 1174 5503 mss.
1233 5440 1296 5503 ac
1333 5430 1443 5480 vet.
1500 5422 1640 5481 edit.
1692 5422 1898 5496 ubique

295 5496 570 5571 scribunt,
603 5498 897 5573 myrrham,
930 5496 1169 5573 myrrha,
1200 5502 1304 5551 etc.

374 5573 491 5656 (75)
520 5564 679 5656 Yet:
709 5564 889 5637 edit.,
923 5564 1049 5656 quia
1090 5583 1293 5656 pmnesr
1318 5564 1645 5656 purissimi;
1706 5566 1894 5656 lion},

336 5638 429 5700 uia
453 5638 594 5701 uelut
619 5659 797 5699 amnes
820 5638 1146 5714 purissimi;
1194 5654 1325 5714 mss.
1376 5646 1441 5695 ut
1484 5654 1585 5714 nos
1613 5638 1672 5714 in
1712 5644 1892 5693 textu.

351 5732 510 5774 ursus
537 5732 691 5785 vero,
718 5709 955 5772 ubi—vet.
1000 5710 1133 5770 edit.
1143 5752 1161 5782 ,
1201 5711 1355 5785 larga
1407 5709 1669 5785 sapientia
1697 5725 1895 5767 sacra-

2004 4694 2130 4734 cum
2161 4692 2258 4750 per
2312 4674 2674 4750 quadraginta
2702 4672 2822 4730 dies
2850 4672 3088 4729 victores
3110 4664 3417 4741 jejunando
3445 4663 3607 4721 desi—

2003 4766 2283 4823 deriorum
2330 4764 2635 4822 carnalium
2688 4762 3020 4819 fuissemus:
3079 4772 3205 4814 eum
3235 4768 3452 4829 quoque
3508 4750 3602 4826 qui

2003 4855 2152 4912 hunc
2204 4871 2498 4912 numerum
2565 4859 2939 4911 consecratum
2995 4846 3133 4921 gula:
3181 4840 3603 4917 intemperantia

2005 4946 2281 5016 violasset,
2321 4956 2583 5021 tanquam
2644 4926 2979 5000 imbecillem
3030 4947 3084 4995 et
3121 4938 3383 4994 miserum
3440 4931 3602 4989 facile

2005 5054 2130 5095 eum
2158 5037 2225 5094 ab
2245 5037 2477 5094 inimico
2494 5052 2650 5110 posse
2664 5030 2928 5106 superari.
2944 5028 3234 5099 Quomodo
3254 5025 3399 5083 enim
3424 5028 3601 5096 potest

2005 5126 2063 5181 in
2092 5127 2264 5183 altero
2318 5124 2528 5181 diaboli
2571 5120 2984 5197 improbitatem
3031 5119 3274 5180 vincere.
3306 5114 3403 5189 qui
3460 5111 3600 5183 gula:

2005 5214 2487 5288 intemperantiam
2520 5213 2578 5269 in
2608 5229 2666 5270 se
2692 5211 2812 5286 ipso
2844 5226 2957 5268 non
2986 5208 3163 5266 vincit
3183 5207 3211 5262 7
3252 5204 3413 5261 Prius
3449 5215 3598 5271 ergo,

2009 5351 2179 5404 menta
2197 5342 2604 5421 powii,_codex
2630 5340 2905 5421 Valli‘scl?
2940 5340 3092 5410 larga
3120 5332 3599 5421 sapientia_sa_cra-

2004 5412 2393 5490 mentapoculi;
2412 5414 2584 5487 Lugd.
2615 5430 2747 5470 vero
2774 5412 3064 5470 lectionem
3107 5414 3516 5483 anteponimus.

2079 5490 2196 5525 mm
2220 5489 2406 5525 ρηιοτ
2436 5486 2661 5525 ναΙΙίιιηΙ
2730 5483 2899 5525 diuini
2917 5477 3199 5525 ministerii
3220 5476 3580 5525 m-omnarunt

2104 5485 2207 5635 76;
2220 5489 2409 5548 Codex
2436 5485 2709 5569 Valliscl.,
2730 5485 2900 5541 divini
2917 5485 3199 5557 ministerii
3217 5485 3599 5601 ingruerunt.

2107 5562 2171 5635 77
2220 5562 2380 5635 Hom.
2411 5559 2544 5635 edit.
2587 5558 2721 5623 sola,
2746 5555 2970 5635 fratres,
2999 5560 3598 5635 superior'emomtnic'a.

2106 5615 2197 5709 183
2224 5615 2664 5709 maneam...
2680 5615 2905 5709 εὶίηννίε
2925 5615 3599 5709 ,ίθιςίέἰῖὲφιῖφξέίὶίέΨΨΡιο-

2108 5694 2198 5777 79)
2230 5703 2419 5764 Codex
2440 5694 2667 5761 Valliscl
2690 5742 2729 5770 .,
2778 5703 2897 5752 tunc
2905 5694 3171 5767 judicium
3196 5706 3305 5746 non
3324 5694 3529 5748 metuit.
