4064 6178
435 352 541 410 667

1451 351 1548 407 AD
1585 350 1820 408 OPEBA
1861 348 1917 405 S.
1960 347 2295 408 AMBROSII
2331 348 2711 407 APPENDIX.

3624 353 3737 412 668

434 479 623 548 homo,
652 477 736 536 tui
766 477 943 535 victor
961 485 1114 546 esto;
1147 485 1210 536 ut
1237 477 1411 551 possis
1438 494 1552 533 esse
1564 477 1742 534 victor
1770 477 2015 534 alterius.
2050 477 2101 538 A
2128 476 2314 531 ritales
2340 477 2694 550 carnalesque
2721 474 3044 543 vincamus;
3078 475 3345 534 habemus
3372 478 3545 548 enim,
3582 480 3737 538 sicut

432 568 573 627 Sunt
597 568 743 625 enim
771 567 916 624 intra
939 574 994 624 te
1034 567 1244 641 proprii
1275 567 1378 624 tibi
1410 567 1615 636 hostes,
1645 568 1741 641 qui
1772 566 2023 642 quotidie

430 665 487 715 te
531 665 893 732 oppugnant;
947 674 1072 716 ecce
1126 658 1274 714 enim
1323 657 1555 714 avaritia
1598 666 1649 714 te
1697 657 2021 715 divitiarum

430 745 732 803 ambitione
758 746 1144 817 circumvenit,
1168 747 1392 803 luxuria
1421 748 1708 820 epularum
1754 746 2025 804 suavitate

428 834 690 908 captivat,
730 835 954 894 haeresis
1000 837 1244 893 scientias
1287 837 1526 893 falsitate
1571 836 1837 910 pervertit
1878 836 2019 910 (80).

429 923 604 982 Vince
650 940 778 997 ergo
830 925 1088 983 inimicos
1152 927 1424 1001 proprios,
1470 934 1532 983 ut
1578 925 1801 983 vincere
1846 924 2024 998 possis

426 1012 655 1069 alienos.

498 1111 551 1170 4.
580 1112 703 1170 Non
731 1110 902 1180 enim,
934 1110 1151 1180 fratres,
1182 1111 1301 1167 leve
1320 1118 1607 1183 peccatum
1633 1116 1734 1177 est,
1764 1107 2023 1165 ﬁdelibus

427 1200 692 1261 indictam
738 1200 1209 1275 quadragesimam
1239 1216 1271 1255 a
1299 1199 1539 1256 Domino
1567 1197 1776 1254 violare
1804 1204 1859 1253 et
1881 1195 2021 1269 jeju-

425 1291 519 1349 nia
543 1298 859 1349 consecrata
906 1290 1118 1347 ventris
1146 1290 1446 1346 voracitate
1493 1289 1815 1346 dissolvere.
1863 1287 2021 1343 Scri—

423 1389 579 1454 ptum
608 1387 691 1438 est
734 1380 920 1438 enim:
962 1402 981 1427 ‹
1018 1380 1124 1449 Qui
1144 1380 1282 1436 dicit
1314 1396 1372 1436 se
1404 1379 1461 1435 in
1508 1378 1732 1437 Christo
1776 1393 2019 1442 manere,

424 1470 586 1528 debet
612 1471 757 1528 sicut
785 1470 879 1527 ille
908 1470 1235 1537 ambulavit,
1267 1478 1321 1527 et
1342 1470 1459 1544 ipse
1478 1469 1761 1527 ambulare
1786 1469 1843 1540 (Ι
1857 1468 2017 1524 Joan.

426 1578 486 1629 υ,
517 1560 621 1632 6).»
652 1559 709 1617 Si
740 1560 825 1617 vis
852 1575 981 1633 ergo
1007 1558 1359 1617 Christianus
1388 1576 1522 1627 esse,
1547 1558 1712 1615 debes
1741 1557 2019 1632 quomodo

422 1657 477 1706 et
504 1649 757 1708 Christus
811 1650 1094 1707 ambulare
1144 1649 1285 1723 (81).
1317 1649 1417 1706 Ille
1460 1649 1554 1722 qui
1584 1655 1870 1722 peccatum
1906 1663 2019 1703 non

421 1739 676 1809 habebat,
700 1739 1172 1813 quadragesimam
1194 1737 1509 1811 jejunavit:
1544 1746 1605 1794 tu
1629 1754 1742 1794 non
1773 1736 1858 1793 vis
1889 1753 2018 1810 qua-

421 1827 781 1900 dragesimam
806 1827 1075 1901 jejunare,
1150 1826 1245 1901 qui
1285 1827 1525 1901 peccas?
1586 1828 1705 1896 Ille,
1764 1826 2014 1900 inquam,
2045 1846 2092 1908 Β

416 1926 704 1991 peccatum
759 1934 873 1974 non
903 1917 1159 1987 habebat,
1210 1917 1305 1975 sed
1336 1934 1435 1992 pro
1487 1917 1693 1975 nostris
1734 1914 2017 1989 jejunavit

418 2007 673 2081 peccatis.
707 2006 896 2075 Qualis
924 2024 1052 2081 ergo
1081 2008 1226 2082 apud
1254 2008 1648 2065 conscientiam
1678 2014 1830 2064 tuam
1860 2006 2015 2065 Chri-

416 2098 629 2156 stianus
669 2115 744 2169 es,
776 2117 902 2157 cum
934 2099 1159 2158 Christo
1188 2116 1287 2174 pro
1326 2107 1380 2156 te
1416 2100 1713 2169 esuriente,
1762 2108 1823 2155 tu
1854 2117 2013 2173 pran-

415 2187 511 2245 des
531 2188 559 2245 ?
586 2205 713 2245 cum
748 2188 1028 2247 Salvatore
1058 2207 1158 2263 pro
1189 2197 1243 2245 te
1261 2188 1572 2262 jejunante,
1598 2197 1657 2245 tu
1683 2190 1863 2247 reﬁcis
1880 2190 1908 2245 ?

483 2277 538 2333 5.
566 2278 687 2334 Non
723 2277 914 2351 igitur,
948 2279 1094 2336 sicut
1123 2278 1266 2348 dixi,
1287 2280 1405 2335 leve
1434 2294 1598 2352 pecca
1626 2295 1720 2334 um
1750 2286 1833 2334 est
1871 2278 2013 2335 indi-

414 2374 565 2423 ctum
593 2368 806 2426 violare
837 2367 1137 2441 jejunium.
1171 2371 1307 2427 Nam
1342 2377 1406 2426 ut
1459 2369 1565 2426 hoc
1593 2369 1861 2441 exemplis
1890 2369 2013 2426 bre-

412 2454 556 2512 viter
578 2458 962 2531 approbemus,
992 2459 1224 2533 legimus
1245 2442 1489 2516 inlibris
1518 2459 1851 2534 Regnorum,
1884 2476 2011 2516 cum

412 2543 544 2601 Saul
572 2562 672 2603 rex
717 2547 882 2605 Israel
929 2548 1139 2607 bellum
1188 2559 1381 2606 contra
1411 2549 1746 2624 Allophylos
1776 2559 2007 2622 gereret,

411 2633 671 2692 universo
699 2651 823 2693 eum
871 2637 1142 2696 exercitui
1186 2638 1454 2696 indixisse
1472 2638 1769 2711 jejunium,
1800 2648 1854 2696 et
1890 2639 2008 2696 abs-

410 2723 717 2783 tinentibus
737 2726 973 2798 cunctis,
1015 2744 1141 2784 eum
1165 2736 1359 2785 contra
1396 2728 1737 2786 adversarios
1764 2746 2007 2804 pugnare

406 2815 635 2889 cmpisse
680 2818 739 2888 (Ι
760 2820 884 2891 Reg.
922 2834 1044 2889 xiv,
1096 2818 1165 2876 24
1204 2838 1311 2893 seq.
1342 2825 1387 2895 ).
1422 2820 1627 2883 Bonus
1660 2822 1823 2895 plane
1883 2839 2003 2892 rex,

407 2904 503 2978 qui
549 2904 734 2963 hostes
781 2924 910 2963 suos
963 2924 1076 2964 non
1116 2916 1227 2964 tam
1279 2908 1446 2966 armis
1492 2927 1657 2984 quam
1705 2909 2005 2968 devotione

405 2993 681 3051 vincebat.
712 3002 767 3053 et
795 2997 919 3069 plus
962 2995 1264 3054 dimicabat
1305 2998 1591 3070 religione,
1640 3017 1803 3074 quam
1852 3001 1998 3061 telis.

407 3080 542 3141 Cum
561 3098 690 3155 ergo
719 3082 848 3141 Saul
877 3082 1271 3143 abstinentiam
1298 3088 1409 3145 diei
1430 3088 1545 3146 suis
1570 3090 1829 3147 omnibus
1858 3091 1999 3148 indi-

404 3172 598 3242 xisset,
629 3180 683 3230 et
710 3173 973 3233 Jonathas
994 3174 1113 3249 ejus
1136 3176 1286 3234 filius
1313 3179 1570 3252 praecepti
1586 3181 1827 3252 nescius,
1853 3181 1999 3239 inter

404 3263 612 3322 medias
642 3263 887 3323 hostium
916 3266 1062 3324 acies
1077 3267 1256 3327 victor
1286 3268 1543 3326 incedens
1572 3269 1761 3327 favum
1791 3272 1993 3342 mellis,

403 3354 650 3414 invincta
686 3357 886 3432 sceptri
920 3359 1256 3430 summitate,
1302 3367 1605 3433 gustasset;
1641 3370 1794 3419 tanta
1857 3367 1995 3425 419

401 3454 709 3532 indignatio
765 3467 989 3533 repente
1034 3468 1313 3517 commota
1371 3468 1472 3529 est,
1509 3468 1571 3517 ut
1602 3470 1656 3518 et
1683 3461 1999 3519 diﬂ‘erretur

401 3546 657 3617 victoria,
688 3558 742 3607 et
782 3551 1048 3607 divinitas
1095 3549 1404 3606 laederetur.
1436 3552 1687 3625 Denique
1718 3567 1823 3608 nec
1849 3552 1997 3608 bello

399 3635 530 3692 ﬁnis
580 3638 906 3710 imponitur,
965 3655 1066 3696 nec
1094 3640 1207 3712 regi
1240 3655 1562 3712 responsum
1608 3636 1993 3714 propheticum

397 3723 578 3782 datur.
614 3727 767 3784 Unde
793 3727 1159 3804 intelligimus
1182 3731 1331 3806 quod
1358 3733 1485 3789 Saul
1518 3732 1701 3792 hostes
1738 3749 1850 3790 non
1883 3742 1995 3790 tam

398 3815 606 3875 virtute
615 3818 1048 3895 militum,quam
1067 3822 1307 3879 militum
1319 3822 1654 3881 abstinentia
1672 3823 1988 3895 superabat.

399 3907 646 3982 Denique
678 3910 844 3968 unius
872 3912 1034 3985 culpa
1078 3914 1297 3971 cunctis
1346 3915 1628 3972 confertur
1673 3914 1913 3989 ignavia,
1940 3922 1994 3971 et

415 4000 584 4058 unius
617 4001 821 4059 delicto
847 4004 1105 4061 omnibus
1134 4018 1423 4078 generatur
1451 4005 1779 4074 inﬁrmitas;
1807 4006 1995 4064 deficit

394 4091 544 4148 enim
571 4091 750 4151 virtus
774 4093 833 4151 in
884 4095 1154 4165 exercitu,
1184 4094 1280 4152 ubi
1309 4094 1496 4154 deﬁcit
1520 4097 1580 4154 in
1610 4095 1992 4152 observatione

388 4180 687 4255 jejunium.
721 4182 879 4252 Quod
898 4194 959 4241 ut
985 4194 1267 4259 peccatum
1288 4186 1417 4243 Saul
1445 4203 1516 4243 ex
1543 4186 1659 4261 iqsa
1678 4184 1991 4242 divinitatis

394 4270 695 4330 offensione
741 4275 1022 4347 cognovit,
1062 4276 1249 4331 statim
1283 4275 1531 4333 Jonathas
1563 4275 1709 4332 dixit
1738 4290 1849 4332 non
1875 4291 1989 4332 esse

394 4362 751 4433 parcendum,
782 4364 877 4421 sed
906 4372 1189 4438 peccatum
1228 4365 1531 4423 admissum
1575 4365 1842 4422 effusione
1871 4363 1989 4436 ejus

393 4448 677 4520 sanguinis
705 4453 1061 4524 expiandum.
1084 4455 1282 4513 Videte
1308 4463 1513 4529 quanta
1545 4454 1692 4530 apud
1730 4455 1857 4512 Saul
1890 4470 1988 4510 re—

2133 565 2327 634 nostis,
2368 573 2421 622 et
2439 567 2684 623 carnales
2712 564 3272 638 hostes.-Jejunemus
3298 566 3491 639 igitur,
3532 576 3596 624 nt
3641 587 3738 627 eos

2133 654 2407 712 exercitus
2457 663 2644 711 noster
2698 663 2753 712 et
2801 656 2929 712 Saul
2978 663 3198 729 superet
3227 665 3281 713 et
3322 656 3589 716 obtineat.
3621 658 3739 718 Nec

2134 745 2192 801 in
2221 745 2555 803 abstinentia
2583 747 2747 820 positi
2784 747 3127 804 declinemus
3173 747 3244 804 ad
3291 748 3518 817 favum;
3571 749 3738 808 favus

2133 838 2278 895 enim
2310 841 2559 913 quaedam
2598 840 2792 897 mundi
2830 848 2912 897 est
2928 842 3204 913 voluptas,
3237 857 3333 898 seu
3359 841 3516 912 vitia,
3561 865 3582 890 ι
3609 859 3737 917 quas

2131 928 2277 986 sicut
2304 928 2569 1001 scriptum
2617 936 2719 999 est,
2750 930 2820 986 ad
2878 938 3096 1002 tempus
3126 930 3348 1003 quidem
3382 930 3740 1005 impinguant

2131 1019 2335 1087 fauces,
2368 1020 2669 1076 novissima
2696 1020 2966 1076 amariora
2998 1028 3126 1076 sunt
3156 1020 3286 1076 felle
3304 1019 3495 1091 (Prov.
3521 1039 3580 1092 γ,
3610 1022 3722 1094 4)..

2132 1108 2363 1166 Uremus
2392 1109 2561 1182 igitur
2592 1109 2732 1181 (83),
2766 1118 2827 1165 ut
2859 1109 3020 1165 nobis
3036 1108 3421 1181 jejunantibus
3453 1109 3548 1166 ille
3568 1111 3736 1184 spiri-

2130 1202 2297 1257 tualis
2324 1202 2485 1257 favus
2521 1218 2551 1257 a
2575 1201 2819 1258 Domino
2850 1201 3136 1273 largiatur,
3168 1200 3263 1274 qui
3294 1201 3352 1256 in
3379 1208 3586 1258 aeterna
3608 1202 3736 1260 bea-

2131 1291 2370 1347 titudine
2417 1291 2477 1346 in
2533 1290 2717 1363 palato
2769 1291 2945 1348 faucis
2973 1290 3172 1347 animae
3200 1289 3363 1347 nobis
3399 1290 3685 1350 dulcescat
3716 1310 3731 1349 :

2129 1379 2248 1453 ipso
2275 1380 2590 1451 adjuvante,
2623 1382 2718 1455 qui
2748 1381 2893 1437 vivit
2920 1390 2975 1438 et
3020 1389 3214 1453 regnat
3242 1381 3302 1437 in
3331 1382 3536 1439 saecula
3562 1399 3736 1441 sacu-

2130 1472 2330 1541 lorum,
2360 1486 2540 1527 amen.

2693 1578 2928 1636 SERMO
2986 1577 3165 1634 XXII.

2472 1671 2561 1727 De
2589 1678 2774 1725 sancta
2811 1668 3238 1741 Quadragesima
3265 1667 3364 1725 VI.

2126 1760 2226 1817 Hic
2242 1777 2423 1841 sermo
2441 1760 2527 1841 “in
2553 1760 2875 1841 antiqaedit.
2907 1759 3258 1841 acpierisque
3312 1774 3436 1841 mss.
3466 1760 3733 1841 superio-

2197 1832 2347 1889 ribus
2377 1832 2548 1887 tribus
2572 1832 2817 1903 proxime
2864 1830 3183 1900 subjicitur;
3232 1830 3373 1885 unde
3424 1830 3733 1901 conjectura

2195 1905 2382 1975 aliqua
2409 1904 2531 1959 duci
2554 1910 2741 1976 potest,
2760 1920 2877 1958 eum
2904 1903 2970 1958 ab
2999 1903 3223 1958 illorum
3265 1908 3479 1976 auctore
3500 1974 3506 1976 Α
3525 1903 3736 1974 profe-

2198 1974 2335 2032 ctuin
2374 1994 2498 2031 esse.
2528 1974 2710 2048 Ipsius
2741 1982 2911 2048 tamen
2927 1975 3287 2048 styluspaurlo
3317 1974 3576 2048 humilior
3615 1982 3693 2030 est
3716 1994 3735 2031 :

2196 2050 2284 2104 sed
2303 2049 2535 2104 eumdem
2554 2046 2587 2103 ἱι
2604 2048 2827 2102 dictione
2845 2046 3115 2101 Ambrosii
3140 2047 3305 2119 multo
3328 2046 3537 2119 longius
3560 2065 3731 2104 remo.

2195 2126 2275 2176 vet
2304 2120 2402 2176 illa
2431 2120 2762 2192 simplicitas,
2791 2136 2951 2189 quam
2978 2137 3013 2174 a
3040 2118 3293 2177 Maximi.

2196 2228 2247 2284 1.
2295 2229 2417 2285 Non
2451 2244 2624 2300 usque
2660 2228 2797 2284 adeo
2826 2225 3147 2283 contristari
3184 2224 3472 2295 debemus,
3505 2226 3729 2296 fratres,

2122 2316 2268 2389 quod
2297 2315 2355 2371 in
2386 2315 2473 2373 his
2498 2316 2936 2388 Quadragesima:
2966 2314 3163 2371 diebus
3184 2313 3420 2371 tentatio
3436 2314 3604 2371 nobis
3629 2317 3732 2373 tri-

2119 2405 2420 2463 bulationis
2448 2404 2710 2474 advenit;
2744 2403 3005 2478 quoniam
3027 2412 3079 2461 et
3102 2404 3445 2461 Salvatorem
3468 2413 3729 2462 nostrum

2119 2503 2341 2570 propter
2378 2496 2551 2568 ipsam
2582 2494 3064 2568 Quadragesimam
3104 2493 3360 2552 videmus
3394 2509 3511 2550 esse
3543 2502 3729 2551 tenta-

2117 2594 2257 2643 tum.
2288 2585 2472 2643 Minus
2502 2603 2629 2659 ergo
2659 2586 2845 2643 dolere
2871 2584 3134 2641 debemus
3177 2584 3406 2653 servuli,
3441 2585 3575 2657 quia
3602 2586 3731 2641 Do—

2117 2680 2256 2737 mini
2287 2680 2552 2737 habemus
2581 2680 2918 2752 exemplum.
2946 2678 3053 2735 Ubi
3082 2678 3231 2734 enim
3262 2686 3344 2734 est
3363 2677 3566 2734 similis
3585 2695 3721 2734 cum

2115 2768 2335 2828 Christo
2364 2769 2610 2839 devotio,
2642 2769 2845 2826 similis
2864 2776 2947 2826 est
2970 2775 3164 2826 etcum
3194 2766 3414 2827 Christo
3443 2766 3722 2835 tentatio;

2112 2859 2486 2918 conditionem
2516 2859 2666 2916 enim
2702 2858 2865 2915 nobis
2893 2856 3165 2915 tolerandi
3197 2857 3435 2931 imponit
3464 2856 3726 2913 conditio

2105 2949 2415 3023 jejunandi.
2449 2950 2743 3010 Credimus
2770 2958 2954 3007 autem
2984 2949 3132 3024 quod
3164 2950 3310 3007 sicut
3344 2947 3599 3005 Salvator
3617 2964 3723 3004 no-

2110 3046 2223 3097 ster
2260 3041 2546 3098 diabolum
2578 3058 2704 3098 cum
2734 3048 3061 3108 tentaretur,
3094 3037 3360 3107 obtinuit,
3417 3038 3492 3094 ita
3520 3044 3576 3092 et
3607 3054 3725 3095 nos

2109 3131 2294 3188 hostes
2342 3139 2579 3200 nostros,
2605 3146 2733 3188 cum
2783 3128 3139 3196 tribulamur,
3172 3142 3330 3200 posse
3377 3125 3718 3194 devincere;

2028 3215 2072 3276 C
2099 3221 2314 3294 jejunia
2342 3221 2491 3277 enim
2522 3220 2730 3279 Christi
2767 3218 2969 3275 tentari
3013 3225 3263 3292 possunt,
3313 3232 3427 3273 non
3475 3225 3719 3289 possunt

2108 3312 2372 3386 superari.
2406 3310 2705 3384 Angustias
2733 3309 2960 3384 quidem
2980 3308 3039 3364 in
3067 3306 3449 3366 observatione
3480 3305 3715 3376 habent,

2106 3401 2201 3458 sed
2249 3401 2665 3476 prosperitatem
2708 3399 2963 3456 tribuunt
3010 3406 3065 3455 et
3108 3398 3362 3455 salutem.
3404 3394 3718 3453 Videamus

2107 3490 2277 3563 igitur
2306 3491 2451 3547 inter
2479 3498 2701 3547 caeteras
2738 3489 3096 3559 tentationes,
3128 3504 3235 3562 qua
3259 3485 3566 3544 Dominum
3592 3484 3714 3542 dia-

2105 3582 2268 3638 bolus
2295 3589 2412 3639 arte
2441 3582 2689 3639 lacessat.

2176 3671 2229 3728 2.
2249 3671 2387 3729 Cum
2418 3671 2565 3727 enim
2585 3686 2750 3744 super
2769 3670 2996 3743 pinnam
3018 3675 3189 3726 staret
3215 3664 3408 3738 templi
3429 3664 3708 3733 Salvator,

2105 3760 2182 3818 ait
2219 3760 2472 3818 diabolus
2502 3780 2513 3818 :
2559 3760 2646 3817 εει
2670 3759 2850 3816 Filius
2873 3758 2973 3816 Dei
3005 3773 3082 3827 es,
3116 3757 3277 3813 mitte
3308 3763 3358 3811 te
3384 3755 3695 3824 deorsum,a

2105 3861 2158 3909 et
2186 3852 2398 3924 reliqua
2426 3852 2639 3921 (Matth.
2674 3867 2750 3919 1v,
2782 3850 2863 3922 6).
2890 3850 3031 3907 Vere
3064 3846 3351 3904 diabolica
3380 3844 3596 3902 fraudis
3621 3860 3707 3900 as-

2104 3941 2245 4001 tutia
2270 3940 2689 3999 consuetudinis
2722 3956 2835 3997 sua;
2864 3938 3067 3995 nititur
3091 3944 3417 4025 afgumento
3441 3953 3456 4004 ;
3488 3950 3710 4006 semper

2101 4031 2250 4089 enim
2279 4031 2562 4104 religiosos
2590 4030 2657 4087 de
2679 4027 3054 4101 superioribus
3080 4024 3316 4100 dejicere
3342 4024 3411 4081 ad
3436 4024 3709 4080 inferiora

2100 4130 2349 4191 conatur,
2382 4127 2436 4176 et
2468 4121 2535 4177 de
2590 4119 2795 4176 sanctis
2841 4136 2904 4176 ac
2933 4115 3260 4174 venerandis
3288 4114 3501 4171 actibus
3530 4112 3706 4170 dedu-

2099 4229 2220 4271 cere
2248 4213 2317 4269 ad
2358 4219 2576 4268 terrena
2603 4217 2658 4266 et
2686 4224 2906 4267 caenosa
2938 4206 3202 4275 festinat;
3234 4214 3298 4263 ut
3325 4203 3420 4277 qui
3452 4212 3561 4261 stat
3597 4220 3702 4277 pu-

2099 4303 2258 4359 ritate
2295 4302 2497 4358 mentis
2553 4300 2611 4355 in
2659 4298 2976 4355 summitate
3005 4295 3220 4368 templi,
3257 4292 3513 4368 projiciat
3550 4309 3609 4350 se
3638 4293 3705 4350 in

2097 4391 2433 4466 profundum
2462 4390 2625 4447 inferi
2657 4388 2982 4462 contagione
3013 4385 3242 4460 peccati.
3274 4384 3410 4440 Nam
3431 4399 3561 4440 cum
3590 4384 3701 4439 Do-

2098 4482 2313 4539 minum
2340 4481 2407 4537 de
2440 4480 2609 4553 pinna
2635 4478 2829 4550 templi
2861 4475 3098 4549 dejicere
3126 4474 3347 4541 nititur,
3403 4472 3598 4545 utique
3626 4470 3701 4528 de

394 4556 514 4612 gem
545 4541 713 4598 fuerit
740 4543 1023 4615 religionis
1053 4546 1384 4616 observatio,
1408 4547 1502 4622 qui
1549 4548 1812 4605 offensam
1861 4549 1983 4605 Do-

2121 4572 2342 4630 >erfecto
2385 4567 2675 4643 religionis
2719 4567 2878 4625 cultu
2926 4582 3053 4623 eum
3093 4578 3378 4621 removere
3412 4569 3695 4629 conatur;

393 4629 532 4687 mini
589 4632 709 4705 (82)
764 4635 978 4707 optavit
1026 4636 1195 4693 etiam
1228 4637 1524 4710 parricidio
1575 4639 1867 4712 mitigare:
1932 4647 1985 4697 et

391 4727 598 4793 quanta
623 4720 697 4778 sit
726 4723 953 4782 resoluti
983 4725 1145 4798 culpa
1162 4724 1384 4798 jejunii,
1412 4744 1533 4802 quae
1564 4743 1676 4783 non
1716 4727 1826 4784 nisi
1856 4744 1983 4784 san-

389 4807 574 4882 guinis
619 4810 888 4869 efi‘usione
923 4814 1172 4887 punitur.
1215 4815 1288 4872 Et
1330 4815 1377 4872 si
1419 4815 1678 4890 ignorans
1722 4816 1984 4874 Jonathas

390 4901 661 4960 indictum
697 4922 727 4961 a
774 4914 925 4977 patre
952 4905 1231 4979 jejunium
1273 4907 1422 4983 quod
1468 4910 1779 4980 resolverit,
1814 4910 1981 4967 morti

386 4994 700 5054 addicitur:
748 4996 846 5071 qui
893 4998 1072 5057 sciens
1118 4999 1396 5059 indictum
1442 5018 1475 5059 a
1503 5002 1723 5061 Christo
1749 5002 1982 5060 resolvit

380 5084 679 5161 jejunium,
711 5087 849 5164 quid
876 5098 1116 5147 meretur
1134 5091 1163 5149 ?

453 5194 509 5252 6.
540 5195 707 5269 Ergo,
766 5196 979 5268 fratres,
1046 5207 1314 5259 statutum
1378 5200 1540 5258 nobis
1603 5199 1980 5259 custodiamus

383 5284 536 5342 omni
565 5286 949 5345 observatione
967 5288 1267 5363 jejunium,
1298 5298 1359 5346 ut
1402 5290 1585 5347 hostes
1628 5298 1843 5346 nostros
1871 5291 1977 5363 spi-

453 5448 807 5524 (80)_Omnes
848 5450 1007 5521 edit.,
1051 5451 1404 5524 perversitate
1451 5452 1709 5524 pervertit
1739 5470 1753 5521 ;
1784 5466 1976 5511 omnes

379 5536 536 5591 mss.,
551 5521 804 5591 'Ialsitate
824 5521 1099 5591 pervertit.

452 5590 574 5663 (81)
626 5594 749 5668 Yet.
779 5590 927 5668 edit.
981 5602 1035 5668 et
1064 5610 1170 5649 ms.
1192 5610 1357 5668 unus,
1378 5595 1526 5651 debes
1552 5597 1694 5668 quod
1724 5596 1976 5668 Christus

381 5658 593 5736 facere";
623 5665 808 5736 Ro_m.,
830 5665 951 5733 fecit
979 5665 1186 5736 facere:
1224 5666 1317 5723 sed
1342 5658 1471 5723 cum
1487 5658 1744 5725 neutrum
1775 5667 1974 5725 horum

382 5730 680 5791 verborum
700 5730 876 5809 legere
896 5730 1045 5797 sit'in
1060 5737 1186 5797 aliis
1206 5754 1335 5799 mss.
1360 5739 1544 5809 lectio,
1558 5740 1766 5801 codicis
1786 5742 1973 5801 Germ.

2096 4666 2271 4740 pinna
2298 4662 2447 4721 enim
2483 4662 2592 4719 loci
2621 4658 2798 4717 sancti
2828 4655 3093 4731 perfectio
3122 4654 3367 4714 caelestis
3395 4662 3477 4711 est
3502 4668 3704 4710 sacra-

2152 4756 2287 4812 enti.

2152 4773 2287 4812 enu.

2097 4773 2214 4902 m3.
2250 4846 2413 4903 Recte
2459 4849 2642 4899 autem
2690 4839 2968 4897 Dominus
3013 4853 3178 4911 super
3218 4835 3444 4910 pinnam
3492 4833 3699 4906 templi

2089 4945 2233 4994 stare
2256 4934 2499 5001 dicitur;
2536 4931 2669 5006 quia
2697 4930 2765 4988 de
2797 4929 2919 5003 ipso
2938 4929 3211 5002 scriptum
3240 4933 3324 4984 est
3350 4944 3362 4982 :
3403 4950 3420 4973 ι
3441 4923 3549 4993 Qui
3577 4940 3698 4979 am-

2088 5025 2243 5082 bulat
2280 5039 2443 5097 super
2465 5039 2673 5095 pennas
2700 5027 2995 5077 ventorum
3019 5019 3193 5089 (Psal.
3219 5033 3337 5084 cur,
3365 5014 3446 5085 3).
3464 5037 3484 5061 ι
3514 5012 3697 5085 Super

2089 5130 2295 5189 pennas
2326 5114 2475 5169 enim
2504 5118 2798 5168 ventorum
2830 5107 3242 5183 quodammodo
3283 5103 3532 5161 ambulat
3582 5103 3693 5158 Do-

2087 5204 2294 5273 minus,
2324 5217 2450 5260 cum
2479 5215 2642 5272 super
2673 5214 2890 5255 morum
2918 5203 3236 5253 nostrorum
3258 5194 3429 5251 alacri
3458 5207 3694 5250 conver-

2086 5294 2295 5352 satione
2325 5291 2513 5349 volatu
2531 5288 2774 5356 incedit;
2809 5302 3004 5361 pennaa
3029 5284 3179 5341 enim
3206 5282 3369 5340 nobis
3392 5289 3523 5339 sunt
3553 5281 3693 5336 boni

2087 5453 2258 5510 magis
2286 5451 2491 5509 arrisit.

2158 5472 2541 5596 ibgfiigsriiés.
2571 5540 2583 5590 ;
2615 5521 2748 5577 edit.
2774 5536 2923 5589 vero,
2955 5516 3289 5573 observantia
3306 5516 3399 5588 qui
3427 5516 3691 5587 offensum

2083 5597 2273 5738 milii)
2304 5604 2555 5725 eglomus
2592 5666 2773 5738 igitur,
2804 5671 2858 5738 et
2885 5662 3168 5737 sequentia
3198 5676 3346 5717 nunc
3380 5659 3622 5733 primum
3652 5677 3690 5715 e

2082 5735 2205 5801 cod.
2238 5735 2366 5799 Vat.
2395 5746 2450 5796 et
2477 5735 2660 5796 Germ.
2695 5735 3079 5793 restituuntur.
