4064 6178
323 362 424 422 669

1145 359 1517 420 SERMONES
1554 362 1611 418 S.
1652 358 2008 418 AMBROSIO
2048 359 2419 420 HACTENUS
2458 360 2795 419 ASCRIPTI.

3529 369 3634 426 670

320 504 516 554 mores,
543 487 640 561 qui
669 502 769 543 nos
797 485 1038 544 elevatos
1065 503 1097 543 a
1142 493 1298 543 terrae
1342 485 1649 544 humilibus
1711 486 1769 542 in
1800 485 1925 544 coeli
1954 488 2004 548 A
2029 486 2220 554 tutela,
2249 485 2342 558 qui
2369 484 2600 541 habetur
2630 484 2688 541 in
2742 501 2992 554 numero,
3030 495 3092 544 ut
3149 504 3338 547 errans
3381 491 3620 564 propriis

324 579 517 637 altiora
574 575 894 644 sustollant,
949 583 1004 633 et
1065 577 1253 632 volatu
1313 575 1550 650 quodam
1608 575 1807 633 mentis
1849 576 1916 633 de

320 677 527 728 tartaro
568 669 862 726 tenebroso
893 666 1156 736 educunt,
1205 675 1258 725 et
1310 668 1377 724 ad
1420 667 1658 740 paradisi
1704 685 1919 725 amoma

321 761 652 836 perducunt.
703 759 947 827 Quorum
999 775 1214 815 morum
1269 775 1472 831 pennas
1528 759 1728 816 habere
1776 761 1918 816 Pro—-

321 852 486 925 pheta
509 849 827 908 desiderans
855 849 966 905 ait:
1006 873 1024 896 ι
1053 848 1188 916 Quis
1215 848 1367 904 dabit
1386 848 1524 904 mihi
1557 865 1761 921 pennas
1777 850 1920 906 sicut

322 941 616 1008 columbae,
649 949 702 997 et
723 939 921 997 volabo
944 949 997 997 et
1027 939 1366 1013 requiescam
1400 942 1589 1009 (Psal.
1629 959 1740 1009 LIV,
1772 942 1864 1010 7)?
1888 965 1906 990 ι

322 1034 496 1104 Super
526 1030 669 1087 hanc
697 1047 826 1104 ergo
847 1030 1071 1103 pinnam
1094 1029 1288 1101 templi
1339 1030 1588 1086 Salvator
1641 1038 1785 1086 stare
1822 1029 1920 1086 di—

322 1123 489 1190 citur,
530 1121 637 1179 hoc
669 1129 769 1189 est,
802 1121 959 1194 quasi
980 1121 1037 1176 in
1063 1121 1304 1194 quodam
1326 1122 1534 1193 templo
1568 1121 1694 1177 ﬁdei
1719 1130 1919 1178 nostrae

321 1213 655 1280 consistere;
686 1211 834 1267 unde
864 1211 942 1266 ait
971 1211 1268 1282 Apostolus
1305 1227 1318 1266 :
1350 1210 1466 1266 Vos
1494 1211 1625 1267 estis
1647 1212 1917 1284 templum

322 1304 425 1359 Dei
451 1301 588 1369 vivi,
627 1309 681 1358 et
712 1300 952 1372 Spiritus
979 1299 1078 1356 Dei
1107 1298 1320 1357 habitat
1338 1298 1397 1354 in
1428 1299 1586 1357 vobis
1607 1301 1664 1374 (Ι
1699 1302 1918 1372 Camn,

327 1393 484 1464 16)..

396 1483 449 1540 4.
482 1484 543 1538 Ιη
572 1481 678 1537 hoc
709 1479 879 1553 igitur
906 1481 1112 1554 templo
1145 1489 1296 1538 stans
1324 1482 1598 1539 Dominus
1630 1498 1732 1540 nec
1762 1498 1921 1540 rece-

321 1575 460 1632 dens
487 1576 633 1634 420
665 1569 915 1643 increpat
949 1570 1254 1639 diabolum,
1298 1571 1523 1629 dicens:
1583 1596 1601 1620 ε
1644 1573 1920 1645 Scriptum

319 1681 439 1728 est:
463 1670 584 1728 Non
612 1669 854 1726 tentabis
875 1669 1173 1726 Dominum
1209 1671 1380 1727 Deum
1413 1681 1571 1729 tuum
1602 1672 1812 1742 (Matth.
1843 1690 1920 1742 1v,

320 1762 409 1834 7),
433 1784 454 1810 ›
498 1761 606 1818 hoc
650 1768 750 1829 est,
790 1775 902 1816 non
948 1759 1186 1817 tentabis
1224 1777 1374 1830 eum,
1406 1779 1568 1835 quem
1596 1770 1756 1834 putas
1791 1771 1925 1818 tan-

321 1867 494 1925 quam
520 1849 801 1906 hominem
840 1849 909 1906 ad
946 1849 1208 1906 inferiora
1237 1850 1578 1922 pellendum,
1614 1850 1710 1906 sed
1749 1851 1922 1924 magis
1955 1862 2002 1922 Β

324 1949 594 2014 tanquam
612 1941 782 1995 Deum
804 1945 858 1994 et
873 1939 1172 1996 Dominum
1195 1939 1375 2012 ipsum
1402 1938 1518 2011 (8’s)
1544 1940 1765 1996 noveris
1798 1940 1926 1997 ado-

328 2029 592 2087 randum.
623 2028 684 2084 In
713 2027 796 2084 his
817 2044 945 2101 ergo
970 2027 1311 2101 jejuniorum
1330 2029 1526 2085 diebus
1556 2037 1836 2086 tentamur
1861 2029 1930 2087 ad

325 2117 751 2176 similitudinem
773 2117 1105 2186 Salvatoris;
1136 2117 1393 2176 similiter
1429 2119 1576 2175 enim
1607 2128 1660 2176 et
1703 2135 1804 2176 nos
1834 2119 1931 2176 ho-

320 2217 438 2268 stes
458 2208 633 2265 nostri
661 2208 729 2264 de
745 2208 917 2280 pinna
945 2208 1160 2280 templi,
1183 2207 1288 2265 hoc
1315 2217 1416 2277 est,
1449 2209 1516 2265 de
1547 2208 1930 2266 observatione

318 2299 767 2373 Quadragesima
800 2297 1089 2354 deturbare
1109 2308 1400 2356 conantur.
1440 2301 1584 2355 Dum
1641 2298 1790 2356 enim
1822 2307 1927 2355 ter-

319 2406 477 2447 rores
531 2390 809 2462 ingerunt,
860 2389 992 2444 dum
1045 2389 1276 2446 insidias
1323 2398 1536 2462 parant,
1567 2389 1801 2462 cupiunt
1828 2406 1930 2447 nos

315 2480 395 2538 de
424 2496 549 2536 arce
575 2478 862 2553 religionis
889 2477 1179 2536 abducere.
1203 2479 1421 2536 Dicitur
1449 2486 1630 2536 autem
1655 2480 1733 2536 eis
1762 2497 1793 2535 a
1825 2481 1929 2536 Do-

316 2569 514 2627 mino:
549 2570 671 2627 Non
704 2569 989 2626 tentabitis
1009 2577 1227 2626 sanctos
1255 2569 1406 2626 viros
1435 2578 1489 2626 et
1522 2570 1760 2626 famulos
1788 2571 1886 2626 Dei
1911 2589 1925 2638 ;

315 2678 466 2736 quos
490 2659 640 2717 enim
668 2668 931 2734 tanquam
960 2659 1200 2716 humiles
1239 2659 1645 2717 conculcandos
1701 2661 1928 2733 putatis,

314 2750 583 2810 sentietis
611 2759 873 2824 tanquam
904 2757 1156 2809 strenuos
1185 2751 1560 2811 honorandos.

401 2852 460 2908 5.
493 2851 634 2909 Sunt
668 2852 840 2921 enim,
889 2850 1033 2909 sicut
1064 2851 1206 2922 dixi,
1253 2853 1503 2926 plerique
1533 2853 1752 2922 fratres,
1794 2869 1931 2927 quos

315 2941 522 3000 hostes
564 2941 740 2998 nostri
768 2940 835 2997 de
891 2941 1222 3014 perfectione
1263 2941 1551 3015 religionis
1601 2942 1926 2999 abducunt:

309 3032 427 3110 qui
481 3031 615 3090 dum
677 3048 914 3106 praesens
945 3033 1149 3088 malum
1203 3040 1478 3102 metuunt,
1533 3039 1728 3105 putant
1757 3034 1931 3089 Deum

312 3133 533 3184 nostra:
593 3124 787 3182 salutis
834 3125 1234 3193 immemorem,
1267 3125 1570 3182 nescientes
1612 3124 1760 3198 quod
1788 3126 1932 3180 Deus

2028 584 2334 649 apportetu.
2368 575 2632 645 humeris,
2675 593 2741 633 ne
2773 577 2905 650 quid
2942 577 3008 634 de
3036 595 3266 636 numero
3316 581 3624 642 minuatur.

2027 669 2208 726 Nolite
2242 687 2367 741 ergo
2391 678 2599 742 putare,
2624 670 2836 738 fratres,
2861 671 3007 744 quod
3038 673 3123 728 vel
3157 672 3376 730 minimi
3442 675 3632 750 cujus-

2031 776 2194 835 quam
2246 759 2636 827 obliviscatur;
2689 762 2831 818 Deus
2858 763 3005 820 enim
3037 764 3285 820 omnium
3347 767 3627 838 meminit,

2031 858 2279 915 omnium
2311 858 2656 915 recordatur:
2681 867 2897 918 tantum
2930 868 2990 916 ut
3038 879 3168 931 non,
3200 864 3405 921 nostris
3461 865 3633 923 inter-

2031 950 2382 1006 venientibus
2412 951 2665 1023 peccatis,
2697 950 2748 1007 ei
2780 952 3047 1008 inferatur
3077 954 3306 1013 oblivio.

2598 1081 2831 1140 SERMO
2876 1085 3079 1143 XXIII.

2387 1174 2464 1228 De
2494 1181 2680 1233 sancta
2707 1176 3131 1247 Quadragesima
3149 1177 3272 1235 VII.

2031 1283 2123 1338 Ex
2158 1279 2368 1356 iisqute
2395 1281 2477 1356 hic
2505 1283 2754 1339 dicuntur
2781 1285 2842 1339 de
2859 1283 3302 1355 Quadragesima,
3324 1301 3628 1356 cognoscere

2103 1359 2177 1409 est
2204 1353 2352 1408 illius
2395 1354 2562 1428 ritum
2599 1357 2834 1411 nondum
2878 1353 3223 1410 communiter
3267 1353 3624 1428 idt'emporis

2101 1432 2360 1498 receptum
2387 1424 2588 1494 fuisse:
2620 1429 2681 1482 de
2716 1427 2870 1496 cujus
2906 1428 3117 1498 quidem
3149 1424 3626 1484 diversitate-con-

2103 1497 2210 1552 διιιέ
2225 1504 2394 1566 potest
2426 1498 2713 1554 Cassianus
2761 1497 3062 1564 Collfxxr,
3097 1517 3212 1570 cap.
3236 1499 3323 1566 24,
3363 1506 3412 1554 et
3456 1501 3630 1557 Soza-

2103 1585 2284 1644 menus
2311 1569 2404 1644 lib.
2432 1588 2531 1637 v11,
2576 1589 2692 1642 cap.
2730 1573 2813 1629 19.
2845 1573 2995 1639 Quod
3042 1569 3215 1626 autem
3271 1571 3353 1644 hic
3402 1573 3624 1644 Sexage-

2105 1640 2338 1714 simteac
2377 1640 2777 1714 Septuagesimce
2803 1645 2954 1698 nulla
2992 1645 3052 1714 ﬁt
3079 1643 3289 1703 mentio.
3333 1643 3472 1698 illud
3501 1640 3630 1699 sane

2108 1712 2301 1768 indicio
2331 1720 2403 1767 est
2430 1712 2588 1782 hujus
2617 1716 2874 1769 sermonis
2905 1733 2965 1769 ac
2993 1712 3338 1786 superiorum
3378 1714 3442 1771 14
3480 1722 3530 1770 et
3561 1717 3627 1773 15

2107 1791 2345 1839 auctores
2389 1785 2623 1840 diversos
2657 1787 2931 1841 exstitisse.
2979 1785 3282 1842 Intenditur
3309 1803 3431 1840 vero
3471 1787 3629 1842 etiam

2108 1858 2322 1926 querela
2344 1857 2599 1912 adversus
2624 1876 2726 1925 eos,
2769 1859 2860 1928 qui
2890 1875 2989 1929 per
3031 1857 3499 1928 Quadragesimam
3531 1860 3629 1913 al-

2111 1929 2272 1982 ternis
2304 1935 2506 1984 tantum
2551 1931 2884 1985 hebdomadis
2926 1929 3194 1999 jejunium
3240 1930 3538 1996 servabant,
3572 1929 3630 1983 in

2108 2016 2237 2070 quos
2275 2001 2520 2056 similiter
2547 2019 2778 2056 sermone
2808 2001 2906 2057 146
2933 2002 3196 2056 invehitur
3241 2003 3431 2056 Petrus
3468 2002 3636 2071 Chry-

2107 2073 2334 2143 sologus.
2371 2074 2504 2128 Sunt
2532 2081 2795 2187 iii-ceterea
2839 2075 2894 2127 in
2929 2074 3120 2144 quibus
3169 2073 3250 2128 hic
3297 2090 3466 2128 sermo
3521 2089 3637 2127 cum

2110 2161 2242 2187 norm
2295 2143 2395 2187 ΙΙιῖί
2425 2152 2471 2187 pf.
2499 2146 2596 2187 1L7
2638 2146 2851 2187 Armaan
2909 2147 3105 2187 Aummf
3153 2145 3284 2187 nntie
3339 2145 3613 2187 rnmwm'nt

2110 2161 2265 2216 serm.
2295 2143 2395 2200 145
2425 2152 2471 2198 et
2499 2143 2596 2200 147
2627 2146 2868 2216 Append.
2899 2143 3123 2215 August.
3153 2145 3284 2200 satis
3339 2145 3634 2209 conveniat,

2111 2222 2168 2287 ut
2195 2214 2333 2283 forte
2361 2217 2432 2271 ad
2468 2235 2649 2271 eorum
2676 2214 2962 2272 auctorem
2992 2214 3194 2286 referri
3242 2217 3411 2287 possit
3444 2234 3454 2271 :
3489 2223 3547 2270 at
3574 2233 3634 2270 ne

2110 2286 2243 2340 idem
2280 2288 2548 2343 tribuatur
2595 2289 2876 2344 Ambrosio
2931 2294 3132 2356 nostra,
3166 2286 3303 2343 nihil
3331 2306 3436 2343 non
3467 2289 3629 2344 recla-

2111 2365 2239 2414 mat.

2115 2486 2164 2541 1.
2195 2485 2461 2544 Nonnulli
2517 2487 2981 2556 Christianorum,
3030 2487 3249 2556 fratres,
3303 2485 3638 2544 aestimantes

2040 2594 2096 2634 se
2125 2577 2438 2634 divinitatis
2481 2587 2750 2652 praecepta
2805 2577 3114 2648 religiosius
3152 2577 3460 2645 observare,
3503 2593 3638 2649 prae-

2041 2667 2289 2723 termissa
2314 2667 2607 2724 devotione
2643 2667 3103 2739 Quadragesima,
3148 2666 3306 2738 cujus
3351 2665 3515 2721 hodie
3544 2683 3636 2724 cu-

2041 2773 2224 2812 ramus
2255 2757 2568 2826 exordium,
2616 2755 3134 2830 Quiuquagesimam
3166 2771 3221 2811 se
3277 2756 3455 2812 facere
3485 2772 3637 2811 men-

2039 2849 2288 2916 tiuntur;
2340 2865 2466 2906 cum
2527 2849 2584 2906 id
2621 2865 2796 2922 neque
2863 2848 3070 2905 divinis
3102 2847 3302 2904 litteris
3347 2847 3633 2920 jubeatur,

2041 2955 2216 3010 neque
2247 2938 2510 2995 traditum
2537 2940 2609 2996 sit
2639 2939 2961 2995 auctoritate
2995 2938 3286 3012 majorum.
3318 2939 3445 2995 Sola
3467 2938 3638 3011 igitur

2042 3028 2147 3086 hoc
2177 3029 2386 3086 faciunt
2407 3030 2580 3085 animi
2610 3030 3068 3103 pmsumptione;
3101 3037 3154 3086 et
3179 3028 3312 3085 dum
3342 3037 3539 3102 putant
3577 3045 3634 3086 se

2042 3119 2296 3176 devotius
2334 3137 2512 3192 agere,
2557 3121 2992 3194 superstitiosius
3030 3128 3448 3178 conversantur.
3493 3119 3640 3177 Dicit

318 3216 549 3276 nullius
579 3223 660 3272 est
692 3215 984 3271 immemor
1014 3232 1028 3282 ;
1055 3214 1149 3271 sed
1189 3214 1568 3271 immemorem
1618 3215 1777 3270 illum
1818 3230 1931 3269 no-
1971 3234 2014 3294 C
2040 3225 2097 3266 se
2123 3209 2409 3266 observare
2430 3210 2975 3283 Quinquagesimam,
3008 3210 3102 3284 qui
3135 3211 3278 3268 forte
3329 3210 3637 3283 Quadrage~

322 3308 432 3367 stri
464 3316 596 3364 tunc
634 3305 888 3374 facimus,
915 3321 1040 3362 cum
1069 3321 1377 3378 peccamus.
1414 3303 1550 3363 Cum
1589 3305 1738 3362 enim
1785 3305 1930 3360 mala

327 3413 653 3474 operamur,
683 3396 884 3453 avertit
922 3396 1158 3465 faciem;
1199 3413 1324 3453 cum
1363 3395 1599 3452 nefanda
1629 3394 1928 3468 loquimur,

325 3507 524 3549 aurem
555 3487 831 3556 obstruit;
892 3495 948 3544 et
989 3487 1113 3544 ideo
1159 3484 1461 3542 bonitatem
1501 3500 1655 3541 suam
1707 3500 1738 3539 a
1771 3481 1932 3539 nobis

324 3582 486 3639 Deus
526 3594 640 3635 non
686 3585 797 3633 tam
846 3578 960 3650 ipse
1009 3575 1262 3641 retrahit,
1313 3591 1478 3649 quam
1526 3581 1714 3630 nostra
1771 3572 1932 3628 illum

325 3669 537 3727 delicta
593 3665 871 3739 rejiciunt.
937 3665 1033 3721 Ait
1083 3666 1230 3722 enim
1291 3664 1438 3722 idem
1495 3663 1769 3720 Dominus
1834 3676 1932 3733 per

327 3756 663 3832 prophetam
727 3755 795 3812 ad
861 3771 952 3812 eos
1007 3755 1102 3829 qui
1159 3763 1316 3811 erant
1367 3755 1426 3810 in
1479 3750 1934 3810 tribulationibus

329 3845 628 3905 constituti
661 3863 671 3900 :
721 3870 739 3892 ι
766 3844 1050 3918 Numquid
1067 3861 1178 3901 non
1209 3845 1357 3902 valet
1372 3861 1568 3900 manus
1599 3859 1717 3899 mea
1746 3859 1936 3899 eruere

331 3952 442 3992 vos
483 3934 622 4004 (Isa.
657 3951 708 4001 ι,
738 3935 798 4005 2)
829 3935 856 3990 ?
893 3959 913 3983 ι
954 3940 1008 3989 et
1034 3935 1266 4008 reliqua.
1306 3933 1477 3991 Vides
1521 3950 1649 4006 ergo
1675 3932 1937 4006 quoniam

338 4025 492 4080 inter
542 4023 718 4077 Deum
759 4029 811 4077 et
863 4021 1146 4080 hominem
1190 4035 1412 4098 peccata
1451 4034 1726 4099 separant.
1783 4024 1938 4080 Tolle

343 4111 520 4184 igitur
539 4116 758 4184 peccata
783 4110 851 4166 de
888 4109 1092 4177 medio,
1123 4121 1178 4169 et
1211 4116 1385 4171 Deum
1405 4116 1508 4174 tibi
1539 4116 1856 4190 proximum
1877 4120 1940 4170 tu

341 4199 551 4258 fecisti.

418 4302 471 4359 6.
509 4297 798 4369 Quomodo
827 4299 978 4355 enim
1009 4307 1206 4372 potest,
1235 4301 1447 4372 fratres,
1491 4304 1745 4362 oblivisci
1767 4303 1943 4360 nostri

339 4396 512 4460 Deus,
545 4390 640 4466 qui
660 4389 827 4448 etiam
857 4389 1089 4462 capillos
1121 4391 1314 4464 capitis
1352 4395 1524 4450 nostri
1555 4397 1612 4450 in
1641 4394 1942 4468 Evangelio

336 4481 490 4556 apud
518 4497 575 4537 se
595 4479 731 4538 dicit
759 4496 876 4536 esse
902 4490 1222 4538 numeratos
1254 4481 1405 4553 (Luc.
1440 4499 1541 4550 xn,
1575 4483 1676 4553 7)?
1697 4483 1755 4540 Si
1796 4483 1943 4539 enim

2039 3299 2232 3355 simam
2262 3301 2492 3373 implere
2523 3300 2621 3356 vix
2661 3301 2852 3372 possit.
2886 3301 3100 3356 Bonum
3132 3309 3212 3357 est
3245 3299 3471 3374 quidem
3502 3317 3632 3358 cun-

2039 3390 2142 3447 ctis
2175 3391 2517 3464 temporibus
2555 3390 2824 3463 jejunare,
2858 3390 2952 3447 sed
3001 3389 3197 3446 melius
3269 3389 3632 3463 Quadragesi-

2041 3497 2185 3536 mam
2209 3479 2460 3552 jejunaro
2489 3498 2618 3537 cum
2657 3479 2910 3546 Christo;
2957 3480 3100 3537 hanc
3138 3479 3287 3536 enim
3327 3479 3642 3554 quadrage-

2043 3572 2236 3628 simam
2289 3571 2450 3628 nobis
2522 3571 2793 3628 Dominus
2837 3589 2934 3627 suo
2993 3569 3207 3644 jejunio
3275 3569 3638 3628 consecravit.

2043 3664 2332 3732 Quoddixi
2354 3663 2590 3736 jejunio,
2615 3682 2727 3722 non
2755 3664 3027 3737 jejuuiis;
3075 3681 3251 3721 unum
3297 3665 3445 3721 enim
3485 3661 3644 3736 jeju-

2045 3753 2201 3809 nium
2249 3753 2473 3810 Domini
2524 3754 2652 3823 fuit,
2725 3753 2854 3826 quia
2891 3754 3226 3810 continuatis
3285 3751 3646 3826 quadraginta

2045 3843 2239 3900 diebus
2290 3852 2343 3900 et
2386 3842 2662 3913 noctibus,
2707 3843 2895 3901 cibum
2960 3842 3188 3898 omnino
3240 3859 3353 3900 non
3411 3839 3646 3914 sumpsit

2049 3933 2260 4003 (Matth.
2301 3950 2381 4002 1v,
2409 3933 2490 4005 2).

2119 4024 2171 4080 2.
2201 4024 2464 4098 Quisquis
2492 4041 2622 4098 ergo
2679 4024 3028 4084 Christianus
3071 4031 3444 4081 consecratam
3501 4019 3644 4094 jeju-

2049 4112 2233 4169 nando
2264 4130 2375 4170 non
2408 4114 2726 4187 impleverit
2767 4113 3268 4186 Quadragesimam,
3323 4110 3646 4184 praevarica-

2050 4202 2220 4258 tionis
2265 4212 2318 4260 et
2357 4205 2720 4261 contumacia
2769 4220 2892 4260 reus
2925 4201 3222 4270 tenebitur,
3267 4199 3414 4274 quod
3471 4202 3647 4273 legem

2052 4292 2326 4350 divinitus
2359 4310 2457 4366 pro
2515 4297 2688 4351 salute
2742 4311 2841 4350 sua
2886 4294 3069 4350 datam
3122 4296 3264 4354 421
3329 4291 3648 4366 prandendo

2055 4392 2168 4465 ipse
2195 4390 2476 4448 rescindit.
2501 4391 2787 4449 Rescindis
2809 4391 2957 4448 enim
2987 4392 3183 4466 legem,
3215 4390 3312 4465 qui
3331 4389 3648 4462 exemplum

2049 4482 2250 4556 jejunii
2298 4484 2576 4541 Dominici
2616 4501 2728 4540 non
2776 4483 3037 4541 custodis.
3092 4482 3283 4552 Qualis
3325 4497 3457 4537 vero
3491 4478 3650 4537 Chri-

339 4575 675 4648 capillorum
704 4581 1024 4630 nostrorum
1081 4574 1358 4644 meminit,
1404 4577 1582 4632 multo
1632 4576 1807 4648 magis
1835 4594 1946 4632 no-
1978 4605 2026 4663 D
2054 4575 2269 4632 stianus
2294 4591 2370 4644 es,
2393 4592 2542 4645 cum,
2574 4575 2812 4632 Domino
2835 4574 3208 4648 jejunante,tu
3229 4571 3461 4647 prandes
3497 4569 3650 4643 (85)?

340 4674 588 4722 strarum
627 4663 938 4719 animarum
980 4663 1257 4720 meminit.
1305 4665 1408 4720 Per
1447 4680 1743 4721 numerum
1800 4665 1946 4722 enim

341 4774 540 4816 curam
571 4756 717 4814 circa
768 4773 869 4812 nos
915 4757 1464 4834 sollicitudinemque
1515 4761 1944 4833 cognoscimus:

343 4862 513 4906 nemo
542 4847 689 4903 enim
711 4855 982 4917 numerat,
1016 4848 1124 4904 nisi
1165 4850 1309 4923 quod
1342 4852 1463 4907 vult
1492 4851 1816 4925 diligentius
1850 4867 1947 4908 cu-

343 4938 594 5006 stodire;
627 4953 788 4995 nemo
818 4947 1092 5008 numerat,
1127 4941 1234 4996 nisi
1265 4942 1360 5014 qui
1390 4949 1633 5012 veretur,
1681 4958 1751 4999 ne
1804 4941 1948 4998 frau-

345 5032 476 5089 dem
532 5030 737 5105 absque
791 5047 1022 5088 numero
1078 5031 1336 5106 patiatur.
1389 5034 1576 5089 Pastor
1631 5043 1692 5090 ut
1733 5035 1947 5090 salvum

346 5137 567 5196 gregem
596 5121 812 5190 habeat,
861 5137 987 5178 eum
1016 5121 1337 5195 frequenter
1380 5132 1710 5179 annumerat
1736 5167 1750 5192 ,
1783 5122 1950 5179 deni-

347 5226 458 5285 que
495 5210 786 5280 Dominus,
817 5209 914 5283 qui
941 5219 1023 5268 est
1052 5210 1232 5269 bonus
1259 5223 1460 5286 pastor,
1505 5230 1631 5271 cum
1663 5228 1775 5269 una
1830 5213 1948 5268 ovi-

347 5302 478 5360 cula
533 5301 601 5358 de
658 5311 882 5359 centum
936 5303 1136 5360 ovibus
1188 5304 1504 5375 aberrasset,
1549 5323 1838 5364 recurrens
1880 5307 1948 5364 ad

351 5407 677 5460 numerum,
710 5392 947 5464 propriis
987 5409 1105 5449 eam
1144 5392 1211 5448 ad
1245 5411 1458 5466 gregem
1494 5393 1740 5453 humeris
1769 5413 1950 5469 repor-

350 5482 496 5538 tavit
526 5484 680 5552 (Luc.
708 5499 807 5548 xv,
838 5481 891 5549 4,
923 5483 1002 5552 5).
1039 5482 1216 5556 Usque
1251 5484 1384 5542 adeo
1405 5502 1532 5560 ergo
1587 5487 1821 5545 habetur
1850 5486 1951 5543 sub

435 5662 550 5742 (βὰ)
579 5664 707 5742 _Vet.
731 5663 865 5742 edit.
901 5679 1025 5742 cum
1048 5681 1148 5721 ms.
1175 5665 1447 5742 Yalliscl.,
1481 5674 1731 5742 tanquam
1784 5671 1952 5728 Deum

358 5739 411 5789 ct
450 5735 705 5791 hominem
725 5736 918 5810 ipsum.
941 5737 1061 5794 Non
1092 5735 1223 5794 satis
1250 5745 1416 5796 recte.

2057 4674 2246 4743 Qualis
2275 4673 2624 4731 Christianus
2673 4691 2750 4744 es,
2801 4691 2948 4742 cum,
3009 4673 3230 4732 Christo
3259 4670 3558 4735 esuriente,
3591 4676 3652 4725 tu

2063 4763 2246 4821 reficis
2274 4764 2302 4820 ?
2338 4764 2436 4821 Ille
2467 4781 2564 4837 pro
2591 4765 2764 4820 salute
2793 4770 2887 4818 tua
2924 4763 3124 4819 famem
3145 4762 3404 4829 sustinet,
3435 4767 3497 4816 tu
3551 4774 3650 4831 pro

2058 4853 2293 4926 peccatis
2317 4853 2430 4910 tuis
2453 4853 2703 4926 jejunare
2731 4851 2996 4908 formidas
3016 4852 3044 4909 ?
3101 4851 3280 4909 Dicite
3311 4849 3458 4906 enim
3489 4845 3655 4915 mihi,

2058 4943 2336 5018 interrogo
2363 4960 2461 5000 vos
2500 4944 2592 5018 qui
2625 4943 2683 4998 in
2703 4941 3131 5014 Quadragesima
3149 4939 3449 5014 prandetis,
3472 4937 3518 4994 si
3541 4950 3653 4992 non

2059 5037 2117 5094 in
2154 5037 2507 5097 conscientiis
2561 5036 2758 5092 vestris
2813 5035 2892 5091 rei
2948 5034 3100 5100 estis,
3149 5033 3297 5108 quod
3337 5031 3647 5087 abstinente

2058 5135 2257 5185 cuncto
2284 5129 2510 5201 populo,
2550 5143 2649 5182 vos
2697 5123 2800 5181 soli
2829 5132 3017 5183 contra
3054 5129 3386 5198 praeceptum
3428 5115 3649 5176 Domini

2059 5218 2334 5277 devoratis
2362 5219 2389 5275 ‘I
2428 5218 2474 5274 si
2529 5235 2642 5274 non
2685 5216 2844 5273 vobis
2880 5216 3048 5272 rubor
3081 5223 3184 5281 est,
3215 5228 3341 5269 cum
3373 5208 3538 5266 exitis
3586 5205 3645 5262 in

2061 5309 2366 5380 publicum,
2397 5323 2466 5364 ne
2521 5307 2645 5382 quis
2692 5306 2850 5363 vobis
2901 5305 3124 5378 jejunus
3152 5307 3439 5359 occurrat:
3471 5303 3566 5352 aut
3605 5294 3652 5350 si

2061 5415 2171 5456 non
2209 5399 2482 5472 cogitatis,
2511 5415 2638 5457 cum
2669 5397 2737 5454 ad
2769 5396 3066 5454 Ecclesiam
3099 5386 3424 5464 proceditis,
3459 5401 3650 5459 quem-

2059 5488 2358 5546 admodum
2411 5506 2596 5563 pacem
2650 5487 2906 5561 episcopo
2983 5478 3305 5556 porrigetis;
3383 5490 3452 5530 ηθ
3508 5473 3651 5532 forte

2134 5672 2251 5741 (85)
2275 5671 2442 5728 Abest
2461 5688 2493 5726 a
2511 5668 2632 5727 cod.
2655 5666 2828 5740 Lugd.
2859 5674 2913 5722 et
2944 5657 3213 5727 Valliscl.,
3249 5658 3437 5731 Qualis
3461 5676 3653 5719 vero...

2065 5749 2190 5800 ...!u
2214 5743 2450 5818 prandes
2472 5743 2501 5797 Ῡ
