4068 6188
431 292 533 350 671

1447 290 1543 344 AD
1582 287 1815 344 ΟΡΕΒΑ
1853 286 1909 343 S.
1945 287 2279 347 AMBROSII
2317 287 2698 345 APPENDIX.

3628 287 3733 348 672

431 416 550 491 ipso
579 414 778 489 spiritu
797 414 971 470 osculi
1010 413 1181 469 vestri
1210 429 1307 469 vos
1336 413 1617 486 reprobetl
1651 412 1807 481 Quod
1837 412 1883 469 si
1906 412 2023 487 hac
2053 427 2100 486 Α
2130 421 2357 472 necatur
2409 415 2642 472 Saulus:
2690 414 2746 470 vi
2779 416 3036 471 vincatur
3078 416 3376 488 apostolus,
3409 413 3738 473 viviﬁcatur

430 507 572 564 forte
618 522 731 562 non
775 503 1047 577 cogitatis,
1088 504 1320 561 forsitan
1381 504 1737 559 vehementer
1787 504 2020 570 erratis;

429 598 571 655 scire
607 595 754 653 enim
777 594 1011 664 debetis,
1050 611 1177 652 cum
1224 595 1284 651 in
1334 594 1778 669 Quadragesima
1835 594 2028 649 diebus

423 686 619 759 jejuno
654 676 885 757 pransus
928 683 1188 752 occurrit,
1222 699 1334 739 non
1378 682 1516 739 bene
1572 682 1641 738 de
1672 682 1769 738 illo
1788 681 2024 755 judicat,

431 774 526 847 qui
558 772 796 846 jejunat.

503 884 555 940 3.
588 884 704 940 Hoc
760 881 910 939 enim
946 881 1069 938 ideo
1106 881 1254 950 dico,
1304 880 1433 954 quia
1476 880 1641 937 audio
1695 879 2026 952 complures,

429 974 575 1049 quod
606 974 823 1047 gravius
851 982 956 1044 est,
985 973 1173 1031 ﬁdeles
1229 971 1456 1028 alternis
1484 972 1543 1026 in
1587 968 2018 1040 Quadragesima

431 1064 791 1124 hebdomadis
849 1065 1144 1131 abstinere,
1198 1070 1252 1117 et
1297 1068 1674 1117 consecratum
1720 1059 1881 1113 illum
1913 1056 2025 1112 die-

430 1173 552 1213 rum
607 1171 898 1212 numerum
956 1154 1096 1224 gula
1147 1148 1571 1221 intemperantia
1635 1146 1864 1214 violare,
1924 1145 2031 1200 hoc

429 1255 531 1316 est,
564 1247 830 1319 prandere
868 1252 1074 1316 septem
1132 1241 1350 1297 dierum
1384 1238 1684 1307 curriculo,
1718 1246 1772 1294 et
1818 1244 2027 1309 septem

430 1334 643 1391 dierum
680 1332 857 1405 spatio
880 1330 1156 1404 jejunare.
1182 1330 1392 1398 Quibus
1421 1329 1528 1386 hoc
1554 1329 1703 1397 dico,
1734 1345 1833 1385 cur
1862 1327 2031 1383 etiam

431 1440 527 1497 per
561 1423 689 1479 illos
713 1430 920 1495 septem
949 1422 1065 1478 dies
1094 1421 1344 1477 fraudem
1374 1419 1480 1476 sibi
1519 1419 1724 1477 faciant
1758 1417 2031 1490 jejunan—

431 1513 525 1579 do,
556 1529 680 1569 cum
720 1512 834 1568 illis
880 1511 1157 1584 jejunium
1204 1511 1313 1565 tale
1357 1526 1467 1565 non
1494 1508 1667 1582 prosit
1697 1508 1725 1564 ?
1764 1506 2030 1575 Quamvis

431 1608 580 1665 enim
627 1607 899 1665 abstineat
943 1606 1066 1681 quis
1105 1607 1270 1664 certis
1325 1602 1538 1669 diebus,
1571 1598 1828 1673 quamvis
1882 1598 2029 1655 cibo-

432 1720 554 1759 rum
583 1702 833 1759 dulciora
892 1702 1156 1756 alimenta
1186 1715 1299 1755 non
1332 1704 1530 1766 sumat,
1578 1712 1690 1752 non
1720 1704 1907 1750 tamen
1945 1693 2029 1748 illi

2132 503 2335 575 justus,
2382 504 2703 561 viviﬁcatur
2756 514 2811 562 et
2864 504 3088 562 Paulus.
3144 505 3325 578 Usque
3369 504 3506 561 adeo
3553 512 3735 562 autem

2138 594 2379 667 perdidit
2420 602 2661 650 veterem
2706 612 2832 651 cum
2880 595 3096 652 actibus
3145 595 3261 652 suis
3318 595 3624 665 hominem,
3674 604 3736 653 ut

2139 702 2265 742 cum
2317 686 2563 742 moribus
2606 694 2843 742 mutaret
2881 697 2935 744 et
2970 703 3194 744 nomen.
3229 686 3492 760 Quisquis
3525 703 3653 760 ergo
3676 687 3734 744 iu

2139 774 2242 830 hac
2286 774 2580 831 devotione
2649 775 3088 849 Quadragesima
3127 773 3425 833 Dominica
3483 775 3736 833 mandata

2139 863 2462 932 servaverit,
2493 864 2779 921 necabitur
2806 865 2865 920 in
2895 883 2959 921 eo
2988 865 3261 922 diabolica
3287 864 3564 938 impietas,
3596 882 3734 939 apo-

2139 953 2332 1009 stolica
2387 961 2571 1009 autem
2617 953 2987 1010 reservabitur
3034 954 3236 1027 gratia“;
3296 964 3350 1011 et
3439 955 3737 1014 succedens

2139 1044 2545 1118 quodammodo
2583 1045 2692 1102 sibi
2742 1046 2877 1118 ipse,
2924 1048 3161 1104 moritur
3194 1063 3264 1102 ex
3307 1062 3372 1104 ea
3427 1056 3584 1120 parte
3630 1064 3737 1122 qua

2141 1144 2394 1207 peccator
2437 1143 2537 1204 est,
2583 1135 2901 1195 viviﬁcatur
2950 1154 3019 1193 ex
3049 1137 3145 1193 illa
3196 1145 3355 1210 parte
3400 1152 3511 1211 qua
3543 1137 3725 1210 justus

2139 1236 2243 1281 est.

2209 1316 2263 1371 5.
2299 1314 2599 1373 Videamus
2644 1319 2809 1373 etiam
2844 1317 2891 1374 si
2933 1317 3068 1374 alibi
3120 1318 3179 1375 in
3223 1316 3525 1391 Scripturis
3586 1317 3736 1377 hunc

2142 1407 2436 1480 mysticum
2469 1408 2895 1483 quadragesima
2925 1427 3218 1467 numerum
3262 1410 3539 1483 possimus
3568 1410 3739 1468 inve-

2139 1501 2277 1557 nire.
2302 1500 2555 1572 Legimus
2592 1502 2741 1576 quod
2769 1511 2990 1560 sanctus
3021 1504 3240 1576 Moyses
3286 1503 3344 1559 in
3387 1519 3573 1561 eremo
3608 1520 3733 1577 qua-

2139 1588 2393 1662 draginta
2436 1606 2710 1647 annorum
2772 1592 3051 1649 curriculo
3111 1592 3257 1649 ﬁlios
3312 1592 3481 1649 Israel
3527 1593 3732 1651 caelesti

2140 1696 2342 1735 manna
2369 1679 2631 1735 nutrierit
2670 1682 2877 1753 (Exod.
2917 1700 3037 1750 xvr,
3089 1682 3205 1753 35).
3242 1682 3432 1739 Bonus
3480 1699 3600 1755 ergo
3630 1700 3730 1741 nu-

432 1800 654 1864 accepto
700 1792 875 1848 fertur
915 1790 1030 1863 (86)
1080 1787 1522 1860 Quadragesima
1577 1784 1874 1858 jejunium,
1932 1781 2027 1855 qui

2143 1786 2347 1838 merus,
2376 1770 2471 1844 qui
2501 1788 2715 1843 semper
2743 1773 2945 1829 coelum
2974 1772 3185 1845 aperit:
3237 1771 3439 1841 bonus,
3491 1773 3727 1846 inquam,

433 1899 545 1938 non
569 1882 765 1939 diebus
793 1881 1153 1956 quadraginta
1188 1880 1425 1953 jejunat.
1477 1879 1651 1936 Pudet
1680 1878 1883 1944 dicere,
1951 1890 2028 1930 se-

433 1989 530 2029 nes
558 1979 612 2028 et
638 1971 871 2028 anicula
902 1971 1387 2043 Quadragesimam
1423 1968 1639 2024 faciunt
1666 1985 1677 2023 :
1713 1965 1948 2037 juvenes
1977 1972 2031 2021 et

428 2060 744 2133 juvencula
793 2076 905 2116 non
945 2059 1158 2117 faciunt
1198 2059 1338 2132 (87).
1364 2057 1528 2115 Omni
1562 2057 1732 2128 igitur
1751 2055 2022 2111 sollicitu-

434 2147 563 2206 dine
588 2158 805 2222 tempus
846 2148 1276 2205 sacratissimum
1323 2146 1684 2214 celebremus,
1717 2160 1831 2199 non
1880 2159 2032 2215 pra—

434 2245 605 2295 tereat
654 2254 755 2293 nos
801 2237 919 2294 dies
969 2237 1172 2310 absque
1216 2236 1451 2309 jejunio,
1499 2251 1613 2291 non
1644 2250 1745 2289 nos
1791 2239 2031 2288 transeat

433 2344 544 2383 una
581 2324 926 2382 hebdomada
972 2325 1177 2399 absque
1224 2324 1454 2397 vigiliis.
1514 2323 1613 2378 Ille
1678 2321 1829 2376 enim
1896 2320 2030 2376 facit

436 2415 942 2488 Quadragesimam,
970 2415 1065 2489 qui
1092 2414 1395 2487 jejunando
1429 2421 1482 2468 et
1514 2410 1798 2484 vigilando
1828 2426 2029 2467 ascen-

435 2507 519 2563 dit
546 2505 769 2579 pascha.
807 2505 944 2561 Nam
986 2504 1130 2562 sicut
1168 2504 1384 2577 reliquo
1414 2518 1559 2558 anno
1593 2499 1846 2573 jejunare
1890 2518 2023 2574 pra-

436 2595 611 2653 mium
644 2602 748 2663 est,
788 2593 865 2650 ita
907 2594 967 2649 in
1005 2592 1435 2666 Quadragesima
1471 2606 1583 2646 non
1613 2588 1867 2662 jejunare
1893 2606 2033 2662 pec-

435 2694 617 2744 catum
649 2693 762 2753 est;
810 2685 905 2741 illa
955 2684 1104 2741 enim
1148 2682 1463 2740 voluntaria
1491 2690 1619 2738 sunt
1658 2678 1892 2753 jejunia,
1929 2679 2034 2734 ista

436 2776 738 2835 necessaria
764 2794 776 2832 :
811 2775 908 2832 illa
937 2774 1006 2832 de
1034 2773 1266 2831 arbitrio
1295 2773 1551 2837 veniunt,
1580 2771 1685 2827 ista
1704 2770 1771 2827 de
1802 2769 1943 2843 lege:
1965 2767 2032 2825 ad

436 2866 534 2922 illa
561 2865 888 2932 invitamur,
920 2861 988 2918 ad
1016 2862 1122 2919 ista
1150 2861 1563 2935 compellimur.

505 2972 560 3028 4.
592 2971 699 3028 Sed
717 2969 1007 3026 videamus
1037 2970 1140 3025 iste
1191 2968 1551 3041 quadraginta
1604 2966 1820 3022 dierum
1859 2982 2032 3023 sacra-

436 3060 686 3117 tissimus
716 3073 983 3125 numerus
1011 3056 1157 3115 unde
1203 3056 1403 3113 habere
1443 3054 1671 3129 coeperit
1714 3054 2029 3112 exordium.

2138 1878 2423 1931 numerus,
2452 1880 2549 1936 per
2585 1879 2747 1936 quem
2772 1862 2999 1935 justitia
3042 1862 3157 1919 Noe
3206 1863 3477 1932 salvatur,
3500 1871 3555 1920 et
3574 1864 3733 1920 Israel

2139 1949 2244 2006 filii
2274 1953 2615 2024 saginantur.
2670 1951 2825 2009 Unde
2854 1960 2910 2009 et
2939 1968 3043 2007 nos
3070 1952 3431 2009 observemus
3464 1952 3613 2011 hunc
3641 1970 3735 2009 nu-

2140 2060 2376 2111 merum,
2398 2053 2459 2099 ut
2497 2044 2820 2116 aperiuntur
2850 2043 3011 2100 nobis
3050 2043 3199 2111 cali,
3239 2051 3513 2116 quatenus
3542 2052 3595 2100 et
3622 2044 3735 2117 plu-

2139 2134 2232 2188 via
2264 2150 2364 2189 nos
2410 2133 2596 2206 gratia
2634 2135 2877 2206 spirtalis
2918 2136 3137 2203 irroret,
3170 2141 3224 2190 et
3277 2132 3616 2207 spiritalium
3657 2151 3737 2191 sa-

2139 2230 2545 2279 cramentorum
2590 2240 2796 2279 manna
2842 2222 3087 2291 reﬁciat;
3121 2224 3296 2280 instar
3334 2224 3487 2279 enim
3525 2232 3735 2297 patrum

2140 2320 2455 2367 nostrorum
2485 2312 2590 2370 hac
2610 2311 2999 2370 observatione
3024 2311 3452 2386 quadragesima
3495 2321 3551 2369 et
3581 2312 3738 2384 justi-

2140 2401 2370 2458 ﬁcamur
2413 2405 2560 2464 422
2606 2409 2660 2458 et
2698 2402 2976 2474 pascimur
3008 2420 3020 2459 :
3059 2400 3435 2475 justiﬁcamur
3498 2403 3734 2473 lavacro,

2140 2500 2418 2571 pascimur
2438 2500 2812 2557 sacramentis.

2212 2604 2263 2660 6.
2300 2604 2403 2660 Sed
2434 2604 2582 2662 dicet
2613 2605 2833 2678 aliquis,
2866 2604 3012 2663 ﬁlios
3028 2606 3193 2664 Israel
3225 2607 3283 2663 in
3304 2623 3489 2664 eremo
3518 2607 3741 2680 quando

2143 2709 2343 2748 manna
2372 2694 2601 2751 saturati
2640 2702 2789 2762 sunt,
2821 2695 3052 2753 minime
3073 2694 3371 2768 jejunasse.
3405 2697 3521 2770 Ego
3557 2706 3739 2754 autem

2142 2782 2267 2839 dico
2286 2784 2411 2840 illos
2430 2801 2543 2841 non
2564 2785 2671 2842 nisi
2685 2785 3034 2843 abstinentia
3047 2794 3181 2844 tunc
3194 2795 3600 2861 vacasse,atque
3615 2787 3742 2844 ideo

2142 2874 2378 2932 caelestis
2408 2875 2687 2933 alimonia
2716 2877 2946 2948 gratiam
2979 2877 3243 2933 meruisse
3276 2895 3289 2933 :
3323 2877 3742 2952 primum,quia

2143 2962 2422 3021 desertum
2454 2981 2616 3022 omne
2640 2964 2919 3038 jejunium
2950 2975 3066 3034 est;
3103 2966 3234 3040 quia
3254 2967 3506 3024 anxietas
3524 2967 3735 3024 solitu-

2146 3052 2319 3125 dinis(
2327 3054 2420 3125 88)
2453 3055 2958 3128 concupiscentiam
2991 3056 3210 3128 repellit
3225 3073 3507 3114 escarum:
3536 3057 3735 3115 deinde

436 3148 691 3222 Legimus
736 3147 979 3221 primum
1022 3146 1082 3203 in
1126 3146 1313 3206 Veteri
1361 3147 1708 3211 Testamento
1735 3145 1849 3203 Noe
1895 3153 2029 3202 tem-
2058 3134 2110 3199 C
2141 3145 2198 3201 in
2222 3163 2404 3204 eremo
2434 3147 2580 3204 unde
2611 3155 2881 3206 accurata
2899 3149 3076 3221 epula
3097 3148 3125 3204 ?
3150 3148 3298 3205 unde
3325 3149 3460 3205 vina
3522 3149 3736 3223 pretio—

433 3238 684 3313 poribus,
722 3255 851 3297 cum
879 3253 1043 3295 omne
1075 3253 1243 3311 genus
1279 3236 1573 3293 hominum
1606 3236 1870 3294 scelerata
1925 3236 2028 3292 ini-

433 3330 615 3406 quitas
655 3337 992 3404 occupasset,
1039 3336 1122 3388 tot
1184 3329 1403 3387 dierum
1462 3344 1692 3385 numero
1740 3325 2028 3401 patefactis

434 3422 725 3480 cataractis
768 3423 897 3480 coeli
944 3437 1211 3495 aquarum
1266 3419 1483 3493 pluvias
1527 3418 1822 3475 deﬂuxisse
1867 3418 2022 3490 (Gen.

432 3528 535 3581 vn,
568 3512 683 3582 i2),
714 3518 769 3566 et
815 3512 1082 3583 mysterio
1125 3510 1365 3583 quodam
1412 3506 1837 3582 quadragesima
1867 3507 2027 3562 inun-

434 3599 655 3656 datione
692 3599 815 3655 orbi
847 3607 1118 3656 terrarum
1182 3599 1343 3667 facta,
1394 3614 1506 3654 non
1573 3603 1684 3652 tam
1751 3596 2029 3652 diluvium

433 3708 597 3766 quam
626 3690 961 3763 baptismum
1003 3691 1319 3763 contigisse.
1356 3688 1672 3761 Baptismus
1710 3687 1871 3759 plane
1899 3685 2027 3755 fuit,

434 3796 530 3853 per
550 3778 697 3855 quod
727 3777 786 3833 in
816 3777 1197 3852 peccatoribus
1226 3777 1493 3852 iniquitas
1538 3776 1754 3833 sublata
1780 3785 1884 3842 est,
1912 3777 2028 3833 Noe

428 3870 647 3944 justitia
674 3880 1015 3928 conservata.
1050 3871 1132 3927 Ita
1160 3887 1286 3943 ergo
1316 3878 1371 3927 et
1392 3869 1555 3926 modo
1570 3869 1730 3925 nobis
1760 3870 2030 3926 Dominus

434 3960 502 4018 ad
531 3960 705 4018 instar
750 3960 904 4017 illius
938 3959 1202 4033 temporis
1234 3959 1717 4032 Quadragesimam
1761 3958 1933 4027 dedit,
1969 3965 2031 4013 ut

432 4050 736 4110 constituto
768 4050 985 4108 dierum
1013 4067 1266 4119 numero,
1319 4049 1604 4123 patefactis
1632 4049 1809 4113 calis,
1841 4047 2032 4120 pluvia

435 4157 533 4198 nos
576 4140 972 4199 misericordia
1012 4140 1253 4198 calestis
1297 4138 1517 4207 irroret,
1558 4146 1613 4195 et
1668 4135 2031 4193 inundatione

434 4230 580 4288 facta
606 4248 703 4304 per
730 4231 1066 4305 baptismum
1099 4228 1306 4287 lavacri
1335 4227 1593 4285 salutaris
1622 4243 1722 4282 nos
1752 4225 1929 4282 imber
1967 4225 2029 4282 il-

436 4321 693 4378 luminet:
729 4330 782 4377 et
807 4323 952 4379 sicut
988 4329 1123 4377 tunc
1170 4321 1379 4377 factum
1436 4327 1519 4376 est
1547 4332 1817 4392 aquarum
1850 4315 2034 4373 ﬂucti-

435 4412 560 4479 bus,
590 4413 977 4485 exstinguatur
1004 4429 1153 4470 nunc
1182 4412 1242 4468 in
1274 4411 1437 4470 nobis
1465 4411 1798 4467 delictorum
1828 4408 2031 4482 iniqui-

2139 3237 2239 3293 sa?
2296 3236 2443 3294 unde
2480 3237 2846 3311 quadraginta
2891 3254 3163 3294 annorum
3211 3245 3456 3312 tempore
3522 3239 3736 3312 qualis-

2139 3342 2355 3400 cunque
2384 3326 2693 3384 substantia
2712 3328 2741 3384 ?
2769 3326 3138 3400 Intelligimus
3182 3345 3311 3401 ergo
3346 3327 3625 3401 jejunasse
3662 3328 3736 3385 ﬁ-

2140 3417 2244 3483 lies
2275 3418 2440 3474 Israel
2466 3436 2480 3486 ;
2513 3418 2643 3490 quia
2669 3417 3051 3491 cognoscimus
3081 3419 3194 3475 illis
3229 3436 3479 3477 escarum
3523 3421 3730 3494 copiam

2139 3505 2400 3572 defuisse,
2430 3515 2484 3563 et
2502 3514 2638 3563 tunc
2657 3508 2956 3581 sumpsisse
2983 3509 3193 3579 cibum,
3221 3509 3443 3584 quando
3471 3511 3729 3585 largienti

2137 3597 2376 3654 Domino
2424 3598 2737 3670 placuisset.
2784 3599 2928 3656 Satis
2983 3609 3167 3657 autem
3209 3600 3308 3657 diu
3346 3599 3582 3674 jejunat,
3636 3601 3727 3675 qui

2137 3703 2263 3743 cum
2294 3685 2500 3743 Christi
2540 3688 2825 3744 voluntate
2854 3705 2911 3747 se
2949 3689 3148 3746 reﬁcit.
3198 3691 3380 3764 Usque
3410 3690 3548 3747 adeo
3605 3707 3736 3748 vero

2088 3814 2097 3821 -
2139 3776 2472 3834 abstinentia
2496 3777 2743 3833 ﬁliorum
2774 3779 2936 3835 Israel
2969 3778 3026 3835 in
3066 3796 3251 3837 eremo
3295 3782 3508 3854 placuit
3553 3782 3733 3838 Salva-

2137 3865 2268 3934 tori,
2299 3876 2361 3923 ut
2395 3868 2757 3940 quorumdam
2781 3868 2944 3924 etiam
2963 3868 3109 3927 inter
3136 3870 3282 3944 ipsos
3316 3871 3737 3945 intemperantia

2139 3963 2453 4023 notaretur;
2492 3956 2571 4013 ita
2612 3965 2675 4012 ut
2724 3957 2976 4031 quisquis
3004 3959 3223 4016 avidior
3240 3960 3474 4033 duplum
3526 3976 3738 4017 manna

2140 4046 2327 4103 cibum
2372 4047 2476 4102 sibi
2515 4049 2828 4119 collegerat,
2859 4047 2952 4105 hic
2978 4048 3083 4105 hac
3112 4048 3317 4122 injuria
3354 4050 3635 4120 feriretur,
3676 4058 3739 4107 ut

2140 4153 2253 4193 non
2280 4144 2395 4192 tam
2425 4137 2609 4193 cibum
2637 4138 2741 4195 sibi
2776 4139 3123 4195 inveniretur
3151 4155 3418 4208 servasse,
3442 4156 3605 4215 quam
3618 4157 3736 4198 ver-

2143 4247 2257 4287 mes
2281 4249 2292 4286 :
2325 4230 2538 4287 scilicet
2565 4237 2628 4287 ut
2658 4232 2789 4305 quia
2824 4248 2991 4305 supra
3012 4231 3350 4289 moderatam
3382 4233 3735 4291 refectionem

2141 4319 2514 4391 concupierat,
2544 4320 2699 4377 velut
2723 4320 2967 4378 stimulis
3013 4321 3344 4395 quibusdam
3387 4322 3740 4381 conscientia

2142 4408 2200 4463 in
2230 4425 2438 4465 rnorem
2470 4408 2746 4467 vermium
2767 4418 3072 4484 urgeretur.

435 4508 537 4571 tas,
579 4503 851 4558 virtutum
883 4501 1104 4574 justitia
1149 4510 1529 4558 conservetur.
1558 4503 1681 4573 Ipsa
1717 4500 1866 4557 enim
1907 4516 2027 4573 qua
2059 4492 2112 4554 Ι)
2214 4508 2264 4563 7,
2297 4507 2471 4581 Igitur
2495 4515 2551 4564 et
2594 4525 2715 4578 nos,
2746 4508 2963 4579 fratres,
3013 4509 3383 4568 observantes
3433 4508 3739 4583 Quadringe-

435 4597 539 4657 sub
577 4599 713 4668 Noe,
741 4606 795 4655 et
826 4595 991 4653 modo
1037 4596 1274 4652 vertitur
1318 4596 1490 4664 ratio;
1520 4596 1831 4668 baptismus
1879 4597 2031 4652 enim

437 4688 710 4764 peccatori
742 4686 1020 4744 diluvium
1060 4694 1163 4755 est,
1226 4685 1565 4744 consecratio
1617 4693 1698 4742 est
1732 4684 1901 4741 ﬁdeli.
1934 4685 2036 4742 Per

438 4783 719 4839 lavacrum
756 4780 904 4836 enim
960 4777 1187 4836 Domini
1239 4778 1483 4836 salvetur
1524 4775 1765 4849 justitia,
1808 4784 2037 4835 necatur

438 4868 737 4943 iujustitia:
771 4869 999 4944 quodin
1038 4886 1150 4925 uno
1171 4869 1473 4942 eodemque
1532 4866 1738 4924 factum
1783 4867 2036 4924 videmus

438 4960 685 5033 apostolo
713 4958 905 5028 Paulo,
951 4958 1048 5033 qui
1077 4958 1397 5032 priusquam
1447 4955 1735 5030 praeceptis
1775 4955 2035 5028 spiritali-

437 5048 540 5106 bus
604 5048 902 5117 lavaretur,
974 5057 1091 5105 erat
1150 5047 1507 5121 blasphemus
1572 5053 1908 5120 persecutor,
1981 5053 2036 5100 et

438 5141 669 5209 Saulus;
711 5148 767 5198 at
812 5138 908 5195 ubi
956 5138 1146 5213 pluvia
1190 5155 1355 5211 super
1392 5155 1518 5194 eum
1554 5135 1759 5193 lavacri
1789 5133 2034 5191 calestis

439 5230 686 5300 inﬂuxit,
726 5237 954 5286 necatur
1004 5228 1380 5301 blasphemus,
1421 5236 1650 5284 necatur
1696 5232 2033 5299 persecutor,

511 5453 629 5526 (86)
677 5451 866 5510 Codex
892 5448 1172 5519 Valliscl.,
1216 5466 1325 5506 non
1356 5453 1528 5505 tamen
1580 5447 1731 5503 illius
1774 5454 2038 5520 acceptum

438 5524 634 5593 fertur,
657 5532 764 5581 etc.

450 5670 458 5673 _
512 5594 629 5673 (87)
652 5597 732 5652 Ita
759 5595 892 5653 edit.
917 5594 1247 5673 ;cod._vero
1281 5594 1455 5668 Lugd.
1489 5601 1545 5651 et
1581 5593 1855 5661 Valliscl.,
1903 5592 2036 5648 divi-

443 5670 513 5720 tes
531 5667 965 5738 juvenesquenon
993 5667 1222 5740 faciunt.

2144 4599 2297 4655 sima
2323 4597 2645 4671 quotidiana
2679 4605 2733 4652 et
2775 4598 3058 4655 moderata
3097 4599 3335 4673 jejunia,
3381 4607 3438 4656 et
3480 4607 3738 4674 tanquam

2144 4686 2203 4743 in
2251 4702 2434 4743 eremo
2472 4685 2785 4752 constituti,
2829 4686 2972 4744 nihil
3016 4688 3345 4747 deliciarum
3391 4688 3738 4747 sacularium

2143 4776 2466 4848 cogitemus,
2486 4776 2642 4832 nulla
2669 4792 2769 4832 nos
2800 4776 3168 4850 cupiditatum
3217 4778 3590 4853 corporalium
3620 4776 3740 4835 dul—

2144 4866 2278 4925 cedo
2310 4864 2590 4924 sollicitet.
2648 4865 2833 4923 Simus
2867 4866 3062 4936 sobrii,
3098 4868 3272 4924 simus
3312 4866 3482 4935 casti;
3539 4866 3740 4923 haben-

2143 4966 2225 5016 tes
2244 4957 2466 5031 quidem
2497 4956 2975 5015 conversationem
2994 4957 3049 5013 in
3080 4957 3333 5028 urbibus,
3366 4957 3742 5031 possideamus

2148 5056 2330 5104 mente
2354 5048 2653 5104 desertum.
2711 5047 2768 5104 Si
2810 5048 2885 5103 ita
2942 5047 3284 5105 abstinentes
3312 5048 3607 5121 egerimus,
3634 5045 3742 5103 erit

2146 5145 2207 5194 ut
2231 5137 2469 5195 caelestis
2538 5153 2752 5193 manna
2796 5136 3109 5195 reﬁciamur
3156 5138 3440 5208 alimonia,
3472 5147 3527 5195 et
3570 5136 3742 5194 nullis

2147 5227 2418 5283 vermium
2453 5226 2694 5283 stimulis
2714 5243 3168 5300 compungamur.
3230 5236 3235 5241 ‘

2220 5448 2338 5511 (88)
2380 5446 2504 5503 Vet.
2527 5446 2660 5502 edit.
2694 5463 2841 5503 cum.
2864 5445 3255 5515 ms.Valliscl.,
3274 5446 3369 5517 qui
3381 5445 3741 5517 ansietassot-

2150 5518 2471 5648 iiggdt’nis;
2494 5518 2690 5574 melius
2721 5517 2852 5575 edit.
2878 5519 3036 5575 Rom.
3068 5534 3195 5575 cum
3232 5516 3361 5577 cod.
3403 5516 3627 5589 Lugd...
3660 5533 3741 5572 so-

2171 5610 2187 5645 ι
2286 5607 2408 5646 mis.

2171 5607 2408 5646 amamus.
