4064 6178
269 293 370 351 673

826 434 1061 492 SEBMO
1090 435 1295 495 XXIV.

596 532 676 588 De
702 539 891 588 sancta
919 532 999 600 Qu
1012 533 1352 607 adragesima
1379 534 1531 592 VIII.

265 646 538 720 Quidquid
579 664 615 702 a
655 647 846 775 primis
889 647 1052 717 hujus
1095 649 1350 704 sermonis
1387 651 1560 705 verbis
1597 666 1761 721 usque
1795 651 1868 705 ad

329 735 615 775 numerum
720 718 1100 775 interponitur.
1130 721 1189 775 in
1226 722 1468 775 Annend.
1518 722 1746 775 Auaust.
1780 722 1868 775 ubi

329 735 615 775 numerum
657 718 704 793 ΞΑ
718 718 1100 793 interponitur,
1130 721 1189 775 in
1226 722 1468 793 Append.
1518 718 1746 793 August.
1780 722 1870 777 ubi

332 808 627 847 sermonem
847 789 1138 860 constituit,
1206 789 1493 864 reperitur.
1549 789 1639 850 Ei:
1689 794 1864 848 eodem

330 862 801 936 etiamino‘nnulla
828 864 1171 934 reperiuntur
1208 862 1277 918 in?
1290 865 1521 934 ejusdem
1550 866 1868 936 Appendicis

331 933 458 992 256.
501 934 645 990 Unde
684 933 1038 1004 cognoscimus
1081 941 1131 990 et
1168 933 1481 1005 Cwsarium,
1524 938 1571 991 si
1598 933 1781 991 tamen
1820 938 1867 990 is

332 1012 521 1061 auctor
568 1007 761 1060 horum
816 1023 1113 1059 sermonum
1176 1006 1304 1076 jure
1367 1009 1602 1076 dicatur,
1664 1010 1867 1063 easdem

333 1077 617 1133 sententias
658 1077 877 1132 subinde
920 1078 1154 1144 iterasse,
1215 1086 1262 1133 et
1297 1087 1536 1134 nostrum
1570 1081 1706 1135 hunc
1762 1098 1867 1134 ser-

331 1166 539 1204 monem
578 1149 795 1221 plenum
825 1165 930 1204 esse
979 1157 1135 1220 atque
1176 1150 1489 1221 perfectum,
1534 1168 1653 1205 cum
1700 1151 1869 1206 dictus

333 1220 633 1293 sermoZ-SI
662 1220 815 1293 illius
840 1226 1044 1293 tantum
1074 1220 1369 1277 laciniasit.
1400 1223 1561 1293 Apud
1592 1223 1869 1279 Rabanum

334 1292 557 1365 homilia
599 1292 909 1365 inscribitur
951 1292 1157 1350 Contra
1204 1292 1498 1365 paganicos
1526 1310 1756 1362 errores,
1810 1295 1868 1348 in

337 1381 445 1435 qua
480 1364 617 1418 sicut
643 1369 692 1418 et
718 1363 1033 1436 insequenti
1061 1363 1305 1435 quaedam
1336 1367 1498 1436 legere
1525 1372 1618 1433 est,
1660 1383 1778 1435 qua:
1805 1383 1869 1420 ex

336 1437 433 1491 hoc
467 1451 705 1490 sermone
730 1435 942 1491 videtur
962 1443 1234 1490 mutuatus
1255 1454 1276 1502 ;
1304 1435 1410 1491 nisi
1437 1437 1693 1493 malueris
1731 1454 1868 1491 eum-

334 1508 450 1580 dem
480 1523 772 1580 sermonem
795 1507 997 1577 partim
1044 1525 1109 1561 ex
1143 1508 1396 1577 Ca’sario,
1431 1509 1635 1580 partim
1663 1525 1728 1564 ex
1766 1510 1868 1565 Ra-

334 1578 494 1649 bano,
522 1578 731 1651 partim
758 1595 825 1634 ea:
848 1580 976 1635 aliis
1008 1580 1277 1636 collectum
1303 1597 1427 1637 esse.

335 1713 387 1769 1.
422 1711 598 1781 Quam
647 1712 932 1769 timendus
979 1721 1082 1783 est,
1126 1713 1325 1772 fratres
1365 1714 1702 1784 charissimi,
1749 1715 1870 1771 dies

1079 294 1451 353 SERMONES
1490 296 1545 353 S.
1590 295 1943 354 AMBROSIO
1983 295 2354 354 HACTENUS
2393 299 2734 359 ASCBIPTI.

3470 306 3577 364 674

1886 424 1938 483 Α
1966 423 2067 491 tia,
2097 423 2193 480 ubi
2224 426 2411 481 nullus
2456 426 2524 481 ad
2558 425 2958 483 confessionem
2990 442 3268 497 recursus,
3300 428 3400 487 ubi
3440 432 3583 490 nul-

1982 514 2066 569 lus
2096 523 2176 570 est
2210 516 2277 571 ad
2299 516 2517 573 veniam
2541 533 2835 589 regressus.

2053 612 2105 669 3.
2136 613 2207 667 Et
2234 629 2352 683 nos,
2391 613 2587 671 fratres
2614 614 2946 685 charissimi,
2987 632 3212 689 agamus
3240 634 3427 676 veram
3453 634 3580 691 pai-

1980 704 2294 773 nitentiam,
2322 715 2385 762 ut
2437 723 2539 763 nos
2564 708 2833 765 Dominus
2863 710 2930 767 ab
2964 710 3056 765 illa
3085 726 3263 783 poena,
3288 727 3454 783 quam
3484 728 3589 769 su-

1988 794 2171 865 perius
2214 794 2480 864 diximus,
2519 796 2727 868 eripere
2764 798 3039 870 dignetur.
3073 800 3193 855 Non
3234 798 3395 855 nobis
3420 799 3588 856 suﬂi-

1978 884 2077 952 cit,
2107 884 2253 955 quod
2287 900 2488 939 nomen
2528 885 2905 943 Christianum
2934 887 3310 959 praeferamus,
3344 888 3389 945 si
3420 904 3585 961 opera

1981 972 2295 1028 Christiana
2355 990 2464 1030 non
2534 974 2805 1031 facimus:
2870 976 3110 1032 decimas
3168 985 3381 1034 nostras
3426 976 3587 1033 annis

1980 1064 2214 1136 singulis
2265 1064 2331 1121 de
2380 1067 2595 1121 cunctis
2623 1066 2896 1137 frugibus,
2954 1068 3264 1139 pecoribus,
3297 1076 3351 1123 et
3375 1067 3587 1123 caeteris

1981 1155 2231 1228 praecipit
2279 1157 2580 1227 erogandas
2625 1159 2918 1217 Dominus.
2954 1161 3231 1234 Scriptum
3263 1178 3478 1235 quoque
3507 1168 3589 1217 est

1986 1248 2165 1319 (Deut.
2215 1265 2321 1319 x11,
2352 1250 2385 1307 6
2429 1253 2597 1325 seq.):
2650 1256 2787 1311 Date
2817 1254 3058 1312 decimas
3102 1254 3169 1311 de
3217 1256 3369 1311 omni
3398 1254 3587 1311 labore

1980 1351 2185 1411 vestro,
2217 1352 2270 1400 et
2294 1342 2360 1398 de
2396 1344 2656 1401 omnibus
2685 1346 2975 1418 pecoribus
3007 1345 3222 1414 vestris,
3245 1353 3300 1401 et
3319 1362 3417 1417 ego
3444 1360 3584 1417 ape—

1980 1428 2119 1485 riam
2194 1428 2355 1485 vobis
2409 1440 2708 1490 cataractas
2764 1434 2910 1502 coeli,
2979 1443 3033 1492 et
3072 1433 3590 1507 multiplicabuntur

1981 1534 2203 1587 messes,
2234 1526 2287 1575 et
2339 1520 2634 1577 vindemiae
2682 1530 2875 1580 vestra:
2919 1532 3081 1580 erunt
3110 1523 3268 1580 vobis
3294 1523 3354 1579 in
3400 1522 3587 1580 abun-

1983 1611 2249 1679 dantiam,
2301 1611 2528 1682 insuper
2573 1620 2627 1667 et
2675 1614 2939 1671 sanitates
2988 1614 3047 1671 in
3076 1614 3333 1673 domibus
3368 1615 3586 1673 vestris.

1982 1703 2055 1758 At
2085 1701 2130 1758 si
2160 1717 2272 1757 non
2298 1700 2563 1759 dederitis
2591 1703 2854 1775 decimas,
2886 1706 3023 1763 dicit
3047 1708 3337 1777 Dominus,
3368 1708 3587 1764 mittam

260 1802 361 1858 ille
385 1779 610 1877 judicii,
644 1802 701 1859 in
741 1820 850 1877 quo
893 1779 1166 1862 Dominus
1195 1814 1382 1863 noster
1409 1806 1564 1863 Jesus
1596 1779 1870 1877 Christus,
1903 1779 1951 1840 B
1986 1792 2307 1866 grandinem
2338 1802 2391 1849 εἴ
2438 1793 2692 1867 Ρτυίηδω
2723 1803 2777 1852 et
2811 1804 3159 1869 tempestates
3192 1814 3356 1870 super
3383 1814 3503 1865 V03:
3535 1804 3590 1855 εἴ

257 1909 328 1950 ac
355 1893 687 1965 Redemptor
713 1894 962 1950 omnium
983 1895 1269 1968 proposuit
1305 1896 1495 1952 venire
1510 1912 1636 1953 cum
1655 1895 1875 1952 ﬂamma

262 1982 434 2055 ignis,
494 2000 613 2056 quae
654 1992 1047 2058 consumptura
1106 1993 1189 2043 est
1234 1986 1577 2043 adversarios
1629 2003 1775 2056 suos,
1821 1995 1876 2044 et

262 2089 365 2129 eos
401 2072 497 2147 qui
541 2073 748 2130 faciunt
792 2074 1184 2148 iniquitatem!
1246 2076 1311 2133 In
1353 2076 1452 2132 illa
1482 2075 1572 2132 die
1617 2075 1877 2147 plangent

259 2178 458 2218 omnes
487 2161 665 2219 tribus
694 2170 873 2219 terrae.
925 2164 997 2219 Et
1046 2163 1321 2221 videbunt
1368 2164 1573 2221 Filium
1624 2164 1873 2222 hominis

260 2251 578 2307 venientem
624 2253 684 2308 in
730 2252 975 2310 nubibus
1003 2254 1129 2310 coeli
1159 2271 1283 2311 cum
1316 2254 1524 2311 virtute
1570 2270 1788 2327 magna,
1819 2263 1873 2311 et

258 2339 553 2413 majestate
596 2343 843 2399 excelsa:
907 2351 961 2399 et
1013 2343 1512 2401 commovebuntur
1563 2353 1691 2401 ante
1746 2360 1870 2400 eum

257 2448 459 2489 omnes
492 2430 631 2488 ﬁnes
674 2440 854 2501 terrae,
899 2439 953 2488 et
1005 2443 1315 2505 peccatores
1353 2434 1612 2507 peribunt
1661 2435 1718 2490 in
1765 2450 1867 2491 ea:

255 2530 311 2579 et
348 2522 552 2580 ctelum
589 2521 911 2594 plicabitur,
943 2532 998 2579 et
1037 2539 1185 2579 mare
1228 2522 1545 2593 siccabitur,
1575 2531 1630 2579 et
1657 2532 1872 2580 montes

257 2611 415 2667 sicut
442 2627 566 2669 cera
615 2610 888 2668 ardebunt
919 2628 1092 2686 usque
1122 2613 1190 2669 ad
1220 2613 1427 2669 inferos
1460 2631 1472 2669 :
1524 2621 1578 2670 et
1618 2612 1700 2670 sol
1743 2629 1871 2669 con-

256 2708 515 2757 vertetur
533 2700 589 2758 in
621 2700 894 2769 tenebras,
924 2709 979 2758 et
1003 2702 1137 2758 luna
1163 2718 1275 2758 non
1294 2702 1448 2759 dabit
1477 2703 1663 2758 lumen
1684 2719 1867 2771 suum,

256 2799 316 2849 et
373 2792 549 2847 stellas
610 2791 808 2847 cadent
862 2790 930 2847 de
984 2792 1143 2861 cmlo,
1200 2800 1254 2848 et
1308 2793 1542 2848 virtutes
1605 2794 1869 2849 ccelorum

254 2879 807 2938 commovebuntur:
857 2888 911 2936 et
957 2887 1090 2937 tunc
1140 2880 1421 2953 apparebit
1462 2882 1681 2953 signum
1740 2880 1869 2937 Filii

254 2969 517 3027 hominis
564 2970 622 3025 in
670 2971 832 3035 cmlo,
879 2970 1025 3043 quod
1075 2972 1180 3027 erit
1226 2987 1364 3028 crux
1408 2971 1614 3030 Christi
1644 2971 1871 3028 Domini

260 3059 476 3126 nostri,
508 3058 567 3113 in
602 3056 760 3130 cujus
796 3057 1006 3115 lumine
1049 3059 1428 3118 teuebrescent
1458 3061 1632 3119 totius
1673 3059 1871 3117 mundi

1984 1884 2179 1939 tollam
2201 1900 2421 1939 omnem
2461 1883 2702 1941 laborem
2740 1895 3004 1944 vestrum.
3026 1887 3236 1945 Novem
3271 1898 3450 1961 partes
3478 1906 3590 1945 vo-

1983 1973 2072 2031 bis
2098 1974 2319 2031 tributae
2349 1983 2499 2044 sunt,
2521 1975 2615 2032 sed
2644 1976 2741 2049 qui
2768 1976 3009 2033 decimas
3046 1976 3177 2033 dare
3214 1976 3492 2046 uoluistis,
3520 1976 3590 2035 ad

1986 2065 2159 2120 solam
2188 2064 2459 2122 decimam
2500 2066 2826 2123 revertetis:
2878 2067 3105 2139 insuper
3146 2074 3201 2123 et
3230 2067 3592 2124 mortalitates

1984 2154 2209 2213 venient
2256 2157 2315 2211 in
2352 2154 2548 2211 domos
2597 2164 2819 2213 vestras.
2866 2156 3175 2226 Frumenti,
3227 2158 3356 2214 vini
3399 2167 3453 2215 et
3480 2156 3590 2214 olei

1984 2254 2136 2320 parte
2181 2247 2371 2303 oﬂ‘erte
2419 2246 2659 2320 primum
2714 2248 2774 2303 in
2800 2248 3124 2318 Ecclesiam,
3196 2249 3466 2322 reliquam
3496 2264 3593 2322 per

1983 2352 2173 2404 caecos,
2223 2334 2469 2405 claudos,
2516 2335 2746 2407 debiles,
2788 2338 3047 2411 leprosos,
3094 2345 3149 2394 et
3200 2337 3498 2411 orphanos,
3532 2345 3587 2394 et

2021 2440 2080 2480 er
2107 2423 2328 2495 viduas,
2368 2426 2686 2499 peregrinos
2713 2436 2766 2485 et
2799 2426 3039 2487 advenas
3080 2428 3331 2486 dividere
3356 2429 3585 2487 debetis.

1982 2441 2080 2570 ger
2107 2441 2328 2495 vmuas,
2368 2441 2686 2499 peregrinos
2713 2441 2766 2485 et
2799 2441 3039 2487 advenas
3080 2441 3331 2486 dividere
3356 2441 3585 2487 debetis.

2022 2514 2252 2573 imiliter
2297 2515 2460 2572 facite
2500 2515 2567 2579 de
2610 2516 2763 2574 omni
2821 2518 3037 2589 peculio
3085 2527 3291 2587 vestro,
3338 2518 3407 2575 de
3433 2518 3588 2575 omni

1980 2604 2169 2661 fructu
2198 2614 2401 2662 vestro.
2431 2605 2657 2673 Quoties
2687 2624 2892 2663 novum
2917 2608 3054 2665 facis
3092 2624 3287 2681 panem
3317 2606 3386 2663 de
3414 2622 3589 2664 messe

1980 2702 2096 2761 tua,
2137 2693 2378 2765 primum
2424 2694 2557 2749 aﬂ‘er
2586 2694 2655 2751 ad
2685 2695 2989 2752 Ecclesiam
3020 2712 3118 2768 pro
3165 2695 3577 2753 benedictione:

1980 2783 2254 2855 reliquum
2286 2798 2419 2839 vero
2449 2790 2632 2841 tecum
2670 2784 2907 2842 retinere
2947 2786 3156 2858 poteris
3190 2801 3289 2858 pro
3320 2794 3375 2844 te
3402 2792 3459 2843 et
3485 2791 3582 2842 tua

1978 2871 2191 2928 familia
2217 2890 2227 2928 :
2252 2870 2333 2929 sic
2350 2872 2437 2930 fac
2458 2872 2525 2928 de
2537 2890 2666 2943 uva,
2686 2882 2741 2930 et
2755 2872 2822 2929 de
2841 2874 2993 2930 omni
3016 2873 3201 2929 labore
3221 2882 3338 2930 tuo.

2049 2968 2104 3025 4.
2140 2970 2203 3026 In
2248 2970 2477 3026 ecclesia
2518 2979 2723 3028 stantes
2773 2971 2945 3028 nolite
2994 2971 3326 3043 obstrepere,
3371 2970 3466 3028 sed
3493 2971 3583 3027 le-

1979 3058 2191 3117 ctiones
2219 3057 2439 3115 divinas
2466 3058 2761 3131 diligenter
2788 3059 2993 3117 audite.
3026 3059 3134 3127 Qui
3159 3059 3353 3116 otiosis
3374 3059 3580 3126 verbis,

255 3149 506 3208 lumina.
541 3147 697 3205 Tunc
728 3148 904 3205 sancti
958 3149 1241 3221 rapientur
1285 3150 1504 3207 obviam
1552 3150 1771 3208 Christo
1811 3150 1869 3205 in
1900 3141 1945 3204 C
1979 3146 2265 3205 cachinnis
2291 3146 2630 3215 clamorosis,
2679 3146 3222 3204 deambulationibus
3250 3147 3585 3221 importunis

261 3257 425 3308 aera,
458 3247 514 3296 et
538 3239 619 3296 sic
648 3256 863 3312 semper
889 3256 1015 3297 cum
1055 3239 1292 3296 Domino
1320 3247 1489 3296 erunt
1516 3258 1527 3296 :
1557 3248 1870 3312 peccatores

254 3336 451 3386 autem
485 3327 900 3384 confundentur
928 3336 983 3384 et
1012 3328 1291 3401 peribunt.
1323 3331 1395 3385 Et
1434 3338 1571 3387 tunc
1599 3330 1870 3386 Dominus

253 3427 456 3476 noster
504 3418 660 3474 Jesus
716 3417 972 3476 Christus
1045 3443 1062 3465 ι
1101 3418 1284 3476 mittet
1334 3420 1555 3491 angelos
1612 3436 1740 3476 suos
1790 3417 1869 3475 ad

255 3516 506 3584 quatuor
558 3508 791 3580 angulos
849 3515 1028 3577 terrae,
1089 3515 1143 3564 et
1197 3508 1607 3580 congregabunt
1668 3509 1869 3565 electos

254 3598 387 3672 ejus
433 3613 465 3653 a
494 3613 712 3653 summo
746 3598 1014 3655 cmlorum
1058 3613 1236 3669 usque
1283 3597 1353 3652 ad
1384 3596 1649 3652 terminos
1678 3612 1867 3652 eorum

258 3689 483 3763 (Matth.
508 3704 670 3757 xxxv,
701 3688 841 3760 31);:
869 3695 921 3745 et
936 3696 1071 3745 tunc
1091 3689 1363 3760 separabit
1385 3696 1601 3744 sanctos
1616 3703 1744 3743 suos
1765 3688 1868 3743 Do-

258 3777 456 3834 minus
489 3776 556 3832 de
585 3776 769 3834 medio
798 3784 1169 3851 peccatorum,
1208 3785 1261 3833 et
1294 3778 1479 3834 mittet
1515 3793 1606 3833 eos
1632 3776 1690 3831 in
1720 3792 1869 3832 man-

258 3868 452 3924 siones
482 3866 732 3923 coelestes
758 3885 769 3923 :
804 3876 1118 3940 peccatores
1147 3876 1330 3924 autem
1364 3868 1656 3925 mittentur
1685 3865 1743 3922 in
1771 3881 1872 3923 ca-

264 3956 492 4012 minum
523 3955 689 4025 ignis,
721 3958 816 4028 qui
846 3966 1067 4029 paratus
1087 3967 1169 4015 est
1188 3958 1413 4015 diabolo
1439 3966 1492 4013 et
1519 3955 1729 4028 angelis
1756 3954 1873 4026 ejus

268 4043 492 4115 (Matth.
523 4057 664 4108 xxv,
715 4041 831 4114 41).
890 4069 907 4092 ι
937 4046 1020 4101 Ibi
1063 4048 1167 4101 erit
1195 4046 1355 4103 ﬂetus
1400 4054 1455 4103 et
1493 4045 1699 4102 stridor
1730 4044 1875 4100 den-

270 4129 419 4187 tium
462 4128 681 4199 (Matth.
726 4145 846 4198 vin,
899 4131 1011 4203 12).
1045 4158 1063 4179 ι
1106 4133 1203 4189 Vae
1244 4134 1359 4190 illis
1403 4133 1746 4202 hominibus,
1780 4132 1875 4205 qui

268 4234 408 4277 cum
461 4214 688 4272 diabolo
734 4214 1016 4275 habebunt
1046 4221 1391 4279 mansiones!
1445 4223 1575 4297 quia
1619 4221 1877 4279 ascendet

269 4310 466 4367 fumus
504 4314 911 4364 tormentorum
950 4325 1140 4365 eorum
1192 4312 1249 4366 in
1279 4314 1475 4369 saecula
1503 4315 1830 4373 saeculorum
1860 4329 1872 4369 :

268 4412 513 4474 quorum
563 4396 770 4452 vermis
801 4412 912 4452 non
952 4399 1243 4466 morietur,
1289 4406 1342 4455 et
1375 4401 1517 4472 ignis
1546 4420 1734 4460 eorum
1764 4419 1875 4458 non

1978 3237 2038 3293 in
2066 3236 2297 3295 ecclesia
2331 3237 2643 3309 perstrepit,
2686 3244 2741 3294 et
2777 3254 2876 3309 pro
2914 3253 2971 3294 se
3010 3243 3064 3293 et
3100 3253 3201 3309 pro
3220 3236 3346 3293 aliis
3388 3236 3585 3295 reddi-

1978 3335 2137 3383 turus
2158 3334 2239 3383 est
2262 3325 2528 3382 rationem
2559 3325 2618 3382 in
2667 3326 2758 3382 die
2780 3325 2980 3398 judicii
3004 3344 3017 3394 ;
3050 3324 3180 3399 quia
3210 3326 3454 3383 Verbum
3484 3326 3582 3383 Dei

1979 3434 2081 3474 nec
2124 3417 2238 3489 ipse
2266 3416 2443 3484 audit,
2496 3432 2597 3473 nec
2645 3416 2782 3473 alios
2819 3416 3009 3472 audire
3044 3416 3332 3488 permittit.
3375 3415 3462 3472 Ad
3499 3432 3584 3474 ec-

1977 3503 2202 3565 clesiam
2232 3523 2358 3563 cum
2403 3506 2627 3575 venitis,
2665 3507 2837 3563 nolite
2884 3506 3138 3578 litigare;
3194 3521 3386 3563 causas
3414 3521 3586 3564 vanas

1981 3597 2156 3653 nolite
2182 3596 2384 3665 dicere,
2425 3596 2616 3653 audire
2656 3596 2743 3651 vel
2790 3594 3075 3668 judicare;
3127 3602 3224 3652 aut
3248 3594 3443 3663 rixari,
3490 3602 3588 3651 aut

1975 3684 2171 3758 jocari,
2218 3686 2307 3741 vel
2351 3686 2557 3742 alienas
2620 3685 2836 3740 fabulas
2882 3684 3130 3753 referre;
3183 3683 3448 3757 quoniam
3488 3684 3586 3757 qui

1981 3776 2116 3832 talia
2141 3782 2330 3848 agunt,
2353 3773 2471 3831 sine
2489 3775 2675 3831 fructu
2704 3774 2980 3831 orationes
3004 3790 3197 3831 eorum
3227 3781 3583 3831 evanescunt:

1982 3865 2097 3921 imo
2138 3881 2266 3921 cum
2314 3880 2485 3937 parvo
2522 3870 2748 3936 peccato
2798 3862 2867 3919 ad
2909 3864 3195 3922 ecclesiam
3234 3862 3488 3931 veniunt,
3534 3867 3589 3917 et

1982 3970 2107 4011 cum
2156 3954 2393 4027 peccatis
2436 3954 2629 4010 multis
2673 3953 2741 4010 de
2789 3954 3021 4011 ecclesia
3066 3953 3348 4021 recedunt,
3387 3950 3588 4024 quibus

1982 4044 2144 4101 valde
2173 4044 2448 4117 congruit,
2472 4044 2622 4118 quod
2640 4042 2914 4116 Propheta
2933 4042 3072 4099 dicit
3095 4049 3150 4098 et
3177 4040 3582 4098 comminatur:

1996 4158 2016 4182 ι
2046 4135 2224 4190 Homo
2270 4132 2505 4189 vanitati
2544 4131 2744 4189 similis
2781 4131 2959 4189 factus
2988 4137 3088 4199 est,
3127 4129 3247 4186 dies
3300 4126 3419 4200 ejus
3442 4126 3587 4184 sicut

1985 4224 2181 4282 umbra
2210 4232 2497 4282 transeunt
2528 4224 2705 4297 (Psal.
2736 4238 2927 4291 cxun,
2960 4220 3039 4283 4).
3069 4245 3088 4269 ι

2057 4321 2109 4378 5.
2143 4321 2363 4379 Iudices
2408 4337 2537 4378 vero
2575 4321 2669 4393 qui
2716 4336 2907 4377 causas
2951 4318 3205 4388 audiunt,
3243 4316 3389 4391 justo
3423 4315 3590 4390 judi-

1987 4418 2134 4477 cent,
2165 4418 2218 4467 et
2257 4427 2487 4467 munera
2533 4427 2696 4483 super
2738 4410 3057 4466 innocentes
3105 4423 3218 4464 non
3259 4407 3535 4480 accipiant
3568 4425 3584 4478 ;

267 4487 677 4559 exstinguetur.
732 4485 796 4541 In
845 4485 1048 4559 quibus
1096 4488 1249 4544 nulla
1301 4505 1413 4545 vox
1472 4490 1580 4546 nisi
1623 4492 1876 4563 gemitus,
1913 4507 1963 4567 D
1995 4516 2065 4556 ne
2093 4500 2233 4556 forte
2260 4499 2395 4556 dum
2422 4499 2717 4573 acquirunt
2752 4497 3063 4570 pecuniam,
3086 4496 3319 4570 perdant
3345 4496 3589 4553 animam

274 4577 438 4634 nulla
477 4574 698 4648 requies
746 4575 857 4631 nisi
907 4575 1072 4648 ignis,
1124 4577 1342 4633 nullum
1384 4578 1727 4649 refrigerium
1772 4581 1879 4637 nisi

272 4664 525 4733 ﬂamma,
577 4664 735 4719 nulla
784 4664 883 4720 lux
926 4680 1171 4738 unquam
1207 4667 1314 4723 nisi
1350 4667 1623 4736 tenebrae;
1656 4676 1711 4724 et
1751 4669 1881 4726 tales

270 4770 388 4811 non
430 4752 657 4810 venient
701 4769 945 4826 unquam
1004 4754 1063 4811 in
1109 4757 1434 4815 memoriam
1493 4758 1638 4831 apud
1681 4761 1877 4829 Deum,

273 4859 513 4918 quorum
535 4842 697 4899 cibus
726 4844 1003 4901 cruciatus
1042 4853 1142 4914 est,
1185 4856 1238 4903 et
1269 4849 1481 4905 mansio
1512 4865 1702 4906 eorum
1752 4867 1877 4908 cum

273 4931 499 4990 diabolo
523 4932 648 5001 erit,
684 4931 780 4988 ubi
811 4933 965 4989 nulla
994 4936 1235 4991 suavitas
1263 4938 1369 4993 nisi
1401 4938 1561 4994 fetor.

354 5026 506 5084 423
558 5022 612 5078 2.
681 5021 728 5079 Ο
772 5021 961 5091 homo,
1014 5023 1108 5096 qui
1158 5042 1385 5098 regnum
1448 5028 1546 5082 Dei
1604 5027 1879 5099 possidere

274 5119 573 5188 desideras,
597 5118 745 5193 quod
775 5119 956 5177 fecisti
987 5124 1212 5191 malum,
1244 5123 1376 5179 dum
1407 5132 1580 5196 potes,
1627 5125 1872 5181 emenda.

274 5209 410 5267 dum
443 5217 661 5282 tempus
691 5209 878 5279 babes,
910 5213 1085 5268 clama
1113 5212 1179 5267 ad
1209 5215 1640 5286 omnipotentem
1665 5215 1873 5271 Deum:

276 5299 412 5358 dum
444 5309 661 5373 tempus
688 5300 857 5358 babes
901 5302 1146 5374 lugendi,
1177 5301 1307 5358 dum
1339 5303 1522 5361 adhuc
1558 5304 1744 5359 anima
1784 5311 1879 5359 tua

277 5396 533 5446 versatur
578 5388 637 5444 in
675 5406 902 5463 corpore
954 5400 1073 5458 tuo,
1116 5389 1246 5446 dum
1283 5390 1465 5449 adhuc
1492 5393 1660 5462 vivis,
1691 5408 1878 5449 reme-

282 5477 437 5535 dium
481 5476 585 5535 tibi
616 5478 864 5536 futurum
896 5479 1142 5553 acquire,
1170 5479 1489 5554 priusquam
1543 5484 1601 5538 in
1651 5483 1877 5555 profun-

281 5565 414 5623 dum
444 5575 500 5624 te
541 5569 736 5625 mortis
770 5568 1055 5625 absorbeat
1099 5569 1324 5643 laqueus
1362 5586 1668 5643 poenarum,
1701 5573 1876 5646 prius-

282 5670 445 5729 quam
493 5663 547 5712 te
587 5656 838 5715 infernus
865 5657 1083 5731 capiat:
1136 5658 1233 5717 ubi
1273 5659 1427 5718 nulla
1464 5669 1545 5720 est
1589 5662 1876 5736 indulgen-

1990 4606 2165 4646 suam.
2196 4590 2368 4647 Nemo
2387 4589 2533 4646 enim
2561 4588 2727 4645 habet
2754 4587 3022 4661 injustum
3057 4589 3272 4644 lucrum
3295 4584 3413 4642 sine
3438 4584 3592 4657 justo

1988 4678 2226 4735 damno:
2288 4679 2386 4735 ubi
2414 4679 2651 4747 lucrum,
2702 4676 2779 4733 ibi
2832 4684 2887 4733 et
2931 4676 3232 4733 damnum:
3287 4675 3503 4731 lucrum
3530 4672 3592 4730 in

1988 4784 2134 4837 arca,
2168 4768 2432 4825 damnum
2468 4784 2597 4824 vero
2640 4767 2698 4822 in
2725 4767 2930 4821 anima.
2962 4766 3086 4835 Dic,
3116 4764 3214 4821 ubi
3261 4772 3391 4822 sunt
3414 4777 3590 4835 reges,

1988 4858 2084 4914 ubi
2114 4866 2243 4914 sunt
2272 4856 2565 4930 principes,
2597 4856 2691 4912 ubi
2717 4864 2847 4912 sunt
2873 4853 3077 4910 divites
3097 4854 3125 4911 ?
3168 4853 3265 4910 ubi
3284 4860 3365 4909 est
3392 4867 3588 4909 aurum

1987 4956 2041 5004 et
2069 4953 2451 5003 ornamentum
2488 4961 2677 5001 eorum
2707 4944 2735 5000 ‘P
2762 4943 2973 5001 Cuncta
3003 4943 3154 4999 velut
3176 4941 3369 4998 umbra
3401 4949 3590 4998 trans-

1988 5035 2190 5092 ierunt.
2240 5037 2454 5091 Aurum
2507 5042 2562 5090 et
2604 5040 2891 5105 argentum
2937 5041 2991 5089 et
3042 5040 3365 5088 ornamenta
3400 5046 3589 5087 eorum

1988 5131 2368 5181 remanserunt
2409 5122 2468 5178 in
2504 5120 2734 5191 mundo,
2765 5130 2820 5177 et
2860 5121 2945 5177 illi
2984 5120 3103 5177 sine
3133 5119 3243 5176 ﬁne
3270 5118 3592 5177 cruciantur

1987 5214 2046 5269 in
2078 5214 2316 5281 inferno,
2362 5211 2457 5269 ubi
2496 5228 2709 5268 vermes
2752 5227 2944 5268 eorum
3001 5226 3114 5265 non
3172 5209 3499 5275 morientur,
3536 5214 3592 5261 et

1985 5303 2128 5376 ignis
2156 5318 2347 5359 eorum
2378 5317 2487 5356 non
2537 5299 2942 5373 exstinguetur,
2990 5299 3122 5373 quia
3158 5299 3425 5370 scriptum
3460 5300 3542 5350 est
3573 5310 3585 5349 :

1998 5417 2016 5439 ι
2049 5393 2303 5448 Potentes
2354 5398 2607 5464 potenter
2657 5398 2933 5447 tormenta
2991 5388 3274 5461 patientur
3323 5384 3479 5456 (Sapi
3510 5400 3591 5454 v1,

1988 5486 2067 5557 7).
2089 5511 2106 5534 -
2135 5484 2216 5541 Ibi
2244 5484 2415 5541 vitam
2446 5483 2793 5541 tenebrosam
2833 5492 2888 5539 et
2928 5480 3274 5537 mansionem
3302 5475 3592 5533 obscuram

1987 5584 2251 5647 perpetuo
2298 5573 2617 5632 habebunt:
2666 5573 2743 5630 ibi
2786 5571 2975 5629 miseri
3014 5585 3140 5627 cum
3196 5566 3433 5636 miseris,
3487 5582 3594 5625 su-

1989 5664 2145 5736 perbi
2190 5680 2321 5723 cum
2383 5662 2655 5738 superbis,
2710 5660 3005 5721 homicida:
3074 5672 3203 5717 cum
3272 5655 3592 5727 homicidia,
