4064 6178
353 249 459 306 675

1359 241 1453 294 ΑΙ)
1493 237 1727 294 OPEBA
1764 235 1820 292 S.
1869 231 2204 291 AMBROSII
2242 229 2624 288 APPENDIX.

3556 226 3664 284 676

355 374 590 436 adulteri
651 388 776 431 cum
820 371 1104 438 adulteris,
1157 368 1335 443 iniqui
1383 385 1507 426 cum
1553 369 1782 441 iniquis,
1820 366 1948 424 falsi
1977 369 2028 427 A
2055 365 2363 421 auxiliante
2403 364 2673 432 Domino,
2704 361 3012 420 castitatem
3057 368 3268 418 servate
3308 367 3372 418 ut
3414 377 3517 418 nos
3562 378 3664 419 so-

354 485 478 524 cum
532 465 702 533 falsis,
735 461 982 533 sacrilegi
1030 477 1154 516 cum
1205 459 1500 532 sacrilegis,
1549 475 1740 516 omnes
1787 455 1954 514 simul

354 559 674 616 cruciantur
696 556 753 610 in
780 552 996 608 inferno
1019 551 1136 606 sine
1165 551 1292 606 ﬁne.

428 649 480 705 6.
523 645 784 704 Firmiter
807 642 945 698 mihi
986 641 1212 710 credite,
1251 642 1466 709 fratres,
1500 641 1628 714 quia
1655 641 1844 696 nullus
1867 657 1957 712 pe-

352 737 526 810 jorem
558 736 775 808 culpam
802 733 989 801 habet,
1032 749 1193 805 quam
1229 731 1321 804 qui
1351 733 1522 787 Deum
1567 729 1958 802 blasphemans

355 835 408 884 et
454 825 861 899 derelinquens,
909 822 1055 878 idola
1102 821 1276 876 colit:
1329 837 1429 876 nec
1475 819 1627 892 pejor
1670 819 1960 875 dissolutio

357 931 471 972 esse
501 921 679 987 potest
728 913 783 968 in
830 911 1053 984 populo,
1085 927 1245 984 quam
1294 908 1440 982 quod
1475 908 1820 964 daemonibus
1861 907 1962 962 im-

359 1006 614 1072 moletur,
661 1009 714 1059 et
766 1002 1028 1058 Ecclesiae
1079 1000 1362 1056 catholica:
1426 998 1882 1072 derelinquantur
1943 1016 1954 1053 :

357 1106 411 1156 et
441 1095 531 1170 qui
572 1094 638 1150 de
667 1091 1045 1150 misericordia
1080 1091 1301 1147 Domini
1333 1091 1603 1162 desperat,
1630 1099 1684 1145 et
1711 1107 1821 1146 non
1851 1106 1963 1146 cre-

355 1187 438 1244 dit
471 1186 526 1241 in
557 1184 1010 1240 resurrectionem
1046 1199 1056 1236 :
1097 1189 1148 1236 et
1192 1181 1284 1254 qui
1333 1181 1521 1236 colunt
1597 1195 1846 1251 augures,
1875 1179 1962 1235 vel

356 1276 668 1347 sortilegos,
698 1275 784 1329 vel
832 1271 1127 1344 aruspices,
1164 1270 1386 1326 divinos
1413 1278 1464 1325 et
1497 1276 1882 1341 praecantores,
1912 1275 1965 1323 et

358 1367 453 1441 qui
477 1364 766 1423 conﬁdunt
796 1363 852 1418 in
902 1361 1261 1435 phylacteriis
1304 1368 1356 1416 et
1404 1358 1834 1426 characteribus,
1871 1364 1966 1412 aut

365 1453 884 1520 sternutationibus,
944 1450 1140 1507 avibus
1183 1449 1552 1518 cantantibus,
1604 1447 1960 1503 divinationi-

357 1546 480 1615 bus,
534 1551 628 1601 aut
703 1540 1126 1610 mathematicis,
1193 1547 1288 1596 aut
1362 1539 1485 1595 aliis
1542 1537 1962 1610 quibuscunque

361 1636 521 1693 malis
550 1635 780 1702 artibus,
815 1631 1245 1689 damnabuntur.

2063 454 2375 511 lemnitates
2412 461 2611 509 nostra;
2641 461 2818 516 castos
2844 461 2895 508 et
2926 451 3106 523 justos
3139 450 3445 508 inveniant.

2139 546 2223 600 ll.
2257 545 2528 616 Rogamus
2559 543 2878 611 Dominum,
2919 551 2981 598 ut
3019 541 3202 596 mittat
3226 540 3385 596 vobis
3417 540 3670 597 medica-

2067 645 2314 694 mentum
2362 635 2603 700 caeleste,
2645 633 2751 691 hoc
2797 641 2900 702 est,
2953 633 3282 699 castitatem,
3317 628 3670 699 charitatem,

2070 727 2350 799 gaudium,
2387 725 2733 799 patientiam,
2765 723 3268 796 longanimitatem,
3299 720 3484 783 ﬁdem,
3517 721 3675 776 leni-

2071 825 2258 885 tatem,
2312 814 2738 883 continentiam,
2794 822 2846 870 et
2900 811 3355 870 misericordiam.
3416 811 3490 866 Et
3545 826 3671 878 nos,

2071 907 2267 964 fratres
2313 906 2644 973 charissimi,
2680 922 2794 961 non
2822 921 3094 961 cessemus
3137 901 3479 968 benefacere,
3512 898 3673 972 jeju-

2072 1014 2224 1065 nare,
2257 997 2636 1069 paenitentiam
2683 1012 2858 1068 agere,
2892 997 3269 1066 eleemosynas
3297 992 3447 1059 dare,
3491 989 3675 1046 nudos

2071 1088 2295 1155 vestire,
2328 1086 2578 1142 inﬁrmos
2614 1086 2860 1154 visitare,
2893 1084 3135 1157 hospites
3163 1081 3440 1154 colligere,
3466 1087 3521 1136 et
3542 1097 3673 1152 pau-

2073 1193 2226 1249 peres
2292 1193 2529 1249 pascere,
2594 1175 2860 1232 Ecclesiis
2924 1173 3020 1230 Dei
3078 1171 3306 1240 servire,
3361 1170 3677 1242 Scriptum

2073 1274 2285 1323 sanctas
2341 1265 2637 1333 custodire,
2694 1265 2792 1321 Dei
2846 1281 3032 1321 servos
3079 1262 3330 1334 diligere,
3374 1277 3526 1333 spem
3578 1276 3674 1315 no-

2074 1365 2240 1412 stram
2272 1355 2424 1410 omni
2455 1353 2591 1410 hora
2621 1355 2680 1410 in
2710 1355 2885 1410 Deum
2921 1369 3144 1427 ponere,
3186 1352 3323 1406 iram
3352 1366 3464 1405 non
3499 1347 3678 1421 perfi-

2073 1465 2216 1517 cere,
2248 1448 2546 1504 iracundia:
2580 1457 2796 1521 tempus
2825 1464 2936 1504 non
2976 1447 3230 1514 retinere,
3260 1461 3446 1518 pacem
3478 1444 3676 1500 falsam

2075 1555 2186 1593 non
2226 1538 2376 1606 dare,
2407 1537 2730 1595 charitatem
2775 1555 2887 1595 non
2917 1537 3317 1610 derelinquere,
3348 1552 3460 1592 non
3487 1534 3678 1606 jurare

2073 1627 2320 1697 omnino,
2388 1644 2456 1683 ne
2514 1629 2654 1684 forte
2714 1628 3038 1701 pejeremus.
3086 1626 3286 1684 Omnia
3333 1642 3681 1700 quaecunque

433 1728 485 1785 7.
529 1726 623 1782 Isti
663 1740 852 1780 omnes
891 1721 1140 1777 infelices
1168 1729 1221 1776 et
1260 1718 1469 1786 miseri,
1512 1717 1604 1790 qui
1646 1715 1965 1773 saltationes
1999 1734 2045 1794 Β
2075 1719 2248 1774 vultis
2289 1726 2350 1774 ut
2396 1719 2599 1776 faciant
2631 1718 2787 1774 vobis
2829 1718 3099 1786 homines,
3141 1724 3194 1772 et
3227 1732 3327 1771 vos
3354 1715 3514 1773 facite
3558 1715 3680 1772 illis

361 1825 486 1874 ante
516 1817 660 1887 ipsas
687 1813 851 1869 etiam
903 1820 1215 1867 sanctorum
1242 1808 1521 1875 basilicas,
1547 1815 1600 1863 et
1623 1807 1680 1862 in
1719 1807 1964 1880 ipsorum

364 1913 680 1963 sanctorum
751 1899 1145 1956 festivitatibus
1202 1897 1398 1954 choros
1466 1897 1699 1963 ducunt,
1755 1896 1966 1952 cantica

364 1993 650 2051 luxuriosa
686 1991 774 2046 vel
815 1988 996 2061 turpia
1055 1989 1241 2060 lingua
1289 2003 1385 2043 sua
1441 1987 1746 2060 proferunt.
1787 1985 1966 2053 Quare

363 2079 509 2138 unde
539 2078 841 2135 debuerant
885 2079 1058 2134 Deum
1095 2076 1316 2132 laudare
1347 2084 1399 2132 et
1443 2075 1661 2144 mereri,
1699 2075 1828 2131 inde
1856 2073 1967 2130 sibi

363 2169 773 2228 damnationem
823 2166 1160 2240 acquirunt:
1209 2174 1262 2222 et
1304 2166 1448 2222 sicut
1477 2163 1778 2223 Christiani
1821 2168 1969 2226 424

364 2271 431 2330 ad
460 2269 765 2328 Ecclesiam
796 2269 1047 2337 veniunt,
1075 2276 1136 2324 ut
1180 2266 1372 2340 pagani
1404 2273 1586 2322 tamen
1612 2264 1679 2321 de
1708 2262 1967 2322 Ecclesia

367 2367 738 2418 revertuntur.

437 2454 490 2512 8.
532 2453 694 2510 Nulla
732 2448 932 2506 mulier
961 2448 1182 2522 potione
1221 2448 1532 2505 abortivum
1564 2454 1842 2519 procuret,
1872 2453 1966 2502 aut

369 2549 662 2614 conceptos
719 2540 862 2595 fetus
931 2537 1162 2596 occidat.
1202 2538 1400 2594 Mulier
1451 2555 1570 2612 quae
1611 2537 1961 2610 iniquitatem

369 2631 511 2687 hanc
574 2629 892 2702 patraverit,
960 2635 1193 2700 quantos
1253 2643 1439 2699 parere
1497 2627 1764 2700 potuisset
1801 2626 1964 2693 ﬁlios,

371 2727 648 2778 tantorum
686 2715 1112 2773 homicidiorum
1141 2731 1253 2784 rea,
1282 2716 1552 2771 rationem
1583 2713 1862 2770 redditura
1887 2720 1968 2770 est

377 2810 434 2866 in
465 2808 554 2865 die
579 2807 801 2880 judicii.
835 2806 1158 2878 Quicunque
1190 2806 1459 2861 malorum
1492 2803 1814 2878 hujusmodi
1845 2819 1969 2859 reus

372 2901 636 2956 inventus
689 2896 876 2963 fuerit,
911 2894 1150 2966 perdidit
1186 2893 1446 2966 baptismi
1487 2895 1744 2950 meritum
1784 2909 1966 2951 coram

370 2989 484 3042 Deo
512 2995 567 3041 et
594 2984 802 3055 angelis
829 2981 964 3053 ejus.

447 3076 500 3131 9.
544 3075 934 3130 Contestamur
958 3069 1117 3126 vobis
1145 3086 1328 3126 coram
1363 3069 1583 3128 Christo
1609 3070 1848 3126 Domino
1878 3086 1969 3125 no-
2009 3108 2052 3168 Ο

379 3171 512 3231 stro,
545 3160 691 3235 quod
729 3160 823 3233 qui
856 3160 1062 3214 malum
1103 3158 1314 3229 fecerit,
1346 3159 1454 3216 nisi
1483 3175 1666 3216 veram
1710 3159 1973 3232 paeniten-

377 3253 511 3310 tiam
563 3250 753 3322 egerit,
813 3249 1189 3321 eleemosynas
1230 3248 1406 3320 justas
1445 3249 1657 3317 fecerit,
1688 3256 1742 3305 et
1779 3248 1886 3304 nisi
1918 3248 1974 3303 in

378 3341 540 3398 bonis
560 3339 818 3413 operibus
847 3355 992 3395 mors
1017 3339 1173 3394 illum
1209 3337 1666 3412 invenerit,quod
1694 3353 1973 3410 nunquam

377 3431 681 3505 possidebit
710 3430 881 3485 vitam
913 3437 1192 3497 aeternam,
1222 3429 1317 3485 sed
1348 3446 1474 3485 cum
1506 3428 1729 3484 diabolo
1757 3428 1976 3484 descen-

378 3521 471 3578 det
509 3521 565 3575 in
597 3519 873 3575 infernum
919 3537 932 3586 ;
974 3519 1104 3590 quia
1155 3543 1171 3564 ε
1211 3527 1362 3574 arcta
1391 3525 1443 3573 et
1481 3525 1711 3588 angusta
1740 3524 1823 3572 est
1863 3516 1972 3582 via,

380 3624 499 3680 quas
531 3607 686 3662 ducit
717 3607 785 3660 ad
821 3606 991 3660 vitam
1029 3607 1247 3674 (Matth.
1282 3623 1382 3672 vii,
1418 3605 1529 3674 14).
1553 3630 1569 3653 ι
1612 3606 1684 3659 Et
1712 3603 1836 3658 ideo
1866 3620 1976 3658 non

383 3704 596 3751 tantum
651 3701 870 3766 propter
899 3694 1152 3749 timorem
1190 3693 1412 3764 judicii,
1457 3693 1550 3749 sed
1580 3700 1804 3766 propter
1831 3709 1976 3748 amo-

385 3801 495 3841 rem
537 3783 660 3852 Dei,
704 3791 758 3839 et
805 3781 1001 3854 gaudia
1039 3783 1166 3838 vitae
1191 3792 1426 3851 aeternae,
1474 3783 1541 3839 ab
1570 3783 1722 3839 omni
1750 3781 1890 3838 vitio
1928 3790 1981 3838 et

387 3876 530 3931 malo
569 3890 626 3930 se
690 3872 962 3930 abstinere
1024 3873 1147 3946 quis
1207 3873 1387 3942 debet,
1435 3872 1598 3928 etiam
1637 3888 1787 3945 spem
1825 3887 1979 3928 suam

389 3965 543 4022 omni
573 3963 708 4020 hora
740 3963 797 4019 in
828 3965 1001 4018 Deum
1031 3979 1251 4035 ponere.

461 4064 546 4120 10.
590 4062 822 4134 Serpens
881 4078 1006 4118 cum
1048 4061 1262 4118 venerit
1293 4061 1363 4118 ad
1399 4061 1707 4121 bibendum
1760 4079 1978 4137 aquam,

390 4153 708 4226 priusquam
739 4151 912 4219 bibat,
963 4159 1118 4208 extra
1173 4151 1381 4208 fontem
1439 4154 1648 4209 evomit
1707 4169 1980 4208 venenum

389 4259 572 4311 suum,
623 4249 676 4298 et
711 4251 896 4314 postea
919 4240 1061 4297 bibit
1088 4259 1101 4309 ;
1136 4241 1213 4296 ita
1259 4251 1312 4298 et
1340 4259 1440 4298 nos
1468 4241 1686 4315 quando
1715 4241 1784 4297 ad
1813 4241 1981 4298 altare

387 4332 610 4388 Domini
641 4333 1096 4390 communicaturi
1128 4333 1459 4402 accedimus,
1487 4332 1850 4406 desponamus
1877 4348 1982 4388 ve-

389 4435 590 4476 nenum
641 4423 978 4492 pessimum:
1040 4422 1146 4480 hoc
1203 4432 1304 4493 est,
1353 4423 1716 4492 iracundiam,
1763 4423 1976 4492 odium,

392 4509 683 4578 invidiam,
716 4511 1033 4582 falsitatem,
1066 4514 1438 4587 iniquitatem,
1473 4517 1781 4584 avaritiam,
1827 4516 1978 4588 cupi-

392 4599 645 4665 ditatem,
671 4601 1001 4672 superbiam,
1022 4604 1386 4676 sacrilegium,
1418 4606 1650 4676 furtum,
1682 4607 1983 4675 luxuriam,

392 4694 591 4750 falsum
636 4694 1037 4763 testimonium,
1084 4695 1436 4767 discordiam,
1477 4699 1826 4771 perjurium:
1871 4697 1989 4754 haec

393 4791 523 4840 sunt
550 4783 856 4840 animarum
891 4801 1118 4841 venena.
1147 4787 1254 4842 Ista
1283 4788 1435 4860 prius
1474 4789 1801 4861 repellamus
1833 4805 1865 4844 a
1892 4805 1986 4844 no-

393 4872 500 4941 bis,
555 4880 608 4928 et
651 4872 732 4929 sic
785 4873 852 4928 ad
904 4875 1071 4930 altare
1126 4875 1349 4931 Domini
1379 4894 1604 4949 corpore
1646 4888 1699 4935 et
1727 4878 1989 4951 sanguine

401 4960 519 5035 ejus
566 4961 848 5019 satiemur.
897 4962 1224 5020 Mundemus
1252 4965 1417 5022 corda
1446 4974 1499 5022 et
1550 4984 1777 5041 corpora
1806 4975 1991 5023 nostra

395 5051 465 5110 ab
495 5051 646 5109 omni
701 5052 840 5108 vitio
888 5054 1067 5122 malo;
1101 5065 1162 5112 ut
1212 5066 1359 5114 casto
1387 5076 1634 5132 corpore,
1689 5069 1743 5116 et
1787 5058 1992 5115 mundo

397 5141 582 5212 corde,
634 5149 688 5199 et
715 5160 840 5200 cum
872 5159 1062 5200 secura
1089 5147 1425 5204 conscientia
1453 5149 1543 5208 :ad
1572 5149 1740 5204 altare
1769 5148 1993 5204 Domini

397 5233 672 5306 possimus
718 5233 994 5292 accedere.
1051 5235 1232 5293 Etiam
1291 5254 1387 5311 per
1418 5254 1610 5294 omnes
1646 5236 1990 5308 festivitates,

473 5473 590 5554 (89)
619 5475 681 5531 In
710 5473 844 5554 cod._
867 5474 1136 5554 Biblioth.
1167 5476 1366 5554 vallic.
1391 5483 1445 5531 et
1472 5475 1615 5554 apud
1655 5475 1901 5554 Gratian.
1931 5494 1995 5535 ea

399 5541 580 5620 hujus
603 5547 878 5620 sermonis
912 5547 1088 5620 prima
1134 5547 1301 5604 verba
1328 5555 1458 5604 sunt
1485 5541 1769 5620 (inpedit.
1812 5557 1994 5608 autem

400 5614 558 5672 Bo'm.
603 5615 709 5676 hoc
755 5614 979 5676 initiu'm
1032 5619 1150 5677 sine
1203 5626 1338 5678 teste
1363 5627 1458 5678 aut
1494 5619 1812 5695 ﬁdejussore
1857 5639 1988 5696 pra:-

2077 1810 2355 1866 similiter.
2429 1836 2447 1858 ι
2505 1810 2611 1878 Qui
2665 1819 2844 1866 autem
2904 1807 3334 1882 perseveraverit
3386 1822 3560 1880 usque
3609 1805 3673 1862 in

2078 1901 2267 1969 ﬁnem,
2298 1900 2390 1956 hic
2414 1902 2598 1957 salvus
2629 1901 2735 1957 erit
2763 1899 2974 1972 (Matth.
3007 1917 3064 1968 x,
3103 1896 3219 1971 22).
3246 1925 3264 1948 ›

2152 1991 2237 2046 12.
2293 1990 2402 2046 Vos
2448 1999 2652 2059 autem,
2707 1989 2905 2047 fratres
2947 1989 3281 2058 charissimi,
3330 1999 3394 2048 ut
3420 1990 3682 2063 cogitetis

2078 2078 2385 2150 periculum
2435 2087 2701 2148 vestrum,
2732 2088 2957 2151 paterna
2987 2079 3255 2137 charitate
3292 2079 3675 2137 admonemus.

2079 2168 2137 2224 Si
2185 2185 2287 2224 nos
2330 2168 2564 2226 libenter
2607 2169 2834 2240 auditis,
2883 2178 2937 2226 et
2979 2170 3138 2227 vobis
3191 2171 3362 2228 vitam
3391 2179 3678 2240 aeternam,

2079 2265 2133 2313 et
2181 2257 2341 2313 nobis
2385 2274 2623 2331 perenne
2653 2259 3044 2333 comparabitis
3097 2261 3357 2335 gaudium
3408 2262 3468 2317 in
3509 2277 3681 2334 regno

2078 2347 2364 2417 cmlorum,
2418 2348 2486 2404 ad
2539 2348 2686 2422 quod
2733 2348 2970 2407 feliciter
3009 2351 3295 2423 pervenire
3344 2367 3679 2420 mereamur,

2077 2445 2372 2511 przestante
2425 2438 2665 2495 Domino
2711 2448 2902 2497 nostro
2946 2441 3073 2498 Iesu
3117 2441 3358 2510 Christo,
3408 2441 3505 2516 qui
3550 2457 3680 2498 cum

2079 2527 2237 2584 Patre
2270 2535 2324 2584 et
2352 2527 2564 2602 Spiritu
2588 2537 2777 2588 sancto
2806 2530 2950 2586 vivit
2979 2539 3032 2587 et
3061 2539 3250 2606 regnat
3275 2533 3333 2590 in
3355 2533 3558 2592 saecula
3585 2549 3684 2589 sa:-

2079 2619 2354 2688 culorum,
2387 2635 2570 2675 amen.

2649 2728 2886 2787 SERMO
2925 2731 3105 2789 XXV.

2438 2826 2517 2883 De
2547 2835 2733 2902 sancta
2771 2827 3194 2903 Quadragesima
3221 2832 3322 2888 IX.

2080 2927 2204 2984 Jam
2227 2923 2438 2994 pridem
2483 2924 2564 2978 hic
2606 2941 2773 2980 sermo
2821 2934 3127 2983 numeratus
3173 2935 3247 2982 est
3274 2927 3412 2982 inter
3455 2925 3688 2982 Ambro-

2152 2997 2352 3068 sianos,
2381 2995 2571 3067 quippe
2603 2998 2696 3068 qui
2723 3017 2756 3053 a
2788 2998 3048 3054 Gratiano
3071 3006 3118 3054 et
3145 3001 3210 3056 P.
3241 2999 3536 3054 Lombardo
3556 2999 3688 3053 Am-

2155 3067 2319 3123 bros-ii
2358 3069 2567 3123 nomine
2614 3067 2805 3124 citatus
2865 3071 3048 3140 fuerit.
3098 3073 3303 3127 Horum
3358 3071 3678 3125 auctoritate

2153 3141 2286 3194 sicut
2345 3145 2393 3194 et
2459 3140 2693 3195 codicum
2764 3143 2925 3198 Vatic.
2993 3150 3042 3197 et
3093 3143 3304 3200 Mediol.
3367 3161 3402 3197 a
3466 3141 3679 3197 Decreti

2153 3211 2575 3267 emendatoribus
2616 3215 2849 3269 eumdem
2891 3222 3069 3270 sancto
3097 3213 3316 3270 Docto-ri
3356 3215 3679 3268 attributum

2153 3301 2257 3338 esse
2284 3300 2515 3353 pronum
2555 3285 2783 3341 videtur.
2843 3287 3031 3343 Verum
3074 3304 3179 3340 non
3223 3303 3500 3356 possumus
3544 3285 3677 3356 quia

2155 3355 2488 3429 admiremur
2515 3357 2782 3413 eruditiss.
2810 3359 2973 3415 Card.
3006 3360 3159 3414 Bona
3179 3355 3442 3418 lib.iRer.
3460 3355 3675 3429 Liturg.

2155 3444 2270 3498 cap.
2306 3428 2390 3500 li,
2427 3445 2573 3482 num.
2606 3430 2658 3497 5,
2697 3447 2796 3500 pro
2827 3431 3178 3485 Ambr'osiano
3208 3432 3380 3500 ipsum
3409 3428 3675 3484 habuisse.

2155 3449 2270 3498 cap.
2308 3449 2390 3495 ιι,
2427 3449 2573 3482 num.
2606 3449 2658 3497 θ,
2697 3449 2796 3500 pro
2827 3449 3178 3485 ambrosiam
3208 3449 3234 3484 ι»
3266 3449 3380 3485 sum
3409 3449 3675 3484 habuisse.

2154 3499 2361 3574 Etenim
2409 3501 2487 3574 vel
2512 3501 2630 3574 hoc
2677 3504 2846 3558 solum
2887 3503 3026 3573 quod
3070 3520 3166 3573 per
3205 3449 3680 3574 guadragesimam

2155 3571 2379 3645 singulis
2423 3571 2600 3645 diebus
2638 3581 2849 3645 excepta
2895 3571 3177 3630 Dominica
3211 3571 3502 3630 necessario
3536 3573 3681 3645 jeju-

2156 3641 2419 3710 nandum,
2452 3644 2619 3698 tradit
2637 3641 2846 3714 justum
2878 3647 2974 3701 hac
3002 3647 3063 3701 de
3101 3663 3157 3701 re
3186 3647 3468 3702 dubitandi
3508 3641 3680 3702 locum

2157 3716 2714 3792 prwbuitdmssevino
2769 3719 2827 3792 in
2885 3719 3188 3792 Apparatu.
3241 3719 3299 3774 Si
3338 3719 3458 3773 huic
3508 3736 3684 3774 causa

2159 3786 2325 3862 illam
2348 3788 2620 3844 addideris
2660 3791 2803 3860 quod
2833 3786 3124 3861 prandium
3164 3792 3297 3846 hora
3322 3807 3464 3845 nona
3498 3807 3684 3862 capere

2154 3860 2434 3929 permittit,
2467 3861 2644 3916 eadem
2672 3863 2776 3916 haec
2811 3860 2929 3917 cum
2957 3879 3114 3917 serm.
3147 3862 3180 3918 8
3220 3862 3278 3918 in
3308 3862 3450 3917 Psal.
3483 3860 3680 3928 cxvm,

2160 3946 2306 4005 num.
2361 3933 2452 4002 48,
2493 3933 2866 4005 composueris,
2910 3950 3065 4005 quam
3103 3934 3159 3989 in
3187 3951 3242 3990 eo
3281 3935 3416 3990 nihil
3461 3935 3689 3988 exsistat

2159 4001 2620 4070 Ambrosianum;
2645 4006 2826 4062 statim
2877 4001 3176 4078 compa-rica.
3213 4007 3389 4062 Porro
3431 4007 3685 4061 mutatio-

2160 4089 2248 4131 nes
2277 4097 2319 4150 ra
2368 4078 2622 4135 Romanis
2659 4078 2967 4144 editoribus,
3015 4079 3108 4149 qui
3140 4078 3306 4150 primi
3349 4095 3467 4132 eum
3511 4078 3688 4150 prmio

2169 4149 2446 4219 subjecere,
2472 4151 2529 4204 in
2557 4168 2612 4204 eo
2657 4149 2827 4220 factas
2874 4167 2939 4206 ea:
2975 4149 3149 4206 codice
3187 4149 3523 4206 bibliothecae
3550 4149 3688 4208 Val-

2164 4222 2418 4278 licellana:
2453 4222 2858 4278 emendavim-us.

2164 4333 2214 4388 1.
2249 4333 2392 4387 Ecce
2421 4347 2571 4387 nunc
2614 4338 2830 4404 tempus
2859 4329 3012 4387 adest
3044 4331 3183 4404 (89),
3232 4331 3289 4386 in
3329 4347 3436 4405 quo
3479 4337 3534 4386 et
3564 4346 3688 4404 pec-

2090 4429 2210 4479 cata
2247 4430 2426 4477 vestra
2468 4421 2720 4477 conﬁteri
2759 4423 2872 4477 Deo
2914 4429 2968 4478 et
3014 4421 3300 4490 sacerdoti,
3345 4429 3399 4478 et
3426 4437 3521 4492 per
3543 4419 3688 4493 jeju‘

2091 4510 2205 4580 nia,
2246 4518 2300 4566 et
2338 4509 2635 4579 orationes,
2667 4518 2720 4566 et
2770 4511 3062 4584 lacrymas,
3103 4519 3264 4585 atque
3310 4511 3690 4582 eleemosynas

2095 4601 2278 4658 delere
2341 4600 2551 4657 debetis
2606 4601 2708 4672 (De
2759 4601 2973 4667 Pwnit.,
3032 4601 3160 4657 dist.
3220 4602 3271 4669 1,
3328 4616 3444 4673 cap.
3505 4599 3688 4670 Ecce).

2097 4692 2274 4760 Quare
2317 4688 2590 4748 erubescit
2633 4700 2884 4763 peccator
2921 4692 3270 4748 manifestare
3309 4697 3528 4764 peccata
3569 4705 3690 4757 sua,

2097 4799 2217 4855 qua:
2267 4789 2319 4837 et
2350 4783 2463 4837 Deo
2506 4789 2560 4837 et
2605 4786 2752 4843 425
2799 4782 3004 4854 angelis
3033 4781 3309 4850 omnibus,
3350 4790 3512 4853 atque
3541 4795 3695 4836 cun-

2097 4878 2201 4935 ctis
2249 4878 2438 4934 electis
2501 4878 2791 4936 animabus
2863 4888 2992 4936 sunt
3046 4887 3178 4935 nota
3240 4885 3294 4935 et
3357 4877 3698 4934 manifesta?

2100 4967 2383 5027 Confessio
2413 4985 2443 5024 a
2485 4978 2660 5026 morte
2691 4970 2930 5026 animam
2974 4970 3191 5038 liberat,
3230 4969 3504 5027 confessio
3532 4984 3696 5042 para-

2100 5057 2282 5114 disum
2314 5059 2507 5132 aperit,
2549 5060 2821 5118 confessio
2848 5077 2998 5133 spem
3029 5059 3279 5116 salvandi
3323 5057 3538 5114 tribuit.
3573 5060 3698 5115 Un-

2101 5148 2169 5205 de
2198 5149 2474 5222 Scriptura
2504 5150 2641 5207 dicit
2667 5168 2678 5207 :
2724 5176 2743 5201 ‹
2768 5150 2869 5208 Dic
2900 5158 2958 5206 tu
2978 5149 3298 5224 iniquitates
3317 5156 3436 5204 tuas
3459 5147 3694 5221 primus,

2102 5247 2164 5297 ut
2182 5237 2500 5312 justiﬁceris
2531 5240 2666 5310 (Isa.
2698 5257 2856 5312 nm,
2893 5241 3006 5315 26).
3029 5263 3047 5289 ι
3083 5239 3186 5298 Hic
3208 5238 3278 5296 iis
3302 5239 3488 5296 verbis
3516 5245 3697 5294 osteno

2105 5474 2334 5535 missum
2368 5476 2508 5534 fuit:
2542 5477 2674 5535 Ecce
2709 5492 2847 5534 nunc
2896 5483 3096 5550 tempus
3121 5471 3452 5550 acceptabile,
3497 5477 3556 5530 ut
3600 5485 3696 5529 su-

2098 5551 2306 5624 periori
2333 5551 2613 5608 Dominica
2643 5552 2878 5622 legimus.
