4064 6178
306 164 410 222 677

1118 163 1487 222 ΞΕΒΜΟΝΕΞ
1525 165 1580 222 S.
1623 164 1980 222 AMBROSIO
2019 164 2398 224 HACTENUS
2436 165 2774 225 ASCRIPTI.

3499 177 3608 234 678

302 290 457 346 ditur
483 289 616 362 quia
639 304 754 345 non
784 295 1031 346 meretur
1054 289 1368 362 justiﬁcari,
1403 293 1533 364 quia
1571 292 1628 347 in
1667 292 1782 346 vita
1811 308 1908 347 sua
1936 295 1986 353 A
2016 291 2133 347 nite
2186 308 2334 364 ergo,
2388 292 2664 348 benedicti
2703 293 2878 349 Patris
2931 293 3036 349 mei
3070 293 3282 365 (Matth.
3314 312 3453 366 xxv,
3511 301 3605 370 35,

299 385 520 452 peccata
547 394 660 434 non
692 380 816 435 vult
855 378 1128 436 conﬁteri.
1183 382 1283 436 Illa
1314 397 1443 437 vero
1473 381 1742 437 confessio
1789 397 1900 436 non

300 469 516 538 liberat,
578 486 701 542 quae
747 485 860 524 non
905 468 966 525 ﬁt
1013 487 1140 526 cum
1190 470 1535 542 poenitentia.
1570 470 1904 527 Pmnitentia

298 575 426 615 vera
453 567 535 616 est
565 559 726 615 dolor
763 559 965 628 cordis,
997 567 1050 615 et
1076 559 1385 616 amaritudo
1425 561 1622 616 animae
1655 577 1753 634 pro
1785 577 1899 616 ma-

299 648 369 704 lis
400 666 521 722 quaa
578 649 811 722 quisque
853 649 1131 705 commisit
1182 649 1282 720 (De
1327 649 1544 717 Pwnit.,
1594 649 1722 705 dist.
1765 651 1815 718 3,
1847 667 1896 706 ο.

255 797 270 804 ,,
296 739 658 809 Ρανηὶίεηίὶα).
685 738 1016 795 Pmnitentia
1045 747 1127 794 est
1163 747 1216 795 et
1247 739 1387 794 mala
1431 739 1705 812 praeterita
1735 741 1900 812 plan-

294 847 440 904 gere,
477 839 531 886 et
561 830 869 903 plangenda
901 830 1097 886 iterum
1130 847 1242 886 non
1279 831 1643 887 committere.

369 921 420 976 2.
456 921 528 975 Et
557 920 814 992 quamvis
842 935 1033 976 omnes
1071 919 1208 988 dies,
1260 921 1462 994 quibus
1507 919 1759 976 homines
1802 916 1900 972 vi-

291 1017 454 1078 vunt,
509 1010 621 1082 apti
673 1010 785 1065 sint
836 1009 1196 1082 poenitentiae,
1239 1018 1424 1066 tamen
1478 1009 1569 1064 isti
1624 1008 1742 1064 dies
1771 1015 1899 1063 sunt

292 1099 418 1173 plus
449 1099 561 1171 apti
587 1106 642 1155 et
669 1098 898 1172 congrui
927 1097 995 1154 ad
1031 1098 1430 1167 conﬁtendum,
1461 1105 1513 1153 et
1538 1098 1604 1153 ad
1631 1096 1898 1169 jejunan—

291 1191 450 1258 dum,
476 1197 637 1263 atque
681 1189 1063 1261 eleemosynas
1093 1189 1368 1246 faciendas
1402 1208 1413 1246 :
1462 1188 1721 1263 quoniam
1763 1203 1898 1260 pec-

289 1288 414 1337 cata
442 1279 611 1336 totius
639 1278 771 1334 anni
813 1278 938 1334 istis
968 1278 1163 1335 diebus
1193 1280 1419 1352 potestis
1452 1278 1684 1334 diluere.
1731 1277 1897 1333 Ideo-

290 1387 396 1445 que
425 1386 623 1425 moneo
652 1385 863 1438 omnes,
899 1378 951 1426 et
993 1368 1188 1425 hortor
1226 1369 1495 1443 singulos,
1522 1375 1584 1424 ut
1625 1365 1894 1440 quidquid

288 1459 348 1516 in
387 1458 548 1515 vobis
574 1457 1009 1531 reprehensibile
1031 1458 1384 1532 cognoscitis,
1411 1457 1731 1514 emendetis.
1765 1454 1894 1522 Qui-

285 1566 503 1623 cunque
535 1549 877 1622 recognoscit
907 1548 965 1605 in
1013 1567 1070 1606 se
1111 1548 1258 1622 quod
1300 1547 1519 1604 ﬁdelem
1567 1563 1680 1602 non
1715 1545 1890 1614 decet,

2015 381 2130 453 36).
2154 407 2172 428 ι
2219 381 2274 438 Si
2307 381 2410 437 ista
2446 399 2543 438 vos
2573 398 2738 454 opera
2775 381 3164 440 misericordia
3196 399 3310 441 non
3343 385 3605 457 feceritis,

2015 486 2136 543 quae
2166 471 2330 527 modo
2384 473 2837 540 commemoravi,
2897 471 3129 529 audietis
3159 473 3216 528 in
3246 473 3337 532 die
3361 474 3565 548 judicii
3592 495 3604 534 :

2029 584 2047 607 ‹
2076 561 2152 616 Ite
2179 561 2233 616 in
2279 561 2461 633 ignem
2483 568 2748 617 aeternum
2784 561 2901 634 (93)
2936 563 3097 633 (Ibid.
3131 563 3284 634 41).»

2083 649 2136 706 4.
2161 651 2277 706 Jam
2337 651 2465 724 quia
2500 653 2633 709 tales
2679 652 2796 708 dies
2822 661 2977 722 sunt,
3027 669 3136 709 non
3173 652 3366 722 audeo,
3403 663 3604 711 utnon

2012 738 2189 796 dicam
2218 742 2524 811 periculurn
2556 750 2608 798 et
2639 742 2840 813 grande
2865 743 3094 811 malum,
3127 742 3273 815 quod
3303 750 3385 799 est
3422 743 3480 800 in
3513 761 3605 817 po.

2011 831 2142 901 pulo
2173 830 2278 886 isto
2300 848 2311 885 :
2333 832 2481 902 quod
2510 832 2555 887 si
2578 849 2641 888 ea
2670 832 3090 898 feceritis,dicet
3110 833 3301 891 vobis:
3341 858 3359 883 ‹
3379 835 3600 905 Venite,

2012 918 2289 976 benedicti
2306 920 2480 976 Patris
2514 922 2666 977 mei»
2711 922 2899 990 Qualis
2921 921 3267 980 Christianus
3287 925 3488 998 est,qui
3503 925 3602 981 tali

2013 1019 2259 1083 tempore
2299 1030 2410 1068 non
2452 1010 2685 1083 jejunet,
2720 1014 2807 1068 vel
2847 1031 3019 1087 usque
3070 1014 3138 1070 ad
3166 1031 3367 1070 nonam
3394 1015 3422 1070 ?
3461 1017 3603 1072 Ecce

2010 1101 2272 1160 Ninivitae
2319 1103 2580 1176 parvulos
2631 1103 2795 1158 etiam
2830 1104 3113 1171 lactantes,
3140 1113 3194 1159 et
3215 1119 3412 1176 pecora
3435 1112 3599 1176 atque

2006 1189 2274 1261 jumenta,
2305 1200 2368 1246 ut
2403 1191 2712 1263 periculum
2762 1191 2956 1248 mortis
2988 1192 3216 1248 evadere
3242 1201 3482 1264 possent,
3507 1191 3603 1264 je-

2004 1279 2199 1350 junare
2221 1281 2488 1336 fecerunt.
2523 1279 2720 1347 Quales
2736 1296 2861 1352 ergo
2891 1279 3190 1337 Christiani
3209 1296 3322 1336 esse
3351 1289 3598 1352 possunt,

2010 1371 2102 1443 qui
2133 1377 2187 1426 et
2213 1371 2331 1426 sani
2363 1378 2512 1438 sunt,
2551 1377 2604 1426 et
2620 1369 2871 1442 jejunere
2897 1387 3021 1427 cum
3053 1372 3259 1442 Moyse,
3293 1377 3347 1426 et
3373 1370 3519 1439 Elia,
3549 1377 3602 1427 et

2007 1460 2286 1517 Salvatore
2316 1469 2504 1516 nostro
2553 1462 2752 1517 nolunt
2781 1461 2808 1517 ?
2837 1461 3024 1516 Solent
3053 1461 3199 1516 enim
3238 1458 3454 1517 dicere:
3488 1476 3601 1516 non

2005 1567 2298 1624 possumus
2351 1550 2617 1618 laborare,
2650 1557 2702 1604 et
2729 1548 3000 1620 jejunere.
3035 1550 3139 1606 Sed
3172 1549 3293 1606 ideo
3320 1567 3432 1607 non
3463 1567 3600 1622 pos-

285 1643 540 1700 emendet
575 1660 586 1698 :
623 1642 771 1715 quod
829 1643 1014 1698 minus
1069 1641 1218 1710 fecit,
1279 1639 1324 1696 si
1381 1639 1619 1696 ﬁdeliter
1652 1638 1892 1694 decimas
1923 1663 1970 1724 B
2005 1648 2154 1708 sunt,
2187 1639 2316 1712 quia
2370 1639 2590 1694 nolunt.
2622 1638 2826 1694 Saltem
2851 1639 3097 1695 laborent
3127 1639 3329 1709 minus,
3361 1648 3424 1696 ut
3444 1639 3603 1713 jeju-

283 1750 397 1789 non
430 1733 646 1790 dederit
677 1732 817 1802 (90).
850 1732 996 1799 Quid
1040 1740 1122 1788 est
1170 1730 1410 1787 ﬁdeliter
1455 1729 1696 1786 decimas
1739 1727 1888 1796 dare,

283 1822 397 1878 nisi
427 1831 492 1877 ut
519 1837 622 1877 nec
648 1819 820 1892 pejus,
851 1837 954 1877 nec
985 1820 1170 1876 minus
1217 1819 1514 1892 aliquando
1562 1819 1675 1873 Deo
1704 1816 1896 1871 oil‘erat

285 1919 387 1967 aut
417 1911 486 1967 de
517 1926 686 1982 grano
727 1926 841 1978 suo,
893 1919 991 1966 aut
1019 1909 1086 1965 de
1131 1909 1265 1965 vino
1313 1925 1433 1977 suo,
1467 1915 1560 1963 aut
1593 1907 1661 1962 de
1687 1904 1894 1962 fructi-

285 2001 395 2058 bus
423 2000 702 2068 arborum,
734 2008 827 2055 aut
873 1998 940 2056 de
970 1998 1278 2072 pecoribus,
1327 2005 1421 2054 aut
1468 1997 1534 2053 de
1578 1996 1757 2062 horto,
1798 2001 1893 2050 aut

281 2091 352 2149 de
380 2091 637 2165 negotiis,
691 2099 784 2148 aut
840 2092 908 2148 de
950 2092 1068 2164 ipsa
1115 2090 1408 2147 venatione
1457 2088 1597 2145 sua?
1649 2087 1791 2154 Quia
1825 2086 1892 2144 de

282 2183 436 2239 omni
469 2181 800 2249 substantia,
832 2198 994 2255 quam
1037 2183 1181 2238 Deus
1229 2179 1448 2236 homini
1490 2178 1681 2246 donat,
1732 2177 1892 2233 deci-

281 2288 428 2328 mam
464 2279 676 2344 partem
705 2271 813 2327 sibi
844 2271 1118 2338 servavit;
1143 2278 1196 2326 et
1224 2269 1348 2325 ideo
1371 2285 1483 2324 non
1515 2267 1643 2324 licet
1675 2265 1890 2322 homini

281 2361 522 2418 retinere
552 2359 714 2430 illud,
750 2360 897 2433 quod
927 2362 1073 2416 Deus
1112 2359 1217 2414 sibi
1267 2355 1590 2414 reservavit.
1626 2355 1748 2412 Tibi
1782 2355 1889 2410 de—

281 2451 367 2507 dit
399 2467 598 2508 novem
659 2459 859 2524 partes,
917 2450 1024 2506 sibi
1071 2465 1203 2504 vero
1255 2446 1557 2503 reservavit
1614 2445 1881 2502 decimam

280 2551 496 2616 partem
530 2558 542 2594 :
575 2549 630 2598 et
659 2541 704 2598 si
731 2549 794 2597 tu
824 2558 931 2597 non
965 2539 1182 2598 dederis
1209 2541 1324 2595 Deo
1355 2539 1626 2596 decimam
1650 2544 1886 2609 partem,

274 2633 428 2689 Deus
452 2631 607 2688 tollet
637 2648 668 2686 a
709 2637 765 2686 te
795 2647 993 2686 novem
1048 2638 1245 2701 partes.
1305 2629 1441 2684 Item
1497 2627 1543 2683 si
1585 2626 1709 2700 quis
1740 2642 1887 2681 reco-

276 2722 497 2796 gnoscit
528 2722 585 2777 in
624 2739 681 2778 se
713 2721 859 2794 quod
889 2721 957 2776 ab
985 2720 1170 2793 aliquo
1219 2719 1350 2775 tulit
1398 2716 1609 2791 aliquid
1657 2716 1882 2787 injuste,

275 2813 538 2871 emendet
567 2814 846 2872 reddendo
885 2812 1029 2887 quod
1061 2811 1263 2884 injuste
1294 2811 1442 2868 tulit.
1481 2811 1617 2867 Nam
1646 2809 1739 2882 qui
1772 2825 1885 2864 non

274 2905 409 2962 vult
434 2905 549 2960 Deo
580 2904 807 2960 reddere
835 2902 1076 2959 decimas
1109 2919 1244 2976 quas
1281 2900 1532 2969 retinuit,
1565 2907 1618 2954 et
1647 2897 1884 2953 homini

275 3011 398 3050 non
429 2992 614 3050 studet
669 2993 915 3060 reddere,
973 2990 1119 3064 quod
1167 2991 1371 3063 injuste
1423 2990 1490 3045 ab
1517 3005 1580 3044 eo
1605 2986 1832 3044 abstulit
1867 3003 1880 3053 ;

274 3101 399 3141 non
431 3083 588 3139 timet
636 3083 815 3140 adhuc
865 3085 1062 3151 Deum,
1123 3090 1175 3137 et
1208 3080 1422 3153 ignorat
1477 3077 1611 3152 quid
1652 3077 1723 3133 sit
1757 3091 1886 3131 vera

275 3174 635 3249 paenitentia,
677 3190 911 3248 veraque
949 3171 1220 3230 confessio
1281 3172 1396 3243 (16,
1453 3186 1505 3244 q.
1542 3169 1595 3238 2,
1647 3185 1696 3226 c.
1748 3167 1888 3224 Nam

274 3267 376 3339 qui
401 3266 556 3338 Deo).
902 3328 909 3337 _
1316 3251 1318 3254 1

353 3359 414 3415 3.
473 3359 579 3414 Iste
629 3357 753 3414 talis
782 3356 949 3414 homo
997 3373 1107 3413 non
1149 3361 1325 3428 potest
1364 3354 1564 3411 bonam
1593 3355 1888 3426 eleemosy-

276 3465 415 3506 nam
463 3448 662 3506 facere.
714 3449 929 3504 Bonum
963 3457 1044 3504 est
1093 3455 1400 3520 propterea,
1423 3446 1639 3514 fratres,
1669 3453 1730 3500 ut
1776 3447 1890 3501 Deo

279 3540 534 3599 reddatis
573 3557 694 3614 quin
741 3558 839 3597 sua
870 3549 1018 3609 sunt,
1064 3548 1117 3596 et
1146 3539 1400 3612 proximo
1432 3556 1551 3612 quae
1580 3537 1732 3593 illius
1761 3537 1893 3593 fu'e—

279 3637 461 3697 runt;
515 3638 577 3686 ut
622 3630 689 3687 de
732 3631 932 3687 vestris
970 3629 1139 3702 justis
1190 3629 1474 3685 laboribus
1516 3628 1893 3700 eleemosynas

281 3719 564 3788 faciendo,
599 3728 817 3792 peccata
837 3727 1017 3776 vestra
1038 3719 1260 3792 possitis
1282 3718 1572 3786 redimere,
1590 3716 1891 3774 secundum

282 3807 440 3882 quod
472 3809 736 3879 scriptum
769 3817 854 3864 est
891 3827 901 3864 :
947 3832 965 3856 ‹
1000 3809 1155 3865 Sicut
1184 3825 1325 3882 aqua
1354 3808 1659 3881 exstinguit
1688 3806 1890 3880 ignem,

284 3897 374 3952 ita
402 3897 752 3966 eleemosyna
771 3897 1073 3970 exstinguit
1103 3906 1387 3970 peccatum
1414 3897 1606 3969 (Eccli.
1635 3914 1716 3964 III,
1740 3895 1882 3968 35).-

289 3985 372 4039 Et
404 3981 508 4036 hoc
553 3981 726 4038 facere
773 3983 982 4040 debetis
1031 3985 1170 4056 (91),
1226 3987 1355 4058 quia
1374 3986 1755 4060 unusquisque
1800 4000 1895 4040 se-

291 4068 548 4128 cundum
581 4071 728 4143 quod
751 4070 936 4140 habet,
976 4071 1136 4128 debet
1182 4073 1425 4131 tribuere
1471 4073 1848 4147 indigentibus
1879 4089 1890 4127 :

290 4160 354 4217 id
388 4167 491 4229 est,
526 4159 621 4232 qui
649 4160 812 4217 habet
838 4163 1096 4231 multum,
1129 4163 1290 4218 debet
1322 4165 1564 4221 tribuere
1598 4167 1807 4221 multa:
1842 4169 1896 4221 et

291 4251 394 4326 qui
445 4267 640 4322 parum
692 4251 878 4321 habet,
924 4252 1086 4309 debet
1138 4269 1330 4326 parum
1388 4256 1536 4325 dare,
1595 4256 1894 4312 secundum

293 4339 450 4415 quod
484 4341 601 4414 (92)
635 4352 857 4400 sanctus
889 4342 1088 4398 Tobias
1121 4358 1278 4415 agere
1309 4342 1497 4399 docuit
1527 4344 1700 4400 ﬁlium
1731 4362 1890 4401 suum

298 4432 462 4504 (Tob.
505 4449 580 4501 iv,
637 4434 718 4504 9).
777 4434 914 4492 Cum
968 4434 1160 4506 grandi
1212 4449 1429 4506 quoque
1458 4434 1642 4490 studio
1689 4444 1892 4492 etcum

296 4522 513 4594 ingenti
544 4523 806 4581 aviditate
833 4525 1034 4581 debent
1063 4524 1364 4583 Christiani
1410 4526 1782 4598 eleemosynas
1813 4527 1895 4582 fa-

298 4629 452 4679 cere;
489 4621 550 4668 ut
581 4623 892 4671 mereantur
923 4616 979 4671 in
1011 4615 1100 4672 die
1123 4615 1324 4689 judicii
1345 4616 1536 4673 audire
1562 4633 1592 4672 a
1623 4616 1894 4674 Domino:

314 4728 333 4751 ι
375 4702 625 4774 Esurivi,
657 4712 710 4760 et
750 4705 980 4762 dedistis
1020 4707 1157 4763 mihi
1207 4707 1583 4767 manducare:
1638 4706 1814 4773 sitivi,
1846 4715 1900 4764 et

301 4791 538 4850 dedistis
591 4794 728 4850 mihi
763 4795 993 4854 bibere:
1055 4797 1251 4871 hospes
1305 4815 1476 4865 eram,
1519 4807 1572 4854 et
1601 4797 1902 4870 collegistis

303 4899 393 4939 me
438 4902 450 4940 2
486 4885 668 4941 nudus
697 4901 864 4956 eram,
891 4896 944 4944 et
973 4889 1214 4945 vestistis
1242 4907 1326 4944 me
1360 4908 1372 4944 :
1407 4887 1682 4956 inﬁrmus,
1719 4895 1772 4944 et
1821 4886 1901 4941 vi-

304 4973 489 5030 sitatis
521 4990 606 5030 me
644 4993 655 5030 :
689 4973 746 5030 in
777 4993 992 5032 carcere
1022 4993 1190 5046 eram,
1222 4987 1275 5033 et
1304 4976 1536 5033 venistis
1566 4975 1633 5031 ad
1661 4992 1765 5031 me.
1799 4975 1903 5032 Ve-

386 5135 504 5208 (90)
531 5138 687 5194 Rom.
721 5138 877 5204 edit.,
903 5139 1041 5210 quod
1070 5138 1296 5210 ﬁdeliter
1324 5155 1428 5193 non
1452 5138 1653 5193 dederit
1681 5138 1908 5194 decimas

310 5225 460 5278 tuas,
492 5211 646 5265 modo
694 5209 940 5278 emendet,
999 5209 1139 5280 quod
1195 5210 1368 5265 minus
1423 5209 1564 5281 fecit.
1632 5210 1773 5278 Quid
1810 5216 1903 5266 est.

393 5353 511 5425 (91)
546 5354 751 5411 Eadem
783 5352 938 5420 edit.,
983 5353 1236 5424 scriptum
1268 5361 1341 5408 est
1374 5373 1384 5410 :
1414 5361 1627 5426 peccala
1659 5362 1748 5410 tua
1785 5357 1908 5412 elee-

318 5427 550 5482 mosimis
579 5427 793 5481 redime.
830 5427 902 5480 Et
925 5426 1094 5479 adhuc
1123 5425 1255 5480 scire
1281 5425 1488 5482 debetis.

394 5496 511 5569 (92)
543 5499 701 5556 Rom.
755 5496 911 5565 edit.,
970 5496 1134 5566 juxta
1168 5514 1400 5569 paucam
1437 5515 1542 5556 non
1572 5499 1750 5556 timeat
1781 5501 1905 5554 elee-

320 5584 592 5643 mosynam
632 5570 824 5644 fame,
865 5569 1146 5627 secundum
1180 5571 1340 5642 quod,
1372 5579 1476 5629 etc.

2004 1745 2134 1786 nare
2165 1729 2395 1802 possint.
2449 1730 2647 1785 Moneo
2703 1738 3050 1802 quapropter,
3091 1737 3145 1784 et
3174 1738 3448 1786 contestor
3499 1747 3600 1787 vos

2003 1820 2061 1875 in
2091 1819 2351 1888 Domino,
2394 1827 2454 1874 ut
2500 1820 2690 1874 nullus
2720 1827 2987 1886 vestrum,
3019 1817 3126 1874 nisi
3157 1818 3298 1876 forte
3326 1819 3399 1876 sit
3426 1819 3597 1876 inﬁr-

2002 1929 2145 1980 mus,
2179 1919 2273 1968 aut
2302 1911 2508 1979 infans,
2537 1926 2712 1984 usque
2742 1909 2809 1965 ad
2830 1909 3057 1978 Pascha,
3087 1917 3141 1966 et
3170 1911 3279 1967 nisi
3308 1911 3366 1966 in
3396 1911 3598 1967 Domi-

2002 2003 2143 2060 nicis
2171 2002 2386 2070 diebus,
2418 2009 2542 2057 ante
2569 2017 2772 2057 nonam
2803 1999 3099 2056 manducet
3118 2010 3213 2057 aut
3241 2001 3416 2058 bibat.

2071 2095 2123 2150 5.
2155 2095 2350 2150 Moneo
2402 2093 2567 2148 etiam
2597 2100 2659 2148 ut
2704 2090 2799 2165 qui
2841 2090 3004 2162 juxta
3045 2091 3348 2148 Ecclesiam
3406 2099 3508 2162 est,
3539 2102 3594 2151 et

2001 2199 2285 2240 occurrere
2306 2190 2488 2255 potest
2505 2181 2644 2255 (94),
2679 2181 2924 2254 quotidie
2945 2180 3131 2237 audiat
3148 2181 3369 2237 missam
3393 2200 3408 2249 ;
3432 2189 3486 2238 et
3500 2181 3598 2255 qui

2000 2280 2194 2352 potest,
2229 2272 2383 2328 omni
2436 2279 2595 2328 nocte
2632 2271 2700 2326 ad
2731 2270 3065 2327 matutinum
3100 2271 3346 2328 ofﬁcium
3386 2271 3595 2328 veniat.

1955 2377 1960 2380 '
1998 2363 2103 2431 Qui
2135 2380 2264 2419 vero
2287 2363 2447 2434 longe
2476 2360 2545 2417 ab
2579 2361 2828 2418 Ecclesia
2855 2367 3098 2430 manent,
3128 2360 3282 2417 omni
3304 2360 3597 2418 Dominica

1997 2453 2255 2509 studeant
2284 2452 2352 2508 ad
2384 2449 2717 2507 Matutinum
2761 2450 2986 2507 venire:
3021 2450 3078 2506 id
3113 2458 3214 2517 est,
3247 2451 3376 2520 viri,
3424 2460 3478 2507 et
3506 2451 3598 2507 fe-

1997 2543 2185 2612 minae,
2218 2550 2272 2599 et
2304 2541 2559 2614 juvenes,
2608 2548 2663 2595 et
2702 2556 2857 2596 senes
2911 2549 3106 2611 praeter
3133 2539 3416 2607 inﬁrmos;
3451 2555 3595 2596 unus

2002 2641 2183 2688 tamen
2240 2638 2334 2687 aut
2389 2629 2500 2684 duo
2560 2634 2898 2696 remaneant,
2958 2625 3053 2698 qui
3107 2625 3332 2683 domum
3388 2634 3585 2684 custo-

1998 2720 2170 2778 diant.

2069 2810 2121 2866 6.
2151 2808 2348 2866 Nullus
2377 2805 2605 2863 omnino
2634 2804 2797 2861 uxori
2828 2821 2939 2861 suae.
2981 2803 3244 2878 jungatur
3271 2812 3397 2862 ante
3426 2813 3590 2863 octa-

1999 2917 2122 2956 vam
2154 2898 2392 2956 Paschae.
2447 2897 2772 2968 Quicunque
2838 2897 2997 2964 iram,
3030 2903 3125 2951 aut
3162 2894 3352 2951 odium
3393 2903 3590 2968 contra

1999 2992 2234 3047 alterum
2290 2995 2458 3056 tenet,
2489 2992 2638 3049 426
2693 2984 2938 3040 dimittat
2967 2984 3054 3040 illi
3091 3000 3160 3040 ex
3186 2991 3302 3040 toto
3331 2985 3514 3052 corde,
3543 2985 3591 3041 si

1997 3087 2198 3146 salvari
2230 3086 2505 3144 desiderat
2535 3104 2547 3142 :
2599 3093 2653 3142 et
2681 3085 2926 3158 exceptis
2950 3084 3084 3154 illis,
3109 3084 3312 3158 quibus
3339 3083 3591 3141 sacerdos

1998 3178 2291 3236 consilium
2327 3177 2441 3244 dat,
2471 3183 2534 3231 ut
2581 3191 2691 3231 non
2721 3175 3152 3239 communicent,
3203 3190 3392 3230 omnes
3419 3174 3593 3232 Chri—

2000 3270 2165 3327 stiani
2190 3269 2344 3324 omni
2373 3267 2662 3323 Dominica
2683 3265 3088 3323 debentoﬁerre
3117 3265 3588 3322 etcommunicare

2000 3361 2063 3417 In
2093 3357 2516 3430 Quadragesima
2541 3373 2672 3411 vero
2703 3372 2897 3412 moneo
2929 3363 2989 3410 ut
3015 3355 3104 3410 die
3143 3354 3318 3421 omni,
3350 3362 3445 3410 aut
3473 3355 3594 3411 sal-

2001 3460 2132 3520 tem,
2167 3459 2228 3506 ut
2257 3450 2398 3518 dixi,
2426 3448 2579 3505 omni
2606 3447 2896 3504 Dominica
2923 3446 3164 3504 offeratis
3190 3453 3244 3501 et
3272 3445 3594 3502 communi-

2002 3541 2157 3599 cetis.
2223 3541 2294 3595 Et
2325 3539 2531 3595 idcirco
2563 3554 2755 3610 puram
2793 3545 2848 3592 et
2893 3537 3155 3593 mundam
3185 3536 3357 3592 vitam
3387 3535 3594 3605 ducite,

2003 3639 2066 3688 ut
2090 3629 2244 3703 digni
2294 3629 2414 3684 sitis
2443 3626 2698 3684 accedere
2723 3625 2790 3681 ad
2823 3633 3063 3682 sanctam
3121 3624 3594 3681 communionem.

2004 3721 2078 3777 Et
2105 3720 2224 3776 haec
2253 3718 2392 3775 scire
2417 3716 2650 3785 debetis,
2679 3714 2806 3788 quia
2824 3713 3096 3788 quidquid
3125 3713 3453 3772 subtrahitis
3479 3727 3598 3770 cor-

2004 3810 2123 3885 pori
2156 3809 2212 3865 in
2242 3805 2565 3880 jejunando,
2598 3812 2774 3861 totum
2820 3803 3031 3861 debetis
3058 3803 3389 3877 pauperibus
3416 3802 3600 3859 dona-

2006 3916 2084 3969 re,
2116 3914 2226 3954 non
2257 3896 2416 3952 vobis
2445 3895 2579 3967 ipsis
2601 3909 2898 3951 reservare.

2079 3988 2130 4043 7.
2164 3985 2526 4058 Omnipotens
2575 3985 2720 4040 Deus
2777 3983 2944 4039 donet
2972 3989 3035 4038 ut
3090 3982 3214 4050 ista,
3273 3995 3394 4053 quas
3449 3977 3598 4034 dicta

2007 4084 2156 4145 sunt,
2213 4074 2514 4144 retineatis,
2570 4081 2626 4129 et
2668 4089 2831 4144 opere
2886 4071 3244 4143 compleatis;
3321 4074 3597 4141 quatenus

2006 4176 2130 4242 post
2157 4167 2321 4223 ﬁnem
2354 4165 2519 4237 hujus
2547 4165 2696 4232 vita,
2728 4172 2781 4220 et
2821 4169 2944 4234 post
2971 4161 3268 4217 terminum
3299 4158 3502 4214 laboris
3531 4157 3600 4214 ad

2006 4257 2251 4332 requiem
2324 4255 2712 4326 sempiternam
2781 4251 3068 4324 pervenire
3143 4249 3402 4322 possitis:
3479 4247 3600 4320 ipso

2007 4347 2267 4416 donante,
2308 4345 2403 4418 qui
2432 4361 2529 4400 vos
2557 4351 2610 4399 et
2640 4341 2868 4407 creavit,
2913 4349 2966 4397 et
2996 4339 3170 4413 pretio
3197 4340 3284 4394 sui
3315 4337 3601 4411 sanguinis

2006 4439 2272 4496 redimere
2311 4435 2524 4492 voluit:
2572 4433 2667 4508 qui
2713 4431 2856 4488 vivit
2885 4439 2940 4488 et
2991 4437 3179 4505 regnat
3229 4446 3326 4503 per
3377 4427 3601 4486 inﬁnita

2005 4531 2331 4588 saeculorum
2371 4525 2588 4584 saecula.
2619 4524 2818 4580 Amen.

2567 4667 2802 4726 SERMO
2832 4665 3038 4723 XXVI.

2366 4782 2446 4837 De
2491 4785 2678 4835 sancta
2718 4772 3143 4845 Quadragesima
3171 4771 3246 4831 X.

2014 4903 2110 4961 Hic
2138 4919 2306 4958 sermo
2349 4919 2412 4955 ex
2467 4914 2648 4952 eorum
2678 4900 2752 4949 est
2798 4908 3038 4957 numero,
3077 4908 3208 4962 quos
3240 4891 3394 4962 Rom.
3445 4887 3604 4944 editio

2080 4976 2318 5047 primum
2375 4969 2654 5041 evulgavit.
2686 4965 2875 5023 Eidem
2899 4961 3139 5036 prmﬁatit
3163 4964 3320 5018 illum
3357 4961 3587 5016 titulum'

2090 5137 2207 5211 (93)
2226 5129 2386 5193 Rom.
2415 5133 2572 5201 edit.,
2591 5134 2760 5211 Siper
2785 5132 2919 5211 hanc
2938 5145 3112 5211 vocem
3123 5144 3284 5211 opera
3311 5123 3606 5211 miserico'r:

2015 5192 2208 5266 didii”:
2263 5192 2679 5275 iwternum,lqui'
2714 5210 2944 5275 paratus
2977 5207 3051 5256 est
3078 5192 3288 5254 didbolo
3319 5203 3366 5250 et
3409 5192 3607 5275 angelis

2015 5263 2305 5352 iJam
2358 5263 2551 5350 quia":
2579 5263 2687 5329 'non
2714 5263 2908 5352 ἀυάςο
2941 5279 3126 5352 ίαέῗνθθ
3158 5277 3218 5351 υς
3252 5284 3358 5349 iw"
3386 5263 3608 5352 rel—231i?

2011 5332 2309 5426 iiii-"talaria
2362 5332 2670 5426 igestru.m.._._
2729 5345 2870 5416 quod
2925 5332 3120 5411 vobis,’
3156 5339 3262 5394 nisi
3331 5332 3610 5391 emendetis

2015 5419 2200 5491 bitam,
2235 5423 2488 5489 imminet,
2519 5419 2716 5493 qualis,
2748 5426 2852 5474 etc.
2900 5486 2910 5493 _
3173 5481 3185 5493 .
3250 5480 3260 5492 ,
3396 5477 3433 5493 ν

2092 5477 2210 5568 (94)
2242 5477 2487 5553 WEadein'
2526 5477 2713 5559 edit.,
2762 5494 2810 5544 et
2863 5486 2975 5543 sine
3028 5481 3185 5556 gravi
3239 5477 3610 5552 impedimento

2011 5574 2200 5640 potest.
