4068 6188
488 183 593 242 679
1643 179 1739 237 DE
1777 175 2156 262 TPJNl'l‘ATE
2192 175 2624 236 TRACTATUS.
3684 174 3794 235 680

562 308 642 386 I_)e
681 307 847 386 modo
904 318 1035 362 vere
1082 303 1278 386 agendi
1318 304 1718 386 pmnitentiam.
1784 304 1883 386 Sed
1927 319 2089 375 quam
2118 306 2171 366 Α
2202 302 2461 361 stantiam
2492 317 2645 358 suam
2692 314 2820 357 cum
2869 296 3252 356 meretricibus
3279 297 3574 373 dissipavit
3604 318 3620 370 ;
3645 306 3796 368 427

563 379 825 434 immerito
875 394 1061 432 nomen
1121 376 1391 432 Ambrosii
1423 376 1527 447 ipsi
1553 376 1878 444 ascripserit,
1935 392 2084 431 nemo

563 452 643 506 vel
672 466 738 505 ea:
758 449 963 575 dprima
997 448 1207 503 lectione
1238 465 1345 502 non
1378 448 1749 519 deprehendat.
1781 448 2086 529 Suspectum

563 538 687 575 vero
736 521 756 575 i
844 521 1003 575 etiam
1031 520 1180 575 nobis
1210 526 1305 575 est.
1361 520 1500 575 auod
1533 519 1589 573 in
1632 520 1745 575 inso
1774 519 1953 574 limine
1984 536 2085 574 me-

562 538 687 576 vero
736 519 798 575 id
844 521 1003 576 etiam
1031 520 1180 575 nobis
1210 526 1305 585 est,
1361 520 1500 590 quod
1533 519 1589 573 in
1632 520 1745 590 ipso
1774 519 1953 574 limine
1984 536 2085 574 me-

561 598 806 648 moratur
835 593 897 647 de
944 592 1233 648 Ninivitis:
1266 591 1458 661 quippe
1506 608 1623 644 cum
1661 591 1716 644 in
1747 597 1849 645 toto
1881 592 2086 661 reliquo

559 666 796 719 sermone
822 681 985 734 neque
1013 664 1075 717 de
1102 663 1233 729 illis,
1262 679 1425 732 neque
1444 664 1506 717 de
1534 663 1753 717 illorum
1777 663 2088 733 paenitentia

558 737 850 806 quidquam
879 736 1108 789 dicatur.
1135 736 1285 801 Quod
1309 740 1483 788 autem
1510 734 1789 806 asseritur,
1814 735 1907 804 qui
1926 751 2088 789 uuam

561 805 770 861 tantum
804 806 1006 876 jejunii
1042 806 1178 861 diem
1229 806 1648 877 prwtemniserit,
1688 805 1944 875 integrant
1980 806 2086 860 oio-

562 879 697 933 lasse
754 876 1249 949 Quadragesimam,
1278 878 1499 949 habetur
1534 878 1954 949 etiam'sermone
1995 876 2086 944 22,

560 954 696 1004 sicut
742 957 789 1003 et
818 947 1277 1020 quod‘occasione
1325 947 1507 1020 hiemis
1559 949 1616 1020 in
1648 948 1916 1003 meliorem
1968 954 2087 1003 tem-

555 1027 806 1091 pestatem
826 1018 841 1020 ή
861 1038 912 1074 se
958 1019 1400 1074 convertentishic
1429 1018 1729 1091 disseritur,
1761 1036 1876 1072 cum
1914 1020 2089 1073 eodem

558 1090 799 1173 sermone
826 1093 1131 1173 aﬂinitatem
1159 1091 1443 1173 quamdam
1474 1090 1660 1173 habere
1690 1090 1924 1173 videtur;
1953 1091 2090 1145 unde

562 1163 822 1232 conjicere
843 1161 1032 1231 forsan
1056 1161 1207 1217 liceat
1226 1178 1392 1216 unum
1419 1178 1481 1216 ac
1505 1162 1738 1217 eumdem
1763 1162 1953 1217 horum
1981 1179 2086 1218 ser-

562 1250 778 1289 monum
807 1239 1072 1287 auctorem
1110 1250 1232 1289 esse.

521 1318 525 1322 ’
558 1330 611 1387 1.
650 1331 876 1387 Lectum
919 1339 1003 1388 est
1036 1348 1186 1388 nunc
1227 1330 1285 1387 in
1314 1330 1653 1403 Evangelio:
1712 1355 1733 1380 ι
1759 1330 1882 1388 Viri
1921 1330 2091 1388 Nini-

483 1419 614 1475 vitaa
651 1428 877 1493 surgent
921 1420 980 1477 in
1022 1419 1236 1492 judicio
1283 1437 1407 1478 cum
1462 1420 1813 1494 generatione
1860 1420 1985 1488 ista,
2037 1428 2091 1477 et

483 1508 934 1568 condemuabunt
982 1527 1125 1578 eam,
1171 1511 1302 1583 quia
1349 1509 1734 1582 pmnitentiam
1764 1517 1991 1581 egerunt
2032 1508 2091 1563 in

483 1600 873 1673 praedicatione
899 1602 1051 1658 Jonas
1071 1601 1283 1672 (Matth.
1308 1618 1410 1668 x11,
1443 1600 1559 1673 41).
1586 1626 1603 1649 ι
1638 1599 1901 1656 Pharisaei
1919 1600 2088 1673 paeni-

483 1672 713 1746 tentiam
762 1688 1119 1756 simulabant,
1149 1687 1272 1744 ideo
1303 1705 1335 1743 a
1364 1672 1585 1745 Christo
1623 1688 1864 1744 Domino
1888 1672 2086 1762 appel-
2119 1672 2166 1733 Β

484 1780 669 1836 lantur
709 1805 727 1829 ε
764 1781 1044 1851 generatio
1081 1780 1225 1835 mala
1253 1787 1306 1837 et
1334 1779 1585 1836 adultera
1617 1780 1781 1853 (Ibid.
1812 1781 1905 1853 39)
1934 1799 1987 1848 ;-
2032 1788 2086 1838 et

484 1862 640 1942 alibi,
684 1897 703 1921 ι
736 1874 1023 1948 progenies
1057 1874 1372 1947 viperarum
1406 1875 1620 1947 (Matth.
1653 1893 1737 1945 111,
1772 1876 1862 1948 7);
1897 1902 1916 1924 ι
1972 1893 2082 1932 ιιοιι

484 1972 666 2021 autem
706 1981 834 2022 vere
868 1965 1228 2039 pmnitehant,
1245 1965 1368 2021 ideo
1385 1965 1583 2021 merito
1610 1964 2079 2022 condemnantur.

556 2056 610 2113 2.
641 2056 733 2114 Sic
760 2066 814 2114 et
842 2066 925 2128 tu,
957 2075 990 2115 ο
1038 2058 1371 2127 Christiane,
1404 2074 1567 2132 quem
1604 2058 1720 2115 scio
1748 2074 1866 2115 esse
1893 2074 2080 2131 super-

483 2145 640 2213 bum,
674 2148 939 2220 plenitere
982 2156 1035 2206 te
1062 2148 1280 2217 asseris,
1312 2155 1366 2204 et
1391 2146 1599 2203 diaboli
1629 2163 1793 2220 opera
1819 2146 2079 2219 requiris,

482 2245 537 2293 et
561 2238 784 2295 Domini
808 2246 1078 2312 praecepta
1096 2237 1492 2310 praetermittis.
1524 2236 1677 2293 Scire
1696 2253 1727 2292 a
1755 2244 1807 2292 te
1830 2235 2081 2294 desidero

483 2327 619 2400 quid
678 2327 962 2400 poeniteas,
1022 2327 1210 2383 nescio
1267 2326 1402 2399 quid
1447 2324 1520 2382 sit
1571 2323 1899 2397 paenitentia
1967 2332 2076 2381 tua.
2133 2362 2144 2372 -

485 2417 760 2474 Ρωιιίῐθιθ
809 2426 861 2474 te
889 2416 1105 2484 asseris,
1138 2414 1234 2489 qui
1277 2432 1403 2473 cum
1440 2414 1734 2486 injustitia,
1775 2429 1883 2487 qua
1929 2430 2080 2487 prae-

481 2506 699 2566 cinctus
729 2524 806 2577 es,
840 2505 1278 2581 superinduxisti
1326 2504 1635 2578 superbiam
1664 2504 1692 2561 ?
1730 2504 1996 2560 Paenitere
2025 2512 2079 2560 te

481 2596 697 2665 asseris,
728 2597 825 2669 qui
844 2612 1066 2653 carnem
1090 2594 1326 2651 alienam
1347 2593 1590 2667 sequeris
1612 2593 1640 2649 ?
1667 2592 1757 2649 Sic
1787 2591 2034 2665 fatigaris
2060 2610 2073 2649 :

484 2703 735 2744 reversus
772 2705 831 2744 es
885 2687 1029 2744 sicut
1056 2687 1211 2744 canis
1256 2685 1323 2742 ad
1356 2684 1651 2753 vomitum,
1682 2693 1777 2740 aut
1801 2685 1957 2742 velut
1986 2702 2080 2742 sus

481 2776 662 2833 calore
691 2776 904 2844 affecta,
952 2776 1011 2832 in
1064 2775 1198 2831 limo
1235 2783 1394 2830 terrae
1442 2774 1753 2845 provoluta.
1814 2772 1959 2840 Quid
2005 2774 2079 2831 sit

481 2869 578 2920 tua
614 2864 963 2936 pmnilentia,
995 2880 1107 2919 non
1136 2864 1397 2919 invenio:
1431 2863 1665 2919 circuivi
1695 2870 1750 2919 et
1788 2864 2076 2935 perambu-

482 2951 595 3007 lavi
623 2953 807 3008 locum
839 2951 1197 3022 paenitentiae,
1228 2958 1282 3007 et
1334 2967 1445 3007 non
1478 2951 1669 3009 inveni
1698 2952 2075 3024 paenitentiam

2196 411 2382 477 postea
2409 402 2641 459 humilis
2671 401 2869 470 factus,
2903 408 2958 457 et
3005 399 3074 455 ad
3119 415 3216 457 cor
3261 415 3532 470 reversus,
3563 400 3791 459 dicens:

2209 517 2228 540 ι
2266 491 2469 559 Quanti
2513 490 2840 547 mercenarii
2893 489 2952 545 in
2982 488 3149 545 domo
3177 487 3349 561 patris
3378 488 3487 544 mei
3512 488 3800 546 abundant

2196 580 2452 654 panibus,
2485 596 2585 652 ego
2613 587 2794 635 autem
2826 578 2920 635 hic
2962 576 3108 633 fame
3136 592 3298 649 pereo
3317 576 3345 633 ?
3387 576 3616 651 Surgam
3643 595 3795 652 ergo,

2197 678 2251 727 et
2305 669 2503 725 vadam
2555 668 2623 723 ad
2677 676 2885 741 patrem
2943 683 3149 734 meum,
3206 672 3263 722 et
3312 665 3538 724 dicam:
3573 668 3681 723 Fac
3710 684 3798 723 me

2197 759 2340 815 sicut
2369 775 2541 814 unum
2572 774 2641 814 ex
2663 756 3018 814 mercenariis
3047 756 3160 812 tuis
3191 754 3344 827 (Luc.
3385 772 3483 825 xv,
3524 758 3729 829 17-19).
3762 784 3781 808 ι

2197 848 2282 904 Ad
2312 856 2523 920 patrem
2556 847 2839 916 accedens,
2895 853 2949 902 et
2995 862 3179 902 coram
3224 862 3289 902 eo
3335 860 3392 901 se
3421 854 3792 919 prosternens,

2198 938 2305 993 fuit
2337 937 2405 993 ab
2437 953 2501 994 eo
2536 938 2784 994 laetanter
2831 944 3122 1009 acceptus;
3183 936 3296 992 imo
3349 935 3556 992 occidit
3603 954 3703 1009 pro
3730 954 3795 993 eo

2200 1034 2442 1090 vitulum
2475 1034 2802 1106 saginatum.

2270 1120 2325 1178 4.
2367 1121 2667 1177 Memorare
2698 1121 2882 1194 itaque
2911 1120 3041 1194 quia
3065 1127 3120 1176 et
3161 1137 3261 1193 pro
3288 1126 3343 1175 te
3373 1118 3629 1176 Christus
3655 1122 3794 1178 occi-

2200 1214 2294 1269 su's
2325 1220 2427 1275 est.
2468 1211 2562 1283 qui
2592 1216 2718 1266 ante
2749 1208 2857 1265 fuit
2912 1208 3125 1265 vitulus
3170 1207 3470 1281 saginatus.
3499 1208 3639 1277 Quia
3667 1227 3795 1267 vero

2199 1302 2339 1357 alter
2364 1300 2513 1356 filius
2561 1298 2681 1371 ejus
2722 1298 3080 1355 contristatus
3120 1306 3223 1366 est,
3272 1298 3532 1370 quoniam
3585 1300 3797 1357 occisus

2202 1399 2284 1447 est
2315 1390 2590 1459 Christus,
2620 1390 2716 1464 qui
2753 1397 2879 1445 ante
2908 1386 3017 1444 fuit
3044 1387 3257 1444 vitulus
3299 1388 3599 1461 saginatus,
3644 1397 3798 1463 pater

2204 1481 2509 1555 respondit,
2541 1481 2730 1539 dicens
2761 1499 2773 1539 :
2820 1504 2840 1528 ι
2888 1478 3017 1549 Fili,
3058 1485 3120 1534 tu
3150 1494 3362 1535 mecum
3395 1494 3608 1551 semper
3635 1497 3714 1548 es,
3744 1486 3798 1535 et

2200 1572 2387 1629 omnia
2415 1588 2537 1628 mea
2588 1580 2684 1629 tua
2731 1578 2906 1629 sunt:
2960 1568 3194 1643 gaudere
3230 1576 3414 1625 autem
3468 1577 3521 1626 te
3577 1576 3799 1642 oportet

2198 1661 2326 1733 quia
2355 1660 2449 1718 hic
2500 1661 2651 1719 ﬁlius
2702 1678 2856 1718 meus
2914 1668 3167 1716 mortuus
3214 1658 3412 1727 fuerat,
3452 1665 3503 1713 et
3530 1658 3791 1715 revixit:

2193 1750 2449 1823 perierat,
2494 1759 2547 1808 et
2586 1751 2847 1807 inventus
2894 1758 2975 1807 est
3009 1749 3173 1821 (Ibid.
3223 1748 3314 1818 31,
3352 1746 3501 1820 32).»
3542 1747 3588 1804 Ο
3621 1762 3795 1819 quam

2193 1839 2412 1896 beatum
2443 1841 2732 1913 populum,
2755 1856 2855 1912 pro
2883 1855 2993 1913 quo
3015 1838 3269 1897 Christus
3298 1836 3601 1894 occiditur!
3633 1837 3798 1910 quale

2193 1931 2454 2004 gaudium
2496 1939 2680 2004 portat
2706 1931 2887 2000 Pater,
2924 1929 3144 2004 quando
3178 1928 3327 2003 quod
3354 1935 3639 1984 mortuum
3666 1927 3798 1983 fue-

2191 2027 2295 2090 rat,
2354 2020 2686 2079 reviviscit:
2730 2026 2784 2077 et
2821 2019 2970 2093 quod
3026 2018 3282 2093 perierat,
3337 2016 3655 2074 invenitur!
3705 2016 3795 2073 cui

2191 2122 2326 2170 tunc
2355 2113 2581 2183 dicitur,
2614 2121 2677 2170 ut
2705 2111 2973 2187 scriptum
3005 2121 3087 2170 est
3119 2130 3131 2169 :
3179 2136 3197 2160 ι
3234 2112 3377 2168 Ecce
3427 2127 3593 2168 sanus
3619 2111 3793 2168 factus

2190 2218 2267 2270 es,
2292 2200 2407 2274 jam
2441 2203 2558 2259 noli
2585 2218 2827 2275 peccare,
2863 2218 2933 2260 ne
2980 2201 3086 2259 tibi
3135 2200 3376 2259 deterius
3415 2200 3631 2274 aliquid
3652 2216 3793 2259 con-

2189 2290 2370 2365 tingat
2394 2292 2577 2364 (Joan.
2612 2310 2670 2361 v,
2707 2291 2820 2364 14).
2860 2316 2879 2341 ι

2260 2389 2315 2446 5.
2348 2389 2589 2447 Attende
2637 2407 2764 2465 ergo
2793 2390 2941 2449 unde
2981 2391 3286 2462 excideras,
3333 2399 3389 2448 et
3418 2391 3635 2464 plange,
3668 2406 3789 2464 ραι-

2188 2479 2487 2535 nitentiam
2515 2495 2611 2553 age
2646 2499 2657 2537 :
2690 2480 2737 2537 si
2771 2478 3091 2555 quominus,
3144 2480 3332 2538 veniet
3358 2480 3465 2536 tibi
3517 2481 3783 2537 Dominus

2188 2568 2322 2638 cito,
2363 2578 2418 2625 et
2465 2568 2715 2626 movebit
2750 2569 3139 2628 candelabrum
3182 2579 3343 2627 tuum
3387 2569 3455 2626 de
3501 2569 3624 2629 loco
3668 2586 3788 2627 suo.

2189 2659 2511 2728 Memorare,
2560 2658 2664 2730 ﬁli,
2721 2658 3005 2718 Christum
3060 2660 3348 2735 reliquisse
3392 2660 3693 2733 nonaginta
3741 2666 3795 2717 et

2187 2764 2387 2804 novem
2410 2747 2612 2821 justos,
2673 2749 3003 2823 perquisisse
3030 2750 3315 2807 hominem
3345 2758 3709 2823 peccatorem,
3743 2757 3794 2808 et

2188 2840 2477 2895 inventum
2506 2855 2630 2896 eum
2649 2839 2707 2894 in
2728 2838 2887 2897 invio
2911 2838 3157 2920 humeris
3176 2840 3294 2898 suis
3315 2848 3621 2914 reportasse
3634 2840 3789 2913 (Luc.

2186 2944 2285 2997 xv,
2334 2927 2433 2999 4);
2491 2930 2580 2985 vel
2637 2928 2790 2986 illam
2854 2930 3143 2987 mulierem
3200 2931 3363 3003 (Ibid.
3422 2931 3501 3001 8),
3552 2930 3657 2987 hoc
3709 2939 3794 2987 est

485 3047 625 3097 tum.
656 3040 764 3107 Qui
813 3039 1079 3097 saeculum
1106 3039 1481 3108 destruxeras,
1526 3040 1732 3097 ibidem
1763 3040 2069 3099 inveniris:

2189 3018 2512 3088 Ecclesiam,
2544 3036 2664 3093 quae
2693 3020 3008 3093 perdiderat
3036 3018 3374 3089 drachmam,
3406 3020 3512 3078 hoc
3555 3027 3638 3077 est
3678 3019 3794 3077 ho-

485 3129 580 3202 qui
632 3129 815 3187 carnis
877 3129 1187 3202 superbiam
1234 3128 1580 3203 deposueras,
1613 3129 1907 3188 humerum
1937 3131 2077 3189 sub—

483 3218 660 3281 mittis
689 3218 913 3289 iterum,
946 3227 1006 3276 ut
1022 3220 1242 3293 gravius
1268 3228 1452 3293 portes
1486 3237 1627 3277 onus
1652 3239 1664 3277 :
1698 3221 1795 3295 qui
1826 3221 2075 3278 avaritiae

484 3315 710 3373 dederas
736 3316 985 3385 dorsum,
1035 3316 1216 3373 denuo
1270 3317 1353 3374 illi
1378 3317 1602 3374 obviam
1640 3317 1886 3375 occurris
1920 3333 1932 3371 :
1980 3317 2077 3391 qui

480 3406 713 3463 vanitati
771 3405 1065 3478 repudium
1108 3405 1353 3475 dederas,
1410 3406 1608 3463 iterum
1666 3406 1959 3463 reverteris
2009 3405 2079 3462 ad

480 3494 599 3567 ejus
625 3495 852 3567 gratiam
882 3514 895 3551 :
949 3496 1046 3568 qui
1075 3511 1302 3567 pompas
1352 3495 1540 3552 saeculi
1597 3494 1839 3567 fugeras,
1873 3496 2073 3551 iterum

477 3580 539 3637 in
568 3598 766 3639 manus
792 3583 948 3640 illius
994 3584 1259 3642 incidisti.
1309 3584 1576 3641 Ambulas
1604 3585 1945 3657 superelatus
1959 3585 2078 3642 sine

477 3672 712 3730 cervice.
745 3674 932 3732 Nescis
959 3674 1403 3748 scriptum‘esse:
1439 3694 1467 3728 «
1498 3673 1644 3743 Quid
1672 3673 1835 3731 nobis
1864 3674 2077 3748 profuit

480 3762 755 3836 superbia,
788 3771 842 3820 et
869 3764 1003 3837 quid
1036 3765 1248 3821 divitia
1275 3781 1401 3822 cum
1425 3763 1692 3837 jactantia
1720 3765 2076 3822 contulerunt

481 3850 642 3908 nobis
672 3851 825 3925 (Sap.
848 3870 906 3922 ν,
932 3853 990 3925 8)
1024 3853 1052 3909 i’
1072 3878 1090 3902 ι
1131 3853 1203 3909 Ει
1222 3853 1502 3927 sequitur:
1551 3853 1948 3911 «Transierunt
1977 3854 2075 3910 illa

479 3942 668 4000 omnia
716 3952 976 4015 tanquam
1032 3942 1227 3999 umbra
1285 3944 1447 4015 (Ibid.
1506 3944 1587 4016 9).
1611 3969 1629 3992 ι
1701 3943 1947 4001 Fidelem
2019 3951 2075 4001 et

481 4034 752 4091 mundum
784 4043 837 4091 te
864 4033 1148 4102 invenisti,
1167 4033 1263 4107 qui
1282 4050 1585 4109 peraquam
1604 4033 1865 4107 baptismi
1893 4035 2075 4092 fueras

475 4134 792 4195 renovatus,
826 4128 971 4184 sicut
1008 4126 1276 4200 scriptum
1319 4135 1438 4184 est:
1489 4152 1507 4176 ‹
1538 4126 1847 4195 Lavamini,
1878 4125 2073 4183 mundi

474 4221 666 4284 estote,
719 4218 929 4274 auferte
985 4217 1261 4291 nequitias
1289 4216 1358 4275 ab
1386 4217 1676 4275 animabus
1704 4216 1904 4273 vestris
1936 4217 2071 4290 (Isa.

473 4318 520 4370 1,
548 4301 660 4374 16).
694 4328 713 4353 ι»
781 4306 912 4361 Illos
940 4306 1207 4379 propheta
1239 4306 1309 4363 ad
1338 4306 1636 4364 lavandum
1680 4304 1974 4373 hortatur;
2010 4312 2072 4362 tu

2189 3112 2395 3169 minem
2438 3122 2802 3186 peccatorem,
2853 3114 3164 3173 accendisse
3197 3117 3496 3185 lucernam,
3544 3114 3655 3172 hoc
3680 3123 3784 3184 est,

2189 3200 2474 3259 Christum
2510 3202 2607 3277 qui
2638 3213 2721 3262 est
2739 3205 2926 3262 lumen
2950 3204 3183 3278 justitiaa
3211 3224 3224 3262 :
3257 3214 3312 3263 et
3358 3205 3588 3262 inventa
3621 3219 3685 3260 ea
3728 3204 3784 3259 in

2188 3291 2436 3362 pulvere,
2477 3307 2700 3349 vocasse
2756 3293 2960 3351 amicas
3016 3302 3072 3350 et
3125 3294 3339 3351 vicinas
3390 3293 3691 3360 Ecclesiae;
3725 3300 3784 3349 ut

2186 3381 2703 3454 congratularentnr
2754 3399 2917 3455 super
2942 3384 3232 3443 inventum
3275 3382 3559 3441 hominem
3589 3399 3782 3457 peccs-

2188 3476 2404 3540 torem;
2437 3479 2491 3528 et
2520 3488 2552 3528 a
2598 3482 2836 3531 stercore
2878 3483 3120 3533 erectum
3159 3491 3282 3531 eum
3329 3474 3627 3531 collocasse
3658 3490 3781 3532 cum

2186 3560 2533 3635 principibus
2583 3562 2774 3637 populi
2817 3564 2924 3634 sui,
2976 3564 3083 3623 hoc
3121 3574 3224 3635 est,
3261 3581 3386 3624 cum
3444 3564 3780 3636 apostoliset

2185 3651 2489 3725 prophetis.
2521 3653 2664 3711 Ecce
2712 3654 2847 3728 quid
2876 3654 3009 3713 facit
3035 3656 3360 3728 poenitentia
3416 3654 3636 3711 homini
3664 3669 3777 3727 pec-

2182 3743 2378 3813 catori,
2412 3744 2507 3817 qui
2545 3744 2678 3803 dum
2716 3746 2774 3802 in
2802 3754 3040 3806 stercore
3062 3747 3227 3821 jacet,
3260 3763 3389 3805 cum
3439 3746 3777 3821 principibus

2183 3830 2515 3891 sublimatur
2544 3834 2725 3907 (Psal.
2755 3852 2890 3906 cxn,
2925 3838 3004 3910 7).

2252 3934 2307 3990 6.
2353 3932 2719 3992 Paenitentem
2761 3934 3045 3993 hominem
3077 3936 3223 4005 dico,
3255 3934 3350 4010 qui
3385 3935 3603 4007 plangit
3635 3933 3775 4008 quod

2183 4032 2521 4096 peccaverat,
2553 4031 2607 4080 et
2639 4029 2792 4097 rogat
2819 4023 3118 4081 Dominum
3150 4033 3213 4081 ut
3242 4041 3354 4081 non
3384 4024 3588 4081 iterum
3620 4023 3775 4080 faciat

2182 4112 2328 4186 quod
2374 4112 2689 4170 admiserat.
2749 4113 3111 4171 Pcnnitentem
3165 4113 3450 4171 hominem
3499 4111 3629 4170 dico
3683 4110 3773 4185 qui

2182 4200 2379 4258 diebus
2421 4219 2485 4260 ac
2528 4201 2786 4261 noctibus
2842 4202 3172 4277 ingemiscit,
3226 4212 3282 4260 et
3326 4219 3453 4261 cum
3501 4200 3773 4276 Propheta

2182 4290 2319 4347 dicit
2349 4309 2361 4348 :
2413 4315 2432 4339 ι
2462 4292 2681 4350 Lavabo
2715 4309 2810 4365 per
2838 4292 3082 4366 singulas
3125 4300 3313 4350 noctes
3341 4293 3546 4349 lectum
3591 4306 3770 4348 meum

472 4397 656 4447 autem
701 4408 828 4448 cum
855 4408 998 4451 esses
1026 4395 1287 4465 mundus,
1324 4395 1580 4452 sordidus
1608 4394 1785 4453 factus
1836 4410 1915 4462 es,
1949 4409 2062 4449 non
2095 4402 2143 4462 D
2180 4383 2443 4458 lacrymis
2474 4384 2611 4444 meis
2635 4384 2809 4458 (Psal.
2838 4402 2918 4455 v1,
2951 4384 3054 4458 7).»
3097 4382 3463 4440 Paenitentem
3489 4382 3768 4440 hominem

469 4492 623 4556 potes
654 4484 835 4542 denuo
865 4486 1057 4543 lavari.

541 4573 595 4631 3.
631 4574 689 4632 Si
717 4575 803 4633 vis
848 4583 1032 4633 autem
1073 4584 1136 4632 ut
1162 4574 1448 4632 munderis
1475 4575 1698 4645 iterum,
1739 4575 1809 4632 da
1835 4577 2069 4635 eleemo-

471 4679 690 4737 synam,
726 4674 782 4722 et
836 4664 1024 4722 omnia
1050 4674 1147 4722 tua
1202 4663 1409 4721 munda
1444 4673 1573 4721 sunt
1627 4665 1779 4732 (Luc.
1810 4682 1889 4735 x1,
1941 4667 2058 4741 41).

538 4754 873 4812 Mundandis
903 4754 1048 4811 bona
1074 4761 1158 4811 est
1184 4753 1553 4827 eleemosyna,
1585 4770 1705 4827 qua
1734 4765 1929 4829 purgat
1947 4774 2065 4813 om-

466 4854 562 4897 nes
586 4842 795 4901 sordes.
826 4844 1072 4902 Humilia
1098 4852 1281 4903 autem
1317 4852 1370 4901 te
1399 4845 1458 4900 in
1489 4844 1766 4914 omnibus,
1799 4855 1852 4903 et
1879 4863 2061 4903 coram

463 4930 579 4987 Deo
608 4932 861 4991 invenies
889 4935 1118 5007 gratiam
1144 4954 1157 4992 :
1204 4960 1222 4984 ι
1242 4934 1508 4992 Subditus
1534 4944 1650 4992 esto
1669 4936 1801 5005 Deo,
1829 4943 1883 4992 et
1911 4935 2063 4993 obse-

466 5038 559 5079 cra
588 5024 889 5082 Dominum
919 5027 1114 5098 (Eccle.
1144 5043 1229 5096 111,
1254 5026 1385 5099 20);
1416 5051 1433 5073 ι
1468 5034 1522 5083 et
1555 5044 1567 5083 :
1615 5051 1634 5075 ι
1662 5026 1741 5082 Ne
1764 5026 2061 5096 aemuleris,

462 5119 525 5168 ut
584 5116 839 5188 nequiter
878 5132 1039 5189 agas;
1098 5117 1357 5190 quoniam
1407 5116 1501 5189 qui
1561 5115 1815 5188 nequiter
1869 5122 2058 5187 agunt,

463 5203 988 5261 exterminabuntur
1019 5206 1192 5278 (Psal.
1242 5222 1440 5276 xxxvr,
1469 5205 1522 5274 7,
1552 5205 1633 5276 9).
1652 5228 1671 5252 ι
1724 5203 1832 5260 Ora
1859 5204 2062 5260 Domi-

466 5306 600 5349 num
632 5294 880 5367 quotidie
927 5312 1053 5351 cum
1105 5294 1388 5367 lacrymis,
1420 5294 1468 5351 si
1500 5294 1639 5350 forte
1693 5300 1913 5366 peccata
1966 5300 2062 5351 tua

466 5383 791 5454 solvantur;
844 5402 971 5442 cum
999 5386 1148 5441 Deus
1184 5384 1435 5457 superbis
1464 5385 1700 5453 resistat,
1752 5383 2060 5443 humilibus

464 5479 649 5528 autem
675 5474 767 5529 det
806 5473 1037 5547 gratiam
1070 5474 1128 5545 (Ι
1170 5474 1316 5531 Petr.
1348 5491 1404 5543 v,
1435 5474 1516 5547 5).
1547 5474 1849 5531 Memorare
1879 5473 2056 5531 filium

2178 4474 2303 4531 dico
2330 4475 2425 4549 qui
2483 4476 2702 4550 repellit
2744 4475 2892 4549 quod
2938 4475 3081 4531 male
3123 4470 3352 4544 fecerat,
3399 4479 3455 4529 et
3484 4480 3637 4546 rogat
3669 4472 3767 4528 Do-

2175 4566 2411 4635 minum,
2464 4574 2526 4623 ut
2581 4565 2801 4623 veniam
2851 4571 3234 4638 consequatur.
3267 4564 3630 4620 Pmnitentem
3662 4561 3769 4617 ho-

2175 4657 2381 4713 minem
2411 4657 2557 4727 dico,
2603 4656 2698 4729 qui
2747 4663 2870 4729 post
2915 4653 3415 4728 concupiscentiam
3460 4669 3615 4710 suam
3658 4667 3766 4709 non

2175 4747 2352 4813 vadit,
2399 4755 2453 4803 et
2500 4746 2882 4819 voluptatibus
2916 4746 3033 4803 suis
3079 4763 3137 4804 se
3175 4746 3376 4819 privat.
3407 4744 3765 4801 Pmnitentem

2173 4834 2457 4892 hominem
2488 4835 2615 4893 dico
2671 4835 2767 4911 qui
2818 4834 3004 4910 diligit
3057 4834 3206 4909 quod
3243 4842 3367 4893 ante
3413 4832 3679 4907 neglexit,
3714 4838 3766 4887 et

2171 4923 2318 4998 quod
2354 4923 2557 4981 fecerat
2586 4925 2738 4995 mali,
2769 4924 2993 4983 deserit.
3016 4925 3349 4982 Adhaereant
3375 4940 3505 4997 ergo
3524 4920 3628 4981 tibi
3647 4935 3765 4996 quae

2173 5014 2322 5071 bona
2353 5024 2504 5082 sunt,
2535 5023 2589 5072 et
2617 5032 2737 5089 quae
2772 5016 2916 5072 mala
2942 5013 3248 5073 deleantur.

2243 5114 2293 5172 7.
2345 5113 2404 5171 Si
2436 5114 2818 5188 paenitentiam
2847 5132 2961 5172 non
2990 5115 3184 5188 egeris,
3225 5113 3440 5173 incides
3466 5115 3528 5172 in
3571 5129 3764 5171 manus

2166 5202 2393 5261 Domini
2455 5204 2758 5262 secundum
2808 5205 3154 5263 severitatem
3196 5202 3400 5277 judicii
3449 5203 3587 5278 ejus,
3615 5202 3757 5278 quod

2166 5310 2359 5352 cavere
2387 5292 2679 5363 debemus;
2713 5310 2840 5351 nam
2867 5294 3005 5353 dicit
3020 5294 3351 5368 Apostolus:
3392 5291 3757 5350 «Horrendum

2167 5392 2248 5439 est
2284 5384 2528 5440 incidere
2563 5384 2620 5440 in
2653 5397 2850 5442 manus
2866 5384 2965 5442 Dei
2987 5384 3431 5455 viventis(Hebr.
3457 5384 3759 5455 x,3l).-—

2179 5496 2200 5520 ι
2238 5473 2464 5530 Diverte
2504 5475 2681 5548 (ergo)
2737 5492 2769 5533 a
2822 5476 2987 5545 malo,
3036 5484 3091 5532 et
3128 5475 3213 5534 fac
3242 5474 3449 5531 bonum
3473 5492 3490 5543 ;
3542 5470 3757 5546 inquire

470 5559 529 5616 in
571 5563 879 5638 longinquo
920 5564 1185 5639 positum,
1208 5565 1304 5639 qui
1342 5564 1626 5623 luxuriose
1647 5564 1889 5625 vivendo
1933 5566 2057 5625 sub-
2164 5580 2377 5641 pacem,
2412 5571 2467 5625 et
2494 5579 2721 5642 sequam
2747 5566 2924 5640 illam,
2955 5590 2977 5621 ι
3011 5566 3156 5626 sicut
3177 5563 3444 5639 scriptum
3468 5570 3553 5623 est
3581 5558 3752 5637 (Prol.
