4068 6188
200 325 301 382 681

1019 319 1393 378 SERMONES
1431 321 1487 377 S.
1530 318 1888 378 AMBROSIO
1926 315 2297 376 HACTENUS
2337 313 2676 374 ASCRIPTI.

3404 314 3510 378 682

200 467 406 518 xxxiii,
441 449 682 522 l5).Dic
717 462 881 518 ergo:
934 446 1198 503 Commisi
1230 447 1390 514 mala,
1444 452 1498 501 et
1555 446 1800 502 recreavi
1831 444 2071 516 Ainipii
2119 443 2178 498 in
2226 443 2405 514 ignem
2447 451 2732 510 aeternum,
2781 441 2920 513 justi
2977 449 3162 500 autem
3219 442 3278 499 in
3336 443 3510 501 vitam

197 541 360 597 bona.
394 542 501 596 Fac
529 539 697 596 etiam
746 536 945 608 dignos
986 536 1200 592 fructus
1243 535 1615 607 pmnitentize,
1650 543 1704 592 et
1735 551 1805 591 ne

197 629 445 686 dixeris:
498 654 516 676 ι
550 627 804 693 Peccavi,
836 624 970 697 quid
1005 626 1213 682 factum
1250 632 1331 680 est
1374 612 1514 680 mihi
1545 624 1704 679 triste
1735 623 1807 680 7..

197 727 250 775 et
271 736 385 775 non
417 717 647 791 adjicias
676 723 957 788 peccatum
987 731 1154 786 super
1185 721 1472 786 peccatum
1526 714 1717 784 (Eccli.
1750 731 1808 798 ν,

198 806 252 874 4,
284 809 379 878 5);
427 833 444 854 ι
514 816 567 865 et
603 824 669 862 ne
704 806 902 862 dicas:
977 830 994 852 ε
1036 804 1320 860 Miseratio
1361 802 1462 859 Dei
1507 804 1683 859 multa
1729 812 1812 860 est

197 898 365 969 (Ibid.
399 899 458 966 6)
485 916 499 965 ;
534 923 550 944 ι
587 897 724 953 scito
755 895 902 952 enim
934 894 1063 966 quia
1094 917 1112 939 ‹
1146 891 1524 948 misericordia
1543 900 1596 947 et
1625 891 1706 948 ira
1741 891 1810 948 ab

195 987 296 1042 illo
329 987 498 1059 (Ibid.
551 987 629 1056 7).
661 1010 678 1031 ι
741 985 1038 1040 Revertere
1096 982 1266 1053 igitur
1312 980 1380 1036 ad
1404 981 1726 1048 Dominum,
1756 989 1811 1038 et

195 1076 416 1147 plange.
448 1074 632 1130 Dicito
661 1081 844 1128 autem
874 1090 884 1127 :
937 1095 955 1118 ι
978 1070 1100 1125 Tibi
1131 1070 1236 1126 soli
1256 1065 1498 1142 peccavi,
1530 1076 1583 1124 et
1600 1069 1808 1124 malum

191 1181 383 1221 coram
415 1173 470 1220 te
499 1163 606 1220 feci
641 1163 814 1234 (Psal.
842 1163 981 1232 L,6),
1019 1185 1036 1208 ι
1079 1167 1168 1215 et:
1207 1185 1225 1208 ι
1259 1159 1470 1215 Delicta
1498 1157 1810 1230 juventutis

195 1271 333 1309 meae
363 1264 420 1311 et
447 1253 787 1326 ignorantias
843 1267 990 1306 meas
1044 1266 1112 1305 ne
1177 1247 1516 1314 memineris,
1574 1247 1810 1303 Domine

191 1347 381 1416 (Psal.
416 1362 572 1412 xxxv,
611 1346 749 1414 7);»
795 1352 884 1398 et:
924 1367 941 1389 ε
984 1341 1061 1398 Ne
1099 1347 1314 1396 avertas
1357 1339 1554 1395 faciem
1597 1347 1749 1394 tuam
1779 1355 1812 1395 a

192 1451 302 1503 me,
334 1451 407 1490 ne
446 1434 687 1491 declines
716 1433 774 1488 in
805 1433 886 1488 ira
913 1449 942 1486 a
973 1448 1132 1487 servo
1161 1439 1257 1486 tuo
1289 1432 1465 1502 (Psal.
1499 1447 1658 1498 xxvr,
1688 1431 1798 1501 9).»

194 1526 336 1582 Ecce
362 1524 693 1597 paenitentia
723 1521 969 1577 hominis
999 1537 1056 1576 se
1087 1520 1482 1577 humiliantis:
1527 1518 1810 1593 quomodo

196 1631 307 1672 non
337 1614 559 1669 veniam
588 1610 836 1678 habebit,
871 1609 967 1682 qui
989 1610 1124 1665 talia
1151 1609 1468 1682 iugemiscit
1487 1609 1517 1666 ?
1545 1609 1670 1682 quis
1700 1625 1810 1664 au-

195 1705 310 1761 diat
341 1704 526 1772 illum,
561 1711 614 1758 et
635 1718 746 1758 non
777 1707 1067 1756 moveatur
1087 1700 1115 1755 ?
1144 1698 1250 1766 Qui
1307 1699 1456 1755 enim

197 1796 402 1861 miliat,
432 1793 810 1858 exaltabitur;
873 1817 891 1841 ι
953 1790 1096 1846 sicut

194 1884 594 1942 humiliabitur
625 1885 776 1955 (Luc.
812 1899 934 1949 xiv,
982 1880 1095 1950 11).
1128 1904 1146 1927 ι
1189 1880 1328 1936 Nam
1373 1879 1645 1952 scriptum
1677 1887 1760 1935 est
1793 1894 1807 1936 :

209 2003 228 2024 ι
249 1976 401 2044 Quid
429 1973 687 2048 gloriaris
724 1972 781 2028 in
812 1971 1045 2041 malitia,
1087 1973 1183 2046 qui
1214 1981 1408 2046 potens
1435 1989 1494 2030 es
1521 1973 1580 2029 in
1611 1971 1813 2046 iniqui-

194 2075 308 2126 tate
333 2067 511 2137 (Psal.
539 2082 612 2133 LI,
632 2064 688 2135 3)
709 2065 736 2120 ‘l
764 2088 782 2110 ι

267 2161 322 2215 8.
355 2161 632 2215 Ρωηὶῐθτθ
663 2157 944 2230 pollicitus
990 2173 1068 2227 es,
1115 2165 1169 2214 et
1208 2157 1390 2215 adhuc
1414 2156 1598 2214 carnis
1645 2171 1810 2228 opera

194 2248 416 2322 perﬁcis
439 2249 469 2304 ?
496 2247 683 2304 Nescis
711 2247 843 2320 quia
867 2246 1136 2318 scriptum
1164 2255 1265 2302 est:
1323 2270 1342 2294 ι
1372 2247 1548 2303 Multo
1608 2245 1807 2300 melius

195 2351 276 2398 est
305 2357 419 2397 non
454 2356 657 2395 vovere
684 2347 758 2409 te,
791 2357 954 2413 quam
988 2343 1209 2399 vovisse
1238 2349 1312 2411 te,
1336 2351 1390 2398 et
1410 2359 1522 2398 non
1577 2341 1804 2399 reddere

197 2431 395 2502 (Eccle.
462 2445 518 2497 v,
550 2429 659 2499 ll)?
689 2453 708 2475 ι
777 2429 1068 2484 Peccatum
1113 2447 1223 2485 non
1276 2429 1480 2485 desinit
1527 2429 1804 2486 dominari

195 2519 296 2577 tibi
320 2539 333 2587 ;
358 2529 413 2576 et
458 2528 520 2576 tu
540 2517 680 2575 dicis
709 2519 857 2591 quod
887 2521 1139 2591 pmnites,
1175 2529 1227 2576 et
1259 2536 1400 2576 oras.
1436 2519 1624 2577 Nescis
1654 2519 1802 2592 quod

195 2611 470 2682 scriptum
500 2616 581 2664 est
606 2627 617 2664 :
667 2635 684 2656 ι
713 2609 992 2666 Peccatori
1024 2618 1207 2666 autem
1237 2611 1382 2667 dixit
1413 2612 1594 2666 Deus:
1624 2610 1802 2676 Quare

199 2708 259 2756 tu
281 2715 512 2756 enarras
532 2697 776 2769 justitias
811 2716 980 2768 meas,
1039 2709 1093 2757 et
1140 2701 1377 2757 assumis
1407 2707 1800 2756 testamentum

1525 1723 1544 1746 ι
1591 1715 1647 1754 se
1706 1697 1807 1754 hu-

199 2801 381 2842 meum
408 2801 512 2858 per
540 2802 600 2841 os
633 2795 790 2841 tuum
825 2786 999 2857 (Psal.
1033 2787 1294 2858 xxrx,16)
1329 2787 1356 2843 ?
1387 2787 1562 2842 :Ecce
1582 2787 1799 2859 qualem

198 2874 691 2930 comminationem
721 2875 946 2930 Domini
974 2875 1030 2930 in
1052 2891 1270 2930 omnem
1288 2873 1799 2946 peccatorem.Quid

202 2963 341 3020 dicis
369 2974 452 3032 tu,
490 2965 585 3036 qui
627 2971 678 3019 te
701 2964 902 3020 asseris
927 2963 1332 3036 pcenitentem?
1367 2962 1471 3018 Ubi
1500 2970 1582 3018 est
1611 2962 1799 3034 poeni—

207 3055 381 3111 tentia
410 3065 503 3110 tua
526 3056 554 3112 7
582 3056 828 3112 Exclusa
857 3065 938 3112 est
966 3055 1235 3126 superbia:
1262 3061 1433 3110 aestu:
1466 3053 1599 3110 dum
1621 3053 1801 3110 carnis

1167 1814 1186 1837 ι
1239 1796 1296 1844 et
1343 1788 1440 1862 qui
1492 1805 1548 1846 se
1576 1787 1804 1858 exaltat,
1841 1805 1890 1866 Β

1918 539 2175 588 aeternam
2227 531 2390 603 (Ibid.
2423 531 2540 602 b6),
2580 556 2599 579 ι
2660 529 2728 587 ad
2754 547 2918 604 quam
2947 547 3048 589 nos
3077 533 3339 605 perducat
3390 537 3512 591 Do-

1919 623 2105 680 minus
2160 630 2344 678 noster
2399 622 2554 678 Jesus
2601 620 2873 692 Christus,
2931 623 3028 696 qui
3079 640 3206 680 cum
3254 625 3411 682 Patre
3457 618 3514 682 et

1918 713 2128 784 Spiritu
2159 720 2347 770 sancto
2377 713 2522 769 vivit
2547 720 2602 768 et
2631 721 2822 786 regnat
2851 713 2909 769 in
2940 715 3142 772 saecula
3161 716 3510 774 seculorum.

1917 801 2116 859 Amen.

2459 901 2694 960 SERMO
2745 901 2979 960 XXVII.

2246 997 2324 1052 De
2348 994 2564 1068 jejunio
2595 993 2820 1051 Domini
2850 995 2908 1050 in
2937 995 3174 1054 deserto.

2381 1085 2460 1140 De
2497 1083 2922 1156 Quadragesima
2959 1083 3060 1142 XI.

1914 1196 2008 1252 Ea:
2033 1193 2193 1274 huj_us
2227 1193 2482 1274 sermonis
2509 1195 2726 1274 lectione
2752 1196 3131 1274 cognoscimus,
3168 1205 3216 1254 et
3242 1200 3397 1256 illum
3419 1220 3518 1274 per

1988 1266 2459 1340 quadragesimum
2474 1339 2480 1340 γ
2504 1267 2741 1321 habitum
2795 1266 2919 1336 esse,
2980 1275 3030 1323 et
3083 1266 3196 1340 ejus
3250 1266 3517 1333 auctorem

1989 1338 2182 1410 saepius
2210 1338 2564 1415 gonscendisse
2593 1354 2803 1415 sacrum
2831 1338 3144 1415 suggestum.
3197 1341 3327 1398 Cum
3347 1361 3516 1415 porro

1989 1409 2248 1486 sermonis
2289 1429 2347 1486 _a
2399 1426 2451 1465 se
2503 1409 2776 1486 anteriore
2835 1409 3128 1486 Dominica
3173 1409 3518 1486 pronuntiati

1988 1482 2233 1554 materies
2279 1481 2335 1534 in
2363 1498 2598 1554 sermone
2633 1481 2702 1538 30
2745 1499 2912 1554 supra
2946 1481 3258 1552 rejectorum
3289 1492 3516 1546 tractata

1988 1553 2312 1622 reperiatur,
2361 1553 2595 1608 eumdem
2621 1553 2907 1609 sermonem
2949 1555 3032 1610 hic
3059 1556 3292 1612 indicari
3335 1561 3519 1615 credi-

1990 1625 2096 1704 bile
2116 1630 2210 1692 est,
2259 1630 2415 1704 atque
2455 1625 2585 1679 adeo
2625 1631 2925 1704 utrumque
2952 1643 3058 1704 esse
3088 1628 3350 1704 _Ma;rimi.
3400 1632 3518 1688 Huc

1988 1695 2124 1751 adde
2153 1694 2292 1766 quod
2321 1694 2459 1748 idem
2487 1702 2700 1750 sanctus
2735 1694 2961 1766 exordia
3004 1698 3126 1752 huic
3154 1700 3357 1756 similia
3388 1705 3519 1761 solet

1988 1765 2254 1846 adhibere,
2313 1765 2554 1846 quodque
2576 1767 2720 1846 hom.
2748 1765 2781 1822 2
2809 1768 2865 1822 in
2912 1770 3007 1846 hoc
3058 1771 3233 1840 ipsum
3278 1773 3518 1846 Evange-

2000 1839 2130 1894 lium
2160 1839 2420 1893 nonnulla
2451 1845 2664 1904 tractat,
2685 1855 2803 1909 qua:
2827 1856 2944 1894 cum
2962 1839 3056 1894 hoc
3075 1839 3256 1897 nostra
3282 1839 3518 1902 sermdne

1993 1916 2114 1981 apte
2167 1910 2460 1984 concinam.
2499 1910 2689 1984 Valde
2743 1910 2901 1984 etiam
2947 1912 3234 1984 verisimile
3279 1922 3370 1984 est,
3422 1919 3518 1972 hoc

1994 1998 2228 2054 sermone
2255 1981 2430 2054 habito
2477 1982 2539 2036 de
2577 1983 2760 2053 prima
2791 1982 2993 2038 Christi
3037 1981 3518 2054 tmtationepalios

1993 2053 2058 2108 ab
2088 2060 2299 2130 auctore
2341 2053 2403 2107 de
2439 2054 2663 2130 secunda
2711 2060 2758 2108 et
2800 2055 2861 2108 de
2903 2055 3057 2130 tertia
3102 2073 3206 2113 esse
3261 2053 3512 2130 adjectos,

1995 2131 2044 2179 et
2084 2125 2146 2179 de
2176 2124 2330 2179 tertia
2377 2125 2586 2194 quidem
2627 2141 2917 2182 sermonem
2955 2126 3070 2195 iam
3112 2145 3220 2184 non
3265 2124 3511 2187 exstarei

1993 2196 2075 2274 de_
2101 2196 2329 2274 secunda
2345 2213 2491 2274 pero
2537 2213 2652 2251 eum
2695 2198 2870 2274 ipsum
2919 2215 3043 2268 esse,
3099 2201 3192 2270 qui
3237 2200 3305 2274 22
3348 2219 3514 2274 supra

1989 2267 2280 2324 exhibetur.
2333 2267 2434 2324 Sed
2466 2274 2695 2325 veterum
2722 2269 2847 2326 edit.
2896 2287 2960 2327 ac
2986 2267 3124 2328 mss:
3160 2267 3515 2331 ordinem-hic

1985 2340 2287 2396 retinemus.

1990 2448 2040 2504 1.
2082 2446 2397 2504 Meminisse
2430 2445 2594 2504 debet
2621 2457 2804 2506 vestra
2831 2447 3059 2508 dilectio
3099 2451 3205 2512 hoc
3233 2471 3319 2513 me
3349 2463 3512 2513 ante-

1915 2535 2060 2592 riore
2116 2537 2405 2594 Dominica
2461 2538 2804 2610 praedicasse,
2863 2549 2917 2597 et
2971 2541 3185 2599 dedisse
3240 2545 3511 2604 rationem

1913 2641 2013 2681 cur
2040 2627 2311 2682 Dominus
2360 2627 2834 2698 quadragesimam
2856 2627 3217 2700 jejunaverit,
3268 2635 3358 2689 vel
3412 2651 3514 2692 cur

1913 2713 2032 2785 ipsa
2049 2713 2263 2786 jejunia
2309 2715 2368 2770 in
2415 2714 2632 2771 deserto
2661 2718 3006 2789 transegerit.
3061 2720 3318 2776 Diximus
3360 2724 3508 2780 enim

1912 2803 2028 2859 haec
2057 2804 2246 2858 omnia
2271 2803 2586 2860 observasse
2615 2820 2762 2875 eum,
2810 2823 2921 2862 non
2955 2806 3373 2879 justiﬁcationis
3398 2829 3510 2869 sua

1911 2910 2096 2959 causa,
2150 2894 2245 2966 qui
2275 2901 2392 2951 erat
2419 2894 2573 2968 virgo
2599 2911 2696 2968 per
2722 2897 2928 2966 omnia,
2960 2899 3054 2955 sed
3083 2908 3283 2958 nostra:
3313 2903 3510 2961 salutis

1912 2984 2117 3057 gratia;
2167 2991 2230 3038 ut
2283 2999 2518 3056 quorum
2554 2986 2829 3057 generatio
2883 3005 2979 3060 per
3025 2989 3505 3064 intemperantiam

1910 3080 2249 3146 peccaverat,
2283 3089 2380 3145 per
2402 3072 2794 3132 abstinentiam
2824 3087 3126 3136 sanaretur.

204 3142 479 3242 desideria
526 3145 681 3242 stagni
730 3145 970 3242 (ξοηξιΐίε,
1032 3144 1347 3242 ‘Dominum
1406 3143 1798 3242 Ρτωῑθτξηίηίες
1833 3160 1878 3223 G
1912 3142 1930 3146 —
1984 3163 2038 3219 2.
2079 3142 2380 3220 Videamus
2409 3162 2578 3234 igitur
2607 3164 2743 3238 quid
2772 3167 2871 3222 illo
2915 3167 2974 3224 in
3011 3176 3256 3242 tempore
3305 3175 3392 3230 vel
3445 3173 3504 3232 in

202 3232 350 3288 Audi
375 3249 524 3304 ergo,
550 3233 655 3297 ﬁli,
686 3231 901 3287 retrahe
949 3231 1141 3304 pedem
1206 3241 1360 3288 tuum
1395 3247 1425 3286 a
1453 3233 1674 3300 seculo,
1713 3233 1800 3290 cui

189 3323 308 3395 jam
339 3324 564 3396 pridem
612 3323 1051 3391 renuntiaveras,
1084 3334 1147 3382 ut
1188 3323 1370 3380 ﬁdelis
1407 3324 1606 3381 amodo
1638 3325 1805 3382 inve-

192 3411 389 3467 niaris.
425 3412 575 3480 Quid
606 3413 855 3485 quaerisa
891 3415 1092 3470 saeculo
1121 3414 1212 3471 cui
1236 3413 1352 3485 jam
1386 3430 1563 3469 renuu
1588 3414 1742 3471 tiasti
1776 3415 1805 3473 ?

199 3500 481 3557 Pmuiteas
517 3518 645 3573 ergo
675 3501 742 3557 de
787 3502 941 3558 omni
970 3518 1172 3575 pompa
1200 3502 1517 3576 iniquitatis
1557 3520 1568 3558 :
1602 3519 1808 3576 appre-

206 3587 388 3645 hende
427 3589 612 3660 ﬁdem,
662 3606 826 3663 quam
873 3599 999 3647 ante
1056 3593 1466 3659 maculaveras;
1509 3592 1641 3664 quia
1677 3609 1806 3650 con-

206 3701 453 3742 senseras
489 3685 711 3742 diabolo
742 3687 1118 3757 tenebrarum,
1150 3698 1204 3745 et
1231 3687 1534 3744 Dominum
1587 3687 1682 3761 qui
1725 3696 1809 3746 est

210 3774 418 3843 lumen,
455 3781 577 3847 post
603 3775 830 3832 dorsum
861 3784 1018 3834 tuum
1048 3776 1368 3850 reliqueras.

275 3870 330 3926 9.
371 3871 702 3941 Memorare,
733 3871 838 3943 ﬁli,
873 3873 1002 3947 quia
1029 3873 1298 3945 scriptum
1329 3882 1411 3932 est
1437 3892 1448 3931 :
1494 3899 1512 3924 ι
1540 3875 1686 3944 Quid
1705 3883 1809 3943 est,

208 3964 649 4024 misericordiam
674 3967 826 4036 volo,
857 3975 912 4023 et
939 3984 1051 4024 non
1080 3967 1416 4025 sacriﬁcium
1445 3969 1597 4040 (Osee
1625 3987 1703 4038 Vl,
1735 3969 1807 4038 6;

208 4055 388 4114 Matth.
419 4075 510 4127 ιχ,
541 4058 643 4126 13;
677 4073 778 4126 xu,
813 4059 866 4130 7)
892 4059 920 4116 ‘l
951 4084 969 4108 ι
1010 4059 1360 4117 Miserebitur
1388 4060 1492 4116 tibi
1520 4061 1811 4130 Dominus,

205 4148 346 4208 428
374 4147 420 4202 si
483 4145 602 4204 haec
649 4145 838 4203 omnia
866 4163 995 4205 cum
1050 4147 1268 4219 legeris,
1329 4147 1542 4216 facias;
1603 4157 1666 4206 ut
1718 4164 1815 4221 per

207 4239 586 4300 obedientiam
611 4249 764 4298 tuam
793 4251 849 4299 et
887 4241 1276 4298 humilitatem
1326 4244 1559 4315 gratiam
1614 4260 1817 4301 conse-

208 4333 420 4403 quaris:
464 4331 510 4387 si
541 4332 927 4403 paenitentiam
955 4331 1024 4387 de
1048 4338 1171 4386 toto
1199 4329 1364 4387 corde
1409 4331 1605 4403 egeris,
1635 4331 1681 4386 si
1710 4332 1816 4387 Do-

210 4422 416 4478 minum
472 4437 582 4492 prae
627 4419 806 4477 oculis
861 4417 1170 4487 habueris;
1233 4418 1281 4474 si
1344 4419 1513 4476 missa
1556 4421 1818 4492 voragine

1911 3252 2030 3325 ipsa
2057 3252 2358 3308 solitudine
2385 3261 2596 3326 gestum
2626 3254 2734 3322 sit;
2786 3255 2926 3313 dicit
2971 3258 3119 3314 enim
3167 3264 3506 3334 evangelista

1912 3341 2154 3400 adfuisse
2182 3341 2262 3396 ibi
2293 3341 2598 3412 diabolum,
2648 3351 2702 3399 et
2731 3344 3068 3403 Salvatorem
3100 3349 3218 3421 ejus
3260 3355 3506 3410 versutia

1913 3431 2082 3488 fuisse
2120 3438 2412 3488 tentatum.
2463 3431 2559 3488 Ait
2588 3448 2823 3506 namque
2851 3451 3003 3492 sacra
3045 3437 3208 3495 lectio
3251 3441 3510 3500 esuriisse

1914 3521 2240 3586 Dominum,
2275 3529 2329 3577 et
2360 3520 2567 3577 dixisse
2598 3521 2683 3577 illi
2715 3521 3000 3580 diabolum
3031 3544 3044 3582 :
3091 3550 3110 3576 ι
3141 3527 3199 3584 Si
3231 3527 3382 3586 ﬁlius
3410 3530 3510 3588 Dei

1915 3628 1991 3680 es,
2025 3613 2117 3669 dic
2145 3611 2313 3684 lapidi
2343 3610 2475 3668 huic
2505 3619 2566 3668 ut
2593 3611 2688 3668 ﬁat
2719 3614 2876 3686 panis
2907 3615 3061 3688 (Luc.
3093 3634 3172 3686 iv,
3206 3617 3288 3691 3).
3323 3645 3342 3668 ι
3400 3621 3470 3679 vi
3491 3650 3513 3667 .

1915 3701 2039 3758 dete
2066 3709 2240 3758 artem
2285 3700 2532 3771 Domini,
2583 3717 2690 3774 qua
2730 3702 3110 3762 adversarium
3160 3706 3352 3765 fraude
3389 3709 3511 3768 cir-

1916 3794 2220 3853 cumvenit.
2269 3795 2399 3851 Post
2441 3795 2617 3851 multa
2655 3793 2869 3868 jejunia
2897 3799 3130 3856 esurisse
3171 3817 3230 3857 se
3260 3802 3508 3872 simulat,

1917 3895 1980 3943 ut
2007 3886 2288 3942 diabolum
2327 3901 2490 3959 quem
2527 3884 2831 3958 jejuuando
2871 3887 2987 3960 jam
3034 3890 3262 3960 vicerat,
3310 3893 3512 3949 iterum

1919 3975 2212 4034 esuriendo
2241 3976 2540 4044 sollicitet;
2590 3993 2745 4049 spem
2789 3977 2939 4035 enim
2987 3979 3073 4035 illi
3121 3978 3514 4052 congrediendi

1919 4066 2342 4124 exinﬁrmitate
2386 4067 2548 4124 famis
2589 4067 2995 4141 quodammodo
3025 4069 3242 4138 tribuit,
3274 4077 3336 4125 ut
3381 4069 3515 4126 dum

1923 4159 2096 4217 veluti
2125 4167 2317 4218 contra
2346 4159 2682 4217 imbecillem
2716 4160 3089 4233 congreditur,
3131 4159 3402 4231 gloriosus
3427 4177 3517 4218 su-

1923 4257 2163 4321 peretur.
2215 4250 2344 4306 Haec
2371 4249 2518 4305 enim
2547 4257 2630 4306 est
2660 4266 2790 4306 vera
2819 4247 3070 4316 victoria,
3121 4255 3184 4304 ut
3210 4247 3306 4322 qui
3336 4248 3515 4306 Adam

1923 4339 2313 4409 immortalem,
2359 4339 2657 4412 gloriosum
2702 4347 2757 4396 et
2783 4339 3097 4410 epulantem
3143 4339 3513 4410 subverterat,

1925 4445 2073 4486 nunc
2113 4429 2433 4486 abhomine
2478 4429 2721 4497 mortali,
2775 4427 2976 4484 humili
3028 4436 3191 4503 atque
3245 4431 3520 4488 esuriente

212 4511 389 4578 Ροοῐιίί
421 4510 656 4578 Venelli.
704 4509 931 4566 calicem
979 4509 1176 4564 salutis
1221 4508 1458 4580 αοοὶρίαε
1495 4526 1510 4576 ;
1545 4509 1591 4564 Si
1638 4509 1726 4565 die
1755 4525 1818 4566 3°
1845 4521 1894 4580 D
1924 4522 2199 4578 vincatur.
2259 4519 2501 4578 Cernens
2531 4520 2680 4576 enim
2710 4520 3040 4576 esurientem
3092 4521 3352 4581 diabolus
3397 4527 3521 4583 Do-

214 4609 365 4658 nocte
394 4601 467 4657 in
497 4600 614 4672 lege
643 4599 868 4656 Domini
908 4597 1302 4666 meditaberis;
1345 4598 1393 4654 si
1421 4614 1643 4654 omnem
1671 4598 1822 4654 solli-

215 4689 527 4748 citudinem
568 4699 720 4746 tuam
753 4690 811 4745 in
843 4690 1004 4746 illum
1035 4689 1354 4762 projeceris,
1390 4697 1525 4746 tunc
1563 4689 1823 4762 gaudebis

218 4785 268 4832 et
303 4779 618 4839 exsultahis
647 4780 706 4835 in
735 4781 993 4850 Domino,
1054 4781 1184 4853 quia
1237 4781 1421 4838 vicisti
1474 4782 1776 4855 malignum
1805 4799 1818 4840 :

221 4875 346 4926 tunc
370 4871 486 4928 erit
541 4885 749 4926 merces
796 4877 892 4926 tua
950 4871 1007 4925 in
1048 4872 1209 4939 coelo,
1267 4872 1397 4945 quia
1452 4873 1638 4929 taliter
1675 4873 1825 4930 labo-

225 4959 382 5015 rasti:
414 4969 558 5016 tunc
585 4959 689 5015 erit
718 4959 990 5015 Dominus
1047 4959 1271 5031 adjutor
1314 4968 1448 5017 tuus
1479 4962 1536 5017 in
1567 4961 1657 5018 die
1676 4961 1824 5034 judi-

227 5050 333 5107 cii:
369 5061 506 5110 tunc
557 5053 729 5110 stabis
760 5053 816 5108 in
867 5068 1064 5124 magna
1110 5051 1338 5119 ﬁducia,
1375 5059 1506 5108 tunc
1563 5052 1731 5108 stabis
1757 5051 1828 5109 ad

232 5140 512 5202 dexteram
550 5146 649 5202 Dei
705 5162 832 5202 cum
887 5145 1097 5201 sanctis
1138 5141 1270 5212 suis,
1304 5149 1359 5199 et
1413 5143 1629 5200 dicetur
1683 5143 1824 5202 tibi:

246 5257 263 5280 ι
300 5237 520 5306 Venite,
571 5238 849 5297 benedicti
899 5240 1078 5295 Patris
1133 5237 1280 5294 mei:
1341 5237 1571 5310 accipite
1600 5254 1829 5310 regnum

237 5335 555 5397 perpetuum
585 5329 800 5401 (Matth.
833 5345 972 5398 xxv,
1010 5328 1128 5401 34),
1157 5353 1176 5377 ι
1217 5325 1364 5400 quod
1410 5327 1568 5384 vobis
1618 5327 1833 5401 paravit

238 5411 388 5473 Pater
416 5436 571 5477 meus
603 5421 860 5478 celestis.
886 5420 1114 5492 Injustis
1140 5427 1323 5476 autem
1365 5425 1418 5476 et
1456 5419 1833 5490 peccatoribus

244 5501 486 5567 dicetur:
527 5537 546 5560 ‹
578 5513 658 5569 Ite
689 5514 746 5569 in
780 5514 962 5586 ignem
995 5522 1260 5569 aeternum
1293 5511 1455 5583 (Ibid.
1485 5511 1628 5584 41),»
1669 5529 1830 5587 quem

250 5602 569 5670 preparavit
613 5603 774 5659 Pater
823 5610 1004 5659 vester
1067 5599 1325 5658 diabolo:
1395 5624 1415 5649 ι
1463 5600 1617 5660 Tunc
1669 5601 1834 5662 ibunt

1928 4609 2169 4676 minum,
2225 4608 2491 4665 hominen
2547 4615 2722 4682 putat,
2771 4608 2987 4667 dubitat
3030 4609 3417 4682 Salvatorem;
3467 4621 3524 4672 et

1931 4697 2056 4754 ideo
2084 4697 2198 4754 ait:
2265 4723 2284 4746 ‹
2313 4697 2370 4754 Si
2401 4697 2549 4754 ﬁlius
2577 4699 2679 4754 Dei
2709 4715 2787 4768 es,
2830 4698 2922 4755 dic
2949 4699 3126 4771 lapidi
3155 4700 3306 4772 huic,
3338 4711 3400 4759 ut
3428 4703 3526 4760 fiat

1931 4788 2108 4862 panis.
2144 4814 2162 4837 ι
2217 4788 2262 4845 Ο
2295 4787 2494 4844 misera
2520 4788 2733 4845 Satanae
2779 4797 2834 4844 et
2877 4797 3126 4847 extrema
3167 4792 3522 4866 congressiol

1931 4877 2194 4934 Diabolus
2247 4878 2308 4934 in
2354 4877 2568 4934 deserto
2615 4877 2934 4934 tentationis
2986 4879 3149 4936 solita
3199 4897 3352 4938 arma
3409 4880 3525 4954 (95)

1933 4984 2045 5024 non
2076 4967 2292 5024 invenit
2316 4986 2328 5023 :
2360 4966 2510 5023 deest
2540 4966 2624 5022 illi
2654 4965 2721 5022 de
2749 4966 3003 5038 paradiso
3031 4970 3324 5028 amoenitas
3352 4970 3529 5027 arbo-

1934 5075 2077 5127 rum,
2102 5056 2253 5114 deest
2282 5056 2365 5112 illi
2395 5055 2743 5112 consiliatrix
2772 5057 2909 5127 Eva,
2935 5057 3088 5115 deest
3117 5059 3202 5115 illi
3235 5075 3528 5132 pomorum

1935 5147 2180 5220 speciosa
2208 5147 2458 5219 deceptio
2482 5165 2496 5216 ;
2529 5156 2584 5205 et
2603 5148 2731 5220 quia
2750 5164 2863 5205 non
2885 5149 3102 5207 invenit
3123 5149 3333 5217 cibum,
3364 5164 3528 5224 quem

1935 5240 2128 5298 offerat
2157 5239 2440 5308 esurienti,
2473 5239 2714 5312 postulat
2742 5241 2802 5297 in
2829 5240 3020 5299 cibum
3049 5258 3181 5298 saxa
3210 5240 3435 5297 mutari.

2008 5332 2060 5388 3.
2103 5329 2357 5403 Undique
2403 5330 2680 5400 exclusus,
2744 5333 2988 5407 undique
3036 5331 3411 5396 defraudatus,
3461 5324 3533 5384 ad

1937 5422 2252 5496 pavimenta
2281 5437 2338 5478 se
2363 5421 2612 5490 confert;
2663 5422 2796 5480 satis
2828 5425 2975 5480 enim
3007 5423 3296 5480 manifeste
3337 5426 3536 5476 osten-

1939 5511 2020 5568 dit
2075 5511 2385 5568 vastitatem
2439 5509 2545 5566 sibi
2599 5511 2769 5566 eremi
2835 5512 3121 5581 restitisse,
3193 5525 3320 5567 cum
3376 5513 3536 5582 putat

1938 5611 2160 5677 propter
2234 5603 2477 5677 impiam
2548 5618 2733 5659 rerum
2804 5602 2969 5659 etiam
3035 5600 3306 5657 elementa
3377 5611 3536 5673 posse

315 5703 428 5779 (95)
455 5707 658 5767 Omnes
685 5709 844 5781 edit.,
879 5709 1181 5770 tentationis
1208 5707 1379 5768 solida
1393 5725 1549 5767 arma
1571 5725 1591 5767 .·
1621 5711 1825 5771 rectius
1855 5726 1984 5771 mss.
2021 5709 2320 5771 tentationis
2347 5708 2508 5769 solita
2534 5723 2713 5767 arma.

492 5799 734 5863 Parnm.
774 5801 952 5863 XVII.
