4064 6178
547 346 652 404 683

1552 342 1648 397 AD
1690 339 1929 396 OPERA
1966 338 2021 394 S.
2064 334 2397 393 AMBROSII
2434 335 2815 391 APPENDIX.
3745 333 3847 391 681

544 469 813 530 converti.
873 466 1118 524 Postulat
1157 466 1327 538 igitur
1363 465 1424 522 in
1468 480 1664 537 panem
1718 463 1927 535 lapides
1971 478 2137 518 com-
2175 463 2224 522 A
2252 459 2497 517 dictione
2525 466 2692 527 caret,
2753 455 3160 514 maledictione
3211 456 3539 528 completur.
3567 458 3669 513 Illa
3723 473 3850 532 ergo

544 560 768 619 mutari.
816 558 1084 614 Versutus
1113 566 1166 614 et
1194 555 1428 613 callidus
1454 553 1559 610 scit
1588 552 1721 627 quid
1752 559 1921 625 petat,
1974 551 2132 609 novit

544 651 747 707 factum
788 661 903 703 esse
951 645 1097 720 quod
1140 644 1308 713 dicit;
1373 643 1626 700 meminit
1664 643 1810 699 enim
1856 642 1913 697 in
1960 640 2133 698 veteri

542 738 887 793 Testamento
916 733 1233 791 sitientibus
1261 750 1456 806 aquam
1484 733 1552 790 de
1586 732 1766 805 lapide
1804 731 2135 805 proﬂuxisse

544 827 747 897 (Exod.
780 842 920 892 xvn,
949 824 1030 894 6),
1072 824 1194 879 vult
1230 823 1397 879 etiam
1428 822 1521 879 hic
1550 822 1815 879 esurienti
1846 822 2035 879 cibum
2067 819 2135 877 de

541 914 721 986 lapide
752 911 1053 968 ministrari
1082 929 1096 979 ;
1150 912 1352 968 retinet
1384 911 1533 966 enim
1562 911 1641 967 ibi
1670 910 1931 966 duritiam
1965 916 2133 982 petrae

545 1002 602 1057 in
643 1002 914 1075 liquorem
962 1000 1201 1056 fontium
1252 1002 1572 1069 resolutam,
1632 1000 1785 1073 cupit
1830 1000 1995 1055 etiam
2040 998 2134 1054 hic

538 1091 882 1164 asperitatem
914 1090 1034 1146 saxi
1078 1090 1137 1145 in
1176 1091 1333 1163 panis
1369 1089 1719 1146 dulcedinem
1760 1089 2133 1145 transforma-

536 1182 605 1239 r-i.
660 1181 1051 1254 Suspicabatur
1095 1181 1243 1237 enim
1293 1182 1473 1253 ipsum
1521 1196 1635 1237 esse
1681 1181 1983 1248 Christum,
2036 1178 2130 1251 qui

534 1272 654 1328 haec
692 1271 904 1344 operari
951 1269 1121 1326 soleat
1174 1270 1241 1326 de
1298 1278 1496 1326 natura
1550 1286 1836 1338 saxorum,
1867 1269 2013 1325 sicut
2053 1268 2131 1323 ait

537 1362 816 1436 apostolus
862 1360 1106 1417 Paulus:
1181 1383 1200 1408 ι
1229 1358 1502 1415 Bibebant
1554 1358 1620 1415 de
1664 1357 1900 1431 spiritali
1944 1373 2131 1415 conse-

538 1450 726 1525 quenti
760 1466 852 1506 eos
881 1457 1053 1521 petra,
1084 1455 1239 1520 petra
1268 1455 1450 1504 autem
1481 1455 1596 1504 erat
1625 1447 1878 1506 Christus
1914 1448 1971 1519 (Ι
2001 1448 2127 1504 Cor.

536 1563 593 1615 κ,
626 1544 705 1619 4).
735 1569 754 1593 ι
818 1547 965 1606 429
1018 1540 1430 1613 Suspicabatur,
1486 1541 1731 1614 inquam,
1790 1541 1967 1613 ipsum
2016 1556 2130 1597 esse

535 1642 842 1707 Christum,
885 1656 1010 1696 eum
1038 1637 1351 1711 postulabat
1380 1645 1442 1693 ut
1471 1637 1538 1694 de
1567 1636 1751 1710 lapide
1780 1654 1947 1711 panes
1976 1638 2129 1695 face-

535 1739 654 1789 ret:
715 1730 810 1787 sed
866 1728 1093 1802 putabat
1137 1727 1521 1784 tantummodo
1576 1729 1756 1784 solum
1820 1727 2128 1798 hominem,

534 1837 662 1878 cum
690 1819 1022 1875 esurientem
1050 1817 1283 1874 videret.

605 1916 659 1972 4.
700 1915 952 1972 Salvator
978 1921 1160 1971 autem
1198 1909 1499 1972 versutiam
1547 1911 1664 1985 ejus
1710 1912 1850 1971 mira
1891 1931 2129 1988 respon-

534 2007 687 2064 sione
715 2004 1043 2062 condemnat
1068 2021 1082 2062 :
1120 2019 1219 2061 nec
1247 2001 1381 2060 facit
1408 2001 1557 2075 quod
1590 2003 1728 2061 dicit
1754 2004 2028 2075 diabolus,
2060 2021 2128 2062 ne

533 2095 787 2153 videatur
806 2111 905 2169 pro
923 2093 1155 2151 arbitrio
1176 2092 1479 2150 adversarii
1502 2092 1729 2151 virtutis
1749 2112 1860 2152 suae
1888 2094 2122 2167 gloriam

534 2184 846 2243 declarare:
902 2200 1005 2241 nec
1043 2190 1230 2239 tamen
1274 2181 1568 2255 respondet
1623 2198 1734 2239 non
1781 2199 1939 2256 posse
1984 2183 2125 2254 ﬁeri,

534 2274 665 2348 quia
690 2288 885 2347 negare
928 2289 1045 2330 non
1068 2279 1302 2345 poterat,
1360 2271 1507 2345 quod
1556 2288 1696 2344 saepe
1736 2272 1851 2344 jam
1900 2272 2122 2329 fecerat.

534 2363 704 2435 Igitur
727 2379 827 2420 nec
849 2361 1148 2435 acquiescit
1168 2360 1398 2434 petenti,
1415 2377 1517 2418 nec
1537 2360 1769 2433 denegat
1791 2361 2124 2434 exploranti,
2186 2418 2195 2427 ,

533 2468 596 2509 ac
626 2466 732 2524 per
751 2450 858 2508 hoc
896 2459 950 2507 et
978 2450 1282 2523 potentiam
1319 2449 1543 2506 virtutis
1586 2465 1697 2506 suae
1744 2467 1844 2507 suo
1885 2460 2162 2529 reservat.

534 2540 786 2609 arbitrio,
844 2547 898 2596 et
938 2540 1239 2596 versutiam
1288 2538 1585 2596 adversarii
1635 2539 1828 2596 divino
1878 2541 2129 2597 confutat

533 2628 774 2703 eloquio.
834 2628 1135 2701 Respondit
1163 2644 1291 2701 ergo
1321 2628 1447 2685 illi:
1508 2650 1528 2676 ι
1558 2628 1680 2684 Non
1723 2629 1782 2684 in
1824 2630 1942 2686 solo
1991 2647 2129 2704 pane

532 2717 678 2773 vivit
715 2716 902 2785 homo,
924 2716 1020 2774 sed
1054 2717 1113 2773 in
1142 2716 1297 2774 omni
1321 2716 1492 2774 verbo
1520 2716 1618 2773 Dei
1652 2718 1865 2790 (Matth.
1900 2737 1975 2781 1v.
2008 2720 2114 2792 4);.

533 2811 639 2869 hoc
667 2821 898 2881 est,non
926 2811 984 2869 in
1014 2828 1154 2885 pane
1179 2820 1418 2882 terreno,
1438 2829 1549 2868 non
1579 2813 1639 2869 in
1676 2812 1801 2871 cibo
1831 2813 2125 2883 materiali,

538 2917 646 2975 quo
665 2902 843 2958 Adam
866 2902 1108 2973 primum
1129 2902 1413 2959 hominem
1433 2902 1700 2975 decepisti
1727 2922 1738 2959 :
1764 2904 1858 2961 sed
1879 2904 1937 2959 in
1958 2904 2129 2960 verbo

496 3064 503 3075 '
533 2991 657 3059 Dei,
709 2990 766 3046 in
795 3007 903 3064 quo
931 2999 1060 3046 sunt
1103 2991 1233 3047 vitae
1274 2991 1537 3047 alimenta
1564 2993 1821 3049 ccelestis.
1884 2992 2130 3050 Verbum

540 3087 722 3138 autem
747 3080 844 3136 Dei
881 3080 1134 3139 Christus
1162 3090 1244 3138 est
1272 3081 1563 3150 Dominus,
1613 3082 1757 3139 sicut
1794 3084 2131 3154 evangelista

2250 567 2375 607 esca
2406 549 2568 605 nobis
2596 548 2900 605 necessaria
2931 554 3031 617 est,
3060 563 3180 621 quas
3217 545 3391 603 vitam
3434 554 3677 619 praestat,
3728 566 3849 621 quae

2247 642 2487 697 animam
2518 640 2691 712 pascit
2723 657 2735 706 ;
2770 646 2891 711 post
2930 654 3092 712 quam
3124 638 3374 710 sequitur
3415 635 3691 705 Christus,
3726 637 3852 693 ini-

2244 731 2422 787 micus
2451 729 2790 786 excluditur.
2829 730 2985 784 Illam
3038 744 3215 785 escam
3265 728 3511 799 accipere
3564 726 3850 798 debemus,

2246 836 2411 894 quam
2464 820 2734 889 Salvator,
2785 836 2897 875 non
2963 817 3218 876 diabolus
3265 817 3675 890 subsequatur;
3727 833 3850 891 quas

2253 910 2609 983 perceptione
2658 911 2744 966 sui
2791 910 3159 967 confessorem
3204 908 3390 975 faciat,
3448 923 3560 963 non
3607 907 3850 979 prodito-

2246 1016 2358 1056 rem
2371 1045 2381 1057 .

2314 1091 2367 1148 6.
2400 1091 2573 1159 Quam
2602 1091 2740 1146 bene
2760 1097 2939 1145 autem
2958 1087 3304 1161 jejuniorum
3327 1094 3569 1160 tempore
3599 1086 3847 1145 Verbum

2240 1181 2341 1238 Dei
2370 1179 2516 1236 dixit
2544 1197 2680 1245 esse,
2714 1178 2863 1252 quod
2895 1177 3108 1233 reﬁcit!
3157 1187 3218 1233 ut
3272 1175 3585 1233 ostenderet
3633 1175 3848 1249 jejunia

2240 1277 2426 1325 nostra
2466 1284 2577 1323 non
2614 1267 2812 1324 debere
2841 1267 3033 1325 saeculi
3066 1265 3284 1323 actibus
3323 1266 3599 1338 occupari,
3629 1264 3727 1321 sed
3766 1282 3845 1321 sa-

2240 1358 2349 1417 cris
2412 1356 2611 1413 litteris
2641 1358 2906 1415 exerceri.
2958 1355 3195 1428 Negligit
3234 1355 3383 1411 enim
3427 1356 3610 1411 famen
3653 1371 3845 1428 corpo-

2241 1448 2337 1517 ris,
2373 1446 2469 1519 qui
2490 1446 2692 1519 pabulo
2712 1443 2969 1503 lectionis
2991 1443 3232 1501 intendit
3256 1463 3268 1501 :
3302 1461 3403 1502 nec
3423 1444 3638 1501 ventris
3658 1460 3844 1502 curam

2239 1537 2440 1593 habere
2471 1535 2694 1608 poterit,
2731 1534 2828 1608 qui
2883 1535 3212 1591 alimentum
3271 1534 3428 1590 verbi
3465 1535 3706 1592 ccelestis
3762 1552 3845 1593 ac-

2241 1626 2431 1701 quirit.
2463 1628 2584 1699 Ipsa
2621 1636 2703 1685 est
2724 1627 2876 1684 enim
2906 1626 3156 1695 refectio,
3182 1643 3303 1700 quae
3340 1625 3551 1700 saginat
3578 1627 3844 1698 animam,

2241 1733 2360 1789 qua:
2390 1716 2697 1788 impinguat
2716 1715 2966 1785 viscera;
3018 1732 3146 1773 cum
3183 1714 3252 1773 de
3299 1715 3506 1773 divinis
3541 1715 3847 1788 Scripturis

2160 1821 2207 1883 Β
2234 1806 2426 1883 cibum
2458 1805 2664 1879 eloquii
2716 1806 2973 1878 perennis
3020 1806 3351 1879 accipimus.
3395 1807 3516 1879 Ipsa
3565 1812 3648 1862 est
3695 1821 3846 1876 esca,

2230 1902 2363 1969 'qnae
2404 1895 2580 1951 vitam
2614 1904 2878 1952 aeternam
2911 1895 3133 1962 tribuit,
3163 1902 3218 1952 et
3243 1894 3475 1952 insidias
3493 1911 3525 1951 a
3553 1894 3719 1951 nobis
3736 1894 3849 1952 dia-

2239 1987 2436 2045 bolicae
2468 1986 2792 2043 temtationis
2820 1986 3086 2044 excludit.
3135 1985 3296 2054 Quod
3340 1994 3522 2044 autem
3564 2003 3841 2044 sacrarum

2240 2077 2550 2134 litterarum
2573 2075 2737 2133 lectio
2758 2075 2875 2131 vita
2896 2077 2990 2145 sit,
3023 2075 3293 2132 Dominus
3358 2083 3594 2133 testatur
3617 2075 3838 2135 dicens:

2255 2193 2273 2215 ι
2302 2165 2483 2225 Verba
2503 2182 2622 2238 quae
2650 2182 2748 2238 ego
2778 2165 2994 2223 locutus
3030 2182 3153 2223 sum
3185 2164 3365 2235 vobis,
3396 2166 3627 2240 spiritus
3648 2175 3704 2224 et
3728 2166 3843 2223 vita

2244 2262 2386 2312 sunt
2416 2256 2597 2328 (Joan.
2630 2272 2710 2323 τι,
2735 2254 2850 2326 64).
2882 2280 2901 2301 ι

2774 2357 3010 2415 SERMO
3053 2357 3313 2416 XXVIII.

2592 2449 2670 2504 De
2695 2456 2883 2504 sancta
2912 2445 3338 2520 Quadragcsima
3368 2445 3491 2502 XII.

2239 2539 2330 2594 Ea:
2352 2535 2548 2608 primis
2575 2535 2745 2590 verbis
2792 2535 3051 2591 sermonis
3097 2534 3256 2605 hujus
3308 2533 3493 2608 colligi
3514 2539 3690 2608 potest
3731 2532 3846 2605 ejus

2309 2606 2576 2663 auctorem
2604 2624 2712 2662 non
2758 2609 2930 2663 solum
2979 2608 3296 2673 Dominicis,
3327 2606 3420 2661 sed
3460 2612 3510 2661 et
3534 2606 3665 2662 aliis
3718 2621 3845 2676 quo-

2311 2696 2409 2751 que
2449 2679 2630 2734 diebus
2680 2680 2738 2734 in
2793 2679 3217 2750 Quadragesima
3266 2677 3573 2733 ϐοηθέοντανί
3620 2677 3846 2751 solith

2310 2748 2433 2830 esse.
2470 2751 2668 2830 Quod
2695 2757 2888 2830 a_ut_em_
2912 2751 2982 2830 de
3024 2748 3306 2830 qualitate
3343 2748 3682 2830 tenipestatis,
3719 2765 3846 2830 qua

2301 2822 2570 2893 jejunium
2605 2823 2744 2877 illud
2781 2822 2991 2890 incidit,
3031 2820 3078 2876 et
3124 2823 3185 2877 de
3211 2822 3355 2876 unici
3399 2820 3503 2876 diei
3556 2820 3848 2893 violatione

2312 2891 2393 2949 hic
2422 2894 2732 2962 disseritur,
2780 2893 2990 2948 videtur
3048 2910 3165 2948 cum
3217 2893 3502 2948 nonnullis
3540 2891 3846 2947 anteceden-

2314 2966 2445 3021 tium
2491 2982 2789 3020 sermonum
2823 2965 3012 3020 habere
3059 2965 3313 3035 quiddam
3359 2963 3685 3035 cognationis
3719 2980 3739 3016 .°
3790 2969 3847 3017 at

2313 3038 2406 3092 hoc
2457 3054 2656 3108 parum
2695 3043 2786 3104 est,
2845 3042 2905 3090 ut
2948 3037 3106 3091 iidem
3167 3037 3254 3092 illi
3292 3036 3358 3091 ab
3405 3035 3576 3090 eodem
3621 3040 3848 3108 auctore

2313 3106 2499 3179 scripti
2532 3109 2801 3164 dicantur.
2837 3108 2995 3163 Forte
3044 3108 3098 3163 id
3144 3107 3322 3178 majus
3358 3108 3632 3175 habeatur,
3662 3112 3727 3179 ut
3766 3106 3851 3179 hic

537 3169 676 3260 dicit
702 3186 714 3225 :
736 3193 780 3260 fc
802 3169 863 3225 In
900 3170 1174 3260 principio
1207 3178 1323 3227 erat
1356 3170 1625 3240 Verbum,
1659 3179 1712 3227 et
1742 3170 1985 3230 Verbum
2016 3180 2131 3228 erat
2158 3185 2200 3246 ρ,
2305 3169 2525 3260 ultimus
2558 3180 2928 3260 -adju.dicflun
2968 3186 3148 3260 sancto
3194 3169 3470 3260 _Maxjmo,
3532 3169 3679 3260 quod

533 3258 681 3331 apud
734 3259 909 3315 Deum
967 3258 1148 3332 (Joan.
1184 3278 1222 3329 ι,
1270 3260 1346 3332 1).
1378 3284 1397 3310 ι
1458 3260 1721 3335 Quisquis
1778 3276 1906 3334 ergo
1957 3260 2128 3317 verbo

532 3347 743 3406 Christi
792 3348 1056 3422 pascitur,
1100 3356 1379 3407 terrenum
1409 3350 1673 3424 pabulum
1705 3367 1817 3408 non
1843 3350 2075 3424 requirit
2104 3367 2118 3419 ;

531 3452 633 3493 nec
677 3436 824 3492 enim
869 3443 1048 3509 potest
1091 3438 1278 3495 saeculi
1330 3455 1526 3511 panem
1579 3457 1796 3514 cupere,
1849 3440 1945 3513 qui
1989 3455 2128 3512 pane

532 3523 779 3581 reﬁcitur
835 3525 1155 3583 Salvatoris.
1208 3525 1384 3582 Habet
1434 3527 1583 3584 enim
1639 3529 1912 3584 Dominus
1966 3543 2128 3584 suum

529 3628 763 3685 panem;
823 3613 935 3669 imo
966 3615 1124 3686 panis
1165 3614 1281 3686 ipse
1314 3615 1566 3672 Salvator
1591 3623 1691 3684 est,
1748 3617 1892 3673 sicut
1938 3616 2131 3675 docuit

531 3700 790 3757 dicens:
836 3723 855 3747 ι
884 3701 999 3774 Ego
1030 3718 1151 3758 sum
1183 3702 1360 3774 panis,
1415 3704 1512 3776 qui
1565 3703 1632 3759 de
1679 3705 1818 3761 coelo
1871 3705 2127 3763 descendi

534 3787 716 3860 (Joan.
736 3802 826 3857 vr,
857 3788 1012 3861 51).»
1070 3791 1149 3846 De
1178 3806 1286 3863 quo
1315 3808 1452 3864 pane
1481 3791 1619 3848 dicit
1650 3792 1961 3865 Propheta:
2010 3820 2027 3844 ι
2057 3795 2129 3851 Et

529 3876 689 3949 panis
714 3893 810 3934 cor
837 3876 1082 3935 hominis
1112 3879 1403 3937 conﬁrmat
1434 3881 1608 3954 (Psal.
1643 3898 1761 3950 cur,
1796 3883 1903 3954 15).
1934 3907 1953 3932 ι

602 3965 656 4022 5.
697 3965 817 4033 Quo
844 3982 972 4039 ergo
999 3967 1141 4025 mihi
1171 3984 1390 4040 panem,
1437 3986 1600 4042 quem
1650 3970 1811 4027 offert
1849 3971 2127 4042 diabolus,

529 4070 656 4111 cum
686 4052 916 4111 habeam
948 4071 1166 4129 panem,
1195 4074 1357 4131 quem
1388 4057 1643 4115 Christus
1671 4059 1919 4132 impartit
1939 4061 1967 4117 ?
2007 4060 2127 4128 Quo

508 4143 671 4200 mihi
699 4143 909 4215 cibum,
950 4156 1174 4219 propter
1205 4162 1369 4219 quem
1408 4149 1812 4221 protoplastum
1850 4148 2125 4221 dejectum

530 4233 780 4303 memini,
805 4236 948 4291 Esau
976 4236 1277 4308 primitivis
1303 4236 1620 4293 fraudatum
1653 4238 1789 4307 vidi,
1821 4238 2015 4296 Judam
2047 4241 2126 4298 Is-

529 4324 741 4382 carioth
768 4325 1101 4397 proditionis
1127 4328 1332 4384 scelere
1360 4329 1683 4385 denotatnm
1710 4328 1739 4385 ?
1766 4329 1941 4386 Adam
1977 4330 2125 4387 enim

529 4428 628 4485 per
681 4428 858 4469 escam
915 4413 1226 4485 paradisum
1284 4416 1550 4488 perdidit,
1593 4416 1741 4473 Esau
1789 4433 1886 4490 per
1921 4419 2125 4476 lentem

531 4499 797 4556 honorem
855 4502 1121 4573 primatus
1176 4504 1382 4575 amisit,
1460 4506 1627 4563 Judas
1699 4522 1795 4578 per
1851 4507 2125 4567 bucellam

531 4588 871 4661 apostolatus
891 4590 1127 4647 sublime
1155 4591 1410 4665 deposuit
1436 4612 1449 4662 ;
1501 4612 1571 4651 ex
1610 4610 1720 4668 quo
1750 4596 1896 4652 enim
1926 4597 2127 4656 bucel-

533 4680 640 4736 lam
691 4681 946 4752 sumpsit,
991 4698 1103 4739 non
1128 4682 1243 4755 jam
1298 4686 1581 4757 apostolus
1631 4687 1797 4759 coepit
1840 4706 1974 4760 esse,
2031 4691 2127 4748 sed

532 4768 802 4841 proditor.
822 4770 913 4827 Sic
941 4772 1088 4827 enim
1120 4773 1389 4846 scriptum
1411 4775 1599 4844 habes,
1622 4775 1838 4834 dicente
1865 4779 2121 4837 Domino:

547 4883 567 4906 σ
595 4858 699 4916 Cui
729 4858 1033 4918 intinctum
1066 4879 1261 4935 panem
1291 4863 1515 4934 dedero,
1549 4866 1663 4938 ipse
1694 4884 1779 4923 me
1810 4868 2007 4925 tradet.
2054 4872 2127 4927 Et

535 4952 802 5010 continuo
851 4961 975 5025 post
1020 4954 1291 5012 bucellam
1325 4957 1557 5014 intravit
1595 4959 1652 5013 in
1695 4959 1857 5015 illum
1901 4959 2126 5016 Satanas

536 5042 718 5113 (Joan.
744 5058 869 5110 xm,
903 5042 991 5112 26,
1024 5043 1145 5118 27).
1179 5072 1198 5096 ι
1241 5047 1362 5103 Νοη
1392 5046 1572 5104 bonus
1602 5047 1779 5117 cibus,
1813 5056 1935 5120 post
1962 5066 2124 5122 quem

533 5144 765 5210 negatur
791 5139 1083 5209 Dominus,
1134 5149 1257 5214 post
1301 5159 1461 5215 quem
1491 5141 1800 5215 ingreditur
1828 5142 2120 5201 inimicus:

532 5244 646 5285 non
672 5226 852 5287 bonus
875 5229 1052 5300 cibus,
1079 5241 1202 5305 post
1230 5248 1395 5306 quem
1426 5232 1679 5290 Christus
1709 5232 2002 5306 respuitur,
2036 5234 2125 5291 de-

530 5328 752 5379 coratur
779 5320 1161 5381 Antichristus
1186 5340 1198 5379 :
1249 5338 1364 5378 non
1393 5322 1572 5380 bonus
1599 5323 1776 5392 cibus,
1829 5324 1924 5396 qui
1950 5323 2127 5382 bene-

572 5483 721 5564 ._(9_6)
761 5483 1078 5564 Trcs_mss.,
1107 5482 1421 5556 cogitatione
1448 5484 1761 5551 initiatum;
1808 5503 1969 5556 unus,
2030 5505 2127 5544 co-

528 5555 784 5625 gitatione
811 5555 1022 5611 initum.

605 5624 724 5696 (97)
766 5626 892 5701 Ve_t_.
930 5627 1089 5696 edit.,
1140 5633 1199 5683 ut
1226 5627 1427 5701 dictum
1453 5644 1728 5701 numerum
1759 5631 1871 5686 sine
1910 5632 2118 5701 labore;

530 5693 716 5763 Rom.,
748 5701 810 5753 ut
827 5698 1022 5755 dictum
1055 5693 1336 5758 numerum
1363 5700 1434 5758 ad
1455 5700 1594 5757 diem
1615 5702 1727 5758 sine
1756 5704 1938 5761 labore
1966 5693 2124 5769 ;om'-

2308 3251 2518 3394 ?omi?e
2548 3252 2605 3307 in
2630 3252 2744 3307 cod.
2776 3250 2978 3323 Remig.
3010 3256 3059 3307 et
3081 3252 3287 3308 duobus
3322 3251 3499 3308 Germ.
3550 3250 3847 3321 inscriptus

2337 3341 2453 3379 ueri
2472 3363 2498 3380 ι.
3418 3334 3429 3352 '

2337 3331 2498 3380 uerit.
3418 3334 3429 3352 '

2314 3422 2364 3477 1.
2410 3421 2557 3477 Ante
2598 3418 2715 3478 dies
2755 3419 3109 3480 devotionem
3147 3427 3347 3477 sanctae
3398 3417 3841 3491 Quadragesima:

2239 3511 2621 3585 praedicantes,
2688 3527 2964 3568 sacrarum
3019 3510 3339 3567 litterarum
3370 3508 3625 3582 exempla
3654 3516 3842 3580 protu-

2238 3600 2425 3670 limus,
2458 3600 2658 3673 quibus
2688 3599 3115 3672 approbaremus
3157 3599 3307 3656 hunc
3343 3597 3843 3672 quadragenarium

2238 3705 2529 3746 numerum
2560 3706 2673 3746 non
2703 3705 2818 3745 esse
2847 3688 2915 3745 ab
2944 3685 3271 3744 hominibus
3320 3687 3709 3755 constitutum,
3743 3684 3844 3742 sed

2238 3781 2511 3838 divinitus
2581 3787 2961 3838 consecratum
3002 3796 3014 3836 :
3069 3795 3171 3838 nec
3235 3788 3452 3835 terrena
3506 3777 3841 3851 cogitatione

2238 3869 2529 3927 inventum
2578 3870 2718 3943 (96),
2769 3869 2863 3926 sed
2906 3868 3113 3926 caelesti
3163 3866 3455 3940 majestate
3481 3874 3839 3941 praeceptum.

2236 3962 2417 4035 Atque
2446 3961 2570 4018 ideo
2599 3962 2695 4035 qui
2716 3960 3088 4018 constitutum
3114 3976 3409 4017 numerum
3433 3974 3546 4015 una
3576 3958 3665 4015 die
3692 3963 3843 4021 430

2236 4056 2625 4114 manducando
2669 4056 2932 4130 praeterit,
2984 4071 3101 4112 non
3149 4062 3210 4111 ut
3240 4054 3408 4111 unius
3446 4053 3557 4110 diei
3601 4052 3845 4110 violator

2236 4157 2543 4217 accusatur,
2575 4148 2671 4205 sed
2701 4155 2762 4204 ut
2792 4147 2963 4204 totius
2992 4145 3438 4218 Quadragesimae
3469 4152 3844 4217 transgressor

2236 4236 2504 4309 arguitur.
2538 4236 2693 4295 Unde
2721 4236 2930 4294 bonum
2961 4243 3045 4292 est
3084 4234 3301 4291 homini
3337 4242 3400 4289 ut
3427 4232 3499 4289 ad
3541 4232 3689 4289 diem
3720 4231 3845 4289 sine

2236 4326 2422 4383 labore
2448 4326 2663 4400 jejunet
2699 4327 2840 4399 (97),
2870 4334 2924 4382 et
2972 4325 3142 4382 totius
3178 4322 3622 4396 Quadragesimae
3651 4337 3847 4379 conse-

2236 4424 2438 4490 quatur
2494 4416 2697 4488 pariter
2753 4415 3127 4473 sanctitatem.
3168 4413 3299 4470 Haec
3327 4421 3510 4469 autem
3560 4426 3674 4467 non
3728 4417 3845 4467 tam

2237 4505 2587 4563 sacerdotum
2616 4512 2910 4580 praecepta,
2943 4520 3113 4578 quam
3141 4502 3246 4560 Dei
3276 4510 3424 4561 sunt.
3489 4500 3673 4575 Atque
3716 4500 3849 4558 ideo

2235 4596 2330 4669 qui
2361 4596 2477 4653 haec
2500 4596 2731 4669 spernit,
2771 4611 2881 4651 non
2906 4594 3255 4652 sacerdotem
3306 4592 3534 4666 spernit,
3565 4592 3660 4649 sed
3681 4591 3847 4651 Chn-

2235 4692 2403 4754 stum,
2426 4684 2521 4758 qui
2550 4685 2609 4740 in
2638 4699 2737 4741 suo
2759 4684 3009 4758 loquitur
3046 4682 3353 4741 sacerdote.

2304 4782 2357 4839 2.
2390 4782 2690 4839 Videamus
2718 4782 2888 4855 igitur
2914 4798 3026 4855 quo
3054 4788 3309 4853 tempore
3338 4780 3482 4838 hanc
3523 4778 3851 4836 observan-

2234 4870 2368 4928 tiam
2396 4870 2556 4927 nobis
2604 4871 2872 4928 indixerit
2921 4871 3316 4953 Dominus,_si
3350 4886 3463 4927 non
3510 4869 3689 4925 veluti
3746 4884 3851 4941 per

2234 4959 2396 5017 istam
2426 4960 2777 5019 devotionem
2811 4969 3015 5020 cuncta
3041 4963 3314 5019 elementa
3358 4958 3603 5017 voluerit
3637 4957 3847 5014 habere

2234 5051 2560 5124 profectum.
2594 5052 2736 5110 Ecce
2775 5052 2944 5121 enim,
2994 5060 3057 5108 ut
3099 5052 3157 5109 in
3187 5052 3336 5109 dicta
3379 5048 3496 5123 (98)
3529 5047 3847 5119 Quadrage-

2235 5142 2396 5212 sima,
2425 5143 2723 5200 constricta
2771 5142 2999 5199 hiemali
3029 5144 3154 5216 gelu
3209 5149 3357 5199 terra
3414 5139 3736 5207 resolvitur,
3785 5147 3848 5194 et

2234 5249 2497 5307 aquarum
2549 5234 2756 5292 ﬂuenta
2798 5240 3009 5290 meatus
3065 5248 3214 5300 suos,
3272 5229 3446 5305 glacie
3516 5228 3845 5301 liquefacta,

2235 5325 2545 5399 recipiunt;
2607 5326 2687 5383 sic
2735 5341 2952 5399 quoque
2994 5339 3296 5397 corporum
3354 5328 3675 5379 nostrorum
3732 5316 3851 5372 hoc

2234 5503 2330 5544 nes
2352 5504 2482 5544 vero
2503 5504 2658 5553 mss,
2689 5487 2887 5543 dictum
2914 5500 3195 5541 numerum
3227 5481 3508 5555 rejiciunt.

2309 5560 2425 5636 (98)
2456 5548 2658 5618 Omnes
2686 5558 2818 5616 edit.
2849 5557 2943 5616 hic
2958 5564 3011 5615 et
3027 5557 3178 5636 infra
3205 5548 3548 5636 conjunctim
3578 5548 3847 5636 scribunt

2233 5621 2474 5703 indicta;
2524 5648 2669 5703 mss.
2713 5638 2895 5688 autem
2948 5630 3152 5703 partim
3202 5621 3572 5698 coniungunt,
3626 5621 3847 5694 partim

2233 5702 2494 5761 dividunt
2520 5702 2766 5761 eamdem
2790 5702 3006 5762 vocem.
