4068 6188
253 323 356 379 685

1061 321 1430 379 semoan
1467 321 1523 378 s.
1559 319 1916 379 AMBROSIO
1955 295 2326 379 HACTENUS
2367 322 2717 381 ASCRIPTI.

253 450 439 506 eodem
468 458 710 521 tempore
740 455 1020 505 contracta
1049 449 1349 505 sceleribus
1377 457 1597 521 peccata
1619 449 1841 505 solvun-
1871 450 1924 510 Α
1951 448 2325 521 concipiamus
2359 450 2441 521 (3)
2492 449 2764 505 virtutum
2814 449 3082 522 germina,
3110 459 3174 508 ut
3205 450 3263 508 in
3310 452 3400 511 die
3447 453 3559 512 Pa-

255 547 359 606 tur,
392 547 444 594 et
474 538 604 594 vitae
635 545 834 593 nostra
870 538 1064 610 purior
1093 555 1306 606 cursus,
1341 538 1638 611 liquefacto
1665 538 1846 611 rigore

250 625 475 694 diaboli,
501 635 738 682 meatum
769 643 928 682 suum
947 627 1244 699 pristinum
1265 629 1626 701 recognoscit.
1661 627 1848 697 Terra,

247 716 495 789 inquam,
548 716 602 771 in
654 716 801 773 dicta
843 711 1269 788 Quadragesima
1297 717 1648 789 asperitatem
1679 717 1848 788 depo-

247 805 330 860 nit
360 804 583 873 hiemis,
629 821 726 877 ego
759 806 817 861 in
862 804 1010 861 dicta
1038 804 1465 878 Quadragesima
1503 805 1848 877 asperitatem

247 892 439 964 rejicio
475 893 830 951 delictorum.
877 896 978 950 Illa
1026 904 1168 952 terra
1217 895 1415 953 aratris
1461 895 1756 964 scinditur,
1790 902 1852 952 ut

246 983 546 1038 mundanis
577 982 647 1037 sit
679 1000 922 1055 congrua
950 983 1202 1056 frugibus
1240 1001 1252 1040 :
1306 1000 1427 1040 mea
1454 992 1600 1040 terra
1621 982 1850 1055 jejuniis

242 1078 523 1139 exaratur,
542 1079 604 1126 ut
619 1071 935 1128 coelestibus
952 1072 1024 1129 sit
1039 1080 1163 1143 apta
1182 1073 1507 1130 seminibus.
1532 1072 1685 1129 Sicut
1700 1073 1847 1127 enim

242 1161 489 1216 reditum
541 1161 852 1217 uberiorem
902 1162 1067 1234 capit,
1101 1162 1195 1234 qui
1227 1162 1570 1233 frequentius
1598 1161 1850 1219 vexando

240 1257 465 1308 exercet
507 1267 789 1322 campum;
827 1251 903 1305 ita
937 1260 990 1306 et
1023 1249 1286 1320 majorem
1329 1251 1561 1322 gratiam
1593 1252 1847 1324 percipit,

241 1342 339 1414 qui
369 1350 587 1398 exercet
615 1341 860 1412 corporis
889 1341 975 1396 sui
1006 1357 1263 1413 campum
1289 1342 1490 1413 saepius
1512 1341 1847 1413 jejunando.

311 1439 364 1495 3.
398 1441 542 1495 Ecce
571 1438 718 1494 enim
755 1438 1102 1494 abstinentiae
1145 1448 1412 1510 tempore,
1447 1439 1616 1494 herba
1677 1455 1848 1512 sege-

241 1537 359 1584 tum
397 1527 689 1584 reviviscit
718 1526 774 1582 in
813 1543 1063 1594 messem,
1093 1527 1349 1583 surculus
1378 1527 1588 1583 arboris
1620 1537 1850 1585 conatur

243 1616 298 1671 in
334 1615 646 1684 fructicem,
665 1616 875 1687 palmes
904 1615 1080 1671 vineae
1107 1615 1357 1688 pubescit
1377 1615 1435 1671 in
1471 1633 1763 1687 gemmam,
1794 1624 1849 1674 et

241 1707 429 1763 omnia
459 1705 526 1761 de
575 1704 935 1760 inferioribus
984 1705 1051 1760 ad
1081 1704 1278 1760 altiora
1309 1721 1365 1761 se
1397 1705 1692 1778 subrignnt
1724 1725 1736 1763 :
1771 1706 1848 1765 ita

1961 537 2106 597 schae
2135 537 2378 595 fructum
2397 537 2630 611 justitiai
2664 538 3024 611 proferamus.

2033 628 2086 684 6.
2113 627 2228 685 Hoc
2257 634 2442 685 autem
2472 627 2906 703 quadragenario
2946 644 3180 685 numero
3209 645 3267 686 se
3296 629 3412 702 ipse
3439 633 3559 690 Do-

1963 715 2149 773 minus
2185 717 2436 775 Christus
2485 718 2755 787 exercuit,
2809 735 2922 776 non
2977 726 3041 775 ut
3086 719 3394 793 profectum
3444 722 3559 796 ipse

1962 814 2199 878 caperet,
2229 806 2322 864 sed
2370 815 2433 864 ut
2462 808 2770 880 profectum
2817 810 3012 866 salutis
3041 809 3201 866 nobis
3228 810 3558 870 ostenderet.

1960 895 2074 952 Nec
2097 896 2244 952 enim
2282 904 2400 953 erat
2429 897 2488 953 in
2518 898 2618 954 illo
2661 898 2822 970 spina
2847 898 3076 970 peccati,
3108 915 3229 973 quae
3259 908 3562 958 verteretur

1963 986 2020 1040 in
2042 986 2230 1044 ﬂorem
2260 1007 2274 1056 ;
2307 988 2422 1060 ipse
2452 989 2601 1045 enim
2643 995 2760 1045 erat
2798 988 2899 1046 ﬂos
2931 998 3094 1047 natus
3137 1005 3249 1046 non
3287 989 3355 1046 de
3380 991 3558 1064 spina,

1961 1076 2054 1131 sed
2079 1075 2146 1132 de
2177 1077 2349 1149 virga,
2378 1077 2522 1134 sicut
2568 1077 2647 1132 ait
2678 1077 2980 1150 propheta:
3043 1103 3061 1127 ι
3090 1079 3248 1136 Exiit
3294 1080 3449 1152 virga
3494 1080 3562 1137 de

1962 1164 2144 1221 radice
2175 1164 2344 1231 Jesse,
2398 1173 2452 1222 et
2508 1165 2610 1222 ﬂos
2662 1165 2730 1222 de
2777 1166 2963 1224 radice
2991 1166 3110 1239 ejus
3137 1169 3393 1225 ascendet
3424 1170 3558 1239 (Isa.

1961 1268 2041 1320 ιιι,
2077 1253 2131 1325 1)
2159 1270 2172 1322 ;
2205 1277 2224 1302 ι
2291 1254 2445 1328 virga
2475 1255 2624 1312 enim
2657 1263 2772 1312 erat
2806 1255 3002 1323 Maria,
3031 1255 3228 1324 nitida,
3261 1256 3480 1314 subtilis
3509 1266 3564 1315 et

1961 1341 2138 1414 virgo,
2177 1359 2298 1416 quae
2353 1344 2634 1403 Christum
2669 1346 2828 1403 velut
2874 1344 3068 1402 ﬂorem
3117 1345 3432 1418 integritate
3474 1348 3562 1405 sui

1961 1433 2210 1504 corporis
2245 1435 2594 1506 germinavit.

2036 1526 2084 1582 7.
2119 1526 2470 1586 Continuatis
2485 1546 2613 1603 ergo
2635 1531 2998 1604 quadraginta
3018 1530 3212 1589 diebus
3232 1539 3286 1591 et
3304 1531 3562 1590 noctibus

1964 1613 2068 1686 (4),
2101 1613 2218 1673 haec
2244 1614 2460 1688 jejunia
2488 1635 2598 1675 non
2625 1621 2873 1677 esuriens
2903 1621 3177 1678 Dominus
3202 1621 3557 1695 procuravit;

1960 1701 2056 1758 sed
2086 1702 2224 1761 dicit
2252 1704 2411 1762 illum
2435 1709 2772 1780 evangelista
2791 1709 3025 1765 esurisse
3045 1718 3252 1782 postea.
3274 1708 3562 1779 Quomodo

242 1799 347 1856 hoc
368 1797 562 1854 eodem
593 1805 838 1866 tempore
865 1794 1155 1850 hominum
1187 1811 1308 1867 spes
1325 1795 1695 1852 intermortua
1728 1795 1844 1869 (99)
1880 1806 1929 1868 Β
1960 1808 2088 1865 ergo
2142 1801 2320 1867 potest
2362 1795 2502 1867 ﬁeri,
2559 1804 2621 1854 ut
2646 1796 2741 1869 qui
2773 1804 3055 1856 tantorum
3085 1798 3300 1856 dierum
3331 1817 3561 1858 numero

243 1886 532 1945 reviviscit
577 1885 638 1939 in
673 1890 973 1955 posterum,
1007 1882 1141 1940 ﬁdes
1189 1884 1403 1955 perdita
1453 1891 1739 1956 reparatur
1789 1884 1849 1941 in

241 1977 506 2051 gloriam,
572 1971 887 2046 temporalis
933 1971 1049 2027 vita
1099 1971 1318 2044 proﬁcit
1366 1972 1422 2028 in
1464 1981 1763 2042 aeternam;
1797 1981 1850 2031 et

243 2081 410 2122 omne
461 2080 632 2136 genus
687 2061 990 2117 humanum
1039 2060 1107 2117 ad
1155 2062 1398 2119 caelestia
1431 2079 1488 2118 se
1538 2061 1846 2135 subrigens,

238 2155 308 2211 ab
367 2153 580 2210 intimis
611 2152 691 2224 (I)
735 2150 804 2206 ad
851 2151 1050 2206 altiora
1099 2150 1404 2223 consurgit.
1438 2151 1604 2208 Modo
1634 2151 1848 2209 ferrum

240 2251 458 2316 gestans
495 2241 733 2314 agricola
779 2247 1054 2297 sarmenta
1108 2240 1335 2312 deputat
1386 2240 1723 2309 vinearum;
1771 2242 1851 2299 ita

240 2340 294 2387 et
323 2348 478 2388 nunc
505 2331 868 2402 Evangelium
898 2337 1138 2387 tractans
1167 2329 1478 2402 episcopus,
1507 2331 1697 2388 sordes
1733 2348 1845 2388 am-

246 2430 402 2496 putat
447 2423 801 2494 populorum,
845 2430 899 2477 et
936 2420 1043 2477 isto
1085 2420 1517 2494 quadragenario
1566 2422 1844 2480 curriculo

246 2513 524 2568 universae
570 2511 677 2567 hoc
705 2517 875 2583 agunt
930 2517 1215 2580 creaturae,
1267 2519 1539 2584 quatenus
1578 2513 1843 2584 depositis

244 2601 563 2676 superﬂuis,
595 2607 802 2656 ornatae
829 2600 916 2655 vel
939 2607 1170 2672 comptae
1202 2601 1260 2656 in
1293 2602 1493 2674 pascha
1521 2602 1838 2674 procedant.

313 2710 367 2767 4.
427 2708 597 2766 Modo
658 2708 845 2764 omnia
899 2717 1030 2764 sunt
1080 2708 1140 2764 in
1193 2717 1374 2782 partu,
1442 2717 1503 2766 ut
1552 2718 1686 2768 tunc
1745 2729 1842 2769 re-

242 2798 530 2873 periantur
559 2797 618 2852 in
646 2797 828 2854 fructu
861 2815 873 2864 ;
907 2805 1040 2854 tunc
1067 2797 1218 2854 enim
1249 2807 1442 2856 contra
1467 2810 1677 2857 naturae
1709 2817 1842 2874 spe—

244 2889 384 2946 ciem
438 2888 597 2961 spina
635 2888 843 2960 profert
878 2904 1078 2954 rosam,
1109 2890 1352 2945 calamus
1383 2891 1586 2962 fragrat
1633 2892 1839 2962 lilium,

248 2978 577 3036 suavitatem
651 2976 806 3032 arida
878 2977 1121 3048 virgulta
1193 2977 1528 3049 depromunt
1585 2997 1596 3034 :
1657 2988 1710 3036 et
1764 2982 1842 3040 ita

247 3080 446 3128 cuncta
499 3067 729 3124 ﬂoribus
778 3067 1136 3134 adornantur,
1194 3075 1259 3122 ut
1316 3069 1673 3125 festivitatem
1726 3071 1837 3128 diei

251 3159 439 3232 magni
485 3165 733 3215 creatura
763 3155 880 3226 ipsa
924 3154 1104 3210 nitore
1134 3155 1220 3212 sui
1259 3155 1530 3214 celebrare
1570 3159 1846 3222 credatur.
1880 3167 1930 3231 (ζ’,

247 3249 426 3321 Igitur
455 3255 509 3303 et
547 3262 646 3301 nos
674 3244 782 3300 hoc
824 3243 1013 3300 eodem
1056 3242 1391 3314 jejuniorum
1446 3254 1686 3320 tempore
1715 3267 1848 3323 pro-

247 3340 520 3396 ducamus
565 3336 631 3392 de
681 3334 855 3407 spinis
902 3334 1108 3390 nostris
1152 3351 1319 3403 rosas,
1369 3335 1474 3394 hoc
1502 3346 1602 3407 est,
1631 3339 1697 3395 de
1725 3357 1848 3413 pec-

245 3429 386 3488 catis
432 3428 728 3501 justitiam,
767 3427 832 3482 de
882 3427 1173 3484 severitate
1240 3427 1699 3500 misericordiam,
1777 3432 1846 3490 de

249 3525 485 3582 avaritia
517 3525 841 3598 largitatem.
893 3525 1013 3581 Istae
1044 3525 1189 3581 enim
1222 3524 1394 3597 spinae
1433 3531 1565 3581 sunt
1600 3524 1846 3598 corporis

245 3614 443 3684 nostri,
497 3631 617 3688 quae
648 3615 946 3688 praefocant
974 3615 1234 3684 animam,
1258 3615 1326 3672 de
1355 3615 1556 3688 quibus
1594 3616 1673 3672 ait
1703 3614 1845 3672 Scri-

243 3713 434 3779 ptura:
487 3727 506 3752 ι
535 3703 730 3776 Spinas
773 3712 827 3762 et
883 3703 1118 3760 tribulos
1171 3703 1276 3760 tibi
1327 3703 1658 3776 germinabit
1700 3711 1848 3760 terra

247 3795 402 3869 (Gen.
436 3812 521 3863 ιιι,
571 3794 708 3866 18);
752 3819 771 3844 ›
834 3795 1103 3868 germinat
1150 3796 1299 3852 enim
1345 3794 1485 3851 mihi
1524 3803 1670 3853 terra
1725 3811 1847 3852 mea

243 3883 449 3956 spinas,
480 3883 526 3940 si
556 3900 644 3940 me
675 3885 977 3958 corporalis
1023 3884 1275 3941 libidinis
1329 3885 1652 3941 titillatione
1679 3901 1843 3941 com-

246 3979 439 4050 pungit
469 3995 480 4033 :
517 3986 736 4050 generat
767 3977 907 4033 mihi
934 3976 1190 4046 tribulos,
1236 3994 1364 4034 cum
1396 3993 1482 4033 me
1519 3977 1844 4033 divitiarum

244 4066 590 4124 saecularium
633 4066 935 4139 cupiditate
960 4066 1280 4123 discruciat.
1313 4066 1482 4139 Spina
1510 4066 1658 4123 enim
1690 4067 1844 4124 Chri-

246 4157 422 4213 stiano
483 4156 734 4212 avaritiae
792 4172 903 4212 suae
949 4155 1110 4211 radix
1152 4164 1281 4224 est;
1331 4156 1489 4228 spina
1521 4156 1642 4212 viro
1699 4156 1845 4213 bono

245 4245 476 4304 honoris
522 4245 753 4303 ambitio
795 4255 877 4303 est
910 4265 924 4314 ;
981 4245 1244 4304 videntur
1281 4247 1429 4304 enim
1485 4246 1665 4321 specie
1695 4245 1843 4321 apud

246 4352 368 4393 suos
398 4342 556 4410 grata
575 4351 710 4404 esse,
744 4334 840 4391 sed
870 4333 1096 4390 laedunt.

313 4448 366 4503 5.
395 4446 504 4503 His
529 4462 656 4518 ergo
679 4444 788 4501 nisi
819 4443 1100 4518 vigilando
1130 4451 1184 4500 et
1205 4441 1508 4516 jejunando
1533 4459 1716 4501 carere
1732 4461 1843 4501 non

1957 1881 2158 1940 famem
2199 1883 2460 1959 sitimque
2507 1902 2621 1943 non
2649 1891 2791 1949 431
2836 1888 3088 1958 senserit,
3122 1896 3311 1962 postea
3344 1890 3562 1946 esurie-

1957 1979 2082 2038 rit?
2128 1981 2424 2040 Esuriebat
2465 1985 2647 2056 plane,
2701 2001 2806 2042 nec
2863 2001 3060 2060 negare
3090 2003 3383 2060 possumus
3413 1984 3562 2060 quod

1959 2071 2255 2141 esurierit;
2291 2075 2486 2131 esuriit
2537 2075 2684 2131 enim
2742 2092 2855 2133 non
2907 2077 3094 2135 cibum
3131 2075 3560 2147 hominum,sed

1959 2165 2192 2222 salutem
2217 2183 2231 2233 ;
2265 2182 2366 2223 nec
2411 2183 2660 2224 escarum
2690 2167 3038 2225 saecularium
3068 2169 3258 2242 epulas
3285 2169 3562 2243 concupi-

1959 2256 2064 2324 vit,
2094 2255 2190 2312 sed
2219 2255 2533 2314 animarum
2563 2257 2898 2315 desideravit
2945 2259 3256 2316 caelestium
3287 2261 3562 2318 sanctita—

1958 2352 2090 2402 tem.
2123 2345 2292 2404 Cibus
2320 2347 2470 2403 enim
2502 2344 2711 2403 Christi
2740 2355 2822 2404 est
2849 2346 3154 2420 redemptio
3184 2350 3516 2422 populorum
3541 2368 3555 2419 ;

1955 2436 2112 2494 cibus
2143 2436 2351 2496 Christi
2400 2445 2482 2494 est
2523 2444 2765 2510 paternae
2797 2436 3100 2496 voluntatis
3144 2439 3390 2510 effectus,
3417 2440 3562 2498 sicut

1914 2524 2070 2597 .ipse
2100 2526 2216 2584 ait:
2280 2551 2298 2576 ι
2353 2527 2507 2584 Meus
2553 2528 2712 2584 cibus
2741 2536 2822 2585 est
2876 2537 2941 2586 ut
2989 2529 3185 2586 faciam
3219 2531 3559 2588 voluntatem

1952 2615 2132 2672 Patris
2171 2616 2304 2682 mei,
2337 2616 2432 2688 qui
2471 2632 2558 2672 me
2590 2618 2744 2674 misit
2791 2617 2973 2690 (Joan.
2998 2635 3077 2686 IV,
3117 2618 3232 2692 34).
3266 2644 3285 2668 ι
3327 2618 3483 2676 Unde
3506 2627 3561 2676 et

1952 2721 2054 2761 nos
2083 2706 2396 2762 esuriamus
2426 2706 2637 2774 cibum,
2665 2723 2776 2761 non
2797 2707 2891 2778 qui
2921 2707 3155 2763 terrenis
3179 2707 3360 2778 epulis
3385 2723 3562 2781 appa-

1951 2803 2125 2863 ratur,
2173 2793 2268 2850 sed
2335 2794 2429 2866 qui
2483 2793 2804 2850 divinarum
2860 2794 3270 2868 Scripturarum
3326 2796 3561 2854 lectione

1950 2884 2234 2956 colligitur
2265 2900 2279 2950 ;
2313 2881 2409 2938 ille
2455 2882 2605 2939 enim
2653 2899 2853 2956 corpus
2884 2884 2952 2941 ad
2990 2891 3210 2958 tempus
3238 2886 3435 2958 nutrit,
3468 2885 3560 2946 hic

1948 2980 2131 3030 autem
2160 2971 2398 3030 animam
2425 2971 2602 3030 reﬁcit
2628 2972 2687 3030 in
2712 2983 2998 3036 aeternum.

2508 3066 2743 3125 SERMO
2793 3068 3003 3126 XXIX.

2276 3157 2357 3213 De
2385 3165 2574 3214 sancta
2619 3156 3049 3230 Quadragesima
3078 3159 3229 3218 XIII.

1956 3243 2180 3323 Ha_bitu_s
2218 3253 2292 3300 est
2331 3247 2415 3323 hic
2445 3264 2616 3303 sermo
2637 3249 2832 3323 media
2881 3250 3092 3306 circiter
3132 3250 3553 3323 Quqdragesima

2026 3316 2473 3392 inljl'vangelium
2519 3320 2650 3376 caeci
2697 3320 2835 3388 nati,
2869 3323 3010 3392 quod
3042 3316 3182 3377 nunc
3214 3316 3378 3391 feria'
3393 3323 3551 3377 tertia

2027 3389 2358 3465 hebdomadis
2401 3397 2607 3465 quarta:
2650 3389 2924 3465 recitatur.
2976 3393 3176 3448 Aberat
3205 3389 3288 3448 hic
3314 3394 3423 3465 ipse
3449 3410 3557 3447 ser-

2025 3476 2111 3531 mo
2146 3461 2213 3514 ab
2237 3461 2404 3531 antiq.
2433 3462 2598 3528 edit.;
2640 3463 2728 3518 sed
2764 3479 2860 3518 cur
2895 3463 2955 3517 in
2976 3465 3128 3520 Rom.
3165 3465 3290 3521 edit.
3324 3461 3548 3520 Ambroo

2027 3530 2105 3586 sio
2133 3530 2376 3588 tributus,
2388 3531 2573 3602 fuerit,
2605 3535 2745 3590 nihil
2761 3551 2992 3606 prorsus
3006 3535 3175 3592 habet.

2029 3619 2078 3675 1.
2114 3619 2275 3693 Agite
2305 3621 2523 3693 gratias,
2573 3621 2790 3691 fratres,
2822 3621 3028 3678 divinae
3059 3622 3272 3696 pietati,
3299 3639 3420 3696 quae
3449 3639 3546 3680 vos

1955 3706 2025 3763 ad
2055 3709 2300 3766 medium
2346 3710 2786 3783 Quadragesimaa
2829 3711 3088 3784 perduxit
3116 3711 3441 3771 incolumes.
3465 3713 3556 3771 Illi

1957 3813 2087 3854 vero
2119 3806 2348 3870 possunt
2401 3816 2500 3872 pro
2538 3800 2646 3858 hoc
2690 3817 2916 3857 munere
2947 3800 3166 3858 dulcius
3203 3817 3268 3861 ac
3299 3801 3555 3858 devotius

1956 3893 2132 3948 Deum
2165 3891 2408 3960 laudare,
2466 3892 2560 3964 qui
2591 3891 2668 3949 ita
2697 3891 2840 3950 sicut
2882 3892 2942 3948 in
2989 3892 3427 3965 Quadragesimaa
3453 3908 3554 3949 ca-

1955 3979 2068 4052 pite
2089 3979 2427 4051 didicerunt,
2446 3981 2665 4039 noviter
2684 3981 2796 4039 huc
2814 3997 2989 4055 usque
3015 3981 3202 4038 vivere
3222 3982 3555 4038 studuerunt

1956 4075 2014 4132 id
2047 4085 2148 4145 est,
2179 4076 2277 4150 qui
2307 4085 2656 4150 peccatorum
2705 4063 2935 4135 suorum
2989 4076 3371 4134 remissionem
3403 4090 3552 4146 quo-

1953 4166 2090 4224 tidie
2113 4165 2436 4240 jejunando,
2467 4168 2844 4240 eleemosynas
2885 4166 3091 4234 dando,
3136 4174 3190 4222 et
3241 4165 3310 4222 ad
3347 4163 3552 4220 Eccle-

1954 4257 2091 4313 siam
2121 4258 2464 4332 preperando
2494 4275 2621 4316 cum
2651 4255 2914 4329 lacrymis
2943 4262 2998 4311 et
3029 4253 3284 4327 suspiriis
3311 4268 3551 4311 curave-

1954 4356 2086 4404 runt
2110 4365 2264 4406 orare
2274 4392 2286 4406 .

2025 4437 2077 4492 2.
2109 4438 2198 4493 Illi
2245 4445 2427 4493 autem
2481 4437 2577 4510 qui
2623 4435 2728 4492 ista
2780 4436 3161 4508 neglexerunt,
3217 4433 3276 4490 id
3321 4440 3423 4503 est,
3453 4439 3550 4490 aut

247 4550 573 4606 possumus;
608 4535 742 4608 quin
767 4535 951 4608 potius
968 4550 1062 4606 per
1093 4533 1485 4590 abstinentiam
1518 4533 1646 4606 ipsae
1675 4535 1847 4605 spinae
1874 4535 1923 4594 D
1955 4525 2202 4597 quotidie
2248 4542 2357 4582 non
2403 4523 2818 4597 jejunaverunt,
2872 4533 2967 4580 aut
3019 4523 3393 4594 eleemosynas
3420 4537 3547 4608 (non

250 4632 533 4681 vertentur
561 4623 616 4680 in
647 4641 847 4681 rosam.
871 4623 1132 4680 Producit
1161 4621 1310 4680 enim
1335 4619 1640 4694 jejunando
1667 4623 1843 4680 libido

249 4716 652 4784 castimoniam,
696 4714 950 4786 superbia
996 4713 1386 4781 humilitatem,
1432 4712 1665 4768 ebrietas
1708 4730 1843 4785 par-

252 4804 472 4862 citatem
504 4804 624 4877 (2);
659 4803 716 4859 hi
745 4803 890 4859 enim
923 4810 1052 4860 sunt
1105 4803 1264 4859 ﬂores
1313 4802 1442 4858 vita
1493 4811 1714 4871 nostrae,
1747 4803 1841 4876 qui

255 4908 414 4950 suave
466 4891 688 4950 Christo
741 4892 1010 4959 redolent,
1071 4892 1165 4963 qui
1227 4891 1450 4946 odorem
1491 4891 1696 4947 bonum
1728 4892 1841 4946 Deo

256 4982 484 5053 spirant.
547 4981 702 5038 Unde
742 4983 819 5037 ait
851 4981 1149 5053 Apostolus
1183 4998 1194 5036 :
1255 5003 1273 5026 ε
1303 4979 1574 5046 Quoniam
1635 4979 1841 5037 Christi

253 5068 428 5128 bonus
455 5071 593 5128 odor
623 5087 810 5127 sumus
840 5072 952 5126 Deo
975 5071 1064 5141 (II
1092 5070 1218 5125 Cor.
1243 5086 1303 5138 ιι,
1340 5068 1452 5139 15).
1472 5094 1489 5116 ι
1535 5069 1686 5124 Hanc
1715 5085 1840 5140 ergo

255 5159 730 5234 Quadragesimam
777 5159 1003 5233 largitus
1022 5166 1103 5216 est
1133 5158 1295 5214 nobis
1325 5157 1615 5225 Dominus,
1651 5168 1712 5214 ut
1741 5157 1838 5213 hu-

253 5246 338 5318 jus
363 5252 629 5324 temporis
662 5249 840 5323 spatio
878 5249 936 5304 in
967 5265 1175 5305 morem
1199 5247 1370 5304 totius
1399 5255 1660 5304 creaturas
1692 5263 1841 5304 nunc

329 5349 442 5424 (99)
482 5349 934 5424 Nonnullimss.,
966 5365 1081 5421 spes
1100 5346 1313 5402 interim
1340 5352 1586 5413 mortua;
1614 5345 1837 5421 quidam

261 5420 436 5495 etiam,
469 5440 581 5495 spes
608 5422 832 5495 interius
860 5420 1090 5476 mortua.

329 5487 642 5574 (I)'Qinnes
683 5493 816 5574 edit.
845 5508 1178 5574 Acumumss.
1221 5487 1455 5574 duobus,
1494 5490 1559 5574 ab
1608 5489 1838 5562 inferis;

263 5563 395 5690 nisa.
408 5566 644 5710 gliquot,
676 5566 742 5622 ab
775 5564 1160 5635 inferioribus;
1207 5563 1303 5619 alii
1334 5563 1530 5634 majori
1581 5579 1835 5630 numero,

263 5649 292 5687 a
352 5654 406 5690 ιη
448 5655 566 5694 mis.

262 5649 682 5779 αοᾶῗὟῗῗὶπῑβ,
711 5709 896 5783 plures
950 5725 1014 5767 ac
1066 5707 1305 5783 potiores
1337 5725 1350 5765 :
1406 5707 1663 5765 nonnulli
1705 5722 1837 5764 vero

1950 4614 2222 4684 fecerunt,
2279 4623 2374 4674 aut
2423 4615 2658 4675 studiosi
2714 4616 2803 4674 vel
2850 4611 3169 4687 compuncti
3200 4612 3260 4669 in
3299 4607 3550 4668 oratione

1951 4721 2063 4763 non
2092 4706 2355 4774 fuerunt;
2388 4722 2500 4761 non
2547 4713 2628 4762 est
2674 4704 2821 4761 unde
2865 4702 3158 4776 gaudeant,
3199 4697 3295 4756 sed
3343 4697 3549 4757 habent

1950 4795 2136 4869 potius
2168 4795 2356 4851 miseri
2386 4795 2534 4852 unde
2573 4793 2813 4866 lugeant.
2841 4792 3051 4849 Verum
3081 4805 3195 4847 non
3221 4789 3299 4845 ita
3327 4787 3548 4860 lugeant

1950 4895 2012 4943 ut
2059 4886 2381 4960 desperent;
2415 4886 2544 4960 quia
2576 4885 2671 4959 qui
2725 4900 2930 4941 cacum
2982 4900 3014 4940 a
3051 4880 3342 4938 nativitate
3366 4881 3547 4954 potuit

1949 4977 2268 5033 illuminare
2291 4976 2472 5048 (Joan.
2520 4992 2602 5045 ιχ,
2630 4975 2708 5048 7),
2740 4979 2918 5046 potest
2944 4979 2998 5030 et
3037 4971 3173 5028 istos
3215 4987 3364 5029 nunc
3392 4969 3545 5043 tepi-

1949 5067 2048 5123 dos
2077 5073 2130 5122 et
2171 5065 2531 5138 negligentes,
2582 5063 2628 5122 si
2681 5078 2750 5119 ex
2779 5069 2896 5119 toto
2941 5059 3106 5118 corde
3133 5059 3204 5116 ad
3247 5076 3368 5116 eum
3400 5075 3546 5117 con-

1948 5156 2094 5212 verti
2118 5155 2422 5220 voluerint,
2451 5152 2729 5209 studiosos
2781 5168 2846 5208 ac
2871 5151 3147 5207 ferventes
3201 5147 3262 5204 in
3290 5165 3390 5205 suo
3418 5163 3544 5204 ser-

1948 5247 2088 5303 vitio
2119 5247 2316 5303 facere.
2346 5245 2520 5318 Igitur
2563 5243 2719 5312 tales,
2751 5241 2858 5301 hoc
2885 5251 2985 5312 est,
3026 5237 3312 5297 immundo
3337 5238 3542 5294 viven-

1946 5352 2003 5402 et
2057 5362 2248 5403 omnes
2319 5344 2478 5413 edit.,
2565 5342 2817 5401 sobrietas
2882 5339 3217 5413 parcitatem,
3303 5329 3540 5390 absurdo

1946 5434 2269 5562 58(233Vet.
2301 5488 2530 5562 edit._ac
2565 5502 2696 5543 mss.
2725 5480 3002 5562 nonnulli,
3033 5494 3171 5536 nunc
3209 5473 3536 5547 concupiscas

1945 5552 2098 5628 mu‘s’;
2129 5562 2289 5619 Rom.
2331 5570 2384 5616 et
2412 5559 2530 5627 alii,
2550 5572 2699 5631 nunc
2721 5552 3100 5631 poncipiantus.
3426 5617 3443 5631 ῃ
3481 5618 3494 5631 .

2020 5617 2101 5704 (4)
2128 5617 2190 5688 In
2228 5631 2459 5704 cunctis
2503 5617 2638 5685 edit.
2687 5617 2904 5704 aberat;
2943 5619 3252 5704 “31005121”
3282 5633 3303 5685 ἰ
3352 5617 3448 5677 96d
3478 5618 3537 5676 in

1945 5691 2116 5760 nullis
2143 5701 2269 5762 cod.
2296 5717 2465 5758 manu
2493 5696 2730 5758 exaratis
2753 5691 3116 5752 desideratur.
