4064 6178
481 325 586 383 687

1498 310 1597 365 AD
1640 307 1874 363 OPEBA
1915 305 1971 360 S.
2014 299 2350 358 AMBROSII
2387 295 2768 353 APPENDIX.

3677 287 3786 343 688

482 458 586 514 tes,
617 447 710 503 'vel
741 443 930 502 odium
963 443 1020 498 in
1049 439 1212 498 corde
1239 444 1432 495 contra
1452 435 1688 507 aliquem
1708 438 2066 500 reservantes,
2098 445 2149 504 Α
2184 425 2444 492 Domino,
2478 423 2622 479 sicut
2649 430 2774 478 ante
2804 417 2971 475 verba
2989 415 3277 489 Evangelii
3308 412 3456 488 quod
3495 428 3647 469 nunc
3675 429 3786 470 au-

482 542 570 596 vel
603 539 783 594 aliena
807 534 1010 606 injuste
1037 533 1331 605 rapientes,
1374 535 1468 583 aut
1505 544 1602 583 sua
1631 525 1940 581 inordinate
1981 541 2063 580 re-

479 629 738 693 tinentes,
757 624 1057 680 caecitatem
1087 637 1243 678 suam
1273 625 1660 691 agnoscant,et
1686 615 1755 671 ad
1786 615 2062 671 medicum

479 727 542 773 ut
570 715 978 780 illuminentur,
1009 716 1312 768 recurrant.
1723 780 1734 787 _

546 808 598 862 3.
633 807 852 862 Utinam
905 803 984 858 sic
1025 798 1360 873 quaereretis,
1415 794 1634 869 quando
1691 794 1928 866 peccatis
1957 809 2065 848 me-

475 895 718 952 dicinam
762 892 1085 965 Spiritalem,
1134 890 1276 945 sicut
1316 885 1535 960 quando
1565 884 1840 939 inﬁrmam
1862 883 1921 937 in
1950 898 2065 938 cor-

475 1005 627 1062 pore,
658 984 940 1060 requiritis
969 982 1260 1040 carnalem.
1289 979 1424 1047 Quis
1455 976 1617 1032 modo
1639 975 1697 1030 in
1728 982 1882 1030 tanta
1911 973 2066 1044 plebe

477 1088 576 1147 est,
609 1079 702 1151 qui
745 1077 791 1133 si
831 1075 1052 1131 deberet
1097 1089 1209 1128 non
1244 1068 1444 1136 occidi,
1495 1067 1588 1122 sed
1640 1066 1818 1120 solum
1870 1063 2062 1118 oculos

474 1169 717 1243 perdere,
769 1175 823 1223 et
877 1181 991 1221 non
1021 1163 1196 1229 daret,
1227 1168 1288 1215 ut
1339 1158 1645 1231 periculum
1692 1155 1920 1211 evadere
1950 1169 2068 1225 pos-

476 1270 578 1329 set,
609 1259 796 1315 omnia
842 1273 962 1329 quze
993 1252 1265 1310 haberet?
1304 1253 1374 1305 Et
1399 1250 1445 1305 si
1478 1251 1553 1303 ita
1594 1247 1802 1304 timetis
1831 1251 2065 1299 mortem

475 1351 675 1418 carnis,
709 1363 875 1421 quare
930 1361 1043 1401 non
1071 1341 1311 1399 timeatis
1352 1340 1548 1396 animae
1576 1345 1845 1402 mortem;
1895 1334 2068 1390 maxi-

479 1457 566 1497 me
594 1455 720 1496 cum
769 1437 964 1493 mortis
1004 1434 1183 1502 dolor,
1213 1433 1269 1488 id
1297 1438 1399 1499 est,
1429 1429 1630 1496 carnis,
1660 1443 1772 1482 non
1799 1425 1872 1482 sit
1902 1425 2069 1481 unius

481 1538 661 1602 horae;
714 1541 768 1589 et
821 1546 970 1587 mors
1017 1542 1233 1594 ammte,
1277 1523 1332 1580 id
1387 1531 1487 1591 est,
1548 1523 1728 1578 luctus
1780 1528 1834 1575 et
1889 1534 2068 1589 poena,

480 1641 760 1699 nunquam
815 1622 1013 1678 habeat
1057 1617 1272 1676 ﬁnem?
1315 1617 1388 1671 Et
1429 1615 1476 1670 si
1525 1615 1602 1668 ita
1645 1611 1840 1667 amatis
1882 1611 2070 1666 oculos

477 1715 744 1789 corporis,
769 1729 906 1786 quos
951 1713 1064 1769 cito
1114 1705 1399 1763 moriendo
1446 1703 1697 1775 perditis,
1745 1717 1912 1774 quare
1959 1717 2069 1756 non

479 1810 723 1882 diligatis
767 1806 958 1862 oculos
1011 1800 1305 1873 spiritales,
1357 1796 1557 1869 quibus
1593 1797 1768 1851 Deum
1798 1811 1860 1853 ac
1886 1793 2070 1850 Domi-

478 1917 611 1958 num
634 1906 878 1955 vestrum
907 1894 1026 1950 sine
1050 1891 1159 1947 ﬁne
1189 1889 1376 1945 videre
1406 1888 1633 1943 valeatis
1658 1888 1685 1942 Ῠ

547 1989 601 2044 4.
642 1984 958 2060 Operamini
993 1990 1343 2057 quapropter,
1365 1979 1555 2035 dilecti
1585 1979 1642 2034 in
1672 1978 1911 2034 Domino
1933 1976 2069 2047 ﬁlii,

480 2077 786 2152 operamini
815 2077 948 2133 dum
977 2075 1094 2131 dies
1123 2079 1203 2130 est
1226 2091 1238 2140 ;
1264 2072 1410 2145 quia,
1433 2080 1495 2127 ut
1513 2069 1652 2126 dicit
1682 2069 1939 2126 Christus
1958 2071 2069 2124 Do-

481 2167 668 2223 minus
695 2173 917 2222 noster:
983 2189 1003 2212 ‹
1031 2163 1197 2222 Venit
1245 2178 1380 2230 nox,
1424 2161 1484 2216 in
1524 2177 1632 2233 quo
1674 2177 1838 2215 nemo
1891 2166 2069 2231 potest

479 2257 692 2330 operari
717 2259 897 2328 (Joan.
921 2272 1002 2323 Ix,
1024 2254 1105 2324 4).
1127 2278 1146 2301 ι
1195 2251 1324 2308 Dies
1344 2258 1424 2305 est
1444 2249 1560 2304 vita
1579 2266 1834 2321 praisens,
1859 2265 1971 2303 nox
1991 2255 2073 2304 est

475 2364 648 2416 mors,
697 2353 751 2402 et
778 2353 995 2416 tempus
1024 2349 1146 2415 post
1176 2347 1430 2395 mortem.
1479 2338 1534 2393 Si
1565 2345 1687 2409 post
1716 2338 1858 2393 hanc
1895 2337 2069 2392 vitam

479 2455 590 2494 non
621 2443 701 2492 est
733 2434 996 2507 operandi
1027 2431 1270 2494 licentia,
1291 2429 1435 2485 sicut
1459 2427 1677 2483 Veritas
1707 2426 1880 2495 dicit;
1905 2442 2071 2498 quare

479 2543 590 2583 non
621 2525 833 2581 laborat
863 2521 1260 2594 unusquisque,
1280 2517 1413 2573 dum
1433 2523 1648 2587 tempus
1677 2515 1860 2584 habet,
1886 2515 1941 2570 id
1963 2523 2069 2583 est,

478 2615 613 2671 dum
656 2612 801 2668 vivit
844 2611 902 2666 in
933 2610 1039 2667 hoc
1087 2606 1337 2664 saaculo?
1383 2606 1594 2660 Timete
1621 2605 1782 2660 istam
1813 2612 2071 2673 mortem,

480 2704 695 2770 fratres,
751 2702 818 2757 de
876 2715 985 2771 qua
1033 2698 1171 2755 dicit
1221 2697 1509 2752 Salvator:
1576 2717 1595 2742 ‹
1635 2694 1804 2751 Venit
1833 2711 1965 2763 nox,
2016 2695 2074 2750 in

481 2814 589 2870 qua
620 2812 782 2852 nemo
812 2801 990 2866 potest
1017 2792 1252 2866 operari.
1294 2816 1314 2840 ι
1361 2790 1563 2846 Omnes
1592 2788 1689 2862 qui
1717 2789 1924 2843 malum
1952 2803 2076 2860 ope-

481 2894 696 2954 rantur,
729 2901 839 2940 non
869 2883 1070 2939 timent
1093 2883 1251 2938 istam
1280 2888 1532 2947 mortem,
1563 2887 1617 2934 et
1646 2877 1716 2933 ob
1743 2877 1848 2934 hoc
1876 2877 1945 2932 ab
1974 2875 2077 2934 hac

486 2975 600 3030 vita
623 2975 940 3045 migrantes,
966 2979 1200 3027 mortem
1223 2970 1517 3024 inveniunt
1537 2967 1946 3038 sempiternam.
1978 2965 2075 3020 La-

488 3065 702 3130 borate,
725 3063 858 3118 dum
875 3060 1087 3129 vivitis,
1111 3059 1205 3116 sed
1225 3059 1465 3113 maxime
1485 3057 1574 3113 his
1592 3057 1805 3124 diebus,
1823 3055 2073 3127 jejunan-

489 3154 561 3210 do
592 3169 624 3208 a
646 3151 898 3208 delicatis
926 3149 1087 3218 cibis,
1135 3157 1189 3206 et
1217 3149 1369 3206 omni
1400 3159 1643 3221 tempore
1669 3147 1996 3204 abstinendo
2044 3164 2075 3203 a

487 3242 663 3299 vitiis.
682 3240 965 3315 Siquidem
996 3248 1052 3296 et
1079 3241 1164 3296 illi
1195 3241 1290 3314 qui
1315 3240 1570 3313 jejunant
1591 3256 1621 3295 a
1640 3239 1786 3306 cibo,
1812 3246 1865 3293 et
1885 3254 1997 3294 non
2018 3255 2075 3295 se

485 3335 762 3392 abstinent
807 3350 838 3388 a
886 3335 1052 3402 malo,
1113 3333 1321 3389 similes
1359 3340 1488 3388 sunt
1515 3331 1760 3400 diabolo,
1817 3331 1915 3404 qui
1963 3347 2076 3387 non

484 3426 798 3492 manducat,
862 3431 916 3480 et
955 3432 1137 3480 tamen
1181 3440 1212 3478 a
1259 3425 1403 3479 malo
1444 3440 1555 3478 non
1585 3430 1775 3478 cessat.
1829 3422 2078 3494 Denique

488 3515 758 3570 noveritis
789 3513 920 3586 quia
949 3514 1096 3586 quod
1123 3512 1282 3568 vobis
1310 3512 1638 3568 subtrahitis
1661 3510 1983 3582 jejunando,
2017 3512 2077 3567 in

489 3603 691 3657 coelum
724 3601 938 3656 debetis
963 3601 1336 3657 transmittere
1367 3617 1462 3671 per
1492 3616 1772 3670 pauperes.

558 3692 613 3747 5.
657 3690 923 3745 Hodierni
1007 3690 1276 3746 sermonis
1331 3690 1790 3757 admonitionem,
1862 3689 2076 3759 fratres,

492 3795 656 3851 opere
689 3777 957 3850 perﬁcite,
986 3795 1054 3834 ne
1080 3779 1395 3835 Iudaeorum
1425 3794 1587 3850 super
1614 3794 1714 3833 vos
1741 3777 1927 3834 veniat
1956 3795 2080 3834 ma-

493 3869 738 3926 ledictio.
765 3868 1042 3924 Dixerunt
1064 3868 1212 3923 enim
1243 3884 1387 3925 caeco
1411 3885 1422 3923 :
1468 3893 1485 3916 ι
1516 3868 1598 3922 Tu
1627 3868 1935 3940 discipulus
1963 3867 2082 3939 ejus

490 3959 566 4016 sis
599 3957 762 4028 (Ibid.
795 3957 911 4028 28).
942 3981 961 4006 ›
1023 3957 1169 4025 Quid
1209 3965 1289 4014 est
1318 3957 1651 4030 discipulum
1691 3974 1806 4013 esse
1851 3956 2082 4026 Christi,

493 4047 601 4104 nisi
633 4046 972 4119 discipulum
1005 4063 1120 4102 esse
1147 4046 1370 4118 pietatis
1388 4055 1442 4103 et
1461 4046 1711 4102 veritatis
1729 4054 1783 4102 et
1803 4045 2084 4102 humilita-

493 4137 566 4192 tis
589 4137 617 4192 ?
667 4136 756 4191 Illi
787 4135 1051 4191 dixerunt
1081 4134 1187 4191 hoc
1217 4135 1580 4192 maledicendi
1609 4143 1738 4190 voto
1763 4154 1776 4203 ;
1825 4135 1919 4191 sed
1960 4151 2087 4190 ma-

497 4242 601 4298 gna
619 4235 700 4281 est
719 4225 1228 4296 benedictioquam
1252 4225 1365 4297 ipse
1386 4224 1544 4280 vobis
1564 4223 1826 4280 concedat
1848 4225 2083 4296 assequi,

498 4317 593 4388 qui
623 4317 765 4372 vivit
811 4324 864 4372 et
906 4324 1094 4388 regnat
1120 4333 1215 4388 per
1250 4317 1469 4371 inﬁnita
1517 4317 1714 4372 saecula
1739 4317 2085 4373 saeculorum.

967 4411 1114 4468 432
1143 4405 1377 4462 SERMO
1413 4405 1596 4461 XXX.

815 4485 894 4539 De
929 4493 1115 4557 sancta
1150 4485 1576 4557 Quadragesima
1613 4484 1763 4543 XIV.

504 4554 852 4625 Evangelium
911 4557 1047 4609 unde
1093 4547 1212 4610 huic
1255 4547 1481 4612 serni'oni
1544 4559 1714 4612 thema
1776 4553 2088 4622 desumitur,
2119 4547 2168 4606 D

574 4642 713 4680 nunc
761 4625 817 4698 in
857 4626 1134 4681 Dominica
1176 4629 1442 4682 Passionis
1498 4629 1684 4698 legitur
1704 4645 1724 4692 ;
1771 4627 1827 4682 in
1881 4626 2092 4682 Missali

576 4697 1153 4778 autem-Ambrosiam,
1183 4705 1245 4778 ,ει
1294 4699 1431 4769 forte
1471 4697 1629 4778 etiam
1655 4701 1734 4778 Ain
1781 4699 2085 4778 _Galticano.

576 4768 901 4824 recitabatur
975 4769 1255 4825 Dom-inica
1297 4768 1561 4827 secunda
1642 4770 2088 4840 Quadragesimte,

578 4856 738 4921 quam
761 4843 1495 4921 propterea_Doi_n-iui_caui_de
1523 4843 1798 4921 Abraham
1841 4843 2090 4921 appella-

675 4912 919 4991 in_more
945 4919 1078 4968 erat.
1124 4915 1244 4970 Non
1278 4915 1564 4991 habebatur
1607 4915 1664 4968 in
1705 4915 1936 4991 vetustis.
1963 4912 2086 4967 edit.

579 4982 662 5064 hic
699 4982 837 5064 idem
866 4999 1068 5064 sermo;
1094 4987 1436 5064 ﬁetuquaruvis
1473 4986 1848 5064 editor-capaci
1870 4984 1936 5037 eti
1975 5001 2091 5064 curri

578 5055 654 5136 in_
699 5055 965 5136 Vaticanis
997 5057 1273 5136 codicibus
1322 5058 1551 5136 inveuiri
1607 5057 1988 5136 tastiﬁceutur,‘
2012 5055 2093 5110 vel

575 5127 689 5208 sola
709 5127 961 5208 dictionis
992 5128 1263 5208 humilitas
1291 5129 1495 5208 abunde
1526 5127 1729 5208 probat
1764 5127 2093 5208 illuni‘Am-

575 5196 738 5280 brqsii
784 5215 1056 5280 nunquam
1097 5200 1280 5280 fuisse.
1329 5202 1449 5280 Non
1479 5196 1682 5280 tantum
1723 5215 1844 5279 pero
1871 5198 1963 5252 ille
1998 5215 2094 5279 re—

579 5269 712 5342 cedit
751 5289 785 5326 a
827 5269 961 5342 styto
1004 5269 1246 5341 CwSarii,
1305 5271 1454 5341 cujus
1504 5273 1660 5327 etiam
1715 5269 1773 5324 in
1827 5269 2094 5342 sermoni-

577 5340 671 5396 bus
714 5340 891 5398 unum
925 5345 1192 5413 habemus,
1237 5345 1329 5415 qui
1365 5340 1564 5414 primis
1617 5342 1785 5398 verbis
1841 5357 1957 5396 cum
2002 5341 2094 5396 hoc

573 5421 850 5485 congruat.

576 5502 628 5556 1.
667 5501 892 5569 Scitote,
940 5503 1154 5573 fratres,
1197 5500 1458 5575 quoniam
1489 5500 1649 5572 cujus
1673 5517 1838 5574 Opera
1865 5499 2095 5574 quisque

500 5589 656 5660 facit,
687 5592 805 5662 ejus
833 5600 888 5648 et
917 5591 1067 5649 ﬁlius
1096 5599 1345 5650 vocatur.
1381 5591 1538 5648 Unde
1566 5601 1620 5649 et
1646 5591 1822 5648 Judaei
1854 5608 1980 5648 cum
2012 5588 2093 5646 di-

496 5680 710 5738 xissent
757 5691 965 5756 patrem
1006 5700 1167 5744 suum
1213 5698 1327 5743 esse
1369 5682 1670 5754 Abraham,
1719 5683 2014 5742 audierunt
2060 5697 2092 5738 a

2117 1781 2128 1796 Ι

2181 513 2359 579 distis,
2394 512 2628 584 legitur:
2679 536 2694 557 ε
2722 507 2778 565 Si
2810 507 2915 563 ﬁlii
2947 504 3180 562 Abraha:
3217 504 3370 572 estis,
3402 519 3567 574 opera
3597 500 3789 557 Abra-

2172 604 2257 659 hae
2285 601 2447 657 facite
2479 601 2659 671 (Joan.
2693 616 2816 666 vm,
2849 598 2964 668 39).
3005 623 3024 643 ι
3069 594 3175 662 Qui
3203 611 3330 651 cum
3369 593 3571 648 iterum
3606 589 3788 646 dixis-

2174 698 2298 747 sent
2328 692 2502 746 Deum
2552 705 2607 744 se
2638 687 2836 742 habere
2865 687 3104 750 Patrem,
3135 683 3470 739 audierunt:
3514 705 3531 728 ε
3552 679 3610 734 Si
3639 680 3788 735 Deus

2174 783 2330 838 Pater
2365 790 2544 837 vester
2574 787 2735 847 esset,
2752 777 3059 849 diligeretis
3088 776 3282 847 utique
3305 789 3392 829 me
3424 772 3590 845 (Ibid.
3616 771 3733 842 42).
3752 796 3770 818 ι

2245 881 2300 936 2.
2366 880 2464 934 His
2521 878 2707 934 verbis
2751 875 3094 950 apertissime
3160 871 3571 928 demonstratur
3635 867 3787 941 quod

2175 970 2306 1025 mali
2335 977 2388 1023 et
2413 968 2621 1040 cupidi,
2655 983 2755 1024 nec
2784 965 3040 1031 Abrahae,
3071 979 3173 1018 nec
3206 960 3303 1016 Dei
3326 959 3431 1014 ﬁlii
3480 958 3612 1014 sint.
3644 957 3785 1014 Nam

2175 1058 2332 1130 cujus
2361 1057 2464 1112 ﬁlii
2497 1059 2630 1124 sint,
2675 1055 2963 1128 sequentia
3012 1053 3411 1115 manifestam;
3446 1049 3526 1104 ait
3581 1049 3734 1103 enim
3768 1067 3782 1104 :

2191 1146 2338 1201 «Vos
2365 1162 2436 1200 ex
2465 1152 2617 1217 patre
2633 1143 2854 1199 diabolo
2882 1141 3015 1197 estis
3038 1139 3202 1211 (Ibid.
3228 1137 3380 1208 44).»
3414 1137 3497 1192 Ac
3525 1138 3571 1191 si
3595 1137 3783 1196 dicat:

2177 1237 2288 1294 Cur
2308 1243 2520 1307 patrem
2565 1233 2813 1301 mutatis,
2861 1247 3012 1287 nunc
3041 1227 3354 1296 Abraham,
3383 1242 3534 1282 nunc
3561 1225 3787 1282 Deum?

2177 1326 2292 1396 Ego
2322 1323 2480 1379 vobis
2514 1323 2802 1379 ostendam
2832 1329 3041 1392 patrem
3087 1325 3333 1374 vestrum
3369 1334 3381 1372 :
3426 1323 3581 1388 pater
3606 1325 3788 1373 vester

2178 1413 2431 1470 diabolus
2459 1423 2561 1481 est,
2595 1429 2708 1468 non
2737 1410 2994 1479 creando,
3043 1407 3138 1464 sed
3168 1405 3518 1478 decipiendo.
3565 1406 3785 1479 Fugite,

2178 1503 2392 1571 fratres,
2430 1503 2597 1556 talem
2641 1508 2889 1572 patrem;
2944 1498 3135 1570 fugite,
3187 1497 3333 1553 sicut
3371 1493 3648 1567 Propheta
3675 1495 3787 1552 ad-

2179 1597 2364 1646 monet
2385 1611 2398 1659 ;
2423 1590 2501 1644 ait
2518 1587 2668 1644 enim
2691 1606 2701 1643 :
2737 1613 2755 1635 σ
2773 1585 3113 1643 Obliviscere
3131 1582 3399 1655 populum
3421 1590 3601 1649 tuum,
3625 1589 3680 1637 et
3691 1581 3785 1637 do-

2179 1696 2330 1735 mum
2360 1679 2532 1752 patris
2560 1676 2644 1733 tui
2694 1677 2867 1750 (Psal.
2902 1693 3056 1744 xLIv,
3093 1674 3206 1745 11).
3257 1697 3274 1720 ι
3323 1671 3590 1743 Populum
3621 1679 3788 1727 vocat

2180 1770 2315 1826 vitia
2341 1776 2504 1842 atque
2530 1774 2782 1840 peccata:
2817 1765 3045 1822 domum
3081 1781 3148 1820 ve
3160 1780 3224 1820 ro
3266 1761 3442 1819 Patris
3461 1761 3592 1816 dicit
3619 1777 3788 1817 mun-

2100 1831 2146 1893 Β
2177 1860 2332 1928 dum,
2367 1831 2434 1914 iIi
2474 1831 2583 1931 quo
2613 1863 2803 1930 regnat
2857 1855 3134 1911 diabolus.
3184 1854 3282 1909 Ille
3312 1850 3657 1909 obliviscitur
3689 1868 3787 1923 po-

2180 1951 2370 2024 pulum
2393 1965 2578 2016 suum,
2607 1946 2704 2020 qui
2742 1945 3012 2018 relinquit
3038 1944 3177 2000 vitia
3205 1959 3303 1999 sua
3332 1961 3344 1999 :
3377 1949 3430 1997 et
3458 1941 3553 1997 ille
3583 1940 3786 1996 oblivi-

2180 2040 2353 2097 scitur
2379 2039 2605 2094 domum
2638 2036 2814 2092 Patris
2834 2035 2940 2105 sui,
2965 2034 3061 2107 qui
3085 2032 3280 2089 mundi
3313 2030 3479 2103 hujus
3509 2030 3676 2086 falsas
3707 2031 3788 2086 di-

2181 2131 2344 2188 vitias
2365 2130 2690 2197 contemnit,
2727 2147 2822 2201 per
2838 2146 2972 2201 quas
3001 2144 3126 2183 eum
3149 2126 3400 2182 diabolus
3429 2135 3582 2182 tenet
3611 2125 3784 2196 capti-

2181 2240 2332 2279 vum.
2365 2223 2517 2277 Patet
2546 2221 2692 2292 quod
2721 2219 2974 2275 diabolus
3023 2235 3134 2276 non
3186 2217 3374 2289 diligit
3424 2217 3574 2273 ﬁlios
3631 2233 3785 2286 suos,

2182 2311 2277 2368 sed
2327 2311 2481 2377 odit;
2545 2310 2674 2382 quia
2727 2325 2838 2364 non
2876 2317 3043 2377 amat,
3105 2307 3217 2363 nisi
3259 2314 3324 2363 ut
3377 2306 3607 2380 perdat;
3640 2307 3783 2363 sicut

2185 2410 2331 2458 amat
2362 2402 2514 2472 gluto
2542 2400 2868 2472 porcellum,
2903 2405 2966 2453 ut
2995 2396 3268 2455 comedat.

2253 2500 2305 2556 3.
2337 2499 2538 2556 Cavete
2569 2499 2736 2568 (xxII,
2768 2514 2822 2570 q.
2845 2497 2937 2565 55,
2964 2513 3014 2553 c.
3044 2496 3274 2566 Cavete),
3307 2495 3521 2562 fratres,
3558 2491 3783 2548 menda-

2181 2590 2353 2654 cium,
2392 2587 2522 2661 quia
2549 2602 2743 2642 omnes
2770 2586 2866 2658 qui
2897 2592 3082 2641 amant
3126 2582 3474 2644 mendacium
3519 2581 3628 2638 ﬁlii
3655 2592 3786 2640 sunt

2183 2677 2390 2735 diaboli
2419 2695 2432 2745 ;
2467 2677 2560 2750 qui
2592 2693 2703 2732 non
2735 2676 2912 2732 solum
2965 2673 3204 2730 mendax
3233 2681 3334 2742 est,
3375 2671 3469 2728 sed
3517 2673 3688 2728 etiam
3734 2681 3790 2728 et

2184 2778 2338 2842 pater
2357 2777 2410 2824 et
2431 2767 2691 2823 inventor
2719 2764 2893 2838 ipsius
2934 2763 3215 2820 mendacii
3245 2769 3359 2819 est:
3392 2762 3573 2818 omnis
3601 2761 3793 2817 simu—

2187 2859 2340 2926 latio,
2371 2865 2424 2914 et
2452 2857 2632 2912 omnis
2657 2855 2953 2928 duplicitas
2980 2853 3330 2910 mendacium
3360 2860 3470 2908 est:
3506 2868 3637 2924 ergo
3675 2869 3788 2909 non

2186 2950 2365 3004 solum
2395 2948 2453 3003 in
2485 2948 2635 3003 falsis
2662 2944 2866 3013 verbis,
2897 2943 2993 3001 sed
3021 2945 3184 3000 etiam
3215 2942 3272 2997 in
3293 2941 3572 2999 simulatis
3601 2944 3791 3014 operi-

2185 3037 2289 3093 bus
2319 3037 2670 3093 mendacium
2709 3033 3117 3106 comprobatur.
3159 3029 3356 3090 Menda
3369 3029 3518 3087 cium
3549 3045 3794 3102 namque

2186 3135 2270 3183 est
2295 3127 2659 3184 christianum
2708 3142 2762 3181 se
2813 3123 3016 3193 dicere,
3040 3132 3093 3179 et
3122 3138 3287 3195 Opera
3315 3119 3537 3191 LChristi
3570 3135 3684 3174 non
3716 3119 3794 3176 fa-

2185 3233 2343 3274 cere:
2389 3215 2737 3271 mendacium
2767 3221 2849 3270 est
2896 3212 3246 3270 sacerdotem
3302 3211 3389 3266 vel
3438 3209 3707 3266 clericum
3737 3226 3796 3266 se

2183 3306 2451 3380 proﬁteri,
2475 3314 2529 3362 et
2553 3304 2829 3363 contraria
2859 3303 2993 3360 huic
3038 3301 3226 3359 ordini
3257 3300 3492 3373 operari.
3527 3299 3795 3355 Pertime-

2185 3397 2387 3454 scenda
2414 3404 2544 3452 sunt
2574 3395 2710 3463 haec,
2735 3394 2865 3467 quia
2880 3392 3050 3449 verba
3066 3392 3170 3448 Dei
3194 3398 3358 3458 sunt;
3383 3389 3461 3446 ait
3489 3389 3644 3445 enim
3666 3388 3794 3444 Pro-

2185 3487 2369 3561 pheta,
2393 3487 2612 3543 dicens:
2652 3510 2669 3532 ‹
2687 3485 2884 3540 Perdes
2916 3499 3118 3539 omnes
3139 3482 3234 3555 qui
3255 3477 3794 3554 loquunturmenda.

2186 3578 2335 3634 cium
2368 3577 2543 3648 (Psal.
2574 3593 2631 3644 v,
2666 3576 2743 3647 7).
2780 3598 2798 3622 ι
2843 3574 3188 3647 Quapropter
3235 3570 3486 3638 transite,
3517 3569 3736 3636 fratres,
3762 3584 3795 3623 a

2189 3666 2476 3722 mendacio
2491 3664 2559 3720 ad
2581 3664 2888 3732 veritatem,
2904 3663 2950 3719 si
2969 3679 3080 3718 non
3092 3660 3263 3718 vultis
3281 3659 3486 3715 habere
3503 3657 3792 3714 diabolum

2190 3764 2420 3828 patrem.
2445 3756 2582 3810 Nam
2611 3753 2759 3826 quod
2780 3753 2914 3810 alibi
2930 3753 3157 3824 legitur:
3192 3777 3210 3800 ι
3233 3749 3426 3806 Omnis
3446 3749 3617 3804 homo
3643 3764 3794 3803 men-

2191 3845 2298 3902 dax
2324 3845 2508 3920 ((Psat.
2541 3860 2671 3912 cxv,
2701 3842 2846 3914 11),›
2883 3838 3306 3911 intelligendum
3330 3847 3412 3895 est
3439 3838 3500 3893 in
3521 3845 3790 3910 quantum

2191 3932 2444 4003 homo,in
2463 3941 2727 4005 quantum
2745 3929 3119 3998 carnalis,non
3136 3929 3194 3984 in
3216 3934 3484 4002 quantum
3502 3925 3788 3998 spiritalis.

2265 4041 2318 4099 4.
2362 4042 2611 4115 Denique
2640 4047 2827 4098 monet
2853 4056 2953 4095 vos
2983 4039 3297 4111 evangelica
3347 4036 3536 4101 lectio,
3580 4043 3642 4090 ut
3688 4050 3795 4106 pa-

2192 4133 2393 4189 tientes
2447 4131 2588 4187 sitis.
2648 4132 2788 4188 Ecce
2833 4147 2959 4186 cum
2991 4129 3165 4184 multa
3194 4127 3444 4183 convicia
3473 4125 3797 4182 Dominusa

2195 4221 2399 4279 Judasis
2435 4222 2699 4290 audisset,
2730 4221 3003 4293 patienter
3031 4235 3123 4274 eos
3156 4218 3415 4274 toleravit
3440 4235 3454 4285 ;
3485 4226 3541 4274 et
3571 4217 3796 4289 patien-

2197 4319 2281 4367 ter
2321 4311 2586 4384 portavit,
2627 4309 2900 4383 patienter
2923 4309 3169 4365 sustulit.
3201 4309 3273 4363 Et
3301 4308 3346 4363 si
3387 4305 3660 4364 Dominus
3689 4321 3799 4377 pa-

2197 4401 2449 4458 tientiam
2490 4401 2686 4458 habuit
2735 4401 2880 4457 inter
2908 4401 3078 4457 verba
3122 4397 3500 4470 blasphemiae,
3539 4397 3638 4468 qui
3668 4411 3799 4452 suos

2199 4491 2454 4550 inimicos
2477 4509 2588 4548 uno
2627 4492 2796 4548 verbo
2831 4498 3042 4564 poterat
3073 4491 3128 4546 in
3168 4490 3428 4562 abyssum
3457 4487 3796 4559 demergere,

2199 4598 2364 4654 quare
2424 4582 2611 4638 miseri
2660 4580 2932 4648 homines,
2974 4579 3124 4652 pleni
3154 4579 3414 4651 peccatis,
3446 4593 3556 4632 non
3591 4574 3800 4631 habent

2198 4670 2539 4742 patientiam,
2597 4669 2817 4742 quando
2874 4669 3013 4726 dura
3041 4667 3296 4735 audiunt,
3330 4665 3416 4724 vel
3445 4663 3668 4739 quando
3697 4680 3800 4738 pro

2197 4759 2312 4815 suis
2350 4758 2739 4832 iniquitatibus
2767 4757 3121 4830 corriguntur
3145 4757 3173 4813 Ῡ

2268 4868 2323 4924 5.
2376 4866 2592 4935 Videte,
2638 4866 2854 4934 fratres,
2903 4881 2971 4920 ne
3001 4881 3098 4936 per
3126 4879 3290 4936 opera
3318 4862 3408 4918 vel
3435 4857 3803 4932 cogitationes

2199 4957 2368 5013 malas
2423 4955 2678 5029 lapidetis
2723 4957 2928 5023 Jesum,
2994 4953 3251 5025 lapidetis
3297 4951 3641 5008 Salvatorem
3673 4965 3800 5005 cum

2199 5047 2404 5104 Iudaeis
2441 5046 2763 5115 incredulis,
2794 5045 2862 5101 de
2889 5043 3093 5118 quibus
3122 5042 3287 5098 hodie
3316 5040 3525 5096 dicitur
3555 5057 3566 5094 :
3609 5039 3800 5094 «Tule-

2200 5146 2330 5194 runt
2359 5154 2484 5210 ergo
2516 5136 2721 5210 lapides
2749 5133 2944 5202 Judaei,
2984 5142 3048 5189 ut
3069 5131 3318 5204 jacerent
3366 5130 3425 5185 in
3454 5143 3582 5184 eum
3615 5128 3800 5200 (Joan.

2200 5245 2324 5297 VIII,
2376 5226 2494 5298 59).
2547 5249 2565 5273 ι
2609 5226 2770 5280 Forte
2807 5222 3030 5280 dicitis:
3082 5221 3286 5278 Malum
3319 5219 3570 5275 fecerunt
3598 5215 3801 5285 Judaei,

2202 5316 2298 5389 qui
2343 5332 2467 5373 eum
2501 5314 2741 5387 lapidare
2767 5313 3082 5380 voluerunt,
3129 5319 3183 5367 et
3212 5309 3308 5383 qui
3337 5324 3462 5364 eum
3493 5304 3806 5362 crucifixe—

2202 5414 2352 5462 runt.
2394 5405 2600 5462 Scitote
2659 5413 2714 5460 et
2755 5403 2988 5460 ﬁrmiter
3042 5400 3250 5459 credite
3289 5400 3418 5474 quia
3443 5398 3548 5453 hoc
3591 5397 3806 5454 faciunt

2205 5495 2507 5553 Christiani
2527 5494 2692 5552 hodie
2721 5495 2862 5550 male
2888 5493 3156 5560 viventes,
3189 5506 3253 5547 eo
3291 5487 3437 5562 quod
3469 5496 3604 5544 tunc
3639 5485 3803 5543 Chri-

2204 5594 2350 5643 stum
2407 5585 2562 5642 vitiis
2619 5591 3042 5659 persequuntur.
3107 5579 3255 5650 Quid
3305 5577 3452 5636 enim
3510 5584 3595 5632 est
3623 5577 3802 5643 Iesus,

2205 5679 2312 5736 nisi
2341 5679 2566 5748 veritas,
2604 5687 2660 5737 et
2683 5695 2814 5752 pax,
2843 5685 2898 5735 et
2907 5673 3126 5750 justitia
3155 5673 3348 5745 <iErgo
3379 5669 3475 5746 qui
3512 5685 3614 5742 pro
3643 5666 3802 5724 falsi-
