4068 6188
255 351 358 411 689

1070 344 1438 405 SERMONES
1476 347 1533 403 S.
1573 343 1929 402 AMBROSIO
1969 293 2340 403 HAC’llENUS
2378 342 2716 401 ASCRIPTI.

3447 344 3554 403 690

256 485 362 533 tate
394 474 656 549 relinquit
698 472 1008 540 veritatem,
1037 478 1092 528 et
1117 488 1215 544 pro
1240 471 1542 544 cupiditate
1569 469 1843 542 dirumpit
1873 471 1924 530 A
1951 468 2242 548 Sumamus
2269 475 2323 522 et
2348 483 2527 523 ramos
2559 468 2887 539 palmarum,
2935 475 2998 524 ut
3027 483 3126 539 pro
3160 467 3553 527 misericordia

251 564 599 632 charitatem,
640 570 695 620 et
742 560 860 617 odit
896 577 1108 633 pacem,
1152 567 1206 616 et
1247 577 1346 632 pro
1393 559 1578 632 aliquo
1621 556 1849 632 praemio

250 654 493 710 occultat
508 652 815 724 justitiam;
849 649 993 706 nihil
1021 648 1174 704 aliud
1205 649 1381 705 facere
1410 648 1649 718 videtur,
1685 663 1848 721 quam

250 742 518 815 lapidare,
549 749 603 796 et
639 739 980 812 cruciﬁgere,
1012 747 1066 794 et
1094 738 1342 795 occidere
1373 737 1654 794 Christum
1679 754 1694 805 ;
1723 737 1851 810 quia

248 829 424 905 ipsius
456 833 602 889 dona
628 830 935 903 exstinguit
961 829 1019 884 in
1045 828 1245 901 seipso.

317 923 370 979 6.
403 923 450 979 Ο
477 940 640 996 quam
672 922 830 996 pauci
864 928 995 977 sunt
1023 920 1079 976 in
1109 929 1262 977 tanta
1291 918 1652 975 multitudine
1677 916 1851 974 Chri-

245 1011 578 1080 stianorum,
608 1012 702 1084 qui
729 1012 913 1067 Jesum
944 1026 1055 1065 non
1082 1016 1498 1082 persequantur,
1517 1017 1570 1064 et
1584 1006 1845 1079 lapident,

243 1110 299 1158 et
327 1102 589 1160 occidant
613 1103 624 1156 l
669 1102 774 1158 Sed
804 1117 886 1156 vae
921 1099 1062 1155 illisl
1105 1099 1234 1173 quia
1260 1100 1415 1154 Jesus
1442 1095 1729 1153 abscondit
1752 1112 1848 1151 no-

244 1191 431 1247 titiam
464 1208 616 1248 suam
647 1191 874 1259 talibus,
897 1197 953 1246 et
984 1191 1102 1245 exit
1130 1189 1197 1244 de
1224 1189 1432 1259 templo
1463 1186 1716 1242 cordium
1744 1202 1848 1242 eo-

244 1297 395 1349 rum,
429 1290 484 1337 et
513 1281 830 1338 manifestat
859 1296 914 1335 se
945 1277 1284 1334 amatoribus
1313 1276 1451 1343 suis,
1484 1283 1536 1331 et
1559 1275 1771 1331 habitat
1789 1276 1848 1332 in

244 1370 380 1440 illis,
423 1373 569 1428 sicut
606 1373 720 1444 ipse
749 1371 1002 1427 dilectori
1042 1386 1140 1426 suo
1187 1368 1419 1424 inferius
1447 1373 1593 1430 433
1624 1368 1846 1440 pollice-

244 1475 358 1536 tur,
390 1467 614 1525 dicens:
681 1493 699 1516 ‹
728 1469 844 1540 Ego
890 1475 944 1523 et
987 1469 1147 1524 Pater
1183 1466 1253 1522 ad
1281 1483 1406 1522 eum
1447 1465 1753 1533 veniemus,
1793 1473 1848 1522 et

246 1558 592 1615 mansionem
622 1557 768 1630 apud
797 1574 922 1613 eum
947 1557 1212 1614 faciemus
1238 1557 1420 1629 (Joan.
1443 1573 1562 1624 xiv,
1593 1556 1710 1628 23).
1743 1580 1760 1603 ι

317 1648 368 1703 7.
403 1647 547 1715 Quia
576 1647 837 1703 nolumus
883 1664 1004 1714 vos,
1047 1647 1263 1714 fratres,
1308 1661 1530 1717 gravare
1567 1645 1742 1700 multa
1772 1645 1846 1700 lo-

245 1738 489 1812 quendo,
541 1754 761 1794 oramus
802 1755 870 1794 ne
916 1737 1040 1794 sitis
1071 1737 1138 1794 de
1185 1739 1408 1793 illorum
1455 1754 1706 1806 numero,
1752 1736 1846 1809 qui

1957 559 2103 614 bono
2140 573 2252 612 non
2281 565 2498 614 terrena
2525 557 2942 628 delectamenta,
2973 558 3068 615 sed
3087 575 3334 630 superna:
3359 560 3552 632 patria;

1957 648 2430 722 pulchritudinem
2487 656 2888 720 exspectemus,
2945 666 3056 722 quo
3109 666 3212 705 nos
3273 651 3552 723 praecessit

1957 739 2210 795 Christus
2237 737 2507 794 Dominus
2534 746 2740 806 noster,
2758 739 2852 812 qui
2869 746 2971 807 est,
2995 738 3159 810 juxta
3184 739 3549 812 Apostolum,

1957 830 2086 886 ﬁnis
2115 829 2249 902 legis
2277 828 2345 884 ad
2371 830 2647 901 justitiam
2677 830 2830 886 omni
2859 831 3103 887 credenti
3151 832 3330 904 (Rom.
3374 849 3431 900 x,
3463 833 3545 905 4).

2029 920 2081 976 3.
2123 922 2232 977 Nec
2285 921 2728 992 praetereundum
2779 929 2861 976 est
2916 937 2948 975 a
2998 920 3192 992 psalmi
3251 922 3546 991 versiculo,

1956 1025 2119 1082 quem
2150 1026 2444 1066 occurrens
2495 1010 2656 1065 turba
2680 1010 2918 1065 Domino
2961 1009 3285 1066 decantabat
3319 1030 3330 1066 :
3379 1035 3397 1058 ‹
3429 1013 3551 1069 Ho-

1957 1115 2126 1154 sanna
2153 1098 2272 1154 ﬁlio
2299 1097 2478 1154 David
2505 1116 2517 1163 ;
2547 1097 2870 1154 benedictus
2899 1099 2997 1170 qui
3031 1099 3185 1155 venit
3213 1100 3271 1154 in
3319 1101 3549 1158 nomine

1955 1187 2207 1243 Domini:
2231 1187 2476 1242 hosanna
2505 1187 2562 1241 in
2579 1186 2811 1242 excelsis
2843 1187 3000 1257 (Psal
3038 1204 3210 1256 cxvn,
3233 1189 3331 1255 26;
3357 1191 3544 1249 Matth.

1955 1293 2078 1341 xxi,
2113 1278 2170 1347 9)
2203 1302 2220 1325 ι
2261 1277 2549 1332 Adventus
2582 1275 2730 1331 enim
2768 1275 3016 1343 Domini,
3048 1276 3274 1348 ejusque
3299 1278 3548 1335 incarna-

1952 1366 2032 1422 tio
2060 1383 2170 1421 non
2193 1368 2371 1422 solum
2398 1366 2688 1422 hominum
2711 1367 2859 1422 salus
2884 1365 2992 1421 fuit
3022 1366 3078 1422 in
3095 1367 3368 1434 terra,sed
3381 1369 3546 1426 etiam

1955 1457 2272 1528 angelorum
2302 1456 2361 1510 in
2381 1457 2520 1512 caelo
2545 1473 2558 1522 ;
2582 1456 2711 1529 quia
2739 1455 2870 1511 dum
2902 1455 3154 1513 homines
3182 1457 3240 1512 in
3271 1464 3413 1512 terra
3431 1459 3552 1515 sal-

1955 1553 2176 1612 vantur,
2198 1544 2520 1616 angelorum
2542 1560 2804 1600 numerus
2819 1544 2915 1617 qui
2935 1543 3158 1602 diabolo
3173 1544 3425 1615 cadente,
3447 1547 3547 1602 mi-

1955 1640 2180 1689 noratus
2205 1633 2403 1700 fuerat,
2437 1633 2744 1705 integratur
2763 1633 2821 1688 in
2841 1636 3001 1690 coelo.
3041 1635 3328 1690 «Hosanna
3346 1651 3473 1707 ergo
3490 1636 3548 1692 in

1955 1726 2186 1782 excelsis
2209 1750 2226 1772 ι
2261 1727 2604 1782 tantumdem
2637 1734 2736 1794 est,
2759 1733 3020 1798 tanquam
3041 1727 3088 1782 si
3106 1727 3353 1784 dicatur:
3388 1729 3550 1787 Salva

243 1827 430 1884 Iesum
456 1827 702 1900 lapidare
732 1825 1064 1884 voluerunt:
1103 1828 1198 1884 sed
1228 1845 1354 1884 cum
1384 1828 1498 1884 illis
1528 1829 1711 1900 potius
1735 1826 1846 1881 ha-
1875 1835 1923 1896 Β
1958 1833 2078 1886 n08,
2111 1817 2204 1891 qui
2233 1817 2399 1874 etiam
2431 1834 2489 1873 88
2520 1818 2668 1873 salus
2693 1817 2751 1872 in
2781 1817 2953 1872 οωιὶδι
2981 1818 3052 1872 Et
3073 1818 3168 1891 qui
3196 1836 3323 1874 cum
3355 1836 3550 1892 magna

242 1917 422 1974 beatis
450 1926 687 1991 partem,
723 1916 820 1990 qui
846 1933 1010 1989 super
1040 1917 1234 2000 omnia
1261 1917 1419 1972 illum
1446 1917 1700 1985 amando,
1732 1916 1851 1988 ejus

243 2007 482 2079 gratiam
520 2007 578 2062 in
629 2005 744 2062 suis
789 2005 1050 2063 cordibus
1093 2013 1478 2078 susceperunt.
1527 2005 1684 2072 Quod
1736 2004 1850 2077 ipse

247 2096 412 2152 vobis
441 2097 726 2165 concedat,
757 2095 852 2170 qui
883 2095 1026 2152 vivit
1059 2103 1114 2154 et
1140 2104 1331 2170 regnat
1356 2095 1416 2152 in
1444 2096 1644 2154 saecula
1670 2111 1852 2152 saecu-

244 2185 452 2253 lorum,
483 2201 662 2241 amen.

808 2310 1043 2368 SERMO
1077 2309 1286 2367 XXXI.

595 2409 674 2464 De
703 2416 892 2464 sancta
919 2407 1343 2480 Quadragesima
1371 2408 1495 2466 XV.

245 2518 308 2572 In
337 2517 432 2572 hoc
465 2531 722 2583 sermone,
770 2515 864 2586 qui
888 2515 947 2569 in
987 2515 1111 2570 edit.
1143 2517 1296 2573 Rom.
1323 2515 1560 2586 primum
1606 2517 1849 2586 vulgatus

315 2595 408 2668 est,
440 2587 763 2668 supplicatio
787 2589 845 2641 in
877 2587 1160 2668 Dominica
1183 2587 1652 2668 Palmarumﬁeri
1690 2587 1850 2668 solita

315 2658 658 2714 describitur.
713 2660 966 2726 Quamvis
1015 2665 1189 2713 autem
1239 2659 1703 2714 ecclesiasticorum
1758 2658 1850 2712 ri-

316 2736 470 2786 tuum
501 2731 895 2802 investigatores
941 2730 1100 2800 hujus
1128 2731 1438 2785 mentionem
1482 2731 1626 2802 apud
1673 2731 1847 2800 Cyril-

311 2803 421 2857 lum
472 2803 735 2858 Hierosol.
791 2803 945 2858 Cath.
1014 2802 1080 2858 10
1118 2802 1317 2873 factam
1355 2803 1643 2869 observent,
1692 2803 1849 2856 illum

311 2879 486 2929 tamen
541 2875 598 2928 in
649 2875 884 2930 Ecclesia
943 2875 1144 2930 Lati-na
1203 2881 1308 2928 tam
1354 2874 1635 2942 antiquum
1682 2873 1849 2941 fuisse

309 2962 574 3017 nusquam
631 2946 921 3017 reperiunt.
983 2947 1174 3002 Verum
1212 2945 1474 3017 quidquid
1535 2944 1614 3017 sit
1658 2943 1718 2996 de
1752 2945 1848 2997 hac

309 3014 644 3083 ccerémonia,
677 3014 1026 3085 manifestum
1057 3023 1129 3070 est
1158 3015 1560 3069 conciunculam
1597 3014 1731 3068 hanc
1761 3031 1840 3068 nt-

310 3088 388 3144 hil
417 3090 627 3154 habere,
657 3089 798 3159 quod
831 3105 946 3144 eam
972 3089 1160 3158 aliqua
1192 3103 1310 3140 cum
1335 3085 1544 3141 ratione
1565 3085 1847 3141 Ambrosio

311 3168 538 3217 asserat.

315 3282 366 3337 1.
397 3280 670 3337 Veniente
698 3279 938 3336 Domino
976 3287 1168 3336 nostro
1216 3279 1342 3336 Iesu
1385 3277 1606 3337 Christo
1651 3278 1719 3336 ad
1753 3296 1839 3334 ur-

239 3369 368 3426 bem
398 3369 698 3425 Jerusalem
731 3377 857 3424 ante
887 3385 984 3424 sex
1027 3369 1143 3424 dies
1191 3368 1460 3440 passionis
1503 3386 1634 3437 suae,
1681 3368 1843 3424 turba

243 3458 422 3513 multa
452 3476 571 3532 quae
611 3467 940 3515 convenerat
971 3458 1388 3531 Hierosolymis,
1430 3466 1493 3514 ut
1537 3458 1839 3515 secundum

244 3557 574 3621 praeceptum
622 3549 797 3621 Moysi
847 3549 1045 3620 pascha
1092 3548 1408 3618 celebraret,
1444 3547 1718 3620 accipiens
1758 3563 1840 3603 ra-

243 3652 362 3692 mos
393 3638 724 3709 palmarum,
769 3639 1009 3694 occurrit
1049 3637 1133 3692 illi
1163 3637 1406 3706 obviam,
1439 3647 1500 3694 ut
1530 3637 1588 3692 in
1617 3639 1840 3709 psalmis

244 3724 533 3782 victoriam
564 3727 771 3784 Christi
802 3727 1154 3784 ostenderent
1181 3729 1333 3784 velut
1362 3729 1566 3784 terreni
1595 3727 1737 3801 regis
1778 3727 1838 3783 in

245 3816 448 3886 populo
499 3817 702 3884 Israel;
735 3817 1075 3874 consuetudo
1118 3816 1264 3872 enim
1305 3826 1386 3873 est
1430 3825 1490 3875 ut
1530 3818 1839 3875 victoribus

244 3904 421 3975 palma
452 3905 728 3962 offeratur.
762 3905 875 3961 Alii
905 3913 1087 3961 autem
1118 3905 1183 3961 de
1205 3905 1390 3961 eadem
1419 3907 1580 3963 turba
1619 3933 1637 3956 ε
1658 3925 1840 3964 ramos

243 3993 526 4049 caedebant
569 3993 637 4050 de
665 3993 957 4050 arboribus
991 3995 1208 4066 (Matth.
1249 4012 1369 4063 xxr,
1420 3996 1501 4068 8),
1535 4022 1553 4044 ι
1599 3998 1840 4052 maxime

245 4081 539 4150 olivarum,
585 4081 717 4156 quia
749 4082 805 4136 in
853 4089 1040 4137 monte
1078 4083 1282 4139 Oliveti
1323 4100 1410 4139 res
1440 4085 1734 4156 agebatur;
1787 4094 1840 4142 et

246 4185 332 4225 eos
357 4171 677 4242 portabant,
694 4179 757 4227 ut
779 4171 877 4227 ubi
908 4179 1278 4243 opportunum
1294 4181 1434 4227 esset
1461 4173 1706 4228 venienti
1735 4175 1839 4230 Do-

246 4261 393 4319 mino
430 4264 659 4334 planum
711 4269 1017 4317 sternerent
1069 4261 1193 4317 iter.
1229 4263 1370 4319 Hinc
1404 4262 1687 4320 descendit
1715 4282 1841 4321 con-

247 4351 482 4408 suetudo
520 4349 801 4406 hodiernae
843 4349 1182 4418 festivitatis,
1231 4359 1293 4405 ut
1321 4351 1632 4422 psallentes,
1664 4371 1844 4412 ramos

249 4441 553 4511 palmarum
569 4441 686 4497 sive
700 4441 972 4498 olivarum
990 4449 1268 4514 portemus
1285 4441 1342 4498 in
1356 4444 1842 4501 manibus:eteam-

1957 1908 2250 1964 devotione
2275 1909 2504 1964 salutem
2537 1907 2694 1964 istam
2714 1915 3094 1980 poposcerant,
3127 1907 3552 1980 duplicaverunt

1957 2014 2172 2066 vocem,
2203 2005 2264 2051 ut
2292 1998 2491 2053 iterum
2513 1997 2792 2054 dicerent:
2842 2020 2860 2044 ‹
2886 1997 3142 2053 Hosanna
3171 1998 3230 2054 in
3261 2000 3536 2055 excelsis.»

2031 2088 2082 2143 4.
2125 2087 2211 2143 Ad
2241 2087 2385 2142 hanc
2415 2087 2585 2158 igitur
2615 2087 2847 2142 salutem
2878 2086 3170 2158 pervenire
3216 2087 3374 2144 vobis
3404 2105 3550 2145 con-

1958 2177 2116 2235 cedat
2178 2177 2503 2233 benedictus
2561 2176 2831 2232 Dominus
2883 2183 3068 2232 noster
3119 2175 3393 2247 Christus,
3454 2177 3550 2250 qui

1958 2270 2112 2325 venit
2142 2269 2200 2324 in
2230 2268 2456 2324 nomine
2483 2267 2580 2323 Dei
2611 2267 2802 2340 patris,
2830 2283 2954 2322 cum
2977 2283 3087 2340 quo
3109 2266 3253 2323 vivit
3281 2276 3336 2325 et
3363 2276 3553 2341 regnat

1956 2360 2101 2416 Deus
2129 2375 2227 2431 per
2254 2357 2442 2414 omnia
2473 2359 2676 2414 saecula
2703 2357 3056 2426 saeculorum,
3081 2372 3266 2417 amen.

2501 2506 2734 2564 SERMO
2775 2504 3009 2563 XXXII.

2288 2607 2367 2661 De
2400 2613 2588 2662 sancta
2615 2605 3042 2676 Quadragesima
3071 2604 3222 2662 XVI.

1959 2713 2056 2768 Hic
2082 2729 2250 2767 sermo
2279 2713 2436 2767 etiam
2486 2711 2704 2765 editioni
2745 2713 2897 2766 Rom.
2935 2711 3100 2778 debet,
3133 2711 3275 2780 quod
3302 2710 3360 2766 in
3387 2713 3556 2766 lucem

2027 2785 2244 2838 emissus
2269 2784 2396 2849 fuit.
2433 2781 2533 2836 Sed
2570 2782 2663 2836 vix
2717 2781 2859 2835 alius
2903 2780 3073 2850 pejora
3113 2781 3240 2848 jure
3273 2783 3555 2837 Ambrosio

2025 2860 2204 2910 nostro
2232 2853 2404 2922 potuit
2431 2853 2647 2921 ascribi,
2680 2869 2797 2906 cum
2826 2853 2960 2907 nihil
3007 2853 3186 2922 sapiat
3243 2853 3552 2908 Ambrosia-

2026 2871 2204 2910 noslro
2234 2879 2239 2886 μ
2271 2871 2404 2907 omit
2431 2871 2647 2921 ascrwz,
2680 2871 2797 2906 cum
2826 2871 2960 2907 ηιηιι
3007 2871 3186 2922 sapiat
3243 2871 3552 2908 Ame‘OSta-

2026 2943 2175 2980 num.
2212 2871 2352 2992 ἅιὶη
2404 2925 2508 2980 imo
2539 2941 2629 2978 nec
2657 2923 2885 2994 ejusdem
2914 2925 3149 2979 auctor-is
3178 2924 3389 2979 videtur
3427 2942 3554 2994 esse,

2027 2999 2180 3068 cujus
2208 3003 2281 3051 est
2328 2997 2592 3068 superior,
2624 2996 2880 3066 siquidem
2917 2997 3030 3050 illic
3059 3015 3095 3068 a
3117 2996 3396 3052 Dominica
3428 2998 3552 3052 Pal-

2025 3085 2239 3125 marum
2266 3085 2428 3138 usque
2450 3139 2453 3140 ν
2476 3069 2547 3123 ad
2576 3069 2876 3140 passionem
2903 3084 2996 3122 sea:
3041 3067 3150 3124 dies
3177 3075 3552 3135 numerantur,

2025 3141 2108 3196 hic
2133 3147 2336 3210 tantum
2364 3139 2614 3210 qui-nque.

2029 3278 2079 3332 1.
2107 3276 2279 3332 Video
2309 3293 2427 3345 vos,
2457 3275 2672 3344 fratres,
2703 3273 2870 3330 hodie
2899 3274 3161 3330 attentius
3211 3291 3374 3348 quam
3411 3275 3551 3330 sole-

1952 3367 2048 3435 tis,
2069 3367 2139 3423 ad
2165 3366 2451 3423 ecclesiam
2477 3364 2818 3432 convenisse,
2849 3372 2902 3420 et
2932 3381 3111 3419 ramos
3138 3365 3395 3420 arborum
3426 3381 3553 3420 cum

1954 3457 2148 3513 laetitia
2199 3463 2464 3528 portasse.
2525 3459 2676 3517 434
2703 3455 2808 3511 Sed
2864 3453 2998 3525 quid
3053 3451 3273 3524 prodest
3327 3453 3441 3509 illis
3498 3451 3554 3508 id

1951 3570 2128 3626 agere,
2161 3555 2256 3627 qui
2314 3553 2569 3612 nesciunt
2612 3569 2713 3610 cur
2741 3551 2799 3608 id
2853 3550 3078 3618 faciant,
3132 3551 3221 3605 vel
3269 3549 3404 3623 quid
3453 3549 3557 3604 ista

1951 3643 2308 3716 signiﬁcent?
2337 3644 2486 3700 Scire
2513 3642 2726 3698 debetis
2756 3641 2886 3714 quia
2920 3640 3065 3697 sicut
3099 3641 3300 3696 lectum
3343 3647 3425 3695 est
3456 3638 3552 3693 ho-

1951 3733 2060 3802 die,
2090 3751 2210 3807 quae
2257 3743 2338 3790 est
2367 3732 2561 3806 quinta
2600 3731 2717 3788 dies
2769 3740 2895 3787 ante
2929 3730 3269 3803 passionem,
3301 3729 3555 3786 Salvator

1950 3833 2135 3880 noster
2167 3825 2226 3879 in
2254 3831 2442 3880 monte
2472 3823 2677 3880 Oliveti
2727 3822 2867 3879 sedit
2914 3838 3076 3894 super
3120 3820 3352 3888 asinam,
3385 3827 3447 3874 ut
3472 3819 3554 3873 in'

1949 3923 2118 3972 traret
2145 3915 2584 3988 Hierosolymam
2617 3914 2829 3986 (Matth.
2884 3929 3006 3981 XXI,
3043 3912 3099 3983 7)
3130 3929 3141 3966 :
3197 3918 3251 3966 et
3300 3926 3427 3966 cum
3459 3903 3555 3964 au"

1951 4005 2120 4062 disset
2139 4005 2299 4061 turba
2328 4005 2474 4078 quod
2503 4006 2657 4061 Jesus
2688 4002 2905 4058 veniret
2935 4001 3395 4071 Hierosolymam,
3423 4014 3550 4069 pro-

1951 4103 2232 4153 cesserunt
2261 4095 2311 4151 ei
2339 4095 2558 4151 obviam
2591 4112 2716 4152 cum
2748 4092 2917 4150 ramis
2957 4092 3264 4165 palmarum
3295 4105 3306 4141 :
3340 4094 3394 4142 et
3422 4103 3549 4142 cum

1948 4183 2061 4255 jam
2093 4184 2557 4258 appropinquaret
2606 4184 2674 4239 ad
2703 4184 3028 4240 descensum
3087 4176 3290 4232 montis
3319 4174 3548 4242 Oliveti,

1953 4281 2235 4345 coeperunt
2262 4272 2438 4328 turbae
2467 4271 2916 4327 descendentium
2953 4265 3252 4341 gaudentes
3274 4279 3406 4320 voce
3437 4279 3546 4319 ma-

1957 4379 2062 4436 gna
2080 4363 2305 4418 laudare
2334 4364 2530 4417 Deum.

2035 4451 2087 4507 2.
2128 4452 2231 4506 Per
2261 4450 2363 4505 hos
2387 4449 2610 4521 quidem
2642 4445 2887 4520 quinque
2934 4444 3072 4512 dies,
3126 4443 3182 4499 id
3213 4450 3313 4511 est,
3343 4440 3410 4498 ab
3441 4441 3546 4498 isto

249 4529 365 4589 dem
392 4533 757 4590 festivitatem
779 4535 1088 4590 Palmamm
1104 4535 1219 4590 sive
1232 4535 1502 4591 olivarum
1517 4537 1842 4594 vocitemus.
1877 4556 1926 4615 D
1959 4557 2132 4614 usque
2179 4539 2247 4596 ad
2279 4554 2563 4611 vesperum
2593 4537 2800 4610 quintae
2830 4534 3002 4603 feriae,
3045 4533 3263 4608 quando
3292 4540 3415 4606 post
3441 4549 3544 4588 coe-

314 4624 365 4680 2.
418 4624 528 4682 Sed
558 4641 670 4681 non
701 4624 905 4698 absque
952 4641 1150 4698 magno
1174 4633 1516 4683 sacramento
1545 4627 1684 4683 rami
1724 4629 1847 4684 ista-

251 4725 364 4768 rum
397 4713 662 4770 arborum
693 4713 983 4782 feruntur;
1019 4715 1166 4771 oliva
1211 4716 1381 4784 enim,
1409 4717 1538 4789 quia
1575 4719 1756 4773 oleum
1787 4727 1850 4775 ut

251 4803 492 4859 solamen
548 4803 802 4860 dolorum
844 4813 1008 4876 atque
1042 4805 1291 4861 laborum
1345 4814 1526 4878 portat
1555 4807 1612 4862 in
1661 4808 1848 4864 fructu

255 4888 392 4958 (oleo
427 4891 580 4947 enim
612 4891 744 4964 quia
789 4901 844 4948 et
891 4893 1120 4948 vulnera
1165 4903 1452 4963 curantur,
1483 4903 1537 4951 et
1565 4904 1728 4953 aestus
1775 4899 1846 4953 le-

254 4983 461 5054 vatur),
511 4997 675 5054 opera
705 4981 1065 5054 designantur
1111 4983 1540 5051 misericordiae;
1575 4985 1844 5058 siquidem

254 5074 304 5121 et
349 5070 470 5144 ipsa
511 5069 894 5127 misericordia
940 5071 1125 5128 Graece
1174 5072 1380 5127 dicitur
1423 5075 1600 5140 haec:
1653 5077 1846 5147 palmae

256 5174 431 5224 autem
463 5167 623 5224 radix
653 5184 842 5242 aspera
873 5176 975 5237 est,
1016 5170 1110 5226 sed
1139 5170 1373 5225 nitorem
1408 5169 1712 5227 maximum
1745 5173 1844 5228 ha-

257 5251 340 5312 bet
384 5261 446 5315 in
475 5259 604 5328 ﬁne,
655 5260 950 5316 ostendens
983 5277 1079 5332 per
1125 5260 1291 5334 hujus
1327 5263 1457 5320 vitae
1499 5264 1845 5338 asperitatem

262 5340 314 5398 in
358 5348 611 5404 decorem
669 5349 908 5406 caelestis
963 5349 1151 5421 patriae
1209 5367 1308 5406 nos
1355 5351 1552 5408 debere
1605 5352 1843 5409 sustolli.

261 5429 406 5490 Unde
452 5445 514 5493 et
542 5437 723 5494 David
769 5437 1039 5511 propheta
1100 5440 1550 5510 psalmographus
1595 5441 1663 5496 de
1698 5441 1848 5513 justo

262 5521 374 5580 viro
414 5527 594 5584 canit:
665 5553 683 5575 ‹
710 5529 898 5585 Justus
927 5535 988 5584 ut
1035 5528 1218 5600 palma
1256 5528 1473 5585 ﬂorebit
1507 5529 1680 5602 (Psal.
1733 5548 1844 5600 xei,

266 5608 372 5682 l3).
403 5641 420 5663 ι
485 5618 686 5675 Remos
739 5634 866 5690 ergo
912 5617 1074 5673 olivae
1125 5626 1407 5690 portemus
1463 5617 1521 5674 in
1569 5619 1846 5687 manibus,

263 5698 516 5765 virtutem
579 5707 970 5767 misericordiae
1027 5707 1350 5766 exhibentes
1399 5707 1456 5764 in
1509 5709 1845 5781 operatione.

1957 4649 2084 4689 nam
2131 4632 2368 4689 traditus
2419 4638 2519 4699 ezt,
2571 4629 2722 4685 omni
2751 4627 2841 4684 die
2893 4626 3082 4683 docuit
3137 4625 3195 4680 in
3234 4625 3462 4697 templo,
3494 4631 3547 4679 et

1955 4722 2106 4779 omni
2139 4729 2296 4778 nocte
2327 4720 2527 4775 mansit
2574 4719 2632 4774 in
2664 4725 2850 4773 monte
2881 4714 3106 4772 Oliveti.
3139 4714 3211 4768 Et
3239 4713 3368 4786 quia
3403 4711 3545 4767 deci-

1956 4829 2045 4868 ma
2070 4813 2201 4867 luna
2229 4809 2612 4866 recludeliatur
2630 4824 2822 4880 agnus,
2865 4805 2961 4878 qui
2983 4803 3388 4877 quartadecima
3415 4803 3546 4858 luna

1957 4910 2073 4958 erat
2132 4899 2502 4956 immolandas
2541 4915 2572 4954 a
2605 4898 2736 4954 filiis
2788 4896 2995 4962 Israel;
3036 4894 3175 4950 bene
3227 4893 3329 4948 iste
3383 4907 3546 4947 verus

1954 5008 2127 5065 agnus
2157 4990 2411 5048 Christus
2439 4989 2727 5056 Dominus,
2775 4985 2870 5060 qui
2897 4992 3012 5042 erat
3066 4991 3222 5040 sexta
3250 4982 3388 5038 feria
3425 4998 3546 5038 cru-

1957 5082 2284 5155 ciﬁgendus,
2343 5097 2407 5136 eo
2453 5079 2542 5135 die
2571 5075 2802 5133 intravit
2848 5075 2907 5131 in
2955 5073 3278 5140 Jerusalem,
3312 5087 3420 5144 quo
3451 5070 3546 5126 ille

1955 5173 2175 5246 typicus
2211 5171 2400 5242 Agnus
2427 5167 2830 5225 recludebatur.

2026 5263 2084 5319 3.
2126 5262 2302 5318 Hodie
2329 5261 2596 5332 siquidem
2635 5282 2650 5304 ε
2670 5258 2845 5314 turbze
2873 5259 3189 5312 straverunt
3217 5249 3541 5304 vestimenta

1955 5351 2140 5408 suain
2171 5351 2262 5408 via
2310 5350 2470 5420 (Ibid.
2502 5349 2599 5419 8);
2633 5373 2651 5394 ι
2721 5354 2776 5404 et
2831 5344 2927 5401 alii
2977 5341 3142 5398 hodie
3213 5364 3231 5386 ι
3278 5334 3544 5394 caedentes

1956 5457 2137 5496 ramos
2166 5439 2234 5496 de
2271 5438 2560 5495 arboribus
2581 5463 2598 5486 ι
2641 5435 2901 5493 similiter
2924 5431 3241 5488 sternebant
3270 5426 3328 5481 in
3348 5421 3547 5479 itinere

1955 5529 2256 5587 Salvatoris
2312 5545 2474 5601 super
2523 5527 2730 5583 asinam
2791 5519 3050 5579 sedentis.
3097 5518 3228 5584 Quae
3260 5513 3349 5586 pia
3379 5521 3550 5568 mater

1955 5620 2202 5678 Ecclesia
2235 5617 2595 5692 corporaliter
2635 5615 2758 5671 ideo
2799 5611 3059 5675 celebrat,
3108 5613 3170 5660 ut
3199 5605 3294 5659 ﬁat
3323 5602 3380 5658 id
3407 5602 3553 5676 quod

1957 5710 2134 5766 multo
2180 5708 2357 5780 majus
2400 5715 2505 5771 est,
2551 5701 2892 5778 spiritaliter.
2921 5695 3096 5753 Onnis
3126 5691 3329 5768 quippe
3365 5699 3556 5749 sancta
