4068 6188
520 317 621 377 691

1536 312 1633 370 ΑΙ)
1672 311 1908 370 OPERA
1943 309 1999 368 S.
2043 309 2378 369 AMBROSII
2414 308 2794 367 APPENDIX.

3724 307 3850 366 692

521 439 708 498 anima
728 439 829 498 Dei
861 439 1016 496 asina
1061 446 1145 498 est
1176 455 1188 496 :
1219 452 1384 512 super
1409 436 1618 494 asinam
1651 436 1820 510 igitur
1850 435 2124 493 Dominus
2154 437 2205 498 Α
2234 440 2555 490 meruerunt
2586 432 2668 506 (5)
2703 452 2716 490 :
2767 433 2844 489 ita
2883 441 2938 490 et
2969 432 3070 489 hos
3107 448 3214 489 noc
3243 433 3424 505 ipsum
3465 439 3685 505 tempus
3711 449 3848 491 cus-

522 531 694 600 sedet,
756 537 811 587 et
857 529 1156 586 Ierusalem
1203 526 1420 596 tendit;
1479 543 1605 584 cum
1663 527 1875 583 animas
1906 534 2121 584 nostras

522 619 860 690 inhabitans,
892 620 1161 678 mundum
1195 617 1360 676 istum
1409 617 1710 690 despicere,
1761 625 1816 675 et
1843 618 2119 676 caelestem

522 710 753 784 patriam
784 709 1012 784 diligere
1037 708 1546 768 facit.Vestimenta
1579 709 1635 765 in
1666 707 1757 764 via
1789 716 1914 764 ante
1943 710 2120 764 Deum

516 801 757 876 jactatis,
785 802 832 858 si
858 801 1005 858 viam
1050 801 1138 858 illi
1166 799 1236 857 ad
1281 816 1381 856 vos
1431 799 1695 856 veniendi
1742 797 2119 872 praparando,

520 908 750 967 corpora
777 900 960 949 vestra
1011 907 1107 964 per
1146 889 1539 948 abstinentiam
1589 887 1888 960 castigatis.
1923 888 2122 944 Ramos

520 977 652 1043 vero
683 984 750 1042 de
776 981 1064 1040 arboribus
1109 979 1434 1054 praciditis,
1463 979 1509 1035 si
1541 983 1857 1034 sanctorum
1903 982 2122 1048 patrum

520 1074 755 1133 virtutes
783 1073 1040 1141 amando,
1090 1070 1242 1127 viam
1293 1068 1363 1125 ad
1414 1085 1516 1125 vos
1572 1066 1832 1123 veniendi
1883 1065 2122 1122 Domino

519 1163 855 1240 praeparatis.
882 1161 1027 1230 Quid
1058 1160 1165 1216 fuit
1195 1155 1473 1214 Abraham
1503 1157 1532 1214 τ
1553 1155 1689 1230 quid
1721 1155 1830 1212 fuit
1865 1152 2066 1227 Ioseph
2095 1153 2123 1210 ?

521 1256 657 1328 quid
686 1251 866 1311 David
885 1249 1067 1323 ?quid
1097 1247 1298 1321 reliqui
1315 1245 1474 1319 justi,
1499 1246 1607 1302 nisi
1638 1245 1938 1302 fructifera
1969 1243 2123 1300 arbo-

520 1361 608 1402 res
640 1339 901 1399 Ecclesia
916 1339 1064 1397 Dei?
1084 1337 1294 1397 Discite
1322 1337 1392 1394 ab
1421 1337 1702 1395 Abraham
1719 1335 2120 1404 obedientiam,

521 1452 553 1492 a
579 1432 782 1506 Ioseph
812 1431 1142 1501 castitatem,
1194 1445 1226 1485 a
1253 1428 1434 1488 David
1472 1427 1872 1496 humilitatem,
1906 1426 1952 1483 si
1991 1443 2124 1500 per-

519 1531 740 1600 petuam
760 1520 1086 1580 desideratis
1113 1517 1350 1592 adipisci
1380 1517 1636 1574 salutem.

593 1612 648 1670 4.
679 1613 751 1669 Et
782 1611 915 1686 quia
939 1611 1121 1684 palma
1165 1607 1457 1665 victoriam
1489 1604 1782 1679 signiﬁcat,
1813 1603 2022 1677 palmas
2065 1603 2124 1661 in

520 1718 690 1762 manu
733 1707 882 1758 recte
936 1706 1242 1772 portamus,
1293 1695 1340 1753 si
1390 1694 1468 1750 ita
1521 1695 1571 1750 ei
1628 1693 1818 1750 laudes
1875 1693 2123 1750 victoria

2229 523 2490 582 todiendo
2522 539 2847 592 mereamur,
2884 523 3067 595 sitque
3113 520 3314 577 similis
3359 521 3732 577 remuneratio
3770 522 3847 578 in

2228 613 2579 688 perceptione
2625 612 2860 686 pramii,
2912 627 3146 685 quorum
3183 608 3382 665 similis
3432 609 3584 664 labor
3636 617 3718 666 est
3771 610 3846 666 in

2230 702 2615 760 observatione
2643 701 2865 774 jejunii.

2310 798 2458 854 435
2487 791 2539 847 2.
2573 791 2724 846 Elias
2753 791 2924 858 enim,
2954 805 3080 845 cum
3110 795 3250 844 esset
3280 787 3526 842 clausum
3567 786 3846 844 humanis

2231 889 2619 963 iniquitatibus
2647 890 2868 957 cmlum,
2919 894 2973 944 et
3015 887 3167 942 nulla
3197 884 3495 941 mundanis
3541 886 3704 942 rebus
3741 888 3843 945 de-

2230 996 2396 1052 super
2451 978 2766 1052 pluviarum
2825 977 3058 1034 stillaret
3113 976 3355 1042 ubertas,
3415 983 3577 1046 atque
3639 976 3839 1032 omnia

2231 1071 2406 1142 longa
2436 1070 2701 1128 siccitatis
2729 1070 2981 1142 squalore
3013 1068 3355 1138 languerent,
3397 1073 3451 1120 et
3485 1074 3628 1122 esset
3658 1068 3842 1124 fames

2233 1177 2428 1235 magna
2476 1161 2736 1216 universo
2794 1158 2976 1231 generi
3026 1157 3306 1222 humano;
3367 1155 3631 1228 quoniam
3677 1161 3833 1216 enim

2231 1254 2429 1312 coelum
2485 1251 2732 1324 pluviam
2790 1267 2903 1308 non
2957 1250 3140 1317 dabat,
3201 1265 3302 1305 nec
3368 1257 3510 1304 terra
3566 1251 3832 1322 pabulum

2232 1340 2604 1416 germinabat;
2648 1347 2781 1397 tunc
2825 1339 2976 1395 Elias
3023 1345 3244 1394 sanctus
3293 1338 3559 1394 reseravit
3599 1338 3835 1411 jejuniis

2231 1430 2346 1487 suis
2375 1431 2597 1497 ccelum,
2633 1437 2830 1486 terram
2859 1427 3203 1485 orationibus
3226 1427 3548 1483 fecundavit
3569 1429 3686 1499 (III
3704 1431 3832 1499 Reg.

2232 1535 2394 1587 xvm,
2443 1516 2670 1588 42-45).
2716 1518 2875 1573 Illius
2917 1517 3066 1573 enim
3109 1515 3412 1574 siccitatem
3453 1515 3726 1573 convertit
3771 1518 3836 1574 in

2232 1607 2502 1680 pluviam,
2558 1605 2725 1679 hujus
2782 1607 3129 1663 sterilitatem
3177 1605 3408 1663 resolvit
3459 1605 3516 1661 in
3570 1614 3832 1678 partum;

2231 1704 2387 1754 tanta
2415 1699 2561 1756 enim
2596 1697 2713 1772 ejus
2750 1699 3006 1772 precibus
3036 1698 3224 1755 orbem
3265 1707 3527 1755 terrarum
3555 1697 3834 1756 imbrium

521 1793 897 1858 decantamus,
956 1795 1020 1846 ut
1070 1788 1236 1844 etiam
1301 1784 1440 1842 bene
1517 1783 1782 1851 vivendo,
1834 1782 2118 1840 diabolum
2153 1807 2200 1868 Β
2236 1788 2460 1862 largitas
2505 1788 2779 1861 irrigavit,
2830 1797 2892 1846 ut
2943 1788 3097 1845 arida
3149 1787 3574 1855 revirescerent,—
3606 1799 3834 1845 mortua

521 1881 743 1938 vincere
795 1876 1132 1936 studeamus.
1176 1873 1436 1947 Ideoque,
1469 1873 1684 1943 fratres,
1707 1873 1850 1931 scire
1879 1872 2115 1943 debetis,

521 1969 651 2044 quia
669 1967 787 2025 sine
817 1982 979 2023 causa
1005 1981 1220 2022 ramum
1252 1964 1413 2021 oliva
1435 1970 1633 2036 portat,
1664 1979 1826 2036 quem
1857 1961 2118 2020 diabolus

520 2058 844 2133 decipiendo
893 2065 1132 2131 superat.
1193 2055 1388 2114 Redite
1445 2071 1574 2128 ergo
1627 2054 1697 2111 ad
1755 2053 2122 2112 conscientias

527 2158 758 2218 vestras,
818 2145 1158 2216 charissimi,
1191 2153 1246 2203 et
1276 2145 1461 2203 videte
1490 2144 1536 2202 si
1565 2143 1890 2218 spiritaliter
1917 2143 2121 2213 facitis,

527 2240 676 2315 quod
705 2238 1065 2312 corporaliter
1084 2236 1266 2310 agitis.

591 2330 645 2386 5.
676 2328 926 2400 Denique
947 2326 1265 2383 ﬁrmissime
1303 2323 1610 2392 credentes,
1661 2322 1962 2394 intelligite
1992 2320 2123 2394 quia

523 2425 774 2476 nostrum
806 2416 1112 2490 periculum
1143 2423 1248 2481 est,
1269 2414 1318 2470 si
1345 2412 1613 2487 mysteria
1655 2411 1833 2468 nostri
1862 2411 2122 2467 Salvato-

522 2509 600 2565 ris
627 2507 787 2566 vobis
828 2524 939 2564 non
988 2505 1414 2562 annuntiamus:
1445 2512 1500 2560 et
1533 2511 1778 2560 vestrum
1801 2509 1884 2558 est
1912 2502 2121 2576 pericu-

522 2599 662 2668 lum,
694 2599 740 2655 si
761 2614 824 2655 ea
845 2597 1000 2672 parvi
1021 2595 1291 2670 pendatis.
1316 2595 1604 2652 Monemus
1629 2593 1816 2666 itaque
1836 2599 1898 2648 ut
1917 2599 2122 2666 quanto

524 2689 699 2762 magis
753 2687 1074 2746 solemnitas
1130 2686 1403 2762 paschalis
1477 2684 1906 2758 appropinquat,
1969 2687 2122 2738 tanto

524 2779 700 2854 magis
761 2795 860 2835 vos
915 2793 1218 2852 praparare
1263 2775 1491 2842 curetis,
1550 2773 1880 2830 mundantes
1930 2787 2029 2828 vos
2055 2770 2122 2826 ab

524 2871 678 2926 omni
709 2867 944 2936 invidia,
987 2867 1138 2935 odio,
1196 2865 1471 2933 convicio,
1529 2862 1842 2929 maledicto,
1900 2878 1962 2918 ac
2018 2858 2124 2916 de-

523 2959 790 3015 tractione
823 2975 836 3024 ;
863 2964 926 3012 ut
955 2956 1118 3028 digne
1146 2954 1299 3010 illam
1324 2953 1471 3010 diem
1501 2951 1775 3009 celebrare
1806 2949 2048 3024 possitis.

595 3047 648 3103 6.
701 3045 980 3102 Dimittite
1035 3042 1149 3102 illis
1195 3043 1289 3116 qui
1347 3042 1406 3098 in
1463 3057 1564 3098 vos
1611 3039 2000 3113 peccaverunt,
2061 3045 2122 3094 ut

524 3143 706 3191 vestra
761 3133 918 3190 vobis
963 3132 1235 3190 Dominus
1271 3131 1517 3189 dimittat
1561 3136 1816 3230 peccata;
1862 3127 2120 3228 quoniam
2151 3171 2194 3231 Ο

522 3222 618 3296 qui
651 3223 738 3278 vel
791 3228 984 3280 contra
1035 3238 1208 3278 unum
1257 3221 1540 3279 hominem
1598 3219 1789 3277 odium
1841 3226 1935 3275 aut
1979 3217 2118 3274 iram

523 3313 787 3384 tenuerit,
835 3314 981 3370 malo
1029 3329 1128 3369 suo
1174 3311 1375 3386 pascha
1418 3310 1762 3368 celebrabit:
1829 3309 1958 3383 quia
2005 3324 2118 3364 non

521 3401 878 3460 manducabit
921 3419 1048 3460 cum
1097 3401 1257 3459 Petro
1301 3401 1497 3468 vitam,
1528 3399 1625 3457 sed
1649 3415 1776 3456 cum
1807 3399 1946 3455 Iuda
1976 3413 2116 3454 mor-

522 3499 631 3548 tem
679 3494 737 3549 in
782 3500 971 3550 sancta
1024 3491 1415 3550 communione
1461 3489 1740 3562 accipiet;
1784 3488 1932 3560 quod
1961 3487 2056 3544 ille
2087 3503 2119 3542 a

522 3579 682 3634 vobis
730 3589 962 3648 avertat,
1021 3580 1116 3652 qui
1173 3595 1272 3635 vos
1301 3585 1569 3652 potestate
1623 3577 1855 3645 creavit,
1915 3577 2117 3648 pietate

423 3696 428 3700 ι
522 3667 775 3736 redemit,
807 3668 964 3724 Iesus
1009 3667 1263 3726 Christus
1291 3667 1562 3723 Dominus
1595 3673 1799 3734 noster,
1844 3663 1939 3738 qui
1989 3683 2114 3722 cum

522 3754 670 3811 Patri
723 3762 778 3812 et
834 3754 1048 3829 Spiritu
1098 3762 1290 3813 sancto
1346 3753 1490 3810 vivit
1521 3771 1616 3829 per
1665 3760 1869 3811 cuncta
1895 3754 2112 3823 sacula,

508 3861 705 3902 amen.

1040 3951 1276 4010 SERMO
1330 3950 1590 4008 XXXIII.

802 4041 882 4099 De
909 4039 1137 4114 jejuniis
1183 4040 1618 4112 Quadragesima
1649 4039 1825 4096 XVII.

520 4150 620 4230 Hic
665 4167 928 4230 sermoeo
951 4149 1046 4230 die
1207 4149 1437 4230 habitus,
1467 4165 1571 4230 quo
1599 4146 2112 4230 symbolumﬁcompe-

593 4222 814 4298 t_entib_us
843 4221 999 4298 tradi
1031 4217 1430 4298 solebattquod
1471 4217 1526 4275 in
1572 4217 1838 4298 plerisque
1865 4217 2114 4298 Ecclesiis

590 4293 870 4365 Dominica
896 4294 1212 4349 Palmarum
1233 4288 1360 4365 ﬁeri
1412 4288 1734 4365 consuevisse
1761 4308 1796 4344 a
1824 4288 1972 4343 nobis
2002 4289 2112 4344 alio

593 4364 701 4436 loco
748 4364 1078 4436 observatum
1134 4362 1398 4422 πείσω
1442 4381 1610 4436 porro
1659 4362 1809 4436 inter
1845 4377 2110 4436 sermones

589 4433 672 4506 hic
715 4435 1097 4506 praetermissos
1153 4442 1330 4490 sea-tus
1378 4431 1600 4506 incipiat
1627 4433 1692 4489 ab
1723 4431 1836 4506 illis
1891 4431 2106 4506 verbis:

589 4503 835 4584 limpitia
887 4503 1200 4584 divinitate,
1263 4507 1410 4584 isque
1445 4503 1515 4584 Ain
1585 4503 2105 4584 Append._August.

593 4574 830 4630 Casario
857 4575 1234 4646 adjudicetur;
1267 4574 1385 4632 hinc
1431 4576 1572 4646 forte
1617 4574 1865 4644 conjiciat
1911 4574 2109 4645 aliquis

587 4646 821 4718 eumdem
873 4663 1078 4718 quoque
1128 4647 1291 4718 hujus
1348 4648 1602 4704 sermonis
1647 4652 1915 4703 auctorem
1966 4663 2108 4708 esse;

587 4717 677 4792 s_e_d
702 4734 795 4792 nec
854 4717 1030 4792 minus
1075 4717 1350 4792 probabile
1398 4726 1495 4792 est
1528 4736 1667 4792 eam?
1693 4718 1875 4792 deberi
1927 4722 2103 4792 sancto

584 4789 846 4858 Maximo,
877 4790 1028 4864 cujus
1055 4789 1104 4847 ἐι
1145 4794 1358 4864 stylum,
1403 4798 1451 4848 et
1477 4791 1535 4847 in
1576 4791 1691 4847 cod.
1726 4789 1926 4861 Remig.
1948 4789 2106 4844 etiam

585 4877 773 4918 nomen
801 4863 1112 4919 noscendum
1135 4863 1349 4936 prabet.

585 4977 915 5052 I.Propritia
943 4979 1259 5047 divinitate,
1289 4985 1412 5039 ecce
1434 4979 1548 5053 jam
1571 4995 1710 5051 pene
1738 4977 2103 5050 transegimus

509 5065 949 5140 Quadragesima
977 5069 1188 5126 indicta
1229 5069 1462 5142 jejunia,
1516 5076 1570 5126 et
1597 5074 1863 5140 pracepta
1893 5064 2100 5124 Christi

509 5155 734 5211 Domini
764 5156 1116 5214 abstinentia
1147 5158 1444 5215 devotione
1474 5155 2098 5229 complevimus.Super-

507 5251 765 5302 estnunc
803 5255 884 5316 ut,
946 5248 1409 5321 quemadmodum
1471 5245 1662 5302 famuli
1711 5243 1830 5316 ejus
1883 5245 2098 5316 Moyses

507 5334 712 5406 (Exod.
742 5351 940 5404 xxxrv,
973 5336 1066 5406 28)
1124 5342 1178 5390 et
1223 5335 1373 5390 Elias
1404 5336 1524 5406 (III
1551 5335 1829 5406 Reg._xrx,
1860 5334 1915 5404 8)
1948 5333 2097 5406 hunc

504 5405 934 5464 sacratissimum
1033 5403 1322 5463 numerum
1401 5403 1780 5472 observando,
1866 5403 2093 5476 gratiam

502 5635 548 5673 m
576 5550 839 5675 (5).tﬂom.
873 5548 1006 5606 edit.
1046 5550 1182 5618 sols,
1202 5548 1441 5621 famulus
1469 5547 1582 5620 ejus
1609 5548 1834 5606 Elius...
1863 5551 2096 5622 gratiam

554 5637 666 5674 erm
700 5664 711 5675 .

554 5637 711 5675 ermt.

578 5690 661 5763 (2)
693 5693 900 5750 Omnes
955 5694 1116 5762 edit.,
1146 5694 1326 5752 omnia
1366 5701 1738 5753 creaturarum
1766 5695 1897 5753 uitia
1927 5697 2090 5763 ;cod.

2233 1887 2598 1952 resurgerent,
2649 1879 2966 1952 languentia
3009 1886 3352 1935 sanarentur.
3411 1879 3485 1934 Et
3541 1878 3618 1934 ita
3661 1877 3834 1934 rebus

2231 1970 2447 2026 cunctis
2476 1969 2716 2026 fontium
2740 1970 2963 2043 quidam
2992 1977 3202 2026 meatus
3233 1969 3449 2025 infusus
3468 1975 3568 2038 est,
3594 1976 3656 2024 ut
3681 1967 3831 2041 puri-

2231 2060 2486 2118 ﬁcatione
2515 2061 2657 2117 facta
2686 2077 2782 2133 per
2794 2060 3324 2133 pluviam,omnium
3348 2069 3722 2116 creaturarum
3751 2058 3832 2114 vi-

2232 2149 2310 2205 tia
2351 2150 2431 2221 (6)
2484 2149 2820 2219 lavarentur,
2862 2157 3024 2221 atque
3059 2149 3440 2205 inundationis
3471 2148 3624 2205 illius
3655 2148 3829 2206 bene-

2232 2238 2361 2297 ﬁcio
2391 2239 2564 2295 totius
2593 2239 2788 2295 mundi
2817 2239 3023 2311 species
3052 2239 3315 2295 innovata
3348 2247 3721 2312 consurgeret.

2303 2328 2354 2384 3.
2386 2328 2558 2401 Igitur
2601 2335 2655 2385 et
2683 2345 2784 2385 nos
2811 2327 3001 2384 eadem
3031 2345 3150 2402 qua
3180 2329 3331 2385 Elias
3359 2329 3713 2386 observantes
3736 2327 3830 2400 je-

2227 2413 2407 2489 junia,
2462 2418 2729 2475 adhibitis
2786 2418 3039 2491 precibus
3084 2419 3332 2474 clausum
3379 2420 3583 2476 calum
3629 2418 3830 2475 nostris

2233 2506 2673 2577 competentibus
2693 2522 3032 2575 reseremus;
3066 2517 3336 2580 quatenus
3363 2507 3492 2564 illos
3512 2508 3719 2564 lavacri
3749 2523 3825 2562 sa-

2235 2597 2428 2654 lutaris
2453 2597 2631 2654 imber
2673 2599 2953 2655 illuminet
2982 2600 3086 2672 (7).
3121 2600 3377 2656 Clausum
3409 2599 3559 2655 enim
3607 2599 3723 2655 illis
3751 2607 3830 2654 est

2232 2689 2454 2758 coelum,
2488 2689 2734 2763 quandiu
2766 2690 3013 2747 nondum
3062 2691 3129 2746 de
3173 2692 3311 2748 coelo
3341 2691 3579 2763 Spiritus
3610 2699 3833 2747 sanctus

2232 2777 2554 2848 adveniens,
2604 2795 2794 2835 eorum
2825 2779 2991 2836 corda
3021 2780 3302 2837 viviﬁcat:
3350 2780 3654 2837 siccitatem
3684 2796 3832 2852 quo—

2233 2867 2528 2924 dammodo
2551 2868 2860 2940 patiuntur,
2894 2869 3023 2942 quia
3053 2869 3299 2926 nondum
3329 2872 3503 2942 gratia
3535 2871 3831 2943 baptisma-

2234 2955 2306 3013 tis
2337 2956 2653 3030 irrigantur.
2706 2959 2978 3016 Laborant
3028 2960 3192 3016 etiam
3238 2961 3381 3015 fame
3423 2977 3632 3033 magna,
3679 2977 3833 3032 quo-

2232 3045 2380 3102 niam
2411 3047 2565 3103 velut
2602 3048 2924 3119 esurientes,
2969 3050 3212 3107 coelestia
3249 3057 3583 3108 sacramenta
3610 3048 3832 3105 deside-

2231 3145 2372 3192 rant.
2420 3137 2746 3194 Beseremus
2793 3155 2920 3211 ergo
2975 3139 3086 3195 illis
3123 3141 3346 3209 coelum,
3392 3149 3454 3197 ut
3497 3140 3832 3197 adveniente

2230 3226 2461 3300 desuper
2505 3228 2742 3302 spiritali
2794 3230 3005 3303 pluvia,
3059 3247 3247 3287 eorum
3300 3240 3445 3288 terra
3496 3230 3703 3288 lavacri
3759 3230 3827 3286 ir-

2230 3316 2388 3390 riguo
2436 3317 2686 3388 satietur,
2743 3327 2795 3376 et
2843 3321 3169 3378 delictorum
3223 3321 3508 3378 sterilitate
3555 3321 3823 3394 deposita,

2229 3406 2499 3480 incipiant
2529 3407 2742 3466 fructus
2780 3411 3088 3483 germinare
3124 3410 3417 3467 virtutum.
3450 3412 3677 3467 Etenim
3707 3429 3826 3469 coe—

2228 3497 2380 3554 lestis
2409 3497 2586 3554 imber
2624 3498 2763 3554 vitia
2791 3509 3138 3572 peccatorum
3177 3499 3362 3569 diluit,
3389 3501 3622 3574 justitia
3652 3500 3824 3557 incre-

2227 3593 2410 3642 menta
2475 3587 2749 3660 producit,
2818 3588 3028 3647 decutit
3089 3589 3306 3646 aridum
3364 3589 3823 3664 concupiscentia

2226 3675 2533 3748 pulverem,
2579 3678 2819 3736 latiﬁcat
2866 3680 3059 3736 utilem
3105 3679 3446 3736 castimonia
3501 3680 3819 3752 puritatem,

2227 3765 2411 3824 obruit
2468 3770 2714 3827 avaritia
2761 3770 3038 3828 sordidam
3082 3772 3292 3841 facem,
3340 3773 3518 3830 nutrit
3564 3780 3816 3828 aternam

2225 3859 2618 3918 misericordia
2667 3863 2996 3935 largitatem.
3043 3863 3195 3920 Sicut
3223 3863 3369 3920 enim
3401 3865 3818 3936 superveniente

2225 3949 2363 4006 Elia
2395 3949 2608 4022 pluvia,
2638 3968 2800 4008 omne
2846 3953 3108 4025 pabulum
3157 3960 3302 4009 terra
3329 3952 3630 4025 produxit;
3662 3953 3737 4009 ita
3764 3958 3817 4009 et

2225 4041 2642 4110 superveniente
2699 4040 2908 4099 Christi
2966 4043 3204 4112 lavacro,
3263 4059 3486 4099 omnem
3539 4042 3812 4116 justitiam

2224 4133 2408 4189 anima
2445 4133 2794 4204 germinavit.
2845 4136 2918 4191 Et
2947 4135 3094 4192 sicut
3137 4135 3253 4192 illic
3282 4135 3597 4208 pluviarum
3639 4135 3814 4192 fontes

2224 4220 2591 4295 irrigaverunt
2637 4223 2849 4294 orbem,
2914 4234 2976 4281 ut
3045 4225 3463 4282 viviﬁcarentur
3517 4225 3812 4282 herbarum

2222 4310 2551 4368 mortiﬁcata
2573 4311 2688 4384 jam
2718 4312 2958 4370 semina:
2995 4313 3073 4370 ita
3115 4322 3168 4370 et
3207 4315 3330 4370 fons
3357 4314 3704 4388 baptismatis
3743 4315 3811 4370 ir-

2218 4399 2361 4472 rigat
2415 4417 2587 4474 genus
2649 4402 2963 4472 hominum,
3016 4411 3077 4459 ut
3127 4403 3436 4459 animarum
3482 4404 3812 4460 mortiﬁcata

2219 4489 2385 4546 corda
2412 4490 2680 4549 viviﬁcet.
2725 4493 2840 4549 Hoc
2872 4509 2999 4566 ergo
3030 4492 3442 4550 observantium
3475 4494 3577 4550 ista
3601 4493 3812 4565 jejunia

2217 4587 2299 4635 est
2326 4579 2609 4650 meritum,
2659 4590 2722 4638 ut
2766 4583 3110 4640 orationibus
3153 4599 3342 4638 eorum
3375 4590 3469 4638 aut
3515 4582 3810 4638 innovetur

2214 4669 2475 4738 mundus,
2507 4681 2602 4728 aut
2631 4673 2826 4729 fratres
2849 4672 3032 4730 denuo
3061 4681 3438 4729 renascantur.

2283 4757 2733 4816 ILReserandum
2781 4762 2952 4834 igitur
2988 4762 3431 4837 competentibus
3478 4761 3682 4818 nostris
3729 4771 3810 4818 est

2213 4847 2436 4917 coelum,
2493 4850 2754 4923 quoniam
2785 4852 2967 4912 adhuc
3016 4854 3262 4911 clausum
3311 4860 3392 4909 est
3447 4852 3592 4925 apud
3647 4853 3804 4920 illos;

2211 4936 2460 4994 clausum
2491 4946 2573 4995 est
2608 4941 2755 4997 enim
2785 4943 2984 5000 calum
3015 4943 3150 5012 illis,
3183 4942 3445 5017 quoniam
3477 4943 3805 5016 mysterium

2210 5027 2461 5086 nondum
2515 5031 2808 5102 pervident
2868 5032 3177 5090 Trinitatis.
3236 5033 3435 5092 Clauso
3494 5033 3644 5090 enim
3698 5033 3804 5090 sibi

2207 5120 2370 5190 ccelo,
2443 5137 2607 5196 super
2661 5123 2858 5180 calum
2917 5124 3051 5197 quid
3107 5134 3297 5197 agatur
3349 5126 3639 5198 ignorant:
3704 5141 3802 5181 nec

2207 5213 2345 5269 scire
2388 5222 2618 5286 possunt
2665 5231 2785 5287 qua
2831 5215 2902 5271 sit
2952 5215 3082 5271 Filii
3126 5216 3410 5290 Patrisque
3457 5216 3797 5282 substantia;

2207 5303 2314 5359 nisi
2367 5305 2518 5376 prius
2579 5306 2770 5362 mundi
2823 5307 3092 5362 elementa
3141 5308 3600 5364 transcenderint.
3646 5307 3801 5362 Tunc

2205 5397 2352 5452 enim
2392 5397 2593 5469 poterit
2617 5399 2740 5471 quis
2773 5398 3058 5455 Trinitatis
3095 5398 3335 5472 aspicere
3366 5399 3558 5458 divina
3601 5406 3799 5472 myste-

2205 5552 2376 5623 Lugd.
2401 5559 2455 5607 et
2469 5553 2743 5623 Valliscl.,
2764 5556 2910 5611 omni
2917 5575 3019 5624 am,
3045 5564 3150 5614 etc.

2276 5626 2358 5697 (7)
2391 5624 2576 5684 Codex
2599 5627 2868 5697 Valliscl.,
2887 5629 3048 5685 imber
3075 5629 3307 5685 mandet.
