4068 6188
224 294 328 354 693

1029 279 1399 340 SERMONES
1436 278 1491 336 S.
1534 274 1890 335 AMBROSIO
1929 270 2302 331 HACTENUS
2341 269 2683 328 ASCRIPTI.

3413 267 3520 326 694

223 419 325 484 ria,
373 428 498 471 cum
528 410 694 468 caelos
722 423 822 465 sua
872 405 1079 461 virtute
1106 403 1363 461 habuerit
1408 402 1641 474 apertas,
1674 400 1819 457 sicut
1846 403 1899 463 Α
1924 393 2281 461 aromatibus,
2333 391 2390 447 id
2422 401 2525 461 est,
2562 407 2689 448 cum
2738 389 2905 447 odore
2962 388 3239 447 bonorum
3275 406 3525 463 Operum,

222 505 413 562 beatus
465 498 775 572 Stephanus
832 503 1046 570 martyr
1074 493 1337 551 reseravit
1392 491 1497 549 sibi
1552 490 1824 563 martyrio

220 610 319 651 suo
348 590 537 659 coelos,
600 597 655 646 et
708 593 944 644 stantem
1000 583 1143 640 vidit
1192 583 1260 641 ad
1306 582 1483 639 Patris
1538 581 1824 637 dexteram

221 681 584 747 Salvatorem,
615 676 918 735 secundum
957 673 1105 748 quod
1132 673 1248 746 ipse
1277 672 1391 729 ait:
1440 695 1459 720 ι
1495 673 1638 729 Ecce
1661 670 1825 727 video

220 770 385 829 ccelos
415 775 655 842 apertos,
715 775 769 823 et
800 772 1037 823 stantem
1067 766 1254 821 Jesum
1310 765 1379 820 ad
1408 763 1697 819 dexteram
1724 761 1825 818 Dei

223 859 365 932 (Act.
402 875 509 925 vn,
564 855 681 928 55).
715 880 733 904 ι
777 856 918 928 Ergo
949 854 1041 911 cui
1080 854 1255 925 clausi
1293 860 1423 909 sunt
1473 852 1619 921 omli,
1652 867 1828 923 agen-

219 944 352 1001 dum
384 952 468 1001 est
496 949 558 998 ut
616 942 933 1014 aperiantur
974 943 1079 1011 illi,
1145 949 1414 1015 quatenus
1442 956 1607 1013 super
1660 939 1827 996 caelos

218 1033 506 1092 Christum
538 1032 709 1106 possit
738 1032 1009 1106 aspicere;
1062 1049 1189 1088 nam
1223 1032 1469 1106 quandiu
1498 1030 1669 1087 clausi
1698 1036 1827 1085 sunt

219 1122 464 1189 homini,
496 1121 779 1182 Christum
810 1139 920 1179 non
953 1130 1130 1195 potest
1157 1121 1345 1178 videre
1374 1127 1710 1193 regnantem.

288 1214 345 1269 5.
392 1211 869 1280 Quemadmodum
911 1219 1097 1269 autem
1145 1210 1322 1267 clausi
1362 1210 1490 1266 coeli
1542 1206 1825 1281 aperiendi

218 1301 357 1370 sint,
387 1300 671 1374 inquirere
698 1317 797 1357 nos
832 1307 1067 1373 oportet.
1125 1300 1265 1355 Puto
1311 1306 1492 1354 autem
1541 1296 1701 1353 aliter
1734 1312 1826 1352 eos

222 1390 433 1464 aperiri
463 1408 575 1446 non
596 1405 773 1461 posse,
805 1390 914 1446 nisi
931 1391 1115 1447 claves
1140 1388 1290 1445 Petri
1320 1387 1554 1460 apostoli
1584 1402 1826 1459 sumpse-

220 1481 419 1549 rimus,
486 1495 621 1554 quas
649 1479 889 1537 Domino
948 1479 1213 1552 largiente
1243 1478 1503 1549 suscepit,
1542 1476 1686 1533 sicut
1712 1476 1827 1548 ipse

222 1569 405 1627 dixit:
481 1592 501 1616 ι
531 1569 655 1626 Tibi
684 1568 825 1626 dabo
874 1569 1055 1626 claves
1082 1567 1235 1641 regni
1274 1568 1539 1624 caelorum
1596 1567 1816 1638 (Matth.

224 1676 341 1729 xvr,
375 1658 492 1732 18).
525 1681 545 1708 ι
615 1659 733 1716 Imo
790 1674 1047 1731 rogemus
1102 1658 1348 1725 Petrum,
1380 1665 1443 1713 ut
1493 1656 1607 1729 ipse
1664 1654 1826 1711 nobis

1933 491 1988 541 et
2014 482 2318 539 virtutibus
2342 480 2529 537 referti
2567 480 2867 537 Dominum
2897 495 3228 553 quaeramus.

2005 591 2059 649 2.
2093 592 2233 649 Sunt
2261 599 2467 660 autem,
2489 589 2822 658 charissimi,
2853 589 3113 645 nonnulli
3146 589 3240 662 qui
3272 587 3534 647 videntur

1933 682 2235 739 Dominum
2258 696 2500 755 quaerere
2526 699 2539 748 ;
2594 678 2687 736 sed
2718 679 2848 753 quia
2874 678 3039 735 otiosi
3096 686 3246 746 sunt,
3277 687 3331 735 et
3359 696 3390 734 a
3416 677 3527 734 vir-

1935 770 2149 828 tutibus
2196 769 2386 839 alieni,
2436 768 2598 825 illum
2642 784 2757 824 non
2792 776 3075 824 merentur
3122 767 3394 835 invenire,
3429 782 3533 824 nec

1937 860 2228 916 inventum
2283 858 2492 914 videre.
2565 857 2817 931 Denique
2872 856 3007 930 quid
3056 856 3372 929 quaerebant
3422 856 3533 912 illae

1935 956 2137 1006 sanctae
2168 948 2426 1005 mulieres
2456 946 2515 1002 in
2546 953 2926 1015 monumento,
2954 945 3064 1001 nisi
3085 962 3281 1018 corpus
3310 944 3533 1001 Domini

1934 1038 2062 1093 Jesu
2084 1037 2112 1093 ?
2138 1039 2211 1093 Et
2241 1053 2339 1092 vos
2371 1035 2506 1108 quid
2538 1035 2785 1108 quaeritis
2818 1033 2876 1090 in
2914 1034 3161 1091 Ecclesia
3188 1034 3295 1090 nisi
3325 1034 3531 1103 Iesum,

1935 1126 1994 1182 id
2036 1133 2137 1194 est,
2170 1125 2555 1183 Salvatorem?
2599 1123 2707 1180 Sed
2735 1124 2784 1179 si
2835 1122 3040 1195 cupitis
3069 1124 3230 1180 illum
3259 1123 3531 1191 invenire,

1936 1222 2060 1271 orto
2090 1215 2225 1283 sole,
2256 1222 2318 1269 ut
2345 1213 2463 1269 ista:
2522 1211 2805 1281 mulieres,
2836 1211 3106 1279 venite,id
3152 1219 3252 1279 est,
3286 1227 3397 1267 non
3424 1211 3537 1267 sint

1936 1303 1996 1359 in
2044 1303 2306 1360 cordibus
2364 1301 2561 1358 vestris
2617 1300 2856 1356 tenebrae
2922 1300 3187 1356 vitiorum
3229 1317 3243 1367 ;
3297 1300 3537 1356 carnalia

1936 1393 2087 1448 enim
2141 1391 2435 1460 desideria,
2491 1397 2545 1446 et
2599 1390 2742 1445 mala
2787 1404 2952 1461 opera
2996 1387 3236 1444 tenebrze
3273 1396 3421 1444 sunt.
3471 1389 3535 1444 In

1937 1495 2171 1553 quorum
2229 1495 2359 1536 vero
2432 1478 2692 1536 cordibus
2754 1479 2892 1534 tales
2940 1477 3177 1535 tenebrat
3225 1485 3373 1547 sunt,
3424 1493 3535 1534 non

1936 1569 2131 1625 vident
2195 1571 2396 1638 lucem,
2465 1584 2578 1624 non
2648 1568 2973 1642 intelligunt
3024 1567 3356 1635 Christum;
3407 1566 3539 1641 quia

1937 1657 2190 1717 Christus
2228 1659 2326 1715 lux
2374 1664 2478 1714 est.
2512 1658 2781 1729 Repellite
2826 1659 2999 1729 igitur
3031 1673 3063 1713 a
3110 1657 3290 1727 vobis,
3318 1657 3534 1727 fratres,

226 1757 489 1822 tanquam
515 1749 696 1805 bonus
736 1747 945 1819 janitor
972 1747 1135 1820 regia:
1175 1746 1405 1803 caelestis
1431 1745 1656 1818 aperiat.
1696 1745 1826 1813 Quae
1862 1769 1910 1830 B
1939 1749 2215 1817 tenebras,
2267 1747 2326 1803 id
2384 1754 2485 1815 est,
2520 1760 2712 1801 omnes
2762 1745 3177 1817 delectationes,
3235 1753 3289 1803 et
3352 1746 3538 1803 omnia

224 1846 410 1894 autem
453 1838 561 1895 ista
611 1836 785 1895 clavis
810 1835 904 1904 sit,
964 1834 1285 1906 diligentius
1314 1834 1680 1909 requiramus.
1712 1832 1832 1891 Cla-

226 1940 354 1983 vem
408 1926 582 1995 Petri,
645 1925 812 1982 ﬁdem
870 1940 986 1980 esse
1044 1923 1282 1979 dixerim
1322 1924 1490 1992 Petri,
1542 1940 1638 1996 per
1667 1938 1830 1995 quam

224 2017 398 2074 cmlos
433 2015 668 2090 aperuit,
728 2013 1036 2087 penetravit
1087 2013 1305 2069 inferna
1358 2029 1603 2081 securus,
1660 2012 1835 2068 maria

227 2105 471 2161 calcavit
525 2103 857 2177 intrepidus.
917 2102 1092 2159 Tanta
1144 2102 1293 2159 enim
1354 2102 1669 2175 apostolica:
1704 2100 1834 2157 ﬁdei

227 2192 409 2251 virtus
437 2204 545 2264 est,
569 2202 633 2250 ut
669 2201 867 2250 cuncta
896 2191 980 2248 illi
1012 2192 1282 2248 elementa
1316 2198 1556 2265 pateant,
1594 2190 1699 2249 hoc
1730 2199 1830 2257 est,

229 2299 340 2340 non
398 2284 488 2340 illi
534 2281 794 2356 angelicae
850 2280 1181 2338 claudantur
1227 2279 1430 2353 januae,
1496 2296 1605 2336 non
1660 2289 1833 2352 portae

228 2372 567 2445 praevaleant
610 2370 823 2438 tartari,
851 2386 963 2426 non
992 2386 1257 2444 aquarum
1288 2370 1494 2428 ﬂuenta
1523 2370 1829 2427 subsidant.

298 2461 350 2518 6.
382 2463 502 2519 Ista
549 2469 733 2518 autem
791 2460 908 2533 ipsa
937 2460 1127 2529 clavis,
1178 2477 1340 2533 quam
1374 2461 1539 2518 ﬁdem
1570 2461 1831 2527 dicimus,

230 2550 524 2609 videamus
579 2548 1045 2625 quemadmodum
1103 2559 1336 2619 constet,
1388 2560 1443 2607 et
1482 2550 1832 2624 quemadmo-

231 2638 361 2697 dum
414 2640 656 2699 solidata
709 2639 802 2697 sit.
851 2638 1108 2696 Arbitror
1171 2639 1324 2696 illam
1356 2639 1647 2696 duodecim
1704 2639 1832 2695 arti-

237 2727 403 2787 ﬁcum
437 2730 761 2804 operatione
819 2728 1151 2798 conﬂatam;
1203 2728 1493 2787 duodecim
1526 2729 1676 2785 enim
1706 2744 1830 2801 apo-

238 2818 508 2879 stolarum
553 2820 807 2894 symbolo
858 2820 996 2877 ﬁdes
1042 2827 1230 2877 sancta
1290 2828 1554 2893 concepta
1590 2828 1689 2887 est,
1736 2817 1832 2889 qui

238 2910 390 2967 velut
417 2911 582 2985 periti
610 2910 850 2968 artiﬁces
880 2910 938 2966 in
968 2927 1141 2967 unum
1173 2911 1587 2978 convenientes,
1620 2909 1832 2965 clavem

238 3013 337 3055 suo
383 3000 620 3059 consilio
668 3000 1071 3075 conﬂaverunt.
1096 2999 1321 3058 Clavem
1354 2998 1503 3054 enim
1532 2995 1831 3071 quamdam

241 3089 423 3162 ipsum
488 3089 806 3165 symbolum
856 3088 1118 3157 dixerim,
1148 3104 1245 3161 per
1318 3087 1465 3161 quod
1519 3092 1831 3142 reserantur

233 3177 442 3237 diaboli
476 3179 738 3247 tenebrae,
769 3187 832 3234 ut
865 3178 965 3234 lux
996 3176 1204 3234 Christi
1232 3176 1527 3233 adveniat:
1573 3175 1825 3248 aperiun-

224 3273 315 3324 tur
343 3267 706 3326 conscientiae
735 3267 919 3323 clausa
960 3273 1202 3340 peccata,
1237 3273 1298 3322 ut
1319 3265 1553 3338 justitiae
1582 3265 1828 3337 fulgeant

213 3370 381 3427 opera
446 3356 756 3414 manifesta.
807 3355 982 3429 Igitur
1027 3355 1145 3413 haec
1173 3356 1345 3413 clavis
1383 3353 1721 3412 ostendenda
1747 3360 1828 3409 est

216 3443 501 3504 fratrib‘us
549 3446 786 3513 nostris;
847 3453 909 3501 ut
950 3452 1004 3501 et
1062 3445 1169 3517 ipsi
1232 3454 1494 3518 tanquam
1566 3441 1825 3516 discipuli

218 3529 365 3587 Petri
441 3534 659 3591 inferna
725 3531 833 3589 sibi
878 3546 1139 3600 reserare,
1206 3530 1376 3588 coelos
1439 3529 1651 3604 aperire
1698 3544 1827 3585 con-

221 3631 505 3680 suescant.

659 3739 806 3797 436
855 3732 1089 3791 SERMO
1136 3732 1400 3791 XXXIV.

632 3833 923 3891 Dominica
974 3833 1433 3891 Resurrectionis.

237 3937 386 3996 Hunc
413 3957 726 4010 sermonem,
748 3959 866 3997 cum
892 3943 1082 3998 deesset
1126 3943 1183 3997 in
1219 3940 1457 4011 antiquis
1486 3939 1826 4009 editionibus,

296 4013 543 4085 Romana
587 4014 682 4068 sub
717 4015 811 4069 hoc
834 4014 987 4069 titulo
1007 4015 1292 4085 evulgavit.
1316 4015 1391 4070 Et
1413 4030 1471 4067 re
1490 4013 1683 4085 prima,
1703 4030 1830 4085 vera

302 4082 355 4166 in
396 4086 522 4166 illa
545 4085 789 4166 quaedam
832 4082 1168 4166 asportantur
1194 4087 1265 4166 ad
1292 4082 1642 4166 Evangetiu‘m
1670 4084 1830 4166 hujus

298 4154 433 4210 Dom
448 4154 596 4211 inicit:
624 4154 979 4228 pertinentia:
1004 4156 1092 4211 sed
1117 4157 1259 4228 quod
1287 4156 1521 4211 eumdem
1559 4155 1831 4228 Ambrosii

298 4228 514 4283 nomine
568 4227 883 4299 inscriptam
928 4228 1181 4294 exhibuit,
1239 4227 1298 4282 id
1342 4243 1469 4282 sane
1514 4227 1831 4283 reclamante

298 4299 476 4369 sancti
495 4299 681 4355 Patris
704 4301 841 4369 stle
869 4299 1137 4369 etingenio
1158 4298 1297 4368 fecit.

302 4368 350 4425 1.
389 4370 672 4439 Audistis,
723 4367 940 4440 fratres,
974 4367 1121 4442 quod
1160 4367 1374 4427 sanctae
1408 4367 1688 4435 mulieres,
1710 4386 1832 4445 quae

235 4498 352 4541 cum
396 4485 747 4544 aromatibus
773 4484 844 4543 ad
872 4494 1294 4543 monumentum
1316 4501 1534 4555 venere,

236 4571 531 4643 viderunt;
586 4575 773 4649 inquit
806 4576 994 4632 enim:
1029 4599 1048 4624 ι
1075 4576 1149 4633 Et
1186 4575 1492 4633 intreuntes
1541 4575 1602 4631 in
1640 4592 1834 4631 monu-

238 4673 488 4723 mentum
542 4665 802 4723 viderunt
850 4667 1113 4739 juvenem
1179 4666 1460 4723 sedentem
1508 4665 1565 4721 in
1625 4664 1838 4721 dextris

243 4751 435 4819 (Marc.
463 4771 585 4823 xvi,
618 4755 699 4827 2).
723 4779 743 4802 ›
811 4754 947 4822 Quis
972 4772 1104 4812 vero
1145 4754 1369 4827 juvenis
1398 4754 1502 4812 iste
1533 4755 1723 4823 fuerit,
1772 4772 1839 4811 ne

241 4841 572 4918 ambiguitas
600 4851 656 4901 te
682 4844 1003 4914 offenderet,
1037 4846 1179 4902 alius
1209 4844 1547 4920 evangelista
1574 4845 1797 4919 scripsit
1822 4864 1834 4902 :

255 4951 273 4975 ι
304 4932 547 5011 Angelus
597 4934 747 4991 enim
785 4935 1009 4992 Domini
1048 4934 1334 4999 descendit
1380 4936 1448 4992 de
1477 4936 1639 5007 coelo,
1662 4944 1716 4992 et
1755 4952 1840 4995 ac-

245 5023 440 5084 cedens
511 5024 753 5083 revolvit
810 5024 1069 5098 lapidem,
1119 5031 1175 5079 et
1230 5023 1450 5081 sedebat
1498 5042 1660 5098 super
1714 5042 1841 5082 eum

250 5109 462 5179 (Matth.
519 5132 726 5184 xxvrn,
763 5114 846 5185 2).
870 5139 889 5161 ι
965 5113 1137 5170 Maria
1166 5129 1297 5169 vero
1353 5112 1690 5185 Magdalena,
1723 5130 1841 5187 quae

249 5204 448 5261 arctius
508 5203 773 5277 diligebat
825 5203 1033 5269 Jesum,
1098 5201 1227 5274 quia
1274 5200 1437 5273 juxta
1531 5204 1841 5275 sepulcrum

236 5294 638 5365 perseveravit,
686 5293 987 5352 Dominum
1035 5291 1218 5365 prima
1273 5294 1523 5350 omnium
1571 5294 1737 5363 vidit,
1791 5302 1846 5350 et

254 5386 508 5452 apostolis
538 5384 913 5443 aununtiavit.
948 5383 1136 5456 lnquit
1163 5382 1312 5440 enim
1341 5384 1580 5441 Joannes
1611 5398 1843 5456 evange-

259 5467 412 5544 lista;
459 5501 479 5525 ε
526 5477 696 5535 Venit
732 5474 906 5533 Maria
944 5472 1264 5548 Magdalena
1304 5475 1640 5531 annuntians
1667 5473 1847 5531 disci-

257 5562 428 5630 Pulis:
476 5568 611 5626 Vidi
665 5566 992 5634 Dominum,
1047 5575 1104 5624 et
1152 5565 1270 5623 haec
1323 5563 1464 5621 mihi
1517 5565 1687 5635 dixit,
1737 5571 1842 5622 etc.

258 5638 430 5719 (Joan.
462 5678 563 5731 xx,
603 5660 719 5735 18).
752 5686 771 5711 ›
820 5660 926 5717 Per
955 5675 1075 5733 quae
1125 5674 1226 5714 nos
1268 5672 1580 5723 monemur,
1630 5663 1693 5713 ut
1719 5671 1846 5713 cum

1941 1854 2106 1911 opera
2163 1837 2326 1905 mala,
2357 1844 2412 1892 et
2456 1840 2645 1892 curate
2702 1833 2902 1890 habere
2958 1842 3223 1905 aromata,
3279 1835 3386 1894 hoc
3432 1844 3534 1905 est,

1941 1926 2251 1984 orationem
2281 1924 2568 1992 mundam,
2591 1922 2974 1982 dicentescum
3005 1924 3328 1981 Psalmista:
3357 1925 3536 1982 «Diri-

1943 2024 2123 2089 gatur,
2182 2015 2438 2082 Domine,
2499 2012 2675 2069 oratio
2729 2029 2870 2083 mea,
2926 2012 3070 2072 sicut
3132 2014 3422 2073 incensum
3477 2013 3537 2072 in

1942 2112 2241 2177 conspectu
2270 2112 2367 2160 tuo
2398 2103 2574 2175 (Psal.
2615 2117 2741 2171 ch,
2764 2101 2844 2173 2).
2876 2125 2895 2150 ι

2015 2209 2068 2267 3.
2098 2208 2387 2266 Attendite
2432 2209 2656 2282 insuper
2699 2207 2847 2282 quod
2887 2207 3156 2279 audistis;
3185 2226 3384 2285 nempe
3411 2211 3536 2268 Ma-

1942 2299 2025 2356 ria
2050 2300 2388 2373 Magdalena,
2440 2298 2569 2372 quia
2621 2298 3019 2371 perseverando
3075 2298 3145 2356 ad
3200 2317 3539 2359 monumen-

1940 2396 2080 2458 tum,
2110 2405 2273 2463 quem
2304 2387 2603 2462 qurerebat,
2633 2386 2885 2455 invenit;
2936 2388 3197 2461 quoniam
3240 2411 3262 2436 ε
3280 2390 3376 2463 qui
3405 2406 3538 2464 per-

1941 2478 2275 2535 severaverit
2326 2494 2500 2552 usque
2531 2478 2588 2533 in
2618 2477 2806 2545 ﬁnem,
2853 2477 2947 2534 hic
2968 2480 3156 2535 salvus
3183 2479 3290 2536 erit
3320 2481 3533 2553 (Matth.

1941 2586 2001 2635 x,
2031 2569 2147 2640 22).
2182 2592 2199 2615 ι
2244 2567 2399 2624 Unde
2428 2567 2573 2624 sicut
2602 2583 2821 2623 necesse
2850 2574 2932 2623 est
2960 2575 3022 2623 ut
3051 2568 3259 2624 malum
3316 2585 3348 2624 a
3376 2568 3538 2625 vobis

1941 2657 2219 2731 repellatis
2257 2675 2271 2724 ;
2308 2656 2387 2711 ita
2421 2655 2646 2727 expedit
2690 2655 2919 2711 omnino
2957 2663 3019 2711 ut
3047 2656 3107 2711 in
3155 2656 3325 2725 bono,
3389 2656 3539 2730 quod

1936 2748 2050 2822 jam
2098 2745 2423 2813 inchoastis,
2468 2743 2783 2799 ﬁrmissime
2832 2745 3208 2815 perseveretis,
3248 2744 3295 2801 si
3338 2745 3539 2802 Domi-

1941 2851 2079 2893 num
2106 2834 2295 2889 videre
2324 2840 2378 2889 et
2423 2831 2494 2889 ad
2544 2832 2821 2889 caelestem
2852 2833 3085 2906 patriam
3112 2834 3400 2906 pervenire
3431 2834 3539 2891 de—

1942 2922 2215 2981 sideratis.

2012 3022 2068 3078 4.
2129 3021 2378 3094 Denique
2456 3018 2587 3093 quia
2655 3025 2906 3076 sanctum
2962 3018 3171 3077 Pascha
3227 3020 3534 3092 celebratis,

1863 3136 1908 3199 α
1941 3112 2146 3172 debitis
2192 3112 2354 3180 scire,
2385 3108 2602 3199 fratres,
2634 3108 2771 3181 quid
2800 3108 2874 3165 sit
2902 3108 3126 3166 Pascha.
3159 3109 3368 3167 Pascha
3399 3126 3531 3167 vero

1937 3202 2203 3260 transitus
2244 3199 2486 3266 dicitur;
2545 3198 2669 3254 ideo
2715 3205 2900 3254 autem
2928 3199 3030 3254 tali
3068 3199 3294 3255 nomine
3337 3208 3534 3258 vocata

1938 3300 2020 3349 est
2066 3291 2174 3347 ista
2221 3288 2515 3357 festivitas,
2564 3287 2694 3360 quia
2751 3286 2810 3341 in
2862 3286 2985 3359 ipsa
3029 3288 3371 3345 transierunt
3424 3289 3533 3346 ﬁlii

1938 3381 2105 3439 Israel
2134 3395 2205 3437 ex
2249 3381 2513 3452 IEgypto,
2558 3385 2612 3434 et
2639 3377 2756 3450 ipse
2798 3375 2975 3433 Filius
3021 3377 3132 3433 Dei-
3168 3378 3432 3435 transivit
3461 3396 3531 3435 ex

1938 3471 2045 3528 hoc
2085 3468 2295 3526 mundo
2336 3467 2408 3524 ad
2454 3468 2693 3524 Patrem.
2717 3466 2926 3524 Verum
2955 3466 3090 3540 quid
3120 3466 3279 3524 vobis
3307 3467 3534 3541 prodest

1938 3561 2087 3635 quod
2138 3559 2349 3617 Pascha
2396 3558 2705 3626 celebretis,
2762 3557 2810 3613 si
2862 3572 2974 3613 non
3029 3557 3327 3616 imitamini
3383 3559 3534 3632 quod

1939 3651 2171 3710 colitis?
2223 3650 2331 3707 hoc
2385 3656 2485 3717 est,
2519 3649 2567 3704 si
2612 3663 2727 3704 non
2753 3647 3005 3704 transitis
3035 3646 3103 3704 ab
3154 3649 3417 3721 IEgypto,
3472 3647 3533 3706 id

1939 3751 2044 3809 est,
2073 3759 2106 3798 a
2158 3738 2404 3797 tenebris
2459 3736 2728 3794 vitiorum
2784 3736 2855 3793 ad
2885 3738 3065 3795 lucem
3096 3737 3389 3808 virtutum,
3421 3745 3477 3796 et
3502 3755 3536 3795 a

1940 3832 2136 3889 mundi
2160 3830 2330 3903 hujus
2358 3845 2542 3886 amore
2582 3826 2651 3884 ad
2679 3826 3014 3885 desiderium
3034 3828 3272 3886 caelestis
3299 3830 3533 3902 patriae?

1938 3924 2075 3981 Nam
2104 3930 2234 3980 sunt
2262 3919 2426 3977 multi
2480 3918 2578 3992 qui
2608 3917 2845 3991 gaudent
2895 3919 2956 3975 in
2983 3918 3089 3976 ista
3130 3919 3448 3989 festivitate,
3478 3927 3535 3976 et

1940 4014 2135 4072 colunt
2167 4012 2311 4069 hanc
2338 4009 2773 4077 solemnitatem;
2806 4016 2861 4065 et
2902 4016 3090 4065 tamen
3116 4011 3281 4075 male,
3311 4017 3365 4064 et
3388 4010 3534 4064 malo

1941 4120 2063 4172 suo,
2097 4102 2230 4176 quia
2254 4116 2367 4157 non
2392 4097 2735 4155 transierunt
2754 4114 2824 4154 ex
2840 4097 2947 4154 hoc
2975 4097 3182 4155 mundo
3200 4097 3268 4153 ad
3296 4098 3533 4164 Patrem,

1941 4190 2000 4249 id
2055 4198 2157 4259 est,
2214 4206 2328 4246 non
2377 4194 2665 4244 transeunt
2722 4203 2755 4241 a
2801 4186 2998 4242 mundi
3046 4185 3369 4258 cupiditate,
3402 4191 3456 4240 et
3506 4201 3538 4240 a

1942 4280 2149 4337 carnali
2208 4278 2576 4337 delectatione
2599 4276 2670 4332 ad
2697 4273 2936 4331 caelestis
2966 4271 3159 4345 patriae
3188 4288 3456 4329 amorem.
3489 4274 3535 4330 Ο

1943 4370 2131 4427 miseri
2162 4367 2485 4435 Christiani,
2517 4364 2613 4439 qui
2661 4364 2721 4420 in
2751 4364 2995 4435 Egypto
3022 4369 3171 4431 sunt,
3221 4363 3279 4420 id
3307 4370 3409 4432 est,
3433 4362 3536 4420 sub

1575 4486 1831 4559 angelum
1863 4499 1913 4559 D
1943 4466 2209 4559 potestate
2250 4456 2492 4559 diaboli,
2513 4463 2570 4512 et
2596 4452 2836 4559 gaudent
2863 4453 2922 4559 in
2954 4453 3537 4559 malislM‘opeo-gug.‘

1944 4558 2167 4624 propter
2211 4564 2332 4615 vos,
2390 4546 2607 4613 fratres,
2654 4552 2718 4600 ut
2745 4542 2954 4601 Pascha
2994 4543 3099 4600 rite
3139 4543 3446 4613 celebretis,
3479 4542 3539 4600 id

1946 4648 2047 4709 est,
2071 4637 2370 4695 transitum
2400 4634 2634 4692 faciatis.
2684 4633 3012 4707 Quicunque
3049 4633 3183 4689 mali
3213 4633 3359 4690 hanc
3387 4631 3540 4689 festi-

1944 4731 2170 4788 vitatem
2200 4726 2507 4795 celebratis,
2565 4725 2795 4781 transite
2834 4724 2902 4780 de
2957 4723 3114 4780 vitiis
3145 4722 3214 4779 ad
3246 4722 3483 4778 virtutes
3516 4738 3531 4777 ι

1949 4822 2266 4895 quicunque
2316 4833 2447 4872 vero
2505 4815 2663 4881 boni,
2727 4814 2959 4871 transite
3002 4813 3071 4869 de
3112 4812 3416 4870 virtutibus
3471 4809 3542 4866 ad

1952 4910 2225 4977 virtutes;
2266 4914 2321 4963 et
2371 4905 2449 4962 ita
2494 4912 2556 4961 ut
2606 4903 2794 4960 nullus
2833 4910 3112 4959 remaneat
3140 4901 3199 4958 in
3224 4900 3404 4969 vobis,
3445 4898 3542 4972 qui

1950 5000 2246 5058 transitum
2271 5013 2383 5052 non
2410 4992 2592 5051 faciat.

2019 5110 2074 5167 5.
2120 5109 2193 5164 Et
2238 5106 2383 5162 sicut
2425 5102 2600 5159 Judaei
2664 5100 2884 5174 quando
2925 5099 3132 5158 Pascha
3173 5096 3542 5165 celebrabant,

1952 5207 2161 5273 septem
2207 5196 2327 5253 dies
2358 5209 2551 5267 azyma
2586 5191 2989 5253 comedebant;
3040 5191 3116 5247 ita
3141 5190 3323 5246 omnis
3374 5188 3546 5246 Chri-

1953 5289 2185 5353 stianus,
2232 5286 2326 5360 qui
2396 5284 2515 5340 veri
2562 5282 2727 5356 Agni,
2798 5281 2856 5339 id
2894 5290 2997 5349 est,
3043 5278 3273 5349 Christi,
3319 5290 3542 5334 carnem

1953 5380 2213 5447 comedit,
2272 5394 2369 5451 per
2426 5392 2590 5433 omne
2627 5383 2846 5447 tempus
2882 5373 3013 5429 vita:
3079 5387 3211 5437 suae,
3262 5366 3409 5441 quod
3450 5381 3548 5437 per

1954 5480 2160 5545 septem
2219 5469 2467 5526 volvitur
2540 5466 2677 5535 dies,
2734 5461 3062 5535 simpliciter
3118 5467 3173 5514 et
3226 5457 3548 5513 innocenter

1954 5562 2118 5621 debet
2157 5559 2493 5620 conversari.
2562 5555 2781 5622 Videte,
2843 5552 3061 5616 fratres,
3110 5546 3291 5604 videte
3328 5561 3397 5602 ne
3428 5545 3548 5602 fer-

1957 5662 2204 5712 mentum
2235 5660 2393 5710 vetus
2422 5651 2495 5708 sit
2521 5648 2668 5723 apud
2697 5665 2819 5716 vos,
2850 5646 2993 5704 sicut
3016 5647 3203 5697 monet
3230 5639 3549 5714 Apostolus,
