4064 6178
529 328 639 388 695

1545 317 1642 374 ΑΙ)
1681 315 1916 374 OPERA
1951 314 2006 372 S.
2048 313 2381 374 AMBROSII
2418 313 2802 372 APPENDIX.

3725 309 3840 368 696

527 448 753 506 dicens:
813 470 832 493 ι
861 445 1175 518 Expurgate
1221 449 1380 501 vetus
1427 442 1760 500 fermentum
1811 442 1868 514 (I
1897 440 2028 498 Cor.
2061 458 2120 508 v,
2150 450 2201 511 Α
2230 441 2428 498 futurze
2459 457 2527 496 ex
2553 455 2609 495 se
2638 437 2828 510 stirpis
2855 434 3126 509 originem
3157 434 3513 508 propagavit;
3547 440 3611 491 ut
3636 433 3845 491 divina

529 539 609 610 7),
641 563 660 586 ι
704 537 762 594 id
787 546 890 606 est,
932 535 1134 594 veteris
1162 535 1408 593 hominis
1447 534 1942 592 conversationem.
1969 533 2123 591 Tunc

526 627 675 684 enim
697 626 851 684 eritis
879 628 997 684 veri
1026 626 1349 695 Christiani,
1383 625 1428 682 si
1459 641 1621 682 omne
1651 623 1856 679 malum
1883 621 2122 678 declina-

528 723 740 791 veritis,
791 721 938 796 quod
987 721 1303 794 designatur
1341 737 1437 793 per
1479 727 1636 776 vetus
1685 719 2039 786 fermentum,
2071 723 2124 772 et

526 811 674 887 quod
703 811 758 868 in
787 811 1061 886 baptismo
1074 810 1424 884 promisistis,
1459 809 1698 866 ﬁdeliter
1718 807 2121 876 custodieritis,

528 901 678 977 quod
736 900 851 975 ipse
904 901 1064 958 vobis
1092 899 1377 968 concedat,
1427 899 1522 972 qui
1550 897 1694 954 vivit
1722 905 1776 954 et
1803 907 1993 972 regnat
2026 912 2124 970 per

530 991 750 1050 inﬁnita
778 991 976 1050 saecula
1001 992 1356 1060 saeculorum,
1387 1004 1567 1046 amen.

987 1140 1134 1197 437
1164 1132 1398 1190 SERMO
1420 1131 1658 1188 XXXV.

952 1235 1030 1290 De
1060 1231 1326 1306 mysterio
1372 1230 1593 1287 Pascha“:
1623 1231 1692 1286 II.

523 1341 624 1399 Hic
674 1357 845 1395 sermo
891 1339 950 1395 in
1001 1339 1240 1394 omnibus
1297 1337 1567 1395 Ambrosii
1619 1335 1746 1392 edit.
1802 1332 1894 1388 sub
1954 1331 2120 1388 libelli

598 1411 750 1468 titulo
804 1411 862 1466 in
907 1413 1068 1467 lucem
1103 1411 1323 1482 prodiit,
1392 1427 1528 1482 cum
1558 1416 1731 1463 tamen
1751 1403 2117 1482 pani/catum

595 1483 667 1538 sit
717 1475 1116 1538 conciunculani
1142 1499 1266 1550 esse,
1323 1481 1451 1552 quia
1499 1480 1689 1550 festum
1741 1477 2018 1552 Paschatzs
2056 1475 2118 1530 ob

595 1560 900 1626 reparatam
953 1554 1182 1610 hominis
1246 1549 1600 1608 innocentiam
1625 1623 1640 1626 _
1666 1557 1822 1620 atque
1893 1549 2119 1626 salu-tem

593 1619 699 1682 coli
754 1626 937 1698 debere
981 1626 1206 1698 ostendit
1231 1631 1436 1698 auctor.
1490 1623 1641 1698 Quod
1665 1619 1840 1698 autem
1889 1619 1971 1674 hic
2006 1635 2117 1698 qu:

593 1703 706 1753 ctor
757 1698 823 1753 ab
853 1697 1135 1754 Ambrosio
1190 1697 1334 1753 alius
1360 1689 1545 1768 fuerit,
1579 1695 1918 1767 explorat-um
1944 1689 2120 1745 reddit

594 1769 713 1843 ipsa
741 1769 919 1826 dictio.

593 1912 822 1972 CAPUT
843 1913 1135 1971 PRIMUM.
1165 1909 1533 1969 —I.Paschas
1563 1908 1889 1982 mysterium
1916 1905 1984 1963 de
2013 1905 2121 1964 ﬁde

523 2002 784 2059 omnibus
821 2002 1172 2060 credentibus
1215 2002 1275 2058 in
1312 2001 1534 2060 Christo
1581 1999 1805 2068 renatis,
1837 1997 2121 2055 recidiva—

523 2100 641 2148 tum
675 2092 756 2164 (8)
789 2092 918 2148 ﬁdei
967 2108 1164 2149 annuae
1193 2090 1474 2148 felicitatis
1507 2088 1768 2163 gaudium
1800 2095 1854 2144 et
1884 2086 2118 2160 gloriam

524 2181 821 2238 ministrat.
867 2182 1024 2250 Quod
1069 2182 1290 2255 quidem
1332 2197 1548 2238 sacrum
1595 2195 1798 2236 nomen
1846 2178 1914 2234 ab
1944 2176 2120 2250 ipsius

523 2270 750 2328 Domini
780 2270 1030 2344 passione
1056 2269 1370 2339 descendit;
1417 2268 1626 2326 Pascha
1654 2269 1801 2324 enim
1834 2266 2014 2340 passio
2039 2273 2121 2322 est

523 2359 843 2427 Salvatoris,
903 2361 1047 2417 sicut
1075 2359 1266 2417 beatus
1312 2360 1611 2433 Apostolus
1640 2357 1817 2414 dicit:
1865 2381 1884 2404 ι
1915 2355 2120 2412 Pascha

523 2448 671 2505 enim
702 2457 952 2505 nostrum
984 2449 1302 2507 immolatus
1317 2459 1397 2507 est
1415 2448 1668 2508 Christus
1699 2449 1755 2518 (I
1769 2449 1895 2504 Cor.
1918 2463 1974 2514 v,
2000 2446 2104 2518 7).»

524 2545 609 2602 Ad
639 2545 746 2601 hoc
772 2544 919 2600 enim
944 2544 1247 2601 humanum
1263 2563 1463 2619 corpus
1491 2546 1742 2605 Christus
1763 2545 2120 2616 accipiens,se

524 2637 586 2693 in
637 2636 944 2709 passionem
1007 2637 1228 2694 Paschze
1287 2636 1552 2710 mysterio
1619 2637 2000 2701 consecravit;
2059 2647 2122 2691 ut

523 2724 772 2798 quisquis
811 2723 977 2797 hujus
1022 2726 1268 2783 muneris
1306 2743 1403 2798 per
1435 2725 1600 2782 ﬁdem
1645 2724 2117 2798 participationem

521 2823 663 2872 esset
693 2814 966 2887 indeptus,
986 2815 1264 2874 consortio
1295 2815 1599 2872 Dominicae
1615 2815 1896 2873 felicitatis
1921 2814 2120 2887 dignus

524 2907 721 2964 merito
753 2916 1084 2964 censeretur.

594 3011 823 3067 CAPUT
853 3011 921 3066 Il.
945 3040 1016 3051 —
1047 3010 1099 3066 2.
1133 3011 1231 3066 Est
1251 3010 1397 3066 enim
1428 3009 1636 3067 Pascha
1665 3027 1794 3067 vere
1813 3011 1946 3067 anni
1970 3011 2119 3083 prin-

520 3100 750 3173 cipium,
793 3100 957 3173 primi
986 3100 1190 3156 mensis
1224 3101 1540 3169 exordium,
1565 3101 1785 3157 novella
1805 3102 2114 3173 germinum

2230 529 2334 586 hoc
2381 530 2502 585 loco
2558 536 2704 583 recte
2756 524 3029 582 sententia
3083 524 3494 594 compleretur:
3567 521 3847 578 «Invidia

2229 619 2436 674 diaboli
2490 634 2638 673 mors
2669 614 2925 672 introivit
2976 614 3033 669 in
3064 613 3253 669 orbem
3285 620 3552 668 terrarum
3580 612 3742 682 (Sap.
3778 629 3846 680 ιι,

2231 706 2388 780 24).»
2448 709 2529 763 Ita
2582 722 2679 778 per
2737 703 3080 762 occasionem
3163 701 3376 767 delicti,
3439 699 3496 755 in
3557 701 3849 758 universis

2230 797 2610 870 peccatoribus
2640 795 2896 851 diabolus
2915 793 3109 849 mortis
3141 801 3222 847 est
3253 791 3482 847 sortitus
3509 791 3846 864 imperium,

2230 899 2394 965 atque
2423 907 2614 947 omnes
2631 906 2661 945 a
2681 892 2794 946 Deo
2819 887 3121 952 deviantes,
3146 884 3354 957 peccati
3378 885 3605 940 vinculo
3635 885 3847 940 obstri-

2230 991 2369 1049 ctos,
2400 978 2703 1053 squalentis
2733 977 2923 1034 tartari
2955 977 3170 1032 clausos
3189 974 3465 1044 ergastulo
3494 974 3844 1045 possidebat.

2302 1071 2531 1129 CAPUT
2587 1070 2684 1126 IV.
2743 1099 2813 1110 --
2867 1068 2920 1122 4.
2992 1066 3236 1134 Quorum
3300 1064 3590 1120 interitum
3639 1065 3847 1121 dolens

2229 1161 2422 1218 divina
2475 1176 2728 1229 censura,
2761 1176 2873 1215 non
2927 1173 3023 1231 per
3075 1173 3295 1213 servum
3353 1164 3555 1222 vatem,
3604 1172 3712 1212 nec
3744 1172 3846 1228 per

2228 1253 2480 1324 angelum
2529 1248 2908 1305 invisibilem:
2963 1245 3054 1302 sed
3102 1245 3170 1301 ad
3202 1244 3308 1301 hoc
3335 1261 3432 1316 per
3464 1243 3842 1300 substantiam

2229 1338 2483 1394 humanae
2511 1337 2693 1394 carnis
2724 1335 2841 1408 (10)
2884 1336 2942 1392 in
2974 1334 3206 1391 homine
3236 1336 3383 1390 Deus
3411 1333 3642 1389 veniens
3679 1333 3842 1390 habi-

2228 1427 2403 1494 tavit;
2470 1433 2534 1482 ut
2585 1426 2874 1482 honestam
2931 1423 3159 1480 vivendi
3211 1422 3447 1478 formam
3501 1422 3844 1478 mortalibus

2227 1515 2400 1583 daret,
2443 1524 2497 1572 et
2549 1513 2901 1587 temporariis
2959 1520 3219 1569 aeternam
3267 1511 3326 1567 in
3373 1527 3430 1567 se
3477 1511 3844 1568 credentibus

2225 1604 2398 1660 vitam
2460 1605 2715 1677 exemplo
2743 1620 2856 1660 suae
2903 1603 3098 1658 mortis
3137 1619 3200 1658 ac
3243 1601 3662 1657 resurrectionis
3691 1617 3845 1673 ape-

2224 1693 2379 1750 riret.
2411 1693 2482 1749 Ut
2511 1693 2658 1748 enim
2708 1690 3070 1749 incredulitas
3109 1697 3162 1746 et
3189 1690 3606 1746 simulacrorum
3639 1689 3843 1745 cultus

2225 1781 2349 1839 cmli
2378 1780 2590 1837 aditum
2618 1781 2926 1846 clauserat;
2979 1780 3056 1835 ita
3093 1779 3300 1834 inferni
3323 1777 3638 1835 barathrum
3671 1794 3841 1852 pra;-

2228 1870 2551 1928 varicatoris
2587 1871 2817 1943 perﬁdia
2840 1877 3175 1943 procurarat.

2299 1961 2353 2017 5.
2409 1962 2472 2016 In
2530 1977 2765 2033 quorum
2842 1958 3130 2031 suppliciis
3178 1972 3351 2030 usque
3410 1956 3478 2012 ad
3525 1955 3842 2013 adventum

2229 2051 2529 2108 Salvatoris
2574 2050 2800 2107 Domini
2831 2051 2961 2106 Jesu
2991 2047 3203 2107 Christi
3254 2047 3506 2104 diabolus
3535 2063 3633 2118 per
3672 2063 3842 2102 mor-

2227 2149 2337 2198 tem
2395 2140 2663 2213 regnavit,
2721 2140 2898 2196 donec
2971 2137 3227 2194 humana:
3297 2136 3478 2195 carnis
3535 2134 3604 2191 ad
3653 2137 3839 2192 Deum

2228 2236 2586 2302 attemperata
2621 2227 2947 2296 substantia,
3009 2226 3425 2283 immaculatum
3455 2240 3658 2297 corpus
3686 2240 3843 2281 con-

2228 2322 2426 2381 ditioni
2485 2320 2678 2377 mortis
2709 2319 2943 2376 addixit.
3004 2319 3221 2389 Expers
3289 2316 3496 2388 peccati
3550 2314 3841 2384 Christus,

2227 2429 2352 2470 cum
2384 2411 2452 2466 ad
2504 2409 2695 2466 tartari
2761 2408 2873 2464 ima
2897 2405 3269 2472 descenderet,
3309 2421 3456 2461 seras
3489 2403 3697 2460 inferni
3737 2404 3842 2476 ja-

2227 2517 2471 2574 nuasque
2487 2500 2864 2571 confringens,
2882 2497 3097 2554 vinctas
3119 2503 3342 2568 peccato
3373 2494 3608 2561 animas,
3633 2494 3842 2550 mortis

2227 2591 2608 2650 dominatione
2636 2590 2933 2658 destructa,
2967 2605 2996 2646 e
3024 2589 3233 2646 diaboli
3262 2587 3514 2645 faucibus
3541 2589 3841 2644 revocavit

2231 2680 2302 2736 ad
2334 2680 2543 2746 vitam;
2568 2688 2730 2752 atque
2751 2679 2828 2735 ita
2857 2677 3085 2734 divinus
3106 2677 3423 2749 triumphus
3450 2677 3673 2732 aeternis
3704 2677 3839 2732 cha-

2227 2768 2535 2826 racteribus
2593 2777 2675 2824 est
2706 2769 3071 2840 conscriptus,
3107 2769 3241 2824 dum
3297 2767 3470 2822 dicit:
3536 2791 3553 2813 ι
3584 2766 3690 2821 Ubi
3728 2773 3838 2833 est,

2227 2875 2396 2927 mors,
2455 2858 2678 2914 aculeus
2730 2857 2904 2914 tuus?
2960 2856 3055 2912 ubi
3094 2865 3194 2924 est,
3229 2871 3397 2923 mors,
3453 2855 3690 2911 victoria
3739 2863 3843 2911 tua

2231 2947 2289 3019 (Ι
2317 2948 2444 3003 Cor.
2476 2962 2576 3013 xv,
2609 2946 2702 3018 55)
2727 2946 2788 3002 ἳ»

2299 3036 2351 3090 6.
2383 3035 2558 3102 Quam
2593 3034 2913 3090 felicitatem
2945 3040 3206 3104 reparatae
3227 3032 3425 3087 salutis
3453 3032 3649 3087 Paulus
3671 3047 3839 3089 reco-

2230 3125 2349 3181 lens
2405 3125 2637 3180 clamat:
2686 3121 2899 3180 «Sicuti
2930 3137 3024 3194 per
3082 3120 3258 3176 Adam
3310 3136 3458 3175 mors
3504 3118 3740 3175 intravit
3775 3119 3838 3176 in

521 3189 818 3284 rf’Pamti‘?’
849 3205 912 3245 δε
943 3195 1096 3284 τεῖνε
1123 3188 1324 3284 hiemis
1353 3200 1512 3284 ιξραιθ
1537 3191 1802 3284 discussa:
1835 3191 2000 3265 Primi
2030 3208 2118 3248 νθ·
2151 3190 2195 3251 C
2232 3213 2381 3270 hunc
2410 3212 2703 3280 mundum,
2735 3212 2813 3268 ita
2863 3219 2917 3267 et
2931 3188 3039 3284 'per
3078 3209 3361 3268 Christum
3393 3209 3540 3265 salus
3567 3209 3839 3267 restituta

522 3278 603 3335 ris
653 3279 907 3335 restituta
955 3277 1301 3350 jucunditas.
1364 3281 1498 3347 Hoc,
1559 3283 1805 3355 inquam,
1878 3290 2122 3356 tempore

523 3369 835 3426 visibilium
883 3378 938 3426 et
983 3371 1353 3428 invisibilium
1425 3373 1679 3429 conditor
1726 3375 1891 3442 Deus,
1938 3372 2123 3429 deﬁxo

525 3457 691 3516 hamo
737 3461 817 3531 (9)
871 3459 996 3517 creli
1041 3462 1354 3519 machinam
1383 3462 1741 3534 suspendens,
1795 3462 1941 3518 idem
1989 3462 2122 3518 solis

524 3549 717 3604 ardore
763 3548 1022 3617 radiavit,
1088 3550 1433 3622 splendorem
1491 3552 1633 3606 lunae
1680 3551 1877 3607 solatio
1944 3551 2122 3607 noctis

455 3658 458 3659 ν
526 3637 798 3704 attribuit,
859 3637 1184 3709 pendentem
1214 3641 1339 3696 coeli
1384 3657 1653 3696 cameram
1714 3641 2118 3712 splendentium

527 3723 769 3779 siderum
832 3723 1114 3780 decoravit
1170 3734 1386 3795 ornatu,
1446 3743 1594 3783 mare
1654 3729 1820 3785 certis
1868 3731 2118 3786 littorum

529 3810 733 3867 ﬁnibus
799 3827 1076 3882 coercens,
1152 3830 1408 3872 concavas
1485 3831 1549 3872 ac
1604 3816 1891 3873 stridentis
1956 3818 2118 3873 undze

527 3908 720 3957 aestum
771 3908 941 3958 metas
979 3904 1169 3960 statuti
1207 3904 1403 3961 limitis
1445 3905 1612 3978 jussit
1653 3906 1802 3963 haud
1833 3909 2116 3964 excedere.

524 3991 598 4048 Et
627 3999 686 4048 ut
717 3993 878 4063 plana
907 3993 1101 4049 mundi
1135 3993 1301 4051 facies
1357 3997 1643 4052 oculorum
1669 3997 1886 4053 eminus
1905 3997 2117 4054 subtra-

527 4079 750 4138 heretur
800 4089 1044 4155 aspectu,
1102 4083 1171 4139 ad
1231 4083 1334 4142 hoc
1388 4086 1446 4141 in
1502 4094 1759 4143 ornatum
1817 4086 2118 4144 mundialis

526 4169 748 4228 fabricae
797 4173 1075 4229 nemorosi
1116 4174 1286 4230 colles
1340 4184 1503 4248 atque
1567 4175 1770 4232 excelsi
1827 4176 2115 4233 constituti

523 4264 654 4313 sunt
712 4269 923 4316 montes
965 4278 979 4328 ;
1052 4268 1116 4317 ut
1170 4261 1370 4318 iterum
1425 4263 1752 4320 mortalibus
1799 4265 2117 4335 campestris

523 4357 749 4404 ornatus
771 4348 1074 4420 jucundior
1101 4351 1404 4411 adveniret.

595 4454 823 4512 CAPUT
853 4459 948 4514 III.
996 4490 1067 4500 —
1095 4461 1408 4535 3.1pseque
1463 4461 1629 4518 homo
1673 4462 1852 4520 divini
1906 4462 2115 4535 opiﬁcii

2231 3311 2313 3359 est
2343 3302 2549 3359 mundo
2584 3301 2747 3373 (Ibid.
2780 3301 2872 3372 22)
2901 3318 2914 3367 ;
2947 3322 2966 3348 ι
3010 3308 3065 3355 et
3094 3299 3328 3355 iterum:
3372 3322 3391 3344 σ
3411 3298 3632 3354 Primus
3656 3298 3837 3355 homo

2231 3393 2298 3448 de
2347 3402 2492 3449 terra
2539 3399 2810 3458 terrenus,
2866 3389 3139 3446 secundus
3192 3389 3357 3443 homo
3404 3388 3470 3443 de
3517 3389 3661 3445 ccelo
3707 3405 3836 3446 cm-

2231 3482 2382 3537 lestis
2410 3481 2575 3552 (Ibid.
2615 3480 2731 3550 47).
2757 3506 2774 3528 ι
2829 3481 2899 3535 Et
2929 3478 3199 3550 adjiciens
3226 3479 3304 3534 ait
3333 3496 3343 3533 :
3395 3502 3413 3524 ‹
3443 3478 3598 3535 Sicut
3628 3489 3834 3551 porta-
3899 3489 3904 3492 '

2229 3569 2414 3626 vimus
2460 3568 2756 3641 imaginem
2800 3567 3026 3635 terreni,
3063 3591 3081 3614 ι
3127 3567 3182 3622 id
3211 3574 3312 3635 est,
3344 3570 3546 3623 vetusti
3576 3567 3833 3624 hominis

2230 3658 2288 3714 in
2342 3658 2597 3727 crimine,
2673 3681 2691 3704 ‹
2720 3657 2799 3714 sic
2861 3663 3150 3731 portemus
3212 3656 3507 3728 imaginem
3584 3657 3833 3713 caelestis

2233 3747 2395 3818 (Ibid.
2427 3747 2544 3820 49),
2575 3747 2670 3803 »ἰὰ
2722 3755 2823 3815 est,
2853 3746 3114 3819 suscepti,
3147 3745 3438 3819 redempti,
3473 3747 3732 3818 reparati;
3765 3763 3831 3804 ac

2230 3836 2505 3906 puriﬁcati
2585 3835 2829 3892 hominis
2884 3837 3113 3890 salutem
3153 3842 3437 3891 teneamus
3461 3835 3520 3890 in
3576 3834 3827 3903 Christo,

2229 3924 2359 3996 quia
2386 3924 2533 3980 idem
2565 3923 2682 3996 ipse
2713 3924 3011 3994 Apostolus
3034 3923 3141 3980 ait:
3190 3922 3456 3979 «Initium
3488 3922 3772 3991 Christus,
3794 3949 3815 3973 ι

2226 4011 2285 4067 id
2334 4019 2435 4079 est,
2483 4020 2675 4068 auctor
2703 4011 3123 4068 resurrectionis
3177 4019 3232 4067 et
3261 4011 3421 4078 vita;
3483 4035 3502 4058 ε
3531 4010 3733 4067 deinde
3766 4012 3826 4068 hi

2227 4099 2434 4158 Christi
2489 4101 2652 4170 (Ibid.
2704 4100 2820 4171 23),
2855 4125 2875 4148 ι
2929 4100 2985 4156 id
3031 4109 3134 4170 est,
3184 4101 3278 4175 qui
3325 4102 3384 4157 in
3431 4101 3609 4157 forma
3656 4103 3827 4174 puri-

2225 4190 2352 4246 tatis
2405 4190 2525 4263 ejus
2581 4197 2727 4256 438
2783 4192 3053 4261 viventes,
3115 4193 3181 4249 de
3243 4209 3337 4266 spe
3401 4191 3829 4248 resurrectionis

2227 4286 2345 4358 ejus
2375 4288 2551 4344 securi
2585 4297 2769 4356 erunt,
2797 4307 2921 4347 cum
2976 4291 3094 4363 ipso
3124 4289 3362 4347 caelestis
3420 4289 3676 4361 promissi
3711 4290 3826 4362 glo-

2226 4375 2364 4432 riam
2422 4379 2748 4450 possessuri,
2790 4379 2933 4436 sicut
2982 4380 3098 4452 ipse
3128 4381 3398 4436 Dominus
3428 4379 3483 4435 in
3515 4380 3826 4452 Evangelia

2225 4465 2340 4520 ait:
2405 4489 2423 4513 ε
2453 4466 2579 4535 Qui,
2613 4467 2813 4542 inquit,
2848 4483 2934 4523 me
2981 4477 3201 4526 secutus
3230 4468 3418 4537 fuerit,
3448 4484 3558 4524 non
3591 4469 3822 4542 peribit,

521 4546 840 4620 dignatione
897 4552 1168 4610 formatus
1224 4556 1292 4612 ad
1350 4557 1456 4614 hoc
1513 4557 1786 4614 terrestris
1851 4566 2112 4616 creaturae
2151 4543 2199 4603 D
2224 4553 2317 4609 sed
2344 4556 2574 4612 transiet
2603 4555 2669 4614 de
2700 4566 2874 4614 morte
2911 4556 2980 4614 ad
3002 4557 3170 4612 vitam
3207 4559 3390 4630 (Joan.
3424 4575 3481 4627 ν,
3511 4557 3626 4629 24).
3653 4584 3670 4607 ι

520 4637 746 4695 effectus
799 4649 882 4697 est
940 4641 1220 4713 dominus,
1278 4652 1341 4701 ut
1395 4645 1603 4703 divinis
1667 4647 2112 4705 institutionibus

520 4739 736 4808 parens,
770 4725 887 4798 ejus
919 4736 1133 4786 tantum
1155 4738 1208 4786 et
1242 4733 1582 4791 voluntatem
1613 4745 1874 4804 servaret,
1932 4735 2028 4808 qui
2055 4752 2111 4792 se

519 4807 579 4863 in
608 4811 780 4869 tantis
834 4814 998 4871 rebus
1034 4816 1322 4875 dominum
1387 4822 1721 4893 praefecisset
1776 4840 1846 4879 ex
1907 4807 2105 4879 nihilo.

516 4897 622 4986 Qui
653 4901 712 4956 in
742 4902 863 4975 ipso
893 4906 1123 4965 exordio
1154 4925 1267 4965 non
1302 4911 1540 4981 nescius,
1592 4913 1919 4986 depravatus
1948 4913 2110 4969 invi-

515 4983 626 5054 dia,
659 4988 791 5046 dum
823 5008 987 5066 super
1006 4995 1285 5054 indultum
1318 4999 1416 5055 Dei
1447 4983 1731 5073 opiﬁcium
1779 5001 1934 5073 cupit
1962 4999 2102 5069 ﬁeri,

513 5075 662 5146 quod
713 5086 909 5136 natura
965 5099 1075 5140 non
1129 5085 1374 5155 dederat,
1426 5089 1611 5144 amisit
1658 5089 1908 5162 gratiam,
1941 5105 2104 5162 quam

511 5164 788 5225 Creatoris
817 5170 992 5242 pietas
1046 5175 1372 5234 attribuerat
1407 5179 1560 5249 (Gen.
1593 5195 1676 5247 ιιι,
1709 5178 1765 5249 6)
1794 5195 1806 5233 :
1839 5178 2104 5236 continuo

509 5254 582 5312 ob
611 5260 1114 5332 concupiscentiam
1171 5265 1458 5324 diabolica:
1488 5267 1826 5339 deceptionis
1876 5275 2104 5324 senten-

507 5343 639 5402 tiam
665 5349 863 5407 mortis
953 5354 1340 5425 praevaricator
1428 5355 1758 5422 incurrens;
1793 5355 1958 5412 etiam
2033 5357 2101 5414 ad

576 5447 659 5520 (8)
690 5449 772 5524 Ita
800 5457 910 5524 vet.
945 5449 1078 5507 edit.
1111 5468 1177 5524 ac
1205 5470 1365 5524 mss.,
1383 5451 1490 5524 nisi
1521 5451 1666 5524 quod
1698 5469 1797 5524 pro
1829 5453 2096 5509 recidiva-

502 5518 643 5594 ψη.
666 5520 841 5594 codex
869 5523 1028 5594 Rom.
1079 5523 1227 5594 legit,
1263 5518 1612 5594 residuatuhz.
1654 5518 1724 5578 At
1768 5525 1924 5581 Rom.
1961 5525 2094 5582 edit.

499 5589 560 5644 τὸ
583 5589 645 5665 de
663 5591 766 5665 ﬁde
794 5592 1008 5665 recidit,
1041 5602 1095 5650 et
1128 5589 1328 5665 posuit,
1356 5593 1666 5650 recidivum.

574 5660 656 5730 (9)
718 5663 841 5719 Vel.
878 5660 1037 5740 edit},
1070 5660 1247 5738 deﬁxa
1286 5660 1482 5733 humo;
1535 5665 1647 5722 duo
1703 5683 1858 5736 mss.,
1921 5668 2095 5741 deﬁxo

2293 4644 2342 4698 7.
2375 4644 2457 4698 Ita
2485 4644 2786 4701 Salvatoris
2817 4646 3018 4718 passio,
3068 4645 3197 4702 vitae
3225 4645 3480 4703 humana:
3519 4648 3666 4703 salus
3714 4656 3821 4703 est.

2216 4730 2305 4788 Ad
2332 4731 2436 4789 hoc
2465 4734 2612 4789 enim
2661 4751 2760 4806 pro
2798 4735 2958 4792 nobis
2991 4736 3130 4792 mori
3164 4737 3362 4805 voluit,
3394 4743 3454 4792 ut
3483 4753 3582 4792 nos
3606 4736 3663 4791 in
3689 4753 3821 4792 eum

2217 4820 2499 4878 credentes
2523 4833 2786 4894 perpetuo
2844 4826 3182 4882 viveremus.
3214 4826 3410 4883 Voluit
3440 4843 3538 4898 pro
3565 4834 3824 4898 tempore

2218 4907 2335 4964 ﬁeri
2365 4909 2516 4982 quod
2562 4928 2662 4968 nos
2685 4929 2893 4982 sumus,
2928 4922 2989 4970 ut
3031 4931 3132 4971 nos
3160 4916 3482 4973 aeternitatis
3529 4914 3650 4986 ejus
3677 4933 3822 4989 pro-

2216 4999 2533 5058 missionem
2568 5002 2801 5076 indepti,
2825 5021 2949 5062 cum
2971 5003 3166 5060 eodem
3197 5013 3458 5079 perpetuo
3475 5005 3815 5065 viveremus.

2285 5090 2514 5150 CAPUT
2543 5093 2611 5150 V.
2641 5123 2711 5134 —
2738 5094 2791 5150 8.
2817 5094 2963 5162 Hac,
2992 5095 3238 5168 inquam,
3286 5096 3382 5152 illa
3411 5105 3492 5152 est
3506 5097 3816 5154 caelestium

2214 5181 2603 5254 mysteriorum
2635 5183 2827 5255 gratia,
2861 5182 2966 5240 hoc
2996 5183 3217 5242 Paschae
3247 5184 3478 5254 donum,
3511 5185 3630 5243 haec
3664 5195 3815 5259 opta-

2212 5269 2342 5326 bilis
2369 5271 2502 5326 anni
2533 5270 2826 5339 festivitas,
2852 5270 2971 5328 haec
2985 5271 3216 5329 exordia
3236 5274 3582 5346 gignentium
3603 5291 3810 5331 rerum.

2213 5359 2354 5414 Hinc
2409 5359 2596 5414 vitalis
2629 5360 2831 5417 lavacri
2859 5377 3024 5417 sacrae
3058 5362 3316 5419 Ecclesiae
3340 5362 3475 5419 editi
3521 5364 3814 5436 puerperio

2208 5456 2403 5523 humo;
2440 5455 2636 5512 melius
2664 5458 2820 5515 Rom.
2859 5447 2991 5514 edit.
3025 5465 3086 5512 ut
3131 5458 3189 5514 in
3217 5465 3395 5515 textu.

2281 5527 2302 5596 (
2310 5527 2396 5607 19)
2433 5528 2590 5584 Rom.
2623 5529 2761 5585 edit.
2791 5531 2927 5598 sola,
2959 5529 3048 5585 sed
3077 5531 3154 5586 ad
3181 5531 3535 5590 substantiam
3561 5532 3812 5588 humana:

2205 5613 2267 5653 ca
2272 5615 2385 5652 rms
2394 5640 2406 5653 .
