4068 6188
255 341 356 398 697

1065 336 1436 395 SERMONES
1475 337 1530 394 S.
1572 338 1929 396 AMBROSIO
1968 339 2339 397 HACTENUS
2378 341 2714 399 ASCRIPTI.

3461 341 3574 399 698

259 467 511 536 infantes,
575 465 934 540 parvulorum
1001 464 1354 536 simplicitate
1414 433 1615 531 renati,
1666 465 1856 522 balatu
1881 470 1932 529 Α
1962 467 2121 522 Patre
2168 465 2420 538 Filioque
2473 465 2916 538 inseparabiliter
2949 467 3237 538 procedit:
3272 467 3366 540 qui
3407 468 3571 526 etiam

257 556 567 614 innocentis
599 557 716 628 (11)
765 561 1114 629 perstrepunt
1141 554 1510 612 conscientiae.
1544 555 1690 612 Hinc
1718 557 1854 614 casti

254 654 451 718 patres,
502 645 719 719 pudica
767 645 929 700 etiam
974 651 1175 700 matres
1227 645 1502 700 novellam
1550 661 1646 716 per
1690 644 1854 701 ﬁdem

251 739 478 812 stirpem
528 743 937 812 prosequuntur
977 735 1347 791 innumeram.
1409 735 1552 791 Hinc
1581 735 1684 790 sub
1724 735 1854 791 ﬁdei

248 828 446 884 arbore
491 827 559 883 ab
599 836 755 883 utero
801 824 972 881 fontis
1019 825 1249 881 innocui
1291 840 1572 880 cereorum
1606 825 1858 895 splendet

247 925 498 973 ornatus.
532 917 674 972 Hinc
701 914 938 972 caelestis
964 914 1145 970 meriti
1166 913 1581 970 sanctiﬁcantur
1608 931 1856 983 munere,

246 1013 302 1061 et
332 1005 663 1062 sacramenti
693 1003 959 1075 spiritalis
985 1002 1192 1059 celebri
1214 1003 1480 1075 mysterio
1513 1003 1852 1075 saginantur.

248 1093 396 1150 Hinc
429 1095 597 1150 unius
644 1093 820 1165 plebis
861 1093 1071 1166 gremio
1126 1092 1296 1148 beata
1340 1093 1599 1148 Ecclesia
1646 1093 1858 1149 nutrita

246 1183 588 1249 fraternitas,
636 1183 815 1239 unica
867 1181 1180 1238 divinitatis
1223 1181 1608 1250 substantiam,
1654 1199 1719 1240 ac
1747 1183 1858 1238 vir-

242 1272 384 1328 tutis
412 1271 580 1328 trium
612 1287 813 1327 nomen
842 1270 1132 1326 adorantes
1165 1271 1308 1341 (l2),
1341 1272 1618 1343 psalmum
1648 1288 1855 1328 annua

246 1360 573 1416 festivitatis
619 1377 744 1416 cum
789 1359 1062 1431 Propheta
1111 1359 1546 1416 concelebrant:
1593 1383 1611 1406 ε
1643 1361 1745 1416 Hic
1775 1377 1859 1431 est

245 1447 366 1504 dies
397 1464 561 1521 quem
592 1448 724 1505 fecit
752 1447 1053 1504 Dominus:
1079 1449 1419 1504 exsultemus
1439 1457 1494 1504 et
1515 1449 1768 1506 latemur
1798 1448 1856 1504 in

245 1553 311 1594 eo
343 1538 520 1609 (Psal.
557 1554 733 1605 cxvn,
765 1536 882 1609 24).
904 1561 922 1585 ι

317 1627 373 1683 9.
407 1625 566 1694 Quis,
598 1625 844 1699 inquam,
874 1625 1036 1682 dies?
1066 1627 1312 1698 Nemque
1351 1626 1446 1683 ille
1476 1628 1572 1700 qui
1599 1629 1858 1686 attribuit

247 1715 479 1773 vivendi
505 1715 864 1788 principium,
887 1715 1028 1771 lucis
1049 1715 1367 1785 exordium,
1384 1725 1578 1774 auctor
1605 1719 1856 1789 luminis,

1961 556 2062 614 Dei
2089 555 2297 612 donum
2327 555 2570 622 dicitur;
2605 557 2736 629 quia
2766 564 2820 612 et
2838 564 3133 630 antequam
3172 562 3316 613 esset
3341 557 3572 629 angelus

1964 648 2053 702 vel
2099 646 2285 714 homo,
2335 645 2425 702 cui
2469 645 2712 713 daretur,
2770 646 2886 717 jam
2933 647 3018 702 sui
3065 653 3263 702 natura
3309 647 3570 704 donabile

1964 737 2172 793 donum
2222 743 2337 790 erat
2366 755 2380 803 ;
2413 735 2543 808 quia
2571 734 2810 792 charitas
2857 745 2911 792 et
2948 753 3104 792 amor
3135 743 3234 792 est.
3274 737 3428 793 Unde
3459 754 3570 794 non

1964 827 2142 881 solum
2191 824 2518 897 patriarchis
2579 833 2742 898 atque
2785 825 3086 898 prophetis,
3137 825 3232 882 sed
3288 827 3454 882 etiam
3519 833 3572 882 et

1964 914 2192 988 reliquis
2228 914 2396 986 justis
2443 915 2678 970 latenter
2708 914 2764 969 in
2794 913 2980 970 anima
3007 914 3168 971 datus
3213 923 3326 983 est;
3358 924 3412 972 et
3441 914 3572 971 licet

1964 1004 2262 1077 aliquando
2308 1004 2618 1072 manifeste,
2669 1020 2951 1076 nunquam
2997 1012 3184 1060 tamen
3236 1013 3351 1061 tam
3386 1011 3572 1076 aperte

1965 1093 2124 1149 datus
2152 1093 2319 1148 fuisse
2348 1093 2568 1165 legitur,
2595 1093 2739 1149 sicut
2778 1091 2968 1161 hodie,
3002 1092 3058 1148 id
3089 1099 3190 1161 est,
3231 1091 3446 1148 decima
3480 1092 3572 1149 die

1965 1189 2088 1255 post
2135 1181 2342 1240 Christi
2385 1182 2805 1249 ascensionem;
2867 1181 3088 1254 quando
3144 1198 3309 1255 supra
3348 1188 3570 1238 centum

1967 1272 2166 1344 viginti
2199 1273 2482 1329 credentes
2512 1273 2568 1328 in
2612 1273 2789 1345 specie
2819 1271 2963 1345 ignis
2991 1271 3266 1345 apparuit.
3300 1271 3392 1328 Sic
3422 1269 3570 1326 enim

1964 1375 2167 1430 lectum
2217 1379 2318 1439 est,
2377 1377 2439 1425 ut
2483 1369 2766 1425 retinetis:
2843 1393 2861 1416 ι
2904 1371 2976 1425 Et
3019 1373 3392 1441 apparuerunt
3449 1364 3564 1421 illis

1967 1461 2268 1534 dispertita
2331 1459 2553 1531 lingua,
2602 1466 2863 1530 tanquam
2911 1457 3074 1530 ignis,
3105 1457 3353 1532 seditque
3404 1475 3572 1534 supra

1966 1551 2213 1624 singulos
2241 1565 2431 1605 eorum
2465 1547 2608 1620 (Act.
2644 1563 2707 1614 ιι,
2736 1547 2816 1620 3).
2841 1571 2859 1594 ι

2037 1651 2091 1706 2.
2151 1648 2370 1715 Videte,
2434 1645 2650 1713 fratres,
2719 1644 2904 1701 videte
2962 1643 3094 1718 quid
3172 1643 3304 1700 fecit
3368 1660 3571 1717 super-

1965 1739 2079 1808 bia,
2126 1745 2179 1795 et
2213 1736 2345 1811 quid
2376 1734 2681 1808 promeruit
2718 1734 3027 1791 humilitas.
3061 1733 3331 1806 Superbia
3378 1732 3573 1790 divisit

249 1805 307 1902 ξεί
357 1814 469 1902 θεῖε
482 1803 612 1902 ipse
634 1803 908 1902 Ῑὶοωίῐιαδ
934 1804 1088 1902 λθξηε
1129 1804 1405 1902 (ξδῖξξῑαε›
1432 1805 1537 1902 (ἰαί.
1567 1807 1636 1862 de
1664 1816 1858 1902 εθξῖλθῖ·
1889 1834 1932 1895 Β
1967 1803 2201 1902 linguas,
2228 1803 2454 1901 quando
2483 1826 2682 1882 turrim
2705 1825 2958 1881 homines
2981 1803 3252 1882 aedificare
3275 1825 3575 1882 voluerunt

245 1893 368 1967 ipso
421 1892 534 1948 ait:
595 1915 614 1938 ι
651 1892 770 1963 Ego
821 1908 968 1960 sum,
1006 1892 1190 1965 inquit
1225 1893 1378 1950 dies:
1443 1895 1541 1967 qui
1578 1911 1674 1967 per
1709 1897 1856 1953 diem

244 1983 521 2048 ambulat,
563 1997 675 2036 non
719 1981 952 2038 offendit
991 1983 1174 2054 (Joan.
1227 1999 1310 2052 xx,
1339 1985 1422 2055 9),
1455 2009 1475 2033 ι
1527 1985 1584 2042 id
1621 1994 1724 2055 est,
1763 1985 1859 2059 qui

245 2071 536 2130 Christum
594 2068 654 2124 in
693 2069 950 2126 omnibus
1001 2072 1270 2144 sequitur,
1329 2089 1427 2145 per
1465 2073 1584 2146 ejus
1621 2075 1860 2147 vestigia

249 2175 432 2232 usque
485 2158 553 2214 ad
587 2165 802 2214 aterna
841 2159 982 2215 lucis
1019 2161 1220 2216 solium
1260 2163 1667 2232 transmeahit;
1718 2164 1862 2220 sicut

248 2249 372 2321 ipse
407 2249 623 2303 Patrem
655 2263 755 2318 pro
786 2248 947 2305 nobis
975 2249 1157 2307 adhuc
1185 2251 1242 2306 in
1263 2268 1490 2324 corpore
1521 2253 1862 2310 constitutus

247 2345 372 2394 orat
399 2336 621 2392 dicens:
665 2358 684 2382 ι
705 2337 882 2405 Pater,
901 2339 1030 2395 volo
1056 2347 1120 2396 ut
1139 2340 1235 2397 ubi
1263 2356 1362 2414 ego
1375 2359 1521 2411 sum,
1551 2343 1629 2398 ibi
1661 2343 1775 2400 sint
1806 2352 1861 2400 et

249 2427 306 2484 hi
336 2427 433 2500 qui
467 2425 526 2481 in
557 2443 644 2482 me
673 2425 1025 2484 crediderunt
1048 2447 1072 2496 ;_
1091 2436 1153 2485 ut
1190 2429 1334 2487 sicut
1369 2438 1432 2486 tu
1461 2432 1519 2487 in
1550 2448 1657 2501 me,
1680 2441 1733 2488 et
1761 2449 1861 2504 ego

252 2517 308 2573 in
340 2527 417 2587 te,
450 2515 530 2572 ita
558 2522 612 2571 et
642 2514 727 2570 illi
747 2526 1003 2574 maneant
1024 2517 1082 2573 in
1113 2518 1272 2575 nobis
1303 2519 1478 2590 (Ioan.
1511 2538 1656 2588 xvn,
1688 2522 1804 2594 24).
1828 2547 1847 2572 ›

332 2606 418 2662 10.
467 2604 589 2672 Hic,
613 2603 860 2676 inquam,
883 2607 1271 2665 exsultationis
1297 2617 1351 2665 et
1380 2611 1586 2666 latitia
1612 2611 1731 2668 dies
1757 2620 1858 2680 est,

263 2698 321 2753 in
349 2711 462 2769 quo
509 2693 839 2766 promissum
866 2696 1119 2767 perfecta
1150 2699 1336 2770 gloria
1379 2701 1684 2768 consecuti,
1715 2709 1862 2758 recte

254 2786 408 2860 plebs
457 2790 646 2840 sancta
704 2783 772 2839 ad
828 2785 1003 2841 instar
1052 2789 1370 2860 angelorum
1429 2788 1630 2846 futura
1684 2790 1864 2846 laudis

258 2872 608 2947 mysterium,
633 2865 813 2930 adhuc
841 2874 899 2930 in
927 2875 1034 2932 hoc
1061 2877 1263 2934 saculo
1291 2879 1602 2947 constituti,
1625 2880 1864 2934 Domino

262 2979 392 3020 cum
444 2960 716 3034 Propheta
765 2971 1094 3020 cantamus:
1151 2989 1169 3012 ι
1228 2966 1332 3022 Hic
1385 2974 1466 3022 est
1512 2967 1630 3022 dies
1699 2983 1863 3040 quem

259 3053 398 3111 fecit
428 3053 721 3121 Dominus,
745 3055 1085 3112 exsultemus
1122 3065 1178 3112 et
1206 3057 1455 3112 latemur
1483 3057 1542 3112 in
1565 3074 1630 3114 eo
1681 3059 1854 3132 (Psal.

257 3159 436 3214 cxvu,
489 3146 581 3219 24)
624 3173 643 3195 ι
687 3144 745 3200 id
794 3152 894 3209 est,
964 3153 1157 3200 auctor
1211 3145 1598 3216 institutionis,
1657 3149 1864 3204 redem-

257 3235 470 3306 ptionis
500 3246 555 3294 et
582 3236 711 3292 vita
759 3241 1032 3306 perpetua
1076 3235 1344 3292 Dominus
1387 3239 1542 3294 Iesus
1591 3238 1864 3308 Christus,

254 3325 352 3398 qui
383 3335 468 3381 est
491 3329 609 3383 Rex
625 3340 875 3396 regnum,
907 3332 960 3380 et
988 3326 1260 3382 Dominus
1287 3327 1646 3386 dominorum
1673 3330 1865 3402 (Apoc.

252 3429 396 3480 xvn,
437 3413 550 3486 14),
583 3415 787 3486 absque
821 3413 1005 3484 initio,
1040 3414 1161 3470 sine
1189 3415 1298 3472 ﬁne
1328 3417 1388 3472 in
1419 3418 1577 3475 Patre
1625 3434 1860 3490 regnans

256 3521 387 3562 cum
441 3506 652 3581 Spiritu
691 3515 880 3562 sancto
923 3522 1092 3575 nunc,
1133 3516 1186 3563 et
1229 3525 1462 3583 semper,
1493 3520 1548 3568 et
1578 3511 1637 3567 in
1670 3513 1870 3569 saeula

258 3598 615 3655 saeculorum.
647 3599 846 3655 Amen.

791 3712 1026 3771 SERMO
1062 3713 1324 3772 XXXVI.

678 3801 740 3857 In
766 3801 857 3857 die
883 3812 1073 3860 sancto
1103 3805 1470 3860 Pentecostes.

260 3887 619 3962 Sermonibus,
667 3890 759 3960 qui
795 3891 967 3946 additi
1011 3899 1133 3947 sunt
1175 3893 1234 3947 in
1279 3896 1431 3950 Rom.
1497 3893 1738 3962 editione,
1787 3893 1870 3949 hic

322 3961 489 4033 jungi
556 3962 717 4017 debet.
777 3963 976 4030 Quibus
1024 3970 1198 4019 autem
1247 3965 1546 4029 rationibus
1601 3966 1871 4021 Ambrosii

329 4033 1019 4106 nomenobtinuerit,nos
1058 4038 1219 4106 plane
1263 4036 1444 4106 fugit:
1491 4038 1620 4092 adeo
1670 4037 1725 4091 in
1775 4037 1868 4092 illo

330 4105 472 4160 nihil
500 4105 735 4179 videmus
780 4105 1218 4162 Ambrosianum.
1261 4105 1414 4175 Quod
1442 4117 1617 4164 autem
1651 4109 1872 4179 lingua-

328 4193 471 4250 rum,
506 4176 1120 4250 divisionemisuperbia:
1145 4187 1405 4250 acceptam
1433 4179 1618 4250 refert,
1651 4176 1872 4236 ex'Au-

327 4248 534 4319 gustini
561 4265 796 4304 sermone
823 4249 924 4305 271
956 4257 1223 4322 sumptum
1243 4248 1514 4322 putamus.

331 4353 382 4410 1.
419 4355 618 4426 Magna
647 4363 752 4419 est,
797 4353 994 4411 fratres
1034 4355 1368 4424 charissimi,
1402 4357 1673 4414 hodierna
1706 4357 1872 4416 festi-

261 4441 427 4512 vitas,
476 4443 532 4498 in
573 4459 683 4516 qua
718 4443 863 4499 sicut
917 4443 1171 4513 audistis,
1231 4455 1563 4518 acceperunt
1628 4448 1869 4518 apostoli

1965 1920 2365 1994 pertingentem
2397 1934 2567 1990 usque
2594 1915 2663 1972 ad
2693 1915 2891 1971 calum
2927 1914 3082 1985 (Gen.
3112 1931 3193 1984 xx,
3225 1913 3342 1984 4-8)
3372 1932 3385 1981 ;
3419 1913 3573 1986 prius

1967 2011 2114 2066 enim
2145 2016 2260 2063 erat
2285 2023 2396 2062 una
2426 2007 2636 2078 lingua,
2669 2021 2775 2077 qua
2803 2004 3057 2061 homines
3087 2021 3143 2060 se
3172 2011 3368 2060 mutuo
3398 2002 3574 2059 intel-

1967 2101 2228 2174 ligehant,
2261 2108 2314 2155 et
2344 2099 2566 2170 propria
2596 2097 2796 2154 mentis
2816 2113 3016 2152 arcana
3043 2095 3289 2151 invicem
3324 2110 3574 2151 commu-

1968 2191 2264 2247 nicabant:
2325 2205 2517 2245 verum
2577 2203 2646 2243 ne
2720 2187 3044 2261 perﬁcerent
3120 2185 3364 2256 superbi,
3423 2185 3570 2257 quod

1969 2289 2263 2355 coeperant,
2296 2280 2536 2337 confusa
2567 2285 2696 2334 sunt
2737 2278 2960 2349 lingua,
2994 2291 3056 2331 ac
3093 2275 3345 2331 nationes
3375 2275 3574 2332 divisa

1969 2379 2117 2427 sunt.
2168 2368 2446 2424 Hodierna
2491 2383 2624 2422 vero
2698 2365 2788 2421 die
2843 2381 2968 2421 cum
3038 2370 3261 2436 propter
3331 2361 3575 2418 humili-

1969 2467 2135 2515 tatem
2220 2457 2486 2530 Spiritum
2545 2463 2796 2512 sanctum
2858 2453 3194 2525 accepissent
3260 2450 3568 2517 credentes,

1970 2556 2253 2621 caperunt
2309 2547 2568 2602 omnibus
2623 2543 2829 2615 linguis
2891 2542 3064 2615 loqui.
3139 2540 3376 2612 Abjicite
3431 2556 3576 2612 qua-

1971 2647 2192 2713 propter
2264 2655 2295 2693 a
2367 2635 2548 2701 vobis,
2626 2634 2840 2700 fratres,
2919 2630 3252 2704 superbiam,
3311 2629 3574 2702 quoniam

1972 2745 2162 2785 omnes
2191 2725 2410 2798 superbi
2441 2723 2542 2779 ﬁlii
2577 2731 2704 2778 sunt
2747 2721 2954 2777 diaboli
2983 2740 2997 2789 ;
3037 2729 3091 2776 et
3110 2726 3281 2776 estote
3310 2719 3568 2786 humiles,

1972 2827 2034 2873 ut
2090 2816 2328 2888 Spiritus
2388 2812 2562 2868 sancti
2618 2811 2847 2884 gratiam
2908 2810 3171 2882 accipere,
3231 2817 3285 2863 et
3337 2807 3441 2864 ﬁlii
3471 2806 3570 2864 Dei

1972 2907 2158 2964 vocari
2213 2902 2554 2961 mereamini.
2618 2902 2739 2958 Sint
2797 2900 3003 2957 munda
3056 2899 3220 2957 corda
3260 2906 3314 2954 et
3343 2914 3572 2970 corpora

1973 3006 2154 3054 vestra
2219 2996 2287 3051 ab
2359 2992 2608 3049 omnium
2675 2998 3022 3064 peccatorum
3095 2989 3385 3057 sordibus;
3439 2990 3572 3062 quia

1973 3085 2209 3158 Spiritus
2233 3085 2476 3154 Isanctus
2523 3098 2635 3138 non
2693 3080 2905 3136 habitat
2954 3080 3013 3135 in
3067 3094 3294 3151 corpore
3345 3076 3570 3133 subdito

1901 3198 1945 3259 α
1978 3176 2216 3251 peccatis
2248 3175 2402 3245 (Sep.
2436 3191 2478 3241 1,
2504 3173 2583 3243 4).

2049 3283 2102 3339 3.
2143 3282 2198 3337 Si
2229 3281 2450 3336 vascula
2496 3279 2650 3351 prius
2678 3276 2977 3344 mundatis,
3008 3277 3067 3331 in
3119 3276 3322 3348 quibus
3360 3271 3572 3346 aliquid

1977 3372 2279 3445 pretiosum
2309 3386 2524 3427 servare
2576 3368 2766 3434 vultis,
2800 3375 2854 3424 et
2882 3367 3073 3422 domos
3115 3373 3324 3421 vestras
3351 3379 3573 3436 prapa—

1979 3463 2112 3517 ratis
2135 3470 2189 3518 et
2219 3461 2447 3526 ornatis,
2478 3457 2697 3532 quando
2728 3464 3004 3530 potentem
3051 3471 3338 3528 personam
3373 3469 3575 3525 exspe-

1979 3553 2170 3619 ctatis;
2205 3551 2381 3606 multo
2410 3549 2583 3621 magis
2608 3547 2925 3603 mundanda
2944 3553 3074 3601 sunt
3093 3544 3255 3600 corda
3273 3543 3340 3598 ab
3370 3542 3498 3597 odio
3521 3549 3576 3598 et

1980 3644 2082 3711 ira,
2131 3649 2293 3716 atque
2324 3639 2558 3708 invidia,
2608 3647 2662 3695 et
2691 3638 2842 3694 omni
2874 3635 3107 3703 malitia,
3151 3644 3204 3690 et
3236 3632 3476 3690 maxime
3507 3632 3574 3687 ah

1979 3736 2334 3796 immunditia
2389 3745 2552 3809 atque
2609 3733 2886 3800 avaritia;
2942 3738 3004 3787 ut
3059 3729 3297 3803 Spiritus
3353 3736 3574 3785 sanctus

1979 3828 2048 3884 ad
2079 3845 2177 3884 vos
2233 3826 2444 3893 venire,
2471 3833 2525 3881 et
2553 3823 2698 3896 apud
2728 3839 2827 3878 vos
2855 3820 3195 3877 mansionem
3250 3820 3429 3876 facere
3460 3834 3572 3874 non

1979 3915 2324 3988 dedignetur.
2374 3915 2446 3969 Et
2476 3913 2620 3969 sicut
2646 3911 2851 3968 nobilis
2881 3911 3047 3966 homo
3085 3910 3144 3964 in
3175 3908 3346 3965 fetido
3374 3909 3496 3964 loco
3522 3917 3576 3964 et

1979 4004 2314 4062 stercoribus
2343 4005 2505 4076 pleno
2535 4018 2634 4057 sua
2661 4010 2855 4072 sponte
2887 4015 2999 4055 non
3028 3997 3274 4065 habitat;
3307 3998 3385 4054 ita
3408 3996 3575 4068 Spiri-

1981 4103 2070 4151 tus
2099 4093 2269 4150 sancti
2299 4092 2472 4164 gratia
2505 4107 2615 4147 non
2648 4090 2839 4146 visitat
2863 4089 3125 4154 animam,
3167 4104 3288 4160 qua
3318 4087 3374 4143 in
3402 4087 3574 4142 fetore

1980 4191 2327 4258 peccatorum
2352 4188 2682 4255 perseverat.
2721 4179 2957 4252 Ideoque
2978 4194 3196 4234 necesse
3223 4185 3326 4245 est,
3356 4177 3572 4244 fratres,

1980 4281 2043 4329 ut
2071 4273 2128 4328 in
2159 4273 2400 4329 adventu
2431 4269 2669 4343 Spiritus
2695 4269 2868 4325 sancti
2907 4267 3101 4324 domos
3130 4267 3441 4324 animarum
3471 4284 3576 4323 ve—

1980 4372 2216 4419 strarum
2246 4361 2524 4418 adornetis
2544 4361 2815 4416 bonorum
2849 4375 3076 4431 operum
3100 4356 3350 4426 ﬂoribus,
3379 4373 3576 4429 easque

1981 4452 2235 4526 repleatis
2282 4450 2519 4524 pretioso
2562 4448 2830 4506 castitatis
2857 4446 3044 4515 odore,
3090 4456 3144 4504 et
3174 4445 3573 4503 benevolentia

262 4534 531 4608 Spiritum
574 4546 845 4607 sanctum,
891 4538 1142 4611 quicum
1171 4537 1329 4594 Patre
1374 4548 1430 4596 et
1472 4538 1615 4595 Filio
1640 4557 1783 4596 unus
1816 4549 1869 4596 et
1896 4575 1944 4633 D
1978 4541 2258 4608 balsamo;
2307 4548 2370 4595 ut
2405 4539 2671 4612 Spiritum
2727 4544 2975 4594 sanctum
3019 4535 3079 4592 in
3136 4536 3296 4592 vobis
3329 4535 3577 4591 habitare

267 4627 543 4697 perfectus
572 4635 653 4683 est
685 4630 850 4696 Deus,
876 4628 1120 4701 ejusdem
1169 4629 1510 4699 substantia,
1547 4631 1864 4705 majestatis,

265 4725 317 4772 et
346 4717 610 4790 potentia
635 4737 645 4774 :
694 4721 788 4792 qui
818 4736 929 4776 non
987 4737 1057 4776 ex
1084 4729 1350 4795 tempore,
1383 4721 1478 4778 sed
1507 4721 1574 4778 ab
1605 4732 1809 4781 aterno
1839 4739 1870 4778 a

335 4825 386 4895 (1
475 4825 670 4905 Code;
699 4827 880 4905 Rom.,
912 4827 1142 4884 insontes
1152 4833 1511 4900 parvulorum
1531 4830 1870 4904 simplicitate

270 4898 447 4953 renati
469 4898 783 4953 barathrum
812 4900 1124 4967 innocentes,
1151 4898 1254 4959 etc.

1979 4633 2229 4700 delectet,
2285 4649 2412 4688 cum
2470 4632 2627 4686 Patre
2683 4636 2736 4686 et
2789 4627 2934 4685 Filio
2988 4644 3084 4700 per
3135 4628 3322 4683 omnia
3377 4625 3578 4683 sacula

1977 4724 2325 4791 saculorum,
2359 4738 2544 4779 amen.
3486 4709 3491 4714 ’

2051 4829 2166 4957 (1‘2)
2198 4830 2347 4885 Idem
2375 4829 2569 4897 codex,
2625 4845 2687 4885 ac
2725 4825 2938 4883 virtutis
2983 4825 3182 4881 trinum
3223 4841 3407 4881 nomen
3436 4823 3578 4879 ado-

2051 4920 2077 4956 n
2105 4919 2176 4957 es.

1978 4920 2077 4957 ran
2086 4919 2156 4957 τες
2165 4945 2176 4957 .

273 5020 2820 5047 ________________________________

1049 5150 1774 5239 SERMONES
1864 5151 2025 5238 DE
2114 5147 2804 5236 DIVERSIS.

709 5381 856 5440 439
884 5375 1119 5435 SERMO
1150 5377 1437 5437 XXXVII.

833 5476 912 5530 De
947 5475 1314 5532 Mirabilibus.

279 5585 553 5664 Auctorem
601 5589 760 5664 hujus
808 5593 1061 5664 sermonis
1118 5610 1220 5648 non
1258 5609 1432 5664 pauca
1483 5611 1547 5647 ea:
1601 5594 1870 5650 Ambrosii

348 5657 680 5716 Comment.’
711 5661 766 5717 in
818 5663 946 5720 Luc.
984 5664 1072 5719 lib.
1120 5681 1198 5728 1v,
1229 5657 1372 5718 num.
1423 5664 1492 5720 58
1530 5671 1576 5719 et
1612 5673 1866 5736 sequent.,

349 5737 643 5792 mutuatum
684 5740 904 5794 constat.
954 5736 1067 5793 Imo
1115 5736 1252 5810 quod
1303 5754 1338 5794 α
1380 5737 1640 5795 Gratiano
1673 5739 1869 5796 citatur

2051 5386 2302 5453 tanquam
2349 5379 2567 5451 petitum
2621 5397 2686 5437 ex
2734 5383 2828 5437 hoc
2879 5395 3130 5453 sermone,
3171 5376 3354 5453 minus
3381 5374 3577 5453 accedit

2045 5453 2117 5507 ad
2143 5449 2257 5524 ejus
2305 5449 2524 5522 tantum,
2555 5470 2716 5524 quam
2743 5453 2815 5524 ad
2841 5451 3127 5524 memorati
3155 5449 3534 5524 commentarii
3559 5466 3570 5503 :

2085 5518 2189 5578 ιιοά
2214 5523 2352 5593 forte
2377 5518 2688 5596 argumento
2728 5523 2895 5596 fuerit
2921 5521 3129 5591 aliquid
3177 5520 3230 5574 in
3260 5518 3578 5596 indicatione

2069 5590 2150 5650 cci
2194 5590 2463 5650 mutatum
2496 5613 2618 5650 esse.
2672 5590 2816 5650 Idem
2862 5590 3035 5648 autem
3083 5607 3251 5646 sermo
3297 5590 3353 5645 in
3397 5593 3576 5648 multis

2051 5684 2170 5721 mss.
2219 5665 2499 5721 Ambrosio
2562 5673 2741 5720 nostro
2767 5664 3102 5736 attribuitur,
3163 5663 3216 5717 in
3261 5664 3577 5736 quibusdam

2049 5745 2220 5795 tamen
2259 5737 2370 5793 sine
2397 5737 2627 5792 auctoris
2674 5737 2880 5794 nomine
2907 5734 3172 5794 invenitur
3203 5753 3218 5807 ;
3268 5734 3416 5796 'unde
3443 5756 3578 5799 con-
