4064 6178
514 234 613 292 699

1503 229 1594 282 AD
1634 225 1867 282 OPERA
1905 223 1957 278 S.
1999 221 2332 280 AMBROSII
2371 220 2750 280 APPENDIX.

3694 221 3799 279 700

559 346 784 424 primus
820 344 947 399 aliis
966 344 1034 424 _in
1080 363 1206 404 mss.
1235 365 1342 424 pro
1383 349 1698 424 scriptorum
1743 348 1893 424 libita
1928 346 2097 416 fuisse
2128 349 2179 408 A
2211 347 2423 421 (Matth.
2467 341 2553 416 ἰν,
2588 350 2700 420 19).
2738 374 2758 398 ι
2819 349 2905 406 Ex
2954 347 3042 404 his
3096 364 3222 420 ergo
3268 347 3482 404 duabus
3522 347 3798 406 naviculis

567 412 909 492 inscriptum:
928 418 1086 492 iCttm
1115 412 1278 492 porro
1323 419 1376 473 in
1413 412 1552 476 στιίι,
1584 421 1696 475 cod.
1738 420 1891 492 cujus
1920 412 2093 472 omnes

563 499 829 560 sermones
883 490 1127 546 Maximi
1163 508 1266 546 esse
1329 492 1599 560 probabile
1644 497 1736 554 est,
1799 491 1881 545 hic
1921 506 2094 544 sermo

563 554 848 628 habeatur,
900 578 1015 618 cum
1059 580 1259 633 quoque
1287 554 1445 630 hiijus
1484 563 1666 617 Patris
1694 577 1798 615 esse
1839 562 2098 616 indicium

567 633 662 710 est,
693 633 838 702 quod
867 635 1019 689 etiam
1049 632 1581 710 Ambrosiijinitatio
1610 633 1772 710 eidem
1801 632 2097 710 familiam:

571 702 782 757 videtur
845 712 1101 759 astruere.
1161 704 1476 760 Discribitur
1525 705 1576 758 in
1622 702 1807 759 eodem
1843 706 1956 760 cod.
2017 706 2095 760 De

571 773 784 829 duabus
812 776 1116 830 naviculis:
1164 776 1218 828 in
1255 777 1384 830 Silv.
1419 777 1494 830 De
1523 776 1784 831 cathedra
1813 777 1868 833 S.
1903 774 2047 832 Petri
2081 793 2092 830 :

573 846 631 900 in
677 847 874 917 Remig.
921 849 998 902 De
1043 847 1094 901 S.
1144 847 1300 901 Petro
1338 862 1349 899 ε
1396 847 1451 900 in
1490 849 1688 903 caeteris
1718 866 1857 916 vero,
1897 848 2030 903 sicut
2053 853 2099 901 et

571 918 628 974 in
657 920 826 990 antiq.
860 919 1006 984 edit,
1039 926 1094 973 ut
1121 934 1213 971 nos
1242 917 1299 970 in
1326 919 1516 990 capite.

581 1067 631 1124 1.
681 1067 1017 1135 Quantorum
1065 1062 1405 1120 mirabilium
1438 1071 1690 1137 operator
1727 1064 1799 1120 sit
1829 1063 2098 1119 Dominus

417 1177 421 1182 τ
505 1155 661 1212 Jesus
691 1155 959 1220 Christus,
1012 1151 1317 1225 intelligere
1357 1171 1645 1226 possumus
1679 1171 1748 1210 ex
1778 1153 1880 1209 hac
1920 1169 2098 1208 evan-

505 1245 675 1316 gelica
707 1241 957 1308 lectione,
999 1258 1117 1314 quae
1164 1241 1428 1298 describit
1460 1251 1609 1299 tanta
1639 1260 1734 1316 per
1767 1259 1891 1298 eum
1923 1242 2101 1297 bene-

504 1334 625 1389 ficia
654 1332 708 1386 in
738 1331 1001 1402 populum
1033 1331 1201 1388 fuisse
1233 1333 1453 1401 collata,
1489 1341 1549 1388 ut
1578 1342 1888 1406 provocatze
1919 1331 2098 1386 homi-

502 1438 630 1478 num
674 1420 848 1477 turbai
891 1421 960 1478 ad
1008 1421 1341 1478 audiendum
1389 1423 1548 1478 illum
1600 1423 1770 1494 magis
1800 1422 2096 1489 irruerunt,

500 1528 661 1586 quam
695 1519 982 1582 rogarent:
1017 1521 1069 1567 et
1109 1511 1441 1568 medicinam
1470 1513 1660 1568 salutis
1683 1529 1792 1567 non
1823 1516 2102 1583 sperarent

501 1617 596 1676 per
627 1599 957 1657 humilitatis
988 1600 1236 1674 gratiam,
1278 1601 1372 1657 sed
1404 1618 1497 1674 per
1526 1600 1967 1673 importunitatis
2003 1598 2101 1653 in-

2203 455 2313 494 una
2358 438 2690 513 relinquitur
2735 445 2881 502 440
2933 439 3002 495 ad
3047 447 3250 494 terram
3300 438 3481 494 inanis
3520 445 3574 496 et
3604 454 3795 508 vacua,

2204 537 2376 593 altera
2405 536 2728 610 producitur
2757 537 2815 592 in
2845 538 3020 592 altum
3063 544 3260 593 onusta
3281 536 3367 592 vel
3399 537 3593 609 plena;
3627 551 3799 592 vacua

2205 626 2352 682 enim
2405 627 2691 699 Synagoga
2743 626 3073 698 relinquitur
3123 625 3181 680 in
3231 624 3435 692 littore,
3485 623 3617 697 quia
3644 622 3795 680 Chri-

2206 724 2350 772 stum
2371 733 2495 772 cum
2513 715 2901 788 prophetarum
2919 715 3103 771 amisit
3129 714 3367 770 oraculis
3389 721 3605 770 :onusta
3617 721 3798 769 autem

2208 806 2453 862 Ecclesia
2502 806 2557 861 in
2597 806 2768 862 altum
2817 806 3134 873 assumitur,
3172 804 3302 876 quia
3342 803 3640 859 Dominum
3673 819 3800 859 cum

2207 897 2578 969 apostolorum
2644 895 2894 952 doctrina
2929 895 3185 967 suscepit.
3214 894 3517 966 Synagoga,
3575 893 3800 966 inquam

2208 995 2450 1042 remanet
2479 986 2544 1042 ad
2595 994 2786 1053 terras,
2828 984 2981 1057 quasi
3020 984 3253 1041 terrenis
3313 982 3589 1039 inhaerens
3619 1000 3802 1056 opera-

2207 1075 2485 1131 tionibus:
2518 1075 2766 1132 Ecclesia
2792 1082 2974 1130 autem
3024 1074 3082 1130 in
3121 1073 3470 1130 altitudinem
3520 1080 3802 1141 evocatur,

2208 1171 2468 1239 tanquam
2537 1166 2802 1221 caelorum
2871 1163 3146 1236 profunda
3219 1169 3558 1220 sacramenta
3611 1161 3805 1219 discu-

2213 1254 2354 1309 tiens
2381 1254 2437 1308 in
2468 1254 2622 1309 illam
2654 1253 2865 1310 scilicet
2890 1253 3264 1321 altitudinem,
3283 1253 3350 1308 de
3371 1269 3479 1324 qua
3508 1252 3807 1324 Apostolus

2211 1344 2324 1400 ait:
2371 1367 2389 1389 ι
2421 1346 2465 1399 Ο
2513 1343 2750 1399 altitudo
2795 1343 3117 1400 divitiarum
3150 1341 3432 1414 sapientiae
3479 1349 3533 1398 et
3562 1341 3807 1398 scientiae

2211 1433 2309 1488 Dei
2352 1433 2529 1502 (Rom.
2574 1449 2652 1499 x1,
2696 1431 2787 1502 33)
2836 1433 2846 1486 l
2900 1455 2916 1478 ι
2983 1432 3274 1503 Propterea
3329 1430 3537 1488 dicitur
3597 1431 3804 1487 Petro:

2226 1544 2245 1568 ι
2270 1523 2389 1578 Duc
2416 1521 2476 1576 in
2517 1521 2691 1576 altum
2723 1521 2875 1591 (Luc.
2924 1537 2979 1588 ν,
3011 1520 3092 1591 4),
3134 1544 3152 1567 ι
3196 1520 3302 1577 hoc
3347 1529 3446 1589 est,
3480 1520 3539 1575 in
3569 1519 3809 1593 profun-

2212 1609 2344 1666 dum
2372 1609 2808 1682 disputationum
2855 1608 3220 1681 generationis
3249 1608 3454 1665 divinae
3489 1609 3623 1682 (14).
3661 1607 3810 1676 Quid

497 1689 700 1762 juriam
728 1708 740 1755 ;
775 1689 852 1780 ita
881 1698 942 1745 ut
966 1690 1258 1759 irruentes,
1283 1690 1425 1747 sicut
1458 1690 1533 1746 ait
1556 1690 1918 1763 Evangelium
1946 1689 2098 1760 (Luc.
2132 1706 2180 1767 Β
2214 1707 2362 1763 enim
2412 1713 2524 1763 tam
2577 1705 2937 1779 profundum,
2987 1722 3149 1780 quam
3193 1707 3340 1780 quod
3393 1707 3470 1763 ait
3517 1708 3706 1763 petrus
3732 1707 3806 1763 ad

500 1797 556 1848 v,
592 1781 666 1849 1),
717 1779 903 1835 turbas
942 1797 973 1836 a
1015 1781 1251 1837 Domino
1287 1781 1414 1837 Jesu
1453 1797 1566 1836 non
1614 1780 1889 1836 desertum
1941 1794 2105 1850 sepa-

500 1877 662 1937 raret,
712 1886 823 1924 non
880 1870 1167 1943 Synagoga
1242 1871 1549 1943 repelleret,
1616 1861 1726 1926 non
1793 1869 2105 1924 reverentia

499 1957 810 2016 divinitatis
839 1968 1067 2016 arceret.
1117 1961 1244 2017 Haec
1273 1968 1352 2016 est
1382 1961 1530 2016 enim
1564 1959 1905 2017 consuetudo
1935 1960 2105 2014 infir-

498 2051 790 2122 mantium,
824 2063 885 2110 ut
915 2052 1048 2108 dum
1077 2061 1296 2124 sperant
1323 2052 1436 2108 suis
1467 2051 1892 2124 aegritudinibus
1932 2050 2101 2106 medi'

497 2140 702 2210 cinam,
752 2142 819 2197 ab
873 2143 1188 2215 importuna
1232 2142 1497 2214 petitione
1552 2158 1664 2197 non
1729 2142 1847 2197 loco
1897 2139 2106 2213 prohi-

497 2231 752 2300 beantur,
805 2249 915 2287 non
967 2242 1230 2304 tempore,
1283 2248 1396 2287 non
1445 2230 1701 2303 pudore;
1759 2229 1853 2286 sed
1899 2237 2104 2302 quanto

499 2322 624 2394 plus
671 2322 920 2377 medetur
968 2321 1084 2388 ille,
1139 2320 1233 2392 qui
1298 2327 1472 2388 sanat,
1525 2327 1677 2375 tanto
1727 2319 1964 2391 amplius
2011 2318 2103 2373 ille

501 2411 854 2484 importunus
883 2420 986 2478 est,
1018 2409 1112 2483 qui
1143 2410 1372 2465 laborat.

570 2519 622 2576 2.
657 2519 802 2591 Ergo
832 2535 957 2575 cum
979 2518 1251 2575 Dominus
1278 2519 1431 2574 Jesus
1453 2517 1520 2573 ab
1552 2515 1894 2572 irruentibus
1923 2514 2101 2570 turbis

500 2616 759 2677 semotus,
811 2608 867 2664 in
915 2616 1061 2666 terra
1103 2626 1218 2666 esse
1269 2610 1393 2683 [non
1452 2616 1652 2681 posset,
1708 2607 1976 2680 aspiciens
2041 2606 2099 2660 in

501 2699 637 2754 mari
668 2698 804 2756 duas
841 2700 1146 2768 naviculas,
1183 2716 1349 2755 unam
1377 2715 1574 2755 navem
1611 2699 1756 2754 Petri
1802 2697 1954 2753 omni
2008 2696 2098 2750 fe-

497 2787 794 2844 stinatione
840 2788 1160 2846 conscendit
1192 2789 1342 2861 (Luc.
1377 2807 1433 2857 v,
1474 2787 1525 2855 2,
1550 2788 1630 2859 3),
1663 2795 1724 2844 ut
1754 2785 2095 2859 importuni-

502 2877 625 2932 tatis
654 2876 915 2948 injuriam
949 2879 1034 2933 vel
1065 2895 1330 2951 aquarum
1363 2886 1558 2934 natura
1601 2878 1895 2949 depelleret
1922 2893 1932 2929 :
1967 2875 2096 2949 quia

500 2983 618 3022 eam
661 2967 902 3024 doctoris
944 2967 1252 3025 reverentia
1294 2967 1525 3022 minime
1571 2965 1854 3022 coercebat
1889 2981 1899 3018 :
1931 2972 2093 3037 atque

2213 1805 2516 1862 Dominum
2544 1823 2556 1861 :
2597 1828 2616 1853 ι
2650 1805 2731 1860 Tu
2753 1821 2810 1862 es
2829 1804 3080 1862 Christus
3113 1804 3286 1860 Filius
3314 1805 3412 1861 Dei
3444 1804 3558 1860 vivi
3591 1804 3805 1875 (Matth.

2214 1922 2334 1973 xvr,
2389 1904 2477 1976 16)
2511 1903 2585 1960 il,
2629 1901 2776 1971 Quid
2825 1909 2936 1957 tam
2985 1909 3283 1966 terrenum,
3336 1915 3497 1971 quam
3547 1898 3692 1971 quod
3745 1898 3812 1954 de

2217 1994 2454 2049 Domino
2485 1991 2750 2048 dixerunt
2783 1991 2955 2047 Judaei
2991 2008 3002 2048 :
3049 2013 3066 2036 ι
3095 1991 3288 2046 Nonne
3315 1987 3408 2044 hic
3436 1996 3516 2044 est
3546 1987 3696 2044 ﬁlius
3725 1989 3813 2044 10o

2214 2081 2347 2155 seph
2381 2081 2520 2138 fabri
2545 2080 2697 2152 (Luc.
2731 2097 2808 2149 1v,
2833 2080 2925 2150 22)
2949 2079 2977 2136 ?
3007 2103 3025 2126 ι
3065 2080 3164 2135 Ille
3184 2079 3330 2134 enim
3353 2077 3548 2134 altiore
3577 2078 3812 2134 consilio

2215 2170 2560 2226 nativitatem
2616 2168 2822 2226 Christi
2853 2168 3128 2224 divinitus
3155 2167 3498 2239 approbavit,
3544 2167 3598 2222 hi
3630 2174 3814 2224 mente

2213 2261 2434 2332 viperea
2477 2259 2882 2332 generationem
2935 2259 3212 2316 caelestem
3243 2257 3536 2314 carnaliter
3565 2258 3815 2313 aestima-

2211 2351 2364 2407 bant.
2399 2349 2552 2406 Unde
2591 2350 2668 2406 ait
2714 2349 2966 2404 Salvator
3018 2349 3178 2404 Petro
3213 2365 3225 2404 :
3300 2372 3317 2395 ι
3347 2347 3487 2415 Quia
3546 2364 3658 2403 non
3687 2364 3815 2404 caro

2211 2448 2264 2496 et
2320 2439 2542 2511 sanguis
2572 2438 2674 2494 tibi
2707 2438 2813 2494 hoc
2845 2437 3131 2504 revelavit,
3170 2436 3263 2492 sed
3321 2437 3482 2492 Pater
3509 2453 3686 2503 meus,
3719 2437 3813 2509 qui

2210 2529 2268 2584 in
2323 2528 2476 2585 caelis
2522 2535 2604 2584 est
2648 2529 2864 2599 (Matth.
2925 2545 3043 2595 xvr,
3084 2528 3196 2599 17).
3231 2551 3250 2575 ι
3309 2525 3598 2582 Pharisaeis
3628 2533 3815 2582 autem

2209 2619 2385 2676 dicit:
2435 2645 2452 2667 ι
2500 2618 2788 2686 Quomodo
2830 2616 3058 2690 potestis
3113 2615 3258 2672 bona
3307 2614 3481 2689 loqui,
3513 2631 3637 2672 cum
3691 2615 3818 2673 sitis

2206 2725 2441 2781 nequam
2475 2709 2688 2781 (Matth.
2723 2725 2824 2776 xu,
2869 2706 2996 2778 34)?
3024 2730 3042 2754 ι

2275 2818 2328 2874 5.
2372 2817 2523 2873 Hanc
2575 2816 2744 2888 igitur
2775 2815 2947 2871 solam
3007 2813 3272 2871 Ecclesiae
3322 2828 3520 2868 navem
3568 2813 3822 2876 ascendit

2203 2909 2492 2975 Dominus,
2527 2907 2585 2961 in
2633 2922 2739 2979 qua
2774 2906 2965 2961 Petrus
3014 2903 3274 2975 magister
3324 2909 3406 2958 est
3461 2904 3819 2981 constitutus,

2202 2997 2417 3054 dicente
2448 2996 2723 3054 Domino:
2781 3019 2799 3043 ι
2853 2995 3030 3066 Super
3075 2993 3222 3048 hanc
3269 3001 3477 3065 petram
3523 2991 3818 3050 aediﬁcabo

500 3057 699 3114 “inde
724 3060 895 3156 θωρίξ
939 3059 1006 3116 de
1034 3057 1293 3156 "aYimlla
1320 3057 1468 3156 Pelii,
1491 3057 1562 3156 fad
1592 3055 1845 3156 homﬁneé
1873 3053 2093 3156 do‘firi‘
2128 3072 2171 3132 (ἶ
2207 3053 2507 3144 Ecclesiam
2541 3101 2716 3142 meam
2765 3053 3134 3156 (Mattiaxvr,
3167 3053 3289 3153 18)..
3315 3106 3333 3130 ι
3376 3081 3507 3148 Quae
3549 3081 3707 3137 navis
3748 3083 3808 3138 in

500 3167 582 3206 ure
626 3165 736 3205 suae
783 3149 949 3207 verba
998 3148 1354 3221 profundere.
1403 3147 1598 3204 Videte
1655 3144 2092 3202 misericordiam

498 3237 833 3294 Salvatoris:
885 3245 1167 3310 separatur
1213 3237 1434 3311 quidem
1489 3237 1556 3292 ab
1613 3235 1933 3292 hominibus
1981 3251 2097 3291 cor-

499 3344 648 3400 pore,
679 3328 945 3385 doctrinae
978 3337 1157 3384 tamen
1187 3327 1256 3384 iis
1284 3327 1525 3384 utilitate
1557 3326 1932 3398 conjungitur.
1966 3323 2098 3380 Ubi-

497 3434 602 3490 que
648 3417 955 3485 miseretur,
1025 3417 1228 3490 ubique
1285 3416 1524 3488 prodest.
1574 3417 1635 3470 In
1680 3421 1827 3470 terra
1864 3413 2096 3486 positus,

497 3522 590 3577 per
634 3515 861 3574 tactum,
915 3509 1230 3578 languorem
1284 3523 1576 3578 corporum
1617 3513 1774 3561 sanat
1809 3521 1820 3558 :
1856 3504 1914 3559 in
1950 3503 2091 3559 mari

495 3595 851 3662 constitutus,
923 3613 1017 3666 per
1081 3595 1389 3652 doctrinam
1456 3595 1686 3650 vulnera
1748 3599 1904 3650 curat
1968 3593 2098 3648 ani-

497 3700 734 3739 marum.

569 3788 620 3844 3.
661 3789 767 3847 Sed
810 3788 1094 3846 videamus
1144 3806 1262 3864 quae
1310 3788 1381 3845 sit
1417 3789 1524 3846 ista
1562 3789 1819 3846 navicula
1857 3788 2098 3846 Simonis

499 3888 665 3955 Petri,
713 3905 875 3962 quam
933 3887 1000 3943 ad
1044 3889 1351 3945 docendum
1398 3889 1516 3960 (13)
1573 3889 1639 3944 de
1683 3888 1896 3944 duabus
1927 3888 2098 3960 magis

497 3983 860 4049 opportunam
892 3977 1161 4032 Dominus
1180 3976 1478 4048 judicavit,
1518 3995 1640 4050 quae
1671 3987 1727 4034 et
1761 3986 1936 4033 tutum
1968 3977 2097 4033 Sal-

497 4075 741 4123 vatorem
793 4074 1011 4139 praestet
1055 4067 1123 4122 ab
1163 4066 1387 4138 injuria,
1437 4076 1491 4124 et
1534 4067 1875 4124 credulitatis
1905 4067 2098 4122 homi-

499 4160 662 4216 nibus
697 4159 959 4231 largiatur
988 4159 1240 4233 eloquia;
1293 4160 1612 4216 invenimus
1659 4158 1803 4213 enim
1827 4157 1941 4230 jam
1976 4160 2097 4213 Do-

502 4248 714 4305 minum
765 4249 1046 4321 navigasse
1075 4251 1132 4306 in
1174 4249 1284 4305 alia
1321 4249 1470 4317 navi,
1503 4256 1558 4304 et
1588 4248 1846 4321 gravibus
1875 4246 2095 4319 injuriis

499 4339 838 4395 lacessitum.
888 4340 1181 4414 Navigavit
1226 4341 1373 4396 enim
1434 4357 1560 4396 cum
1615 4340 1803 4411 Moyse
1855 4338 1914 4392 in
1957 4337 2093 4392 mari

2207 3177 2378 3233 altum
2426 3175 2613 3232 saeculi
2663 3173 2823 3230 istius
2854 3173 2930 3228 ita
2972 3179 3146 3240 natat,
3178 3178 3240 3226 ut
3283 3178 3543 3243 pereunte
3574 3170 3804 3239 mundo,

2208 3283 2398 3323 omnes
2428 3282 2565 3339 quos
2611 3263 2862 3335 suscipit,
2893 3269 3072 3319 servet
3116 3261 3334 3316 illaesos.
3369 3259 3538 3331 Cujus
3575 3259 3806 3332 ﬁguram

2202 3355 2315 3428 jam
2346 3356 2402 3410 in
2433 3354 2604 3410 veteri
2635 3351 2886 3409 videmus
2915 3353 3261 3408 Testamento
3294 3370 3307 3419 ;
3344 3351 3487 3407 sicut
3515 3349 3665 3405 enim
3694 3351 3810 3406 Noe

2207 3463 2351 3514 arca,
2385 3446 2740 3518 naufragante
2770 3443 2997 3512 mundo,
3042 3449 3271 3499 cunctos
3309 3457 3448 3514 quos
3472 3446 3808 3512 susceperat,

2209 3536 2512 3593 incolumes
2542 3533 2841 3589 reservavit
2866 3551 2880 3600 ;
2931 3532 3008 3588 ita
3036 3541 3090 3588 et
3118 3530 3263 3586 Petri
3294 3529 3559 3596 Ecclesia,
3592 3527 3811 3584 confla-

2209 3636 2394 3699 grante
2423 3624 2645 3692 saeculo,
2678 3639 2869 3679 omnes
2913 3638 3048 3696 quos
3089 3617 3464 3691 amplectitur,
3496 3633 3809 3691 repraesen-

2206 3714 2345 3770 tabit
2374 3715 2611 3769 illaesos:
2657 3719 2712 3767 et
2759 3711 2904 3768 sicut
2946 3717 3081 3765 tunc
3137 3715 3413 3764 transacto
3461 3705 3698 3773 diluvio,
3740 3705 3809 3760 ad

2207 3820 2387 3860 arcam
2434 3803 2547 3858 Noe
2597 3800 2852 3857 columba
2899 3798 3116 3870 signum
3164 3796 3314 3869 pacis
3367 3794 3567 3852 detulit
3600 3813 3615 3861 ;
3647 3794 3727 3850 ita
3756 3801 3810 3850 et

2207 3900 2481 3950 transacto
2506 3891 2739 3964 judicio,
2774 3890 2840 3946 ad
2869 3890 3170 3946 Ecclesiam
3225 3887 3371 3942 Petri
3398 3885 3651 3944 Christus
3683 3901 3810 3958 gau-

2205 3983 2359 4040 dium
2391 3982 2540 4054 pacis
2569 3981 2811 4048 deferet;
2844 3981 2972 4053 quia
3009 3980 3122 4052 ipse
3153 3977 3410 4036 columba
3447 3978 3532 4033 vel
3565 3993 3673 4049 pax
3704 3983 3809 4042 est,

2205 4075 2348 4132 sicut
2387 4072 2658 4145 promisit,
2689 4069 2878 4126 dicens
2914 4088 2925 4125 :
2986 4093 3004 4116 ι
3054 4070 3187 4124 Item
3227 4075 3410 4124 autem
3457 4065 3660 4122 videbo
3691 4082 3810 4134 vos,

2205 4174 2258 4222 et
2284 4163 2540 4237 gaudebit
2569 4178 2663 4218 cor
2694 4170 2938 4217 vestrum
2967 4161 3148 4231 (Joan.
3185 4176 3305 4226 xvn,
3337 4158 3451 4229 22).
3487 4182 3506 4206 ι

2275 4273 2327 4328 6.
2371 4271 2473 4327 Sed
2509 4268 2767 4342 quoniam
2807 4267 2948 4323 hanc
2978 4265 3224 4322 eamdem
3282 4263 3598 4321 naviculam
3635 4261 3814 4330 Petri,

2203 4363 2269 4418 de
2299 4378 2404 4434 qua
2433 4376 2582 4416 nunc
2609 4357 2880 4414 Dominus
2909 4355 3146 4413 caelestis
3177 4354 3449 4410 doctrinae
3477 4369 3587 4408 suae
3619 4368 3820 4408 sacra-

498 4431 707 4498 Rubm’
737 4431 960 4503 quando
982 4431 1246 4503 Populum
1277 4431 1441 4488 Israel
1472 4447 1566 4502 per
1591 4429 1864 4485 undarum
1887 4428 2092 4483 ﬂuenta
2122 4433 2168 4491 Ῐ)
2202 4428 2386 4507 menta
2434 4448 2729 4520 depromit,
2777 4446 3009 4519 legimus
3051 4445 3108 4500 in
3140 4443 3400 4500 Matthaeo
3433 4443 3647 4514 (Matth.
3683 4459 3814 4508 VIII,

497 4528 844 4584 transvexit:
878 4526 972 4583 sed
1001 4527 1259 4600 gravibus
1303 4535 1385 4582 est
1414 4528 1638 4584 allectus
1668 4526 1910 4598 injuriis,
1953 4526 2098 4583 sicut

501 4617 615 4688 ipse
665 4617 744 4672 ait
793 4617 848 4672 in
893 4617 1195 4688 Evangelio
1245 4616 1313 4672 ad
1345 4615 1606 4674 Judeeos:
1655 4641 1672 4664 ι
1712 4617 1767 4672 Si
1801 4616 2097 4673 crederetis

502 4708 702 4781 Moysi,
741 4715 795 4763 et
834 4707 973 4764 mihi
1005 4707 1300 4764 crederetis
1349 4709 1530 4780 (Joan.
1563 4728 1620 4777 v,
1670 4709 1788 4782 46).
1829 4734 1848 4757 ι
1893 4708 2102 4781 Injuria

502 4805 684 4852 autem
734 4797 1032 4853 Salvatoris
1063 4805 1144 4854 est
1196 4797 1554 4854 incredulitas
1594 4798 1911 4872 Synagogae.
1958 4801 2101 4870 Ergo

501 4887 647 4943 Petri
678 4903 873 4944 navem
905 4889 1088 4960 elegit,
1118 4889 1324 4960 Moysis
1363 4887 1586 4957 deserit,
1619 4889 1723 4944 hoc
1754 4897 1858 4954 est,
1889 4889 2098 4958 spernit

499 4977 836 5050 Synagogam
867 4977 1153 5051 perfidam,
1186 4977 1404 5034 fidelem
1435 4979 1667 5034 assumit
1703 4977 2026 5034 Ecclesiam.

569 5084 621 5141 4.
666 5087 795 5142 Duae
851 5085 998 5142 enim
1047 5086 1202 5159 quasi
1252 5087 1524 5142 naviculae
1571 5101 1601 5140 a
1647 5087 1760 5141 Deo
1818 5084 2102 5140 destinatas

497 5183 647 5243 sunt,
679 5191 799 5248 quae
829 5175 886 5230 in
942 5175 1064 5242 hoc,
1106 5183 1366 5248 tanquam
1401 5174 1457 5229 in
1505 5173 1664 5241 mari,
1712 5171 1920 5228 mundo
1960 5173 2102 5228 salu-

499 5273 606 5322 tem
639 5265 959 5321 hominibus
988 5265 1350 5338 piscarentur,
1379 5265 1523 5320 sicut
1571 5263 1649 5320 ait
1679 5263 1948 5319 Dominus
1981 5278 2104 5333 apo-

497 5354 702 5411 stolis:
747 5381 765 5403 ι
810 5354 1028 5423 Venite,
1074 5354 1270 5412 faciam
1321 5371 1420 5410 vos
1465 5353 1762 5424 piscatores
1811 5351 2101 5407 hominum

572 5537 688 5606 (13)
733 5539 935 5593 Omnes
966 5537 1122 5602 edit.,
1173 5553 1333 5606 quam
1356 5533 1722 5606 adducendam
1770 5533 1832 5587 de
1857 5533 2062 5587 duabus
2087 5551 2104 5597 ;

502 5605 690 5665 omnes
719 5625 850 5666 mss.
882 5605 1205 5683 elegantius,
1235 5622 1395 5680 quam
1422 5606 1493 5661 ad
1514 5605 1826 5674 docendum,
1859 5611 1965 5661 etc.

2209 4539 2323 4610 24),
2355 4538 2663 4595 dormiente
2698 4537 2753 4592 in
2785 4535 2973 4592 eadem
3001 4533 3264 4600 Domino,
3296 4531 3477 4588 ventis
3507 4531 3816 4602 insurgen—

2209 4630 2357 4685 tibus
2413 4627 2804 4700 perturbatam,
2860 4625 2945 4684 ita
3006 4629 3066 4677 ut
3101 4622 3285 4679 cuncti
3345 4619 3581 4693 apostoli
3613 4618 3817 4673 mortis

2209 4715 2516 4789 periculum
2571 4711 2965 4779 formidarent;
3028 4710 3314 4767 videamus
3363 4725 3482 4782 quae
3513 4715 3814 4775 causaest,

2210 4805 2356 4879 quod
2387 4819 2496 4858 una
2533 4800 2830 4874 eademque
2880 4801 3138 4857 navicula
3175 4799 3267 4857 hic
3310 4798 3368 4854 in
3410 4795 3820 4870 tranquillitate

2209 4894 2518 4951 doctrinam
2550 4891 2768 4964 populis
2815 4890 3035 4958 tribuit,
3068 4889 3146 4946 ibi
3176 4889 3234 4944 in
3285 4893 3604 4960 tempestate
3631 4886 3819 4944 disci-

2211 4985 2357 5056 pulis
2408 4993 2614 5039 metum
2650 4981 2843 5037 mortis
2906 4979 3138 5052 injicit:
3192 4977 3492 5050 praesertim
3548 4993 3678 5031 cum
3739 4976 3816 5031 ibi

2212 5076 2370 5132 etiam
2425 5091 2550 5131 cum
2599 5071 2811 5130 caneris
2857 5067 3119 5144 apostolis
3169 5069 3359 5124 Simon
3409 5068 3602 5122 Petrus
3649 5075 3815 5124 esset.

2215 5168 2340 5223 llaec
2394 5173 2576 5222 autem
2636 5168 2715 5217 est
2773 5177 2936 5217 causa
2975 5159 3246 5232 periculi:
3308 5165 3423 5212 erat
3479 5155 3556 5212 ibi
3619 5155 3818 5212 Simon

2213 5257 2422 5323 Petrus,
2460 5253 2552 5310 sed
2583 5260 2698 5308 erat
2727 5251 2932 5324 pariter
2962 5256 3015 5306 et
3045 5247 3297 5321 proditor
3324 5246 3512 5303 ludas.
3548 5245 3821 5314 Quamvis

2213 5348 2359 5404 enim
2406 5346 2557 5401 illius
2588 5345 2722 5400 ﬁdes
2771 5341 3027 5398 fundaret
3059 5337 3397 5405 naviculam,
3425 5335 3595 5408 hujus
3627 5343 3818 5391 tamen

2289 5530 2404 5596 (14)
2436 5529 2562 5584 Mss.
2615 5525 2861 5584 Valliscl.
2895 5533 2947 5580 et
2977 5522 3139 5591 Silv.,
3183 5524 3238 5577 in
3273 5521 3609 5595 profundum
3655 5537 3822 5592 gene—

2220 5601 2443 5658 rationis
2469 5601 2679 5656 divinw.
