4064 6178
536 355 638 415 703

1549 354 1644 409 ΑΙ)
1682 349 1915 410 ΟΡΕΒΑ
1953 350 2009 407 S.
2047 348 2378 409 AMBROSII
2414 348 2796 407 APPENDIX.

3730 355 3832 415 704

530 480 708 556 pivit;
740 488 945 554 quanto
992 478 1167 552 magis
1204 493 1306 535 nos
1335 484 1643 551 peccatores
1676 485 1730 534 et
1758 477 1975 552 indigni
2004 494 2123 551 gra-
2149 478 2201 539 Α
2230 474 2452 532 videtur
2495 473 2640 532 hanc
2664 474 3066 533 diformitatem
3118 476 3368 550 corporis
3397 476 3671 552 propheta
3710 481 3835 555 δρί-

529 571 667 628 tiam
688 570 830 626 hanc
851 568 1113 626 debemus
1158 567 1368 625 ambire
1393 570 1405 624 l
1462 567 1660 625 Videte
1687 568 2125 627 misericordiam

531 658 830 717 Salvatoris
867 674 878 712 :
938 656 1045 713 hoc
1100 657 1262 714 nobis
1298 665 1491 729 sponte
1521 657 1786 726 defertur,
1816 658 1964 731 quod
1993 676 2130 732 pro-

531 748 695 822 pheta
717 748 1001 820 postulans
1026 763 1135 803 non
1170 753 1410 803 meretur
1434 746 1700 818 accipere.

588 822 653 893 ’5.
687 835 832 905 Quid
868 844 1050 893 autem
1101 853 1277 893 causa
1320 836 1392 892 sit
1432 836 1578 909 quod
1625 837 1865 895 Joannes
1907 838 2128 913 petierit

530 926 739 985 Christi
768 926 1126 999 baptismum,
1158 942 1260 983 nec
1297 926 1588 999 acceperit,
1627 926 1891 985 debemus
1920 928 2128 985 adver-

530 1026 664 1074 tere.
714 1016 809 1073 Ait
848 1017 996 1073 enim
1045 1017 1132 1072 illi
1194 1016 1464 1072 Dominus
1531 1017 1879 1089 postulanti:
1934 1041 1953 1065 ‹
1997 1018 2127 1075 Sine

531 1106 729 1173 modo;
760 1104 841 1162 sic
868 1105 1017 1161 enim
1044 1104 1200 1161 decet
1230 1120 1330 1159 nos
1346 1102 1575 1176 implere
1604 1122 1824 1162 omnem
1848 1106 2125 1179 justitiam

534 1197 747 1264 (Matth.
789 1213 872 1263 ιιι,
927 1194 1039 1266 15).
1081 1217 1100 1241 ιι
1172 1192 1388 1249 Scimus
1462 1203 1644 1250 autem
1696 1196 1844 1269 quod
1892 1198 2127 1256 Joannes

533 1286 779 1359 Baptista
807 1294 1004 1357 typum
1050 1282 1184 1356 legis
1214 1281 1450 1356 gerebat.
1485 1283 1707 1343 Justum
1737 1302 1868 1358 ergo
1896 1294 2032 1355 erat,
2064 1294 2128 1343 ut

532 1379 646 1451 ipse
673 1374 975 1449 baptizaret
1020 1374 1354 1441 Dominum;
1400 1374 1612 1432 scilicet
1657 1383 1719 1431 ut
1766 1375 2127 1450 quemadmo-

530 1469 663 1527 dum
690 1464 993 1524 secundum
1021 1479 1241 1522 carnem
1272 1463 1339 1520 de
1391 1463 1595 1521 Iudaeis
1623 1465 1878 1521 Salvator
1905 1472 1988 1522 est
2018 1482 2126 1538 ge-

530 1558 702 1626 nitus,
724 1556 802 1613 ita
821 1561 876 1613 et
894 1552 1195 1611 secundum
1226 1553 1492 1625 Spiritum
1521 1552 1588 1609 de
1617 1553 1733 1626 lege
1760 1554 2123 1627 Evangelium

532 1656 864 1715 nasceretur;
895 1652 958 1702 ut
983 1644 1130 1702 unde
1159 1643 1562 1701 successionem
1609 1643 1846 1701 ducebat
1871 1644 2121 1717 originis,

530 1739 733 1796 exinde
759 1744 815 1793 et
841 1734 1197 1791 traditionem
1222 1732 1665 1811 .consecrationis
1684 1734 1975 1806 acciperet.
2008 1734 2126 1791 Hoc

531 1837 613 1884 est
644 1826 838 1899 igitur,
870 1823 1019 1897 quod
1045 1823 1128 1879 ait
1158 1841 1169 1878 :
1217 1846 1235 1869 ι
1263 1821 1354 1879 Sic
1382 1822 1529 1879 enim
1560 1822 1717 1879 decet
1757 1838 1858 1879 nos
1896 1822 2126 1896 implere
2157 1836 2204 1897 Β

531 1932 750 1973 omnem
775 1912 1073 1985 justitiam.
1106 1936 1125 1960 ι
1170 1913 1386 1969 Iustum
1415 1914 1563 1969 enim
1605 1923 1744 1982 erat,
1776 1921 1839 1971 ut
1869 1914 2128 1971 mandata

531 2005 687 2078 legis,
719 2021 841 2077 quas
888 2003 1003 2075 ipse
1048 2001 1394 2072 condiderat,
1449 2002 1564 2075 ipse
1610 2003 1931 2077 compleret,
1982 2004 2127 2061 sicut

529 2095 665 2151 alibi
695 2093 862 2152 dicit:
896 2116 914 2141 ι
934 2094 1057 2151 Non
1081 2092 1210 2149 veni
1240 2093 1414 2168 legem
1444 2094 1682 2163 solvere,
1706 2093 1800 2151 sed
1824 2094 2126 2168 adimplere

532 2185 748 2258 (Matth.
778 2200 836 2253 v,
879 2183 992 2258 17).
1022 2207 1042 2231 ι

1044 2327 1280 2385 SERMO
1336 2326 1601 2386 XXXIX.

1142 2442 1221 2499 De
1261 2439 1504 2499 Camelo.

530 2568 683 2624 Rom.
723 2565 845 2621 edit.
884 2571 945 2620 ut
978 2564 1115 2620 hunc
1168 2582 1457 2621 sermonem
1500 2566 1790 2637 Evangelia
1833 2565 2125 2621 Dominicis

600 2654 699 2709 xrv
723 2642 847 2709 post
874 2637 1201 2709 Pentecosten
1233 2637 1534 2708 adoptaret,
1564 2637 1649 2692 illi
1677 2638 1958 2692 exordium
1982 2656 2123 2709 pro-

593 2708 729 2780 pria
754 2708 1071 2780 auctoritate
1113 2709 1447 2780 prwﬁwerat.
1482 2710 1652 2775 Quam
1682 2715 1857 2764 autem
1895 2708 2124 2763 absurde

598 2779 658 2834 id
695 2779 943 2846 voluerit,
976 2780 1096 2834 inde
1116 2779 1465 2850 Cognoscitur,
1496 2780 1638 2849 quod
1665 2780 1803 2834 hunc
1831 2796 2123 2835 sermonem

601 2851 746 2907 haud
786 2852 953 2906 multo
1019 2856 1143 2922 post
1193 2851 1560 2922 Epiphaniam
1615 2852 1851 2906 habitum
1905 2858 2119 2908 constet.

603 2922 854 2994 Quadam
882 2939 1051 2994 porro
1079 2922 1137 2976 in
1180 2922 1274 2994 illo
1323 2922 1619 2994 reperimus
1664 2928 2122 2994 tantumicogna-

602 2993 759 3048 tionis
787 2992 903 3065 cum
930 3008 1165 3065 sermone
1190 2992 1259 3048 20
1286 3010 1321 3065 ᾳ
1355 2992 1503 3047 nobis
1540 2992 1730 3062 rejecto
1753 2992 2119 3065 praeferentia,

601 3071 663 3119 ut
687 3064 963 3135 utriusque
1008 3063 1241 3119 eumdem
1281 3063 1447 3133 fuisse
1474 3071 1741 3120 auctorem
1754 3063 2118 3135 arbitremur.

600 3136 705 3193 Nec
724 3134 1193 3207 profectordesunt
1220 3151 1338 3207 quis
1376 3135 1533 3191 illum
1561 3135 1801 3195 Maximo
1838 3137 2123 3192 videantur
2166 3154 2176 3207 ζ

598 3206 832 3265 asserere
860 3224 878 3261 :
906 3206 995 3263 sed
1020 3208 1176 3263 nulla
1202 3206 1501 3281 suppetunt,
1530 3224 1647 3279 quae
1675 3207 1977 3265 Ambrosio.

602 3346 651 3403 1.
683 3343 831 3403 Dicit
862 3344 981 3418 (21)
1018 3344 1074 3401 in
1114 3345 1421 3421 Evangelia
1464 3346 1733 3404 Dominus
1761 3347 1917 3405 Iesus
1948 3347 2123 3406 Chri-

532 3443 650 3494 stus
680 3454 693 3493 :
741 3461 758 3483 ε
788 3437 1030 3494 Facilius
1057 3446 1140 3494 est
1167 3436 1402 3493 transire
1443 3438 1715 3495 camelum
1746 3455 1842 3512 per
1872 3439 2120 3496 foramen

529 3542 678 3595 acus,
718 3543 881 3599 quam
926 3527 1156 3583 divitem
1214 3526 1419 3583 intrare
1471 3525 1529 3581 in
1582 3542 1810 3599 regnum
1856 3529 2120 3585 caelorum

530 3615 870 3686 (Matth.xrx,
884 3614 1000 3686 24).
1025 3639 1043 3663 ι
1061 3616 1191 3682 Quae
1213 3614 1487 3671 sententia
1507 3631 1701 3671 vereor
1720 3632 1787 3672 ne
1802 3616 1943 3672 forte
1963 3616 2122 3673 vobis

528 3702 841 3772 conveniat,
888 3703 983 3776 qui
1040 3703 1267 3759 divitias
1304 3702 1495 3760 saeculi
1538 3702 1703 3776 hujus
1745 3712 1840 3761 aut
1884 3704 2143 3775 habetis,‘

526 3800 621 3849 aut
650 3791 916 3867 quaeritis.
967 3791 1122 3848 Sicut
1159 3792 1306 3848 enim
1345 3792 1540 3850 cameli
1587 3794 1813 3864 animal,
1854 3795 2002 3868 quod
2041 3804 2124 3852 est

527 3890 836 3942 tortuosum
864 3888 1027 3955 atque
1056 3880 1323 3951 deforme,
1355 3883 1683 3955 perversitas
1712 3885 1832 3958 ipsa
1876 3885 2123 3958 corporis

527 3989 624 4046 per
650 3970 1092 4045 augustissimam
1118 3988 1248 4029 acus
1281 3989 1572 4030 cavernam
1595 3976 1874 4046 praeterire
1899 3991 2012 4031 non
2033 3992 2121 4047 pa-

528 4062 664 4119 titur
689 4077 700 4115 :
734 4061 811 4118 ita
838 4070 893 4119 et
921 4060 1124 4118 divites
1153 4070 1407 4119 oneratos
1436 4063 1692 4133 avaritia,
1735 4072 1789 4120 et
1820 4064 2123 4137 cupiditate

528 4151 780 4221 foedatos,
802 4153 920 4226 ipsa
939 4150 1069 4207 vitae
1088 4151 1413 4208 deformitas
1431 4167 1529 4225 per
1554 4160 1759 4209 arctam
1792 4152 1938 4209 viam
1968 4152 2123 4224 regni

529 4240 758 4298 minime
786 4242 1016 4298 introire
1048 4241 1320 4314 permittit
1340 4258 1353 4308 ;
1377 4241 1457 4297 ait
1475 4240 1624 4297 enim
1646 4241 1792 4299 idem
1811 4243 2083 4300 Dominus
2106 4260 2118 4298 :

542 4354 561 4377 ι
597 4331 766 4386 Arcta
803 4338 857 4386 et
887 4339 1116 4404 angusta
1163 4329 1255 4386 via
1305 4338 1406 4399 est,
1465 4347 1586 4404 quae
1635 4331 1790 4388 ducit
1831 4331 1898 4388 ad
1949 4330 2123 4387 vitam

530 4408 743 4489 (Μᾱιειι.
766 4436 867 4488 vu,
896 4419 1009 4491 14).
1041 4445 1060 4468 ι

598 4507 651 4563 2.
687 4506 862 4580 Igitur
891 4506 948 4563 in
994 4508 1205 4565 camelo
1247 4508 1628 4566 diﬂicultatem
1681 4510 1950 4566 transitus
2002 4509 2121 4581 (22)

532 4602 754 4667 praestat
789 4595 1058 4652 habitudo
1087 4596 1483 4666 membrorum,
1519 4594 1576 4653 in
1604 4597 1779 4654 divite
1806 4606 1989 4654 autem
2020 4598 2121 4654 im-

529 4684 905 4757 pedimentum
930 4683 1257 4755 magnitudo
1299 4684 1469 4741 eﬂicit
1496 4694 1847 4757 peccatorum
1871 4704 1885 4755 ;
1919 4687 2117 4759 gibbus

527 4772 675 4829 enim
705 4771 931 4846 quidam
974 4779 1057 4828 est
1088 4771 1285 4829 animae
1335 4778 1496 4845 turpe
1540 4773 1673 4847 quid
1722 4775 1808 4831 vel
1856 4775 2113 4848 cogitare,

527 4860 616 4916 vel
643 4860 821 4917 facere
855 4879 867 4916 :
901 4876 966 4917 ac
991 4860 1194 4917 mentis
1223 4860 1474 4933 quaedam
1504 4869 1752 4919 tortuosa
1773 4862 2115 4932 deformitas,

528 4949 587 5006 in
616 4948 813 5006 mundi
873 4947 1037 5005 rebus
1064 4965 1277 5021 semper
1314 4950 1620 5021 intendere,
1651 4960 1705 5008 et
1745 4951 1814 5009 ab
1859 4952 2118 5010 Ecclesia;

526 5046 726 5099 sanctas
754 5040 948 5098 limine
974 5041 1125 5099 curis
1147 5041 1504 5099 saecularibus
1523 5042 1763 5100 avocari.
1788 5042 1943 5099 Unde
1977 5043 2116 5097 mihi

592 5223 719 5296 (21)
755 5225 912 5281 Rom.
946 5221 1108 5290 edit.,
1136 5224 1461 5296 Hammona,
1483 5224 1630 5296 apud
1679 5223 1924 5296 Hebrmos
1961 5222 2119 5293 hujus

520 5294 699 5353 surculi
739 5296 939 5352 divitia:
988 5296 1352 5367 appellantur.
1389 5294 1605 5351 Dicitur
1642 5313 1762 5351 vero
1804 5295 2115 5367 Mammona

525 5368 760 5448 iniquus,
790 5368 920 5438 quia
934 5366 1053 5448 non
1082 5366 1187 5421 nisi
1217 5366 1389 5448 iniqui
1417 5367 1475 5421 in
1504 5367 1577 5421 eis
1597 5383 1739 5437 spem
1764 5366 2115 5448 constituunt:

513 5436 657 5509 justi
682 5436 876 5505 autem,
930 5437 1045 5493 licet
1072 5454 1133 5493 ea
1167 5436 1493 5508 possideant,
1520 5436 1635 5492 noni
1653 5443 1776 5491 sunt
1811 5436 1922 5509 illis
1951 5443 2123 5492 tamen

523 5510 760 5575 divitiae,
815 5509 922 5564 nisi
993 5510 1215 5565 cwlestes
1279 5515 1329 5580 et
1382 5508 1668 5580 spiritales.
1730 5508 1901 5565 Servii
1960 5509 2121 5580 igitur

522 5582 858 5649 Hammonis,
887 5581 981 5651 qui
1010 5580 1065 5634 in
1110 5579 1335 5651 terrenis
1360 5578 1521 5650 hujus
1556 5580 1733 5635 saeculi
1767 5580 1919 5635 rebus
1966 5578 2123 5651 conﬁ-

524 5651 719 5724 ditLHi
746 5651 877 5724 alibi
906 5650 1011 5705 viri
1042 5650 1361 5724 divitiarum
1388 5669 1423 5705 a
1463 5653 1725 5723 propheta
1753 5650 2119 5724 appellantur.

524 5720 718 5791 Nolite,
776 5721 999 5794 fratres,
1049 5722 1265 5780 divitias
1307 5720 1584 5797 appellare
1626 5720 1991 5794 illas,"nolite
2034 5740 2123 5781 eas

2233 566 2469 622 ritaliter
2495 568 2767 636 elocutus,
2800 566 3105 623 foeditatem
3148 583 3366 624 morum
3389 568 3575 641 potius
3596 569 3832 629 indicas-

2234 672 2313 724 se,
2346 673 2472 713 cum
2502 655 2639 713 dicit
2672 675 2683 712 :
2731 678 2749 703 ‹
2795 657 2914 713 Non
2960 656 3228 729 glorietur
3273 656 3533 730 gibbosus
3562 658 3709 716 sicut
3738 676 3837 717 re-
3903 716 3909 727 ,

2235 755 2356 803 ctus
2375 746 2495 819 (ΙΙΙ
2518 748 2640 817 Reg.
2660 762 2759 814 xx,
2786 745 2876 818 11)
2902 764 2916 813 ;
2951 771 2968 793 ι
3013 746 3168 820 quasi
3199 746 3281 805 sic
3298 746 3507 804 diceret
3531 765 3543 803 :
3566 749 3692 806 Non
3720 752 3836 826 glo-

2237 834 2412 891 rietur
2439 843 2691 908 peccator
2727 835 2995 892 vitiorum
3039 853 3266 893 suorum
3316 838 3590 911 pravitate
3620 839 3838 897 distor-

2236 932 2343 994 tus,
2375 926 2520 983 sicut
2544 925 2810 998 gloriatur
2832 924 3020 997 justus
3048 924 3401 983 conscientiae
3430 927 3591 984 bona
3621 928 3836 1003 simpli-

2235 1015 2399 1072 citate
2422 1014 2681 1071 directus.
2716 1014 2979 1082 Quamvis
3008 1015 3178 1084 enim,
3208 1032 3241 1071 ο
3270 1023 3542 1088 peccator,
3573 1019 3836 1090 proceri—

2233 1110 2343 1160 tate
2373 1104 2617 1176 corporis
2643 1103 2896 1176 gaudeas,
2929 1103 3183 1178 quamvis
3209 1106 3559 1177 scapularum
3604 1114 3836 1167 tuarum

2234 1196 2548 1269 aequalitate
2576 1195 2818 1265 laeteris;
2852 1196 3038 1253 anima
3063 1204 3249 1254 tamen
3277 1204 3374 1255 tua
3402 1214 3621 1256 morum
3652 1201 3838 1274 pravi-

2234 1293 2343 1342 tate
2363 1284 2627 1342 deformis
2648 1292 2751 1342 est.

2306 1395 2358 1452 3.
2390 1396 2555 1453 Recte
2576 1411 2708 1469 ergo
2736 1395 2949 1453 camelo
2995 1403 3342 1468 comparatus
3393 1400 3474 1453 est
3520 1396 3717 1468 dives;
3769 1400 3839 1456 si-

2234 1486 2457 1565 quidem
2501 1485 2663 1542 illum
2711 1502 2743 1542 a
2787 1486 3027 1542 transitu
3071 1502 3201 1543 acus
3244 1487 3491 1560 corporis
3527 1489 3841 1548 crassitudo

2234 1584 2474 1646 revocat,
2506 1576 2656 1633 hunc
2696 1576 2764 1633 ab
2793 1576 3044 1649 ingressu
3074 1576 3334 1634 Ecclesiae
3368 1576 3694 1650 patrimonii
3724 1580 3837 1636 sol-

2234 1665 2466 1723 licitudo
2496 1665 2782 1723 detentat:
2831 1676 2885 1724 et
2912 1666 3055 1723 sicut
3098 1666 3259 1723 illum
3308 1683 3543 1740 parvum
3583 1668 3839 1727 foramen

2232 1776 2349 1818 non
2375 1759 2523 1833 capit
2555 1766 2846 1815 oneratum
2879 1759 3028 1816 mole
3056 1758 3461 1826 membrorum;
3496 1759 3569 1816 ita
3592 1768 3645 1817 et
3674 1762 3839 1820 hunc

2236 1850 2499 1908 introitus
2547 1858 2773 1909 sanctus
2827 1866 2938 1906 non
2984 1849 3219 1922 suscipit
3264 1859 3549 1922 gravatum
3600 1854 3838 1911 cumulo

2236 1940 2588 1997 delictorum.
2607 1939 2845 2013 Uterque
2867 1937 3032 1996 habet
3046 1940 3327 2013 propriam
3350 1941 3621 1997 sarcinam
3649 1958 3834 2013 suam,

2236 2031 2334 2088 ille
2362 2038 2622 2088 oneratus
2660 2040 2742 2088 est
2777 2030 3058 2099 carnibus,
3109 2030 3213 2089 iste
3251 2032 3489 2105 peccatis
3521 2048 3534 2088 :
3584 2041 3641 2089 et
3686 2035 3835 2093 sicut

2235 2120 2330 2177 ille
2357 2120 2623 2177 inhabilis
2651 2127 2733 2176 est
2764 2121 3166 2193 angustissima:
3195 2137 3327 2178 acus
3346 2138 3631 2193 cavernas;
3674 2125 3754 2181 ita
3775 2133 3834 2183 et

2234 2209 2328 2267 hic
2357 2210 2757 2267 inconveniens
2783 2218 2865 2267 est
2892 2209 3210 2267 beatissimo
3229 2212 3330 2268 Dei
3350 2228 3550 2285 regno:
3582 2212 3650 2269 ad
3681 2213 3834 2287 quod

2234 2300 2504 2357 camelum
2539 2315 2766 2373 corpore
2794 2299 3225 2374 incompositum
3269 2310 3466 2359 natura
3505 2301 3649 2378 (23),
3679 2304 3834 2364 hunc

2233 2398 2417 2448 autem
2439 2407 2671 2465 pravum
2692 2390 2949 2449 voluntas
2970 2392 3157 2450 eﬂicit.

2311 2506 2458 2564 443
2486 2500 2540 2561 4.
2565 2502 2693 2559 Haec
2719 2509 2903 2559 autem
2946 2500 3093 2571 dico,
3125 2500 3340 2570 fratres,
3377 2499 3445 2558 de
3475 2501 3547 2559 iis
3593 2503 3691 2576 qui
3737 2503 3834 2560 fe-

2233 2599 2593 2657 stivissimam
2624 2600 2771 2657 diem
2793 2608 2995 2657 sach
3016 2598 3364 2674 Epiphaniae,
3396 2615 3466 2655 ne
3503 2600 3563 2656 in
3584 2600 3833 2658 Ecclesia

2232 2698 2609 2765 procurarent,
2674 2690 3137 2762 patrimoniorum
3193 2705 3421 2745 suorum
3467 2689 3835 2762 compedibus

2230 2786 2361 2836 sunt
2400 2778 2629 2849 detenti,
2671 2787 2726 2836 et
2757 2788 2976 2836 terreno
3004 2780 3241 2853 quodam
3272 2778 3500 2852 obligati
3529 2787 3658 2836 sunt
3690 2779 3835 2837 vin-

2230 2872 2377 2939 culo,
2412 2878 2473 2927 ut
2504 2870 2691 2927 venire
2721 2871 2802 2927 eis
2846 2871 2915 2927 ad
2962 2868 3189 2926 domum
3218 2869 3443 2927 Domini
3473 2884 3583 2925 non
3613 2869 3832 2927 liceret.

2230 2960 2352 3018 Non
2398 2958 2547 3034 quod
2603 2975 2696 3015 eos
2766 2958 3051 3033 quidpiam
3115 2957 3380 3027 detineat,
3421 2958 3515 3015 sed
3551 2958 3700 3031 quod
3751 2959 3835 3015 ita

2232 3052 2469 3126 propriis
2510 3051 2623 3108 sint
2669 3050 2883 3107 actibus
2930 3048 3223 3123 implicati,
3268 3057 3331 3106 ut
3369 3049 3484 3122 jam
3528 3047 3833 3105 arbitrium

2234 3140 2461 3198 vivendi
2484 3158 2595 3199 sum
2629 3140 2916 3214 potestatis
2945 3140 3232 3197 amiserint
3258 3158 3272 3207 ;
3314 3146 3370 3196 et
3396 3139 3530 3196 dum
3554 3136 3835 3195 sollicitu-

2161 3200 2205 3261 θ
2232 3229 2420 3287 dinem
2473 3230 2793 3305 patrimonii
2823 3229 3110 3299 exhibent,
3141 3229 3451 3286 animarum
3487 3226 3829 3285 medicinam

2232 3319 2452 3393 penitus
2479 3337 2591 3378 non
2615 3320 2917 3395 requirant.

2301 3422 2355 3478 5.
2390 3421 2536 3489 Quid
2565 3420 2726 3491 mihi,
2757 3437 2790 3477 ο
2817 3420 2995 3490 dives,
3025 3420 3407 3478 diﬂicultatem
3432 3418 3705 3492 temporis
3733 3417 3833 3474 ob-

2226 3508 2401 3583 jicis?
2450 3511 2599 3579 Quid
2644 3508 3024 3568 necessitatem
3071 3509 3275 3583 ingeris
3320 3506 3714 3582 repentinam?
3773 3506 3834 3563 Si

2232 3619 2327 3661 cor
2368 3599 2555 3670 habes,
2601 3599 2845 3673 intellige
2888 3598 3020 3674 quia
3062 3600 3215 3657 omni
3262 3597 3586 3656 necessitate
3644 3594 3829 3668 major

2233 3693 2528 3751 necessitas
2576 3701 2659 3750 est
2703 3690 2900 3748 salutis
2934 3707 2946 3747 :
3004 3698 3059 3746 et
3100 3688 3293 3747 utilior
3337 3694 3421 3744 est
3463 3701 3629 3743 causa
3675 3685 3836 3758 prius

2232 3799 2425 3841 curare
2453 3781 2648 3849 vitam,
2674 3789 2810 3839 tunc
2835 3779 3039 3853 peculii
3079 3779 3283 3835 damna
3310 3776 3548 3843 sarcire;
3593 3791 3666 3831 ne
3693 3774 3830 3831 dum

2233 3879 2589 3945 augmentum
2622 3869 2943 3941 patrimonii
2986 3868 3308 3941 quaerimus,
3356 3864 3661 3922 sentiamus
3714 3865 3834 3921 ani-

2235 3979 2337 4019 mae
2365 3960 2779 4017 detrimentum.
2814 3956 2920 4014 Sed
2957 3956 3100 4013 forte
3128 3955 3372 4028 judicem
3404 3953 3631 4022 metuis,
3665 3970 3833 4028 quem

2234 4052 2294 4108 in
2352 4049 2647 4109 secretario
2696 4046 2992 4122 reliquisti.
3042 4046 3177 4102 Mihi
3239 4043 3401 4103 crede
3456 4042 3606 4118 quod
3658 4042 3837 4116 magis

2234 4143 2408 4198 Deum
2432 4139 2678 4212 judicem
2709 4145 2951 4193 metuere
2981 4134 3166 4203 debes,
3202 4134 3297 4207 qui
3338 4133 3408 4190 de
3437 4132 3556 4206 ipso
3601 4139 3702 4189 tuo
3740 4131 3832 4204 ju-

2234 4230 2357 4289 dice
2379 4228 2672 4302 judicabit.
2692 4228 2859 4285 Illum
2890 4243 3020 4300 ergo
3047 4224 3273 4291 metuis,
3306 4223 3402 4296 qui
3432 4238 3565 4279 mox
3591 4220 3835 4294 accipiet

2235 4335 2609 4377 successorem
2657 4316 3003 4375 :Dominum
3065 4330 3180 4371 non
3237 4312 3472 4381 metuis,
3511 4310 3604 4367 cui
3671 4326 3840 4367 nemo

2233 4408 2531 4483 aliquando
2591 4405 2884 4466 succedit?
2930 4402 3229 4462 Considera
3276 4400 3458 4473 itaque
3481 4398 3688 4472 judicii
3718 4399 3838 4455 im-

2235 4500 2537 4556 minentem
2567 4498 2737 4569 diem,
2763 4506 2818 4555 et
2862 4492 3341 4569 inexstinguibilis
3383 4491 3651 4566 gehennae
3681 4490 3836 4547 ﬂam-

2154 4564 2206 4624 D
2233 4604 2367 4660 mas,
2417 4588 2712 4648 stridorem
2760 4584 3099 4644 horrendum
3142 4582 3419 4652 dentium,
3470 4581 3832 4639 tenebrarum

2229 4678 2489 4736 ultimum
2533 4675 2877 4744 cruciatum;
2925 4683 2978 4732 et
3018 4675 3066 4731 si
3107 4681 3289 4747 potes,
3332 4671 3524 4729 relicta
3557 4670 3835 4738 Ecclesia,

2224 4765 2579 4825 saecularibus
2618 4763 3093 4822 sollicitudinibus
3113 4762 3423 4836 implicare.
3448 4761 3659 4819 Vereor
3679 4760 3837 4817 enim

2224 4873 2312 4925 ne,
2346 4856 2478 4912 dum
2509 4853 2704 4910 mundi
2729 4852 2958 4911 divitias
2995 4851 3262 4926 quaeritis,
3297 4848 3602 4908 inveniatis
3631 4850 3832 4922 potius

2224 4947 2452 5004 divitias
2480 4944 2856 5019 peccatorum;
2908 4950 2963 4999 et
3004 4942 3235 5015 repertis
3285 4940 3560 4999 thesauris
3617 4939 3835 4998 suculis

2225 5038 2471 5095 cmlestes
2499 5035 2786 5095 thesauros
2822 5030 3109 5089 amittatis.

2226 5238 2427 5298 amare,
2462 5217 2591 5298 quia
2644 5216 2691 5271 si
2745 5215 2988 5298 servietis
3023 5213 3153 5298 illis,
3185 5218 3229 5269 et
3247 5226 3383 5298 funt
3407 5208 3525 5298 illis

2229 5295 2351 5351 Ideo
2382 5278 2443 5348 d’e
2470 5278 2798 5360 'hujusmodi
2842 5287 3000 5343 divite
3038 5278 3188 5342 Iesus
3239 5282 3486 5341 Christus
3512 5278 3650 5336 alibi
3677 5278 3836 5343 sua,

2228 5374 2421 5507 e“(22)
2453 5435 2655 5507 Omnes
2692 5429 2849 5499 edit.,
2882 5430 3241 5507 difﬁcultatem
3269 5431 3497 5507 quaestus
3516 5440 3536 5488 ;
3564 5430 3620 5478 et
3661 5419 3836 5507 infra,

2230 5496 2517 5563 immundis
2557 5505 2710 5561 rebus
2747 5496 2989 5574 semper";
3036 5496 3332 5572 utrobique
3372 5496 3556 5569 aptius
3593 5509 3729 5549 mss.
3775 5496 3841 5547 ut

2231 5578 2288 5634 in
2318 5587 2601 5635 contextu.
3700 5634 3712 5645 ,

2306 5651 2422 5721 (23)
2454 5651 2534 5705 Ila
2573 5665 2739 5715 mss.;
2794 5645 2926 5721 edit.
2973 5651 3178 5713 autem,
3229 5657 3448 5714 corpore
3476 5641 3840 5710 compositum

2234 5717 2455 5780 natura.
2492 5722 2692 5778 Parum
2721 5717 3012 5779 concinne.
