4068 6188
263 295 368 352 705

863 439 1101 497 SERMO
1139 441 1258 498 XL.

640 531 719 586 De
743 528 975 602 jejuniis
1013 539 1066 589 et
1095 533 1476 606 eleemosynis.

260 636 326 692 Ut
351 651 523 691 sermo
563 637 928 711 inepistolam
964 639 1252 711 Dominicw
1296 657 1439 696 χχιιι
1485 645 1606 711 post
1653 641 1855 695 Pente-

323 714 499 762 costen
525 725 591 762 ea:
624 709 716 762 hoc
745 710 910 779 ﬁeret,
952 710 1075 766 edit.
1110 713 1261 768 Rom.
1317 719 1364 766 et
1403 709 1584 766 verum
1614 710 1728 778 eius
1758 713 1852 765 in-

321 779 663 850 scriptionem
695 780 1083 849 immutaverat,
1131 790 1176 837 et
1221 783 1276 837 in
1318 790 1514 838 textum
1539 784 1696 838 verba
1729 800 1854 837 non-

321 852 482 906 nulla
513 852 828 926 inseruerat,
862 854 1002 923 quod
1027 861 1307 924 utrumque
1333 855 1675 909 restituimus.
1728 856 1853 926 Ipsa

319 927 500 998 autem
531 923 735 998 dicendi
763 928 908 998 ratio
937 931 1206 998 tantopere
1220 923 1477 998 opposita
1516 933 1590 979 est
1631 923 1851 998 Ambro-

321 993 514 1062 sianus,
546 1001 604 1049 ut
638 996 804 1050 cuivis
830 996 1010 1066 potius
1038 993 1199 1068 quam
1229 993 1316 1053 illi
1333 997 1502 1069 possit
1525 997 1740 1052 ascribi.

323 1122 374 1178 1.
417 1124 542 1180 Non
563 1123 781 1194 dubito,
805 1125 1021 1194 fratres,
1040 1127 1352 1184 contristari
1377 1143 1474 1182 vos
1493 1127 1850 1199 quotiescun-

245 1231 356 1288 que
397 1217 681 1275 absentem
727 1235 814 1276 me
867 1237 899 1276 a
951 1219 1113 1276 vobis
1161 1219 1452 1275 necessitas
1499 1219 1668 1287 facit;
1717 1219 1850 1276 dum

243 1305 398 1361 enim
432 1323 593 1379 quem
626 1309 881 1380 diligitis,
925 1326 1037 1364 non
1069 1309 1290 1378 videtis,
1320 1316 1581 1382 tanquam
1611 1309 1742 1364 boni
1775 1308 1850 1364 ﬁ-

243 1393 306 1450 lii
341 1396 567 1468 pietatis
597 1398 841 1455 stimulis
878 1399 1160 1455 laboratis.
1205 1399 1310 1454 Sed
1339 1398 1593 1472 quamvis
1623 1414 1850 1470 corpore

243 1503 344 1543 vos
383 1505 483 1561 ego
511 1488 788 1546 interdum
821 1491 1087 1560 deseram,
1137 1492 1338 1564 spiritu
1367 1500 1553 1548 tamen
1601 1509 1700 1547 vos
1737 1507 1849 1547 non

243 1577 544 1650 relinquo;
577 1595 906 1654 quocunque
933 1581 1081 1637 enim
1113 1581 1250 1651 iero,
1293 1581 1520 1640 dilectio
1554 1590 1734 1638 vestra
1763 1597 1849 1637 me

242 1666 531 1740 sequitur:
583 1668 901 1742 ubicunque
931 1671 1108 1740 fuero,
1161 1671 1240 1727 ibi
1271 1688 1486 1729 mecum
1518 1680 1702 1730 vestra
1732 1672 1850 1727 fra-

243 1756 480 1813 ternitas
531 1767 926 1817 commoratur.
1003 1759 1264 1834 Quisquis
1318 1761 1465 1817 enim
1524 1762 1580 1817 in
1641 1760 1850 1820 Christi

243 1848 523 1905 mandatis
569 1860 874 1922 permanet,
909 1868 1128 1910 necesse
1175 1861 1256 1909 est
1303 1861 1365 1910 ut
1412 1853 1620 1912 Christi
1667 1855 1848 1911 adhae-

242 1946 362 1994 reat
391 1937 698 1996 sacerdoti:
753 1949 808 1997 et
838 1941 966 1998 licet
1006 1943 1166 2015 longe
1211 1944 1423 2015 positus
1451 1943 1728 2014 videatur,
1787 1945 1849 2000 ﬁt

242 2037 434 2086 tamen
465 2031 777 2104 proximus,
825 2033 957 2090 dum
991 2033 1150 2090 illum
1181 2037 1348 2092 unius
1382 2035 1509 2093 ﬁdei
1545 2037 1716 2110 gratia
1754 2054 1850 2092 re-

241 2129 564 2192 praesentat.
616 2122 717 2178 Ille
755 2139 810 2179 se
856 2141 984 2180 sane
1031 2133 1342 2197 separatum
1389 2143 1421 2182 a
1473 2127 1850 2184 sacerdotibus

239 2217 418 2281 putet,
476 2212 572 2284 qui
612 2211 825 2269 actibus
865 2215 1026 2270 malis
1067 2224 1347 2288 separatus
1390 2232 1421 2272 a
1476 2216 1699 2274 Christo
1744 2224 1844 2290 est_

239 2299 419 2373 Atque
462 2301 610 2368 ideo,
658 2303 874 2372 fratres,
920 2321 1020 2362 vos
1062 2307 1156 2379 qui
1192 2305 1512 2363 mandatum
1548 2306 1848 2365 Salvatoris

239 2390 450 2462 facitis,
485 2395 740 2468 quamvis
771 2396 1023 2454 absentes
1049 2413 1081 2453 a
1108 2415 1196 2454 me
1227 2398 1448 2455 fueritis
1476 2415 1726 2472 corpore,
1768 2397 1848 2455 di-

241 2481 486 2539 lectione
516 2492 702 2541 tameu
742 2486 880 2541 mihi
911 2487 1141 2543 minime
1171 2487 1444 2544 defuistis.
1493 2491 1574 2544 Ita
1603 2505 1741 2562 quos
1768 2506 1847 2546 se-

242 2572 476 2642 parabat
505 2574 793 2646 longitudo
817 2585 1110 2645 terrarum,
1157 2577 1365 2635 Christi
1413 2578 1588 2650 gratia
1635 2595 1850 2636 conne—

237 2661 446 2718 ctebat.

313 2762 366 2817 2.
407 2763 556 2820 Sunt
583 2771 766 2820 autem
801 2766 1059 2822 nonnulli
1090 2767 1234 2823 inter
1261 2782 1381 2836 vos,
1436 2767 1652 2836 fratres,
1702 2784 1852 2841 quo-

246 2865 366 2906 rum
400 2853 536 2910 licet
564 2854 752 2912 vultus
800 2855 860 2911 in
905 2857 1136 2914 ecclesia
1164 2857 1470 2926 videamus,
1527 2875 1623 2915 cor
1667 2867 1850 2914 tamen

249 2955 438 2998 eorum
479 2943 537 2998 in
583 2945 727 3017 agris
773 2961 886 3002 esse
917 2947 1338 3018 cognoscimus:
1391 2956 1446 3004 et
1499 2947 1849 3018 praesentiam

251 3029 475 3102 quidem
509 3051 699 3092 eorum
730 3036 1143 3094 consideramus
1168 3039 1226 3094 in
1259 3037 1438 3110 plebe,
1484 3037 1578 3094 sed
1610 3053 1853 3093 conver-

251 3121 522 3180 sationem
551 3141 742 3182 eorum
785 3127 1101 3183 invenimus
1131 3127 1189 3183 in
1220 3144 1363 3184 rure.
1393 3129 1470 3183 De
1493 3126 1694 3201 quibus
1714 3126 1850 3182 dicit
1881 3157 1924 3218 Ο

251 3209 581 3281 Apostolus:
649 3238 668 3261 ι
703 3215 774 3269 Et
805 3215 975 3286 gloria
1025 3216 1084 3270 in
1132 3214 1404 3288 pudendis
1430 3215 1698 3287 ipsorum,
1753 3213 1848 3287 qui

248 3307 472 3358 terrena
502 3303 722 3374 sapiunt
755 3304 1016 3376 (Philipp.
1046 3322 1132 3374 ιιι,
1165 3306 1253 3377 19)
1290 3323 1304 3373 ;
1337 3331 1355 3351 ι
1391 3305 1431 3360 ii
1451 3305 1599 3360 enim
1621 3303 1686 3360 de
1710 3314 1854 3361 terra

243 3405 472 3461 semper
501 3392 743 3464 cogitant
795 3393 936 3465 (24),
987 3393 1055 3450 de
1093 3401 1237 3450 terra
1265 3401 1523 3463 tractant,
1569 3410 1688 3467 quae
1731 3402 1853 3450 ter-

253 3493 388 3534 rena
416 3489 572 3551 sunt,
605 3483 844 3555 sapiunt.
881 3483 978 3539 His
1005 3485 1266 3541 convenit
1293 3484 1486 3540 divina
1511 3484 1608 3539 illa
1638 3494 1852 3540 senten-

257 3567 356 3636 tia,
407 3586 515 3643 qua
543 3571 785 3629 dicitur:
843 3596 861 3622 ι
892 3573 1056 3631 Terra
1083 3590 1162 3642 es,
1211 3581 1266 3630 et
1310 3573 1370 3629 in
1401 3580 1601 3628 terram
1650 3573 1854 3630 redibis

259 3657 418 3728 (Gen.
475 3678 556 3730 ιιι,
605 3663 694 3734 19)
726 3681 740 3730 ;
774 3688 793 3711 ι
844 3663 939 3736 qui
969 3664 1092 3720 ideo
1123 3663 1420 3737 aliquando
1449 3664 1517 3720 ad
1547 3664 1853 3721 Ecclesiam

258 3748 514 3819 veniunt,
568 3767 682 3806 non
711 3753 841 3824 quia
869 3769 938 3808 ex
970 3753 1077 3809 fide
1107 3753 1407 3811 Christiani
1437 3762 1588 3822 sunt,
1646 3753 1742 3809 sed
1786 3769 1855 3810 ne

259 3835 560 3895 Christiani
585 3840 652 3896 ab
683 3840 1004 3898 hominibus
1034 3859 1145 3899 non
1178 3852 1461 3915 putentur.

327 3929 379 3987 3.
417 3931 634 3998 Quibus
659 3949 786 3990 cum
807 3933 1085 4005 jejunium
1116 3934 1403 4003 indicitur,
1437 3933 1503 3989 de
1532 3933 1857 4006 intemperie

257 4035 312 4076 se
342 4023 611 4094 temporis
641 4040 853 4097 semper
881 4035 1144 4083 excusant
1173 4045 1187 4094 ;
1238 4027 1434 4083 dicunt
1462 4026 1613 4082 enim
1651 4025 1859 4082 aestivis

257 4119 576 4177 mensibus:
628 4120 758 4176 Dies
784 4121 945 4193 longa
974 4130 1076 4191 est,
1106 4123 1406 4180 torrentior
1435 4125 1514 4180 sol
1548 4131 1629 4179 est
1658 4141 1672 4190 ;
1705 4121 1858 4179 sitim

258 4205 394 4266 ferre
423 4226 545 4266 non
577 4226 888 4282 possumus,
929 4212 1143 4283 poculis
1181 4229 1281 4268 nos
1327 4213 1650 4286 refrigerare
1701 4211 1860 4268 debe-

257 4313 408 4368 mus;
472 4300 672 4356 hiemis
700 4317 832 4357 vero
861 4308 1107 4373 tempore
1132 4321 1144 4358 :
1207 4303 1383 4358 Grave
1412 4303 1586 4374 frigus
1615 4309 1715 4370 est,
1774 4301 1861 4357 ri-

261 4403 408 4459 gores
475 4399 604 4447 sunt
659 4390 904 4463 pessimi,
958 4391 1201 4464 algorem
1257 4393 1493 4448 tolerare
1545 4392 1860 4464 nequimus,

261 4479 392 4536 escis
450 4481 687 4538 caleﬁeri
740 4498 842 4538 nos
897 4489 1130 4555 oportet.
1182 4484 1263 4540 Ita
1319 4482 1572 4538 homines
1626 4497 1860 4554 quorum
1886 4521 1935 4580 D

262 4577 486 4636 animus
515 4596 728 4652 semper
763 4587 845 4637 est
876 4581 932 4636 in
961 4580 1214 4654 prandio,
1250 4580 1555 4654 prandendi
1585 4580 1691 4636 sibi
1723 4596 1863 4638 cau-

265 4675 347 4723 sas
396 4669 734 4741 inquirunt:
794 4677 848 4728 et
903 4670 1035 4728 dum
1089 4687 1145 4728 se
1205 4689 1236 4728 a
1287 4670 1518 4744 jejuniis
1573 4677 1859 4739 excusant,

266 4761 516 4831 tempora
545 4759 818 4817 Creatoris
845 4770 1101 4818 accusant
1132 4761 1274 4832 (25).

337 4847 388 4906 4.
435 4850 542 4906 Dic
578 4850 738 4920 mihi,
758 4868 790 4907 ο
811 4850 1042 4909 delicate
1060 4851 1391 4922 Christiane,
1411 4852 1505 4925 qui
1524 4859 1717 4908 aestum
1742 4851 1860 4923 (26)

273 4937 397 4995 solis
437 4937 742 5012 jejunando
786 4947 937 5004 444
995 4942 1136 4998 ferre
1191 4958 1302 4998 non
1362 4950 1535 5013 potes,
1593 4939 1865 5014 numquid

275 5043 460 5106 aestus,
496 5054 658 5112 quem
696 5049 1044 5097 sustenturus
1070 5057 1146 5109 es,
1178 5040 1475 5097 torrentior
1490 5049 1569 5096 est
1591 5039 1867 5114 gehenna?

279 5128 545 5202 numquid
575 5129 752 5188 hiems
795 5129 1074 5188 horridior
1119 5137 1202 5188 est
1248 5129 1509 5198 tenebris,
1542 5129 1744 5202 quibus
1772 5145 1868 5186 re-

351 5308 466 5435 (24)
511 5311 634 5368 Vet.
663 5312 797 5370 edit.
841 5329 903 5369 ac
926 5329 1079 5382 mss.,
1113 5311 1191 5369 De
1238 5316 1383 5367 terra
1411 5309 1547 5366 enim
1575 5309 1705 5366 dicit
1730 5310 1870 5383 Apo-

351 5397 484 5435 ’ωε
523 5400 624 5435 ms.
671 5385 828 5435 Rem-
875 5385 937 5435 de
984 5393 1127 5435 terra
1173 5384 1311 5435 enim
1367 5400 1567 5435 semner
1624 5383 1870 5435 cooitant.

283 5382 484 5504 gaius;
523 5400 624 5442 ms.
670 5385 828 5458 Reg.,
875 5385 937 5440 de
984 5393 1127 5442 terra
1173 5384 1311 5440 enim
1367 5400 1567 5456 semper
1624 5382 1870 5455 cogitant,

339 5467 386 5504 c.

339 5467 386 5508 ο.

322 5591 332 5600 ,
357 5524 472 5600 (25)
513 5527 696 5585 Verbo
724 5535 974 5584 accusant
1003 5526 1206 5599 adjecit
1231 5528 1390 5584 Hom.
1423 5525 1558 5597 edit,
1593 5527 1670 5583 De
1697 5525 1766 5583 iis
1794 5525 1872 5581 di-

289 5598 353 5648 Cit
374 5598 667 5669 (Apostolus
692 5618 703 5656 :
741 5603 980 5669 Quorum
1008 5598 1151 5655 Deus
1181 5605 1360 5655 venter
1391 5605 1482 5656 est.

360 5666 476 5744 (26)
516 5671 721 5729 Omnes
753 5666 912 5741 edit.,
957 5672 1050 5743 qui
1079 5678 1283 5740 aestum,
1332 5677 1479 5741 etc.;
1536 5688 1665 5730 mss.
1720 5685 1874 5740 vero,

1071 297 1440 356 SERMONES
1477 300 1534 356 S.
1576 297 1930 357 AMBROSIO
1968 299 2337 358 HACTENUS
2373 304 2714 365 ASCHIPTI.

3455 315 3560 374 706

1882 435 1933 494 Α
1963 426 2267 484 trudendus
2294 446 2350 485 es
2367 432 2394 486 ?
2424 432 2484 486 In
2515 433 2816 488 exteriores
2843 433 2992 489 enim
3015 434 3267 492 tenebras
3289 437 3561 509 abjicient

1965 527 2058 575 tur
2086 531 2398 594 peccatores
2431 544 2442 580 :
2488 550 2505 572 ι
2537 525 2616 581 Ibi
2656 526 2762 582 erit
2790 526 2950 582 fletus
2988 536 3043 583 et
3071 527 3276 584 stridor
3306 528 3558 586 dentium

1967 613 2178 683 (Matth.
2213 632 2336 683 vm,
2395 615 2509 687 12),
2542 641 2559 662 ι
2629 617 2771 673 sicut
2829 619 2905 672 ait
2955 617 3274 674 Dominus:
3335 618 3560 688 stridor,

1965 699 2211 773 inquam,
2246 702 2497 759 dentium
2529 706 2596 761 ad
2618 706 2792 762 instar
2819 705 3036 762 hiberni
3059 706 3327 778 temporis
3348 723 3560 780 semper

1963 789 2067 845 erit
2098 790 2155 846 in
2188 791 2302 847 illis
2330 793 2592 850 tenebris.
2635 796 2779 868 Ergo
2826 795 2969 852 sicut
3015 803 3332 868 penetrante
3379 797 3561 868 algore

1964 876 2184 948 hiemis,
2245 889 2362 937 toto
2417 882 2671 939 homines
2727 901 2954 957 corpore
3001 885 3455 952 contremiscunt,
3486 884 3560 940 ita

1963 975 2017 1022 et
2071 967 2474 1026 interveniente
2541 973 2877 1029 conscientia
2942 973 3143 1046 frigida
3207 973 3556 1044 delictorum,

1963 1059 2114 1128 gravi
2147 1069 2456 1130 peccatores
2511 1063 2760 1118 dentium
2812 1065 3047 1121 stridore
3099 1064 3434 1138 quatientur.
3480 1067 3561 1121 Ita

1963 1146 2129 1202 miser
2157 1159 2427 1220 peccator,
2458 1150 2590 1206 dum
2622 1151 2714 1207 hic
2745 1152 3040 1209 hibernum
3072 1154 3307 1225 rigorem
3341 1155 3558 1222 metuit,

1963 1233 2039 1290 ibi
2075 1237 2424 1294 tenebrarum
2471 1239 2645 1312 frigus
2702 1240 2976 1298 incurrit:
3029 1242 3162 1297 dum
3222 1242 3315 1299 hic
3366 1251 3556 1298 iustum

1961 1325 2094 1381 solis
2122 1326 2314 1397 evitat,
2348 1328 2426 1383 ibi
2453 1329 2714 1402 gehennae
2741 1330 3037 1387 sustinebit
3065 1331 3341 1387 ardorem.

2031 1415 2084 1470 5.
2130 1415 2226 1471 His
2273 1425 2455 1472 autem
2516 1419 2648 1490 ipsis
2695 1419 3017 1476 hominibus
3058 1436 3182 1476 cum
3222 1418 3448 1486 dixerit,
3499 1425 3560 1474 ut

1961 1502 2174 1575 aliquid
2230 1505 2560 1576 pauperibus
2617 1507 2939 1580 largiantur,
2997 1507 3182 1565 statim
3235 1507 3554 1579 objiciunt:

1959 1589 2324 1648 Necessitates
2368 1593 2601 1651 inﬁnita:
2649 1606 2799 1660 sunt,
2841 1596 3049 1653 tributa
3079 1604 3209 1652 sunt
3257 1601 3464 1669 gravia,
3500 1594 3562 1651 ﬁ-

1960 1681 2127 1736 scalia
2156 1682 2432 1754 explicare
2463 1701 2574 1740 non
2616 1702 2925 1758 possumus.
2973 1687 3045 1741 Et
3073 1695 3224 1743 tanta
3255 1687 3357 1742 tibi
3398 1687 3560 1760 inge-

1884 1792 1932 1853 B
1963 1776 2115 1838 runt,
2147 1777 2209 1826 ut
2238 1772 2395 1844 quasi
2435 1789 2590 1829 reum
2627 1782 2678 1830 te
2717 1782 2981 1843 statuant,
3011 1791 3110 1832 cur
3148 1774 3254 1832 hoc
3285 1779 3464 1848 ipsum
3496 1775 3558 1831 il-

1962 1861 2043 1916 los
2081 1862 2326 1918 volueris
2367 1879 2740 1933 commonere,
2783 1881 2895 1921 non
2943 1865 3312 1936 intelligentes
3342 1863 3490 1937 quod
3519 1863 3558 1920 ii

1957 1959 2086 2008 sunt
2138 1951 2353 2009 inimici
2407 1953 2586 2010 crucis
2635 1953 2842 2011 Christi
2890 1953 3032 2025 (27),
3072 1953 3167 2027 qui
3197 1970 3308 2010 non
3340 1951 3560 2008 intelli-

1959 2048 2094 2112 gunt
2124 2040 2268 2113 quod
2299 2043 2558 2098 omnibus
2587 2043 3006 2100 necessitatibus
3035 2043 3228 2099 salutis
3271 2042 3343 2100 sit
3378 2057 3558 2099 neces-

1959 2129 2092 2185 sitas
2152 2130 2508 2202 praeferenda,
2556 2139 2609 2188 et
2671 2133 2817 2206 quod
2877 2133 3149 2190 tributum
3207 2130 3435 2190 reddere
3462 2131 3557 2188 alii

1959 2217 2199 2291 prodest,
2267 2220 2671 2294 eleemosynam
2739 2221 2915 2280 facere
2977 2222 3083 2295 ipsi
3121 2221 3393 2295 proﬁciat,
3462 2220 3559 2295 qui

1960 2308 2192 2380 largitur
2224 2328 2238 2378 ;
2291 2311 2488 2367 tributi
2516 2312 2661 2368 enim
2697 2313 2936 2370 redditio
2971 2313 3055 2369 illi
3086 2321 3308 2386 praestat
3337 2311 3556 2368 beneﬁ-

1958 2397 2127 2466 cium,
2179 2399 2272 2471 qui
2314 2399 2537 2474 accipit,
2586 2403 2948 2475 eleemosynze
2991 2412 3174 2460 autem
3218 2402 3464 2475 operatio
3507 2399 3558 2458 ei

1959 2489 2175 2545 confert
2205 2489 2486 2558 meritum,
2536 2491 2630 2564 qui
2670 2491 2968 2548 ministrat.
3017 2490 3256 2559 Tributi,
3310 2492 3557 2563 inquam,

1960 2577 2201 2634 redditio
2240 2579 2635 2637 detrimentum
2685 2580 2855 2636 infert
2884 2581 3144 2648 solventi,
3195 2579 3559 2649 eleemosyna:

1959 2668 2202 2741 erogatio
2247 2669 2462 2725 lucrum
2522 2668 2721 2724 tribuit
2776 2668 3062 2740 eroganti;
3117 2667 3291 2724 ditior
3317 2667 3465 2723 enim
3497 2667 3559 2721 ﬁt

1959 2758 2049 2812 vir
2077 2756 2410 2824 misericors,
2466 2764 2820 2829 posteaquam
2876 2756 3063 2813 minus
3115 2755 3320 2812 habere
3364 2753 3562 2826 incipit

1961 2843 2296 2920 pauperibus
2328 2845 2630 2918 largiendo.
3035 2837 3044 2842 ’

2033 2947 2084 3003 6.
2127 2947 2292 3003 Beata
2322 2945 2492 3018 igitur
2536 2953 2617 3001 est
2645 2946 3017 3018 eleemosyna,
3052 2960 3172 3018 quae
3204 2951 3258 3000 et
3287 2941 3558 3016 accipien-

1961 3043 2072 3093 tem
2107 3037 2308 3106 reﬁcit,
2337 3045 2390 3092 et
2423 3035 2666 3093 laetiﬁcat
2695 3043 3008 3108 erogantem
3039 3053 3051 3092 :
3096 3059 3114 3082 ι
3145 3032 3384 3090 Hilarem
3408 3033 3558 3089 enim

1960 3126 2206 3183 datorem
2236 3126 2419 3198 diligit
2464 3127 2609 3183 Deus
2645 3126 2737 3197 (II
2769 3125 2894 3181 Cor.
2931 3141 3008 3193 1x,
3041 3124 3095 3196 7)
3124 3141 3135 3179 :
3169 3146 3186 3170 ι
3231 3131 3394 3196 atque
3435 3121 3560 3179 ideo

1961 3219 2160 3275 melius
2187 3226 2268 3274 est
2297 3217 2381 3273 illi
2412 3219 2537 3290 plus
2564 3216 2693 3273 dare
2725 3216 2866 3289 (28).
2900 3216 3082 3272 Latus
3119 3231 3248 3288 ergo
3279 3221 3334 3270 et
3363 3213 3560 3270 hilaris

1961 3317 2063 3377 est,
2104 3307 2200 3381 qui
2247 3307 2581 3380 pauperibus
2617 3305 3021 3362 subministrat.
3084 3306 3246 3362 Recte
3279 3304 3440 3376 plane
3469 3304 3560 3360 lte-

1962 3408 2053 3456 tus
2080 3406 2181 3468 est,
2243 3399 2373 3472 quia
2420 3415 2515 3471 per
2554 3398 2873 3454 nummulos
2917 3412 3118 3468 paucos
3165 3402 3400 3450 aeternos
3440 3394 3558 3450 the-

1963 3505 2152 3545 sauros
2185 3488 2291 3544 sibi
2340 3490 2588 3545 cmlestes
2644 3485 2902 3558 acquirit.
2952 3486 3023 3540 Et
3083 3491 3296 3552 contra,
3348 3498 3560 3555 semper

1963 3579 2138 3635 tristis
2157 3583 2239 3634 est
2268 3586 2321 3636 et
2352 3586 2596 3645 muastus,
2631 3575 2724 3649 qui
2756 3575 2961 3631 tributa
2989 3573 3266 3630 dissolvit.
3306 3574 3416 3629 Nec
3443 3573 3560 3628 im-

1966 3669 2165 3725 merito
2196 3667 2372 3725 tristis
2399 3675 2502 3735 est,
2544 3666 2639 3740 qui
2661 3665 2730 3722 ad
2759 3664 3093 3721 solutionem
3123 3679 3235 3719 non
3265 3661 3561 3719 dilectione

1965 3759 2278 3829 adducitur,
2321 3759 2418 3816 sed
2457 3766 2662 3814 terrore
2696 3756 3096 3828 constringitur
3130 3771 3142 3810 :
3175 3753 3381 3810 Christi
3411 3753 3560 3809 enim

1966 3849 2182 3906 debitor
2212 3851 2390 3918 laetus,
2420 3847 2648 3906 Caesaris
2677 3847 2853 3902 tristis
2877 3853 2958 3903 est
2982 3863 2996 3913 ;
3031 3845 3162 3918 quia
3191 3843 3340 3900 hunc
3368 3842 3436 3898 ad
3457 3843 3562 3897 sol-

1966 3941 2210 3998 vendum
2237 3957 2392 3997 amor
2419 3939 2586 4012 cogit,
2610 3938 2767 3994 illum
2791 3953 2950 4010 poena
2979 3935 3282 4008 compellit.
3308 3935 3409 3991 Hic
3429 3950 3562 4006 pra:-

1968 4032 2096 4088 miis
2135 4038 2490 4104 provocatur,
2521 4029 2616 4084 ille
2643 4027 2932 4100 suppliciis
2955 4031 3289 4082 coarctatur.

2043 4133 2094 4189 7.
2134 4131 2283 4188 Dicit
2321 4137 2541 4187 sanctus
2597 4129 2936 4201 Apostolus:
3004 4149 3023 4174 ε
3067 4119 3349 4179 Divitibus
3397 4117 3565 4190 hujus

1969 4222 2156 4278 saeculi
2190 4221 2424 4294 praecipe
2453 4236 2564 4276 non
2603 4218 2841 4274 sublime
2868 4229 3074 4286 sapere,
3105 4217 3161 4265 et
3189 4223 3365 4280 neque
3395 4205 3454 4262 in
3483 4206 3564 4262 in-

1970 4320 2118 4366 certo
2173 4309 2497 4366 divitiarum
2546 4321 2764 4379 sperare
2799 4303 2857 4375 (I
2896 4302 3030 4358 Tim.
3075 4315 3153 4367 γι,
3189 4297 3302 4368 17).
3336 4322 3354 4344 ι
3396 4294 3567 4353 Vides

1970 4416 2119 4473 ergo,
2150 4416 2182 4455 ο
2221 4399 2398 4466 dives,
2437 4397 2567 4470 quia
2604 4402 2734 4451 sunt
2764 4401 2873 4449 tua:
2902 4391 3125 4448 incertae
3154 4385 3388 4444 divitias.
3420 4384 3565 4454 Quid

1971 4507 2098 4563 ergo
2132 4506 2328 4546 aurum
2377 4503 2694 4560 congregas,
2747 4484 2806 4540 in
2835 4499 2946 4557 quo
2982 4481 3135 4538 nulla
3189 4485 3337 4534 certa
3363 4476 3566 4534 ﬁducia

1969 4580 2100 4637 est?
2124 4578 2263 4635 Auri
2292 4577 2375 4634 tui
2406 4575 2640 4634 avaritia
2669 4574 2788 4646 (29)
2819 4580 3016 4642 cesset,
3047 4579 3102 4627 et
3130 4577 3277 4626 terra
3322 4577 3405 4626 est
3437 4587 3448 4624 :
3483 4583 3566 4624 so-

1943 4669 2074 4726 .lidi
2103 4669 2186 4725 tui
2214 4667 2486 4741 cupiditas
2515 4665 2814 4734 auferatur,
2855 4671 2910 4719 et
2947 4661 3134 4718 sordes
3162 4667 3311 4715 sunt.
3352 4658 3566 4713 Aurum

1973 4759 2122 4815 enim
2151 4766 2206 4816 et
2234 4765 2519 4831 argentum
2550 4756 2680 4812 vilis
2709 4763 2792 4811 est
2820 4761 2874 4810 et
2901 4751 3113 4824 abjecta
3142 4748 3396 4806 materies
3424 4765 3435 4802 :
3469 4745 3566 4802 ubi

1975 4865 2171 4906 aurum
2225 4847 2461 4904 increvit
2509 4845 2753 4902 humana
2807 4837 3297 4914 concupiscientia,
3355 4845 3488 4893 tunc
3515 4843 3570 4892 et

1975 4940 2062 4996 his
2090 4939 2373 5012 speciebus
2401 4936 2641 4994 accrevit
2669 4935 2899 4992 ambitio
2924 4953 2936 5003 ;
2982 4947 3176 4988 aurum
3225 4927 3372 4985 enim
3403 4935 3456 4983 et
3487 4943 3568 4983 ar-

1977 5037 2199 5104 gentum
2229 5044 2341 5084 non
2373 5026 2672 5100 pretiosum
2726 5033 2924 5083 natura
2973 5021 3240 5090 instituit,
3269 5017 3364 5077 sed
3395 5015 3569 5074 homi-

1978 5137 2111 5177 num
2142 5120 2401 5177 voluntas
2429 5118 2631 5174 effecit.

1978 5308 2072 5382 qui
2090 5312 2327 5382 statim
2347 5301 2665 5382 idem“?!
2689 5308 2794 5382 9‘9:
2890 5377 2900 5382 -
2935 5370 2948 5382 .
3017 5369 3054 5382 ..

2081 5381 2145 5437 27
2204 5369 2365 5436 Rom:
2393 5369 2553 5440 edit.,
2588 5372 2812 5438 Christi,
2844 5377 2902 5425 ut
2929 5369 3081 5425 hodie
3110 5369 3292 5424 lectum
3320 5369 3414 5420 est.

2055 5380 2414 5534 l28)0mnes
2467 5447 2722 5534 edit.“ac
2771 5460 2893 5534 ms:
2913 5439 3414 5534 L‘ugt‘i‘ELnteliushe:

2082 5431 2173 5513 ἑὲ)
2204 5431 2599 5508 ὒὶέιῖιέέίράἰι.
2661 5462 2722 5501 ac
2771 5431 2876 5499 ms.
2913 5439 3328 5513 Lugd.,1nelius_
3370 5438 3455 5513 est
3488 5431 3575 5488 illi

1978 5505 2341 5598 ρνέᾇέῗάιένὲθ.
2370 5505 2741 5598 Commodius
2770 5531 2922 5598 Y9’2.
2947 5505 3394 5598 Ῡῖιιιίέοιτςιῖέῖξὲ
3421 5505 3569 5598 49376:

2058 5595 2176 5666 (29)
2209 5581 2437 5666 Codices
2488 5589 2662 5666 Lugd.
2696 5594 2750 5643 et
2775 5583 3074 5666 Yalliscl...
3112 5599 3123 5637 :
3179 5581 3379 5636 Aurem
3427 5584 3575 5632 tuum

1986 5657 2223 5724 avaritia
2247 5685 2262 5732 ;
2291 5663 2491 5720 melius
2519 5657 2680 5726 edit.,
2709 5667 2774 5715 ut
2802 5657 2860 5714 in
2893 5661 3070 5710 textu.
