4068 6188
512 306 612 363 707

1096 445 1330 503 SEBMO
1377 445 1520 501 XLI.

671 558 748 612 De
778 571 842 610 eo
874 552 1022 626 quod
1051 550 1188 608 dicit
1228 553 1496 608 Dominus
1521 550 1576 606 in
1608 549 1912 621 Evangelio
1946 567 1957 605 :

931 644 1123 715 Vulpes
1151 640 1329 712 foveas
1361 641 1568 708 habent,
1599 648 1703 696 etc.

512 752 612 811 Hic
656 751 847 807 titulus
884 756 959 805 est
1011 767 1163 821 quem
1214 749 1335 804 huic
1363 747 1593 821 sermoni
1628 747 1865 821 antiqua:
1891 745 2014 801 edit.
2047 763 2109 801 ac

581 840 707 879 mss.
742 822 980 878 indidere
1012 818 1035 876 :—
1085 827 1143 876 at
1194 822 1346 877 Rom.
1397 820 1518 875 edit.
1551 836 1667 873 eum
1695 818 1931 874 habitum
1957 834 2110 888 prce-

581 894 788 950 notavit
837 894 901 949 In
949 892 1088 949 festo
1119 893 1175 947 S.
1213 891 1404 948 Basilii
1439 908 1451 946 :
1493 891 1583 946 ubi
1618 907 1725 945 non
1776 890 2113 944 attenderth

584 966 815 1036 ejusdem
868 966 991 1021 edit.
1057 970 1355 1036 curatores
1394 979 1591 1035 parum
1642 962 1889 1036 credibile
1939 960 2110 1036 uideri

583 1030 732 1094 citate
760 1036 1052 1102 Ambrosii,
1083 1053 1234 1105 quem
1264 1030 1423 1104 hujus
1453 1034 1707 1089 sermonis
1743 1038 2009 1105 auctorem
2035 1030 2110 1101 fe-

540 1116 732 1179 .Mrunt,
765 1109 961 1164 Basilii
989 1103 1169 1179 natale
1186 1106 1307 1174 jam
1335 1103 1446 1160 tum
1474 1105 1727 1179 celebrari
1764 1103 1977 1159 solitum
2007 1120 2111 1158 esse

571 1176 889 1251 Mediolani.
948 1181 1056 1234 Hoc
1100 1178 1267 1251 igitur
1305 1194 1474 1251 unum
1516 1175 1683 1251 asseri
1705 1180 1874 1251 potest
1914 1181 2110 1247 prwter

582 1252 845 1306 n‘bnnulla
877 1267 992 1320 qua:
1028 1267 1093 1304 ex
1123 1248 1433 1306 Comment.
1459 1248 1517 1303 in
1542 1247 1674 1304 Luc.
1700 1247 1799 1320 lib.
1828 1264 1934 1320 vn,
1962 1263 2108 1320 num.

584 1323 761 1450 33nd
802 1317 901 1387 31,
931 1322 1028 1377 huc
1083 1321 1348 1377 translata
1404 1326 1545 1389 sunt,
1588 1318 2003 1376 Ambrosianum
2031 1317 2112 1373 hic

584 1411 618 1449 η
675 1410 697 1449 i
738 1409 863 1449 esse.

582 1409 720 1449 num
738 1409 863 1449 €888.

585 1518 636 1575 1.
672 1516 730 1574 Si
760 1516 1055 1591 diligenter
1099 1516 1339 1575 advertit
1366 1516 1673 1591 capitulum
1709 1512 2111 1588 evangelicum,

512 1611 661 1687 quod
689 1609 855 1668 hodie
892 1611 1096 1667 lectum
1135 1619 1236 1679 est,
1276 1617 1459 1666 vestra
1486 1609 1711 1665 dilectio
1749 1607 1892 1678 (30),
1923 1622 2114 1662 sensus

513 1708 723 1759 vestros
751 1699 809 1757 id
851 1699 1031 1771 ipsum
1071 1699 1372 1770 capitulum
1423 1696 1603 1769 potuit
1639 1712 1978 1769 permovere,
2017 1712 2115 1753 cur

1529 301 1623 355 AD
1663 298 1899 355 OPERA
1935 297 1990 352 S.
2022 293 2358 354 AMBROSII
2415 291 2796 351 APPENDIX.

2128 426 2179 484 A
2218 431 2330 480 tem
2363 438 2492 496 ergo
2524 437 2626 479 nec
2659 420 2978 493 opinantem
3005 416 3254 474 assumit.
3314 414 3549 472 Tacebat
3590 417 3835 491 quidem

3708 290 3841 348 708

2217 515 2421 585 lingua,
2477 510 2571 569 sed
2595 510 2795 583 spiritu
2826 506 3191 582 loquebatur;
3248 504 3616 576 intelligimus
3664 508 3837 563 enim

2215 621 2376 677 quam
2407 604 2638 681 devotus
2666 599 2853 668 fuerit,
2877 596 2973 671 qui
3011 596 3160 653 sicut
3188 594 3303 668 ipse
3332 595 3584 664 asseruit,
3603 604 3834 669 patrem

2217 693 2440 766 reliquit
2466 700 2765 757 mortuum,
2813 696 2876 744 ut
2902 686 3031 743 vitae
3059 685 3359 742 Dominum
3390 685 3672 758 reperiret.
3722 687 3834 743 Ait

2216 781 2364 838 enim
2391 799 2403 837 :
2452 805 2469 828 ι
2498 778 2763 835 Permitte
2793 775 2936 832 mihi
2968 775 3122 847 prius
3152 773 3252 842 ire,
3275 780 3331 828 et
3353 773 3583 846 sepelire
3608 780 3831 846 patrem

2218 887 2401 928 meum
2435 872 2587 943 (Luc.
2621 886 2701 939 1x,
2733 867 2848 940 59).
2883 892 2901 914 ι
2944 866 3221 923 Mortuum
3247 880 3377 937 ergo
3402 865 3559 921 illum
3581 866 3833 942 relique-

2216 970 2321 1030 rat,
2360 977 2520 1034 quem
2570 968 2630 1016 ut
2667 964 2945 1015 revertens
2989 956 3248 1029 sepeliret
3274 962 3486 1012 exorat.
3530 956 3652 1013 Non
3689 974 3826 1014 eum

2218 1054 2377 1111 dolor
2406 1054 2728 1121 retinuerat,
2775 1067 2886 1107 non
2918 1066 3066 1105 mors
3101 1047 3499 1113 retardaverat,
3542 1049 3675 1120 quia
3730 1049 3828 1105 fe-

2219 1145 2456 1203 stinabat
2509 1143 2577 1200 ad
2624 1143 2816 1198 vitam.
2897 1138 3141 1196 Necdum
3209 1136 3496 1194 morientis
3547 1137 3827 1197 clauserat

2219 1238 2429 1304 oculos,
2453 1234 2689 1292 necdum
2710 1232 2948 1305 rigentia
2977 1229 3224 1286 membra
3251 1228 3607 1297 condiderat;
3630 1229 3821 1286 statim

2218 1337 2280 1386 ut
2322 1327 2592 1400 comperit
2632 1325 2919 1382 advenisse
2960 1323 3284 1392 Dominum,
3326 1320 3535 1379 oblitus
3580 1330 3823 1395 paterna

2220 1418 2458 1492 pietatis,
2483 1418 2737 1474 affectum
2760 1414 3022 1488 majorem
3044 1413 3243 1486 pietate
3259 1411 3497 1469 credidit
3520 1412 3647 1485 plus
3663 1411 3823 1470 Chri-

2220 1517 2364 1565 stum
2407 1507 2656 1579 diligere,
2707 1520 2870 1578 quam
2918 1510 3219 1576 parentem.
3275 1501 3502 1572 Legerat
3531 1500 3679 1556 enim
3710 1500 3823 1557 for-

2219 1607 2362 1655 tasse
2393 1594 2770 1670 propheticum
2798 1592 3113 1661 lectionem,
3172 1606 3292 1663 quae
3325 1589 3499 1646 dicit:
3558 1614 3576 1637 ε
3604 1589 3825 1647 Oblivi-

2221 1703 2370 1745 scere
2397 1686 2662 1759 populum
2709 1693 2893 1753 tuum,
2946 1691 2999 1739 et
3029 1682 3257 1738 domum
3287 1679 3461 1752 patris
3498 1680 3576 1735 tui
3630 1679 3820 1753 (Psal.

509 1788 804 1858 Dominus,
844 1767 989 1844 sicut
1027 1767 1309 1859 Scriptura
1336 1767 1525 1854 refert,
1568 1767 1696 1843 cum
1726 1785 1793 1842 ab
1821 1786 1993 1842 altero
2030 1784 2113 1841 in-
2141 1790 2188 1850 B
2222 1792 2376 1844 XLIV,
2411 1775 2500 1846 11)
2524 1792 2535 1830 2
2563 1800 2581 1822 ν
2622 1780 2911 1846 propterea
2939 1770 3147 1827 oblitus
3174 1776 3257 1826 est
3283 1776 3518 1842 patrem,
3544 1767 3671 1859 dum
3697 1785 3819 1859 ule-

510 1879 833 1950 terpellatus
861 1877 1048 1944 fuerit,
1095 1886 1155 1934 ut
1201 1895 1327 1935 eum
1372 1894 1700 1951 quocunque
1742 1876 1915 1946 iisset,
1948 1893 2109 1933 causa

511 1963 756 2036 religiosi
795 1963 1009 2020 servitii
1039 1972 1358 2038 sequeretur
1387 1983 1398 2022 :
1452 1964 1611 2021 alteri
1647 1964 1820 2037 magis
1848 1962 2054 2020 dixerit
2093 1981 2105 2020 :

526 2079 545 2103 ι
574 2055 812 2127 Sequere
840 2071 927 2111 me
961 2054 1117 2127 (Luc.
1158 2071 1239 2124 1x,
1269 2056 1361 2128 59)
1388 2073 1402 2123 ;
1462 2081 1480 2104 ι
1525 2063 1580 2112 et
1609 2056 1707 2112 illo
1737 2063 1920 2129 spreto
1947 2063 2110 2129 atque

511 2143 789 2217 despecto,
821 2144 993 2200 alium
1041 2143 1225 2216 potius
1252 2151 1525 2202 tacentem
1554 2161 1656 2202 nec
1683 2145 2109 2218 Opinantemque

511 2233 774 2306 delegerit
802 2233 830 2291 ?
879 2235 951 2290 Et
993 2251 1119 2291 cum
1178 2234 1368 2308 utique
1418 2234 1695 2307 acceptius
1730 2233 2107 2290 voluntarium

512 2321 838 2396 obsequium
866 2337 980 2379 esse
1012 2323 1203 2390 soleat,
1226 2339 1389 2395 quam
1420 2330 1707 2390 coactum;
1740 2331 1795 2379 et
1819 2321 2107 2379 servitium

512 2412 637 2486 plus
667 2413 877 2484 placeat
933 2428 1046 2468 non
1074 2412 1221 2485 quod
1250 2410 1484 2483 imperio
1515 2411 1778 2484 exigitur,
1835 2411 1931 2467 sed
1963 2410 2110 2484 quod

512 2509 706 2575 sponte
746 2500 1026 2558 defertur:
1061 2518 1160 2559 cur
1196 2517 1323 2573 ergo
1353 2501 1456 2557 iste
1483 2502 1781 2573 respuitur,
1823 2518 1922 2558 cur
1958 2500 2112 2556 velut

513 2589 774 2663 indignus
806 2591 973 2646 etiam
1014 2597 1299 2647 recusatur
1325 2591 1354 2647 ‘l
1384 2591 1480 2645 Ait
1528 2590 1675 2646 enim
1705 2589 1774 2646 ad
1808 2606 1934 2646 eum
1964 2594 2111 2651 445

519 2690 790 2748 Dominus
817 2708 829 2746 :
877 2716 896 2738 ι
925 2689 1135 2761 Vulpes
1155 2689 1340 2745 foveas
1368 2688 1594 2758 habent,
1631 2697 1685 2745 et
1714 2689 1966 2744 volucres
1986 2685 2111 2744 coeli

512 2777 677 2835 nidos
709 2798 720 2835 :
755 2778 933 2835 Filius
961 2787 1144 2835 autem
1177 2778 1420 2836 hominis
1449 2796 1561 2836 non
1600 2778 1787 2848 habet,
1816 2777 1913 2835 ubi
1947 2784 2112 2850 caput

516 2868 745 2923 reclinet
779 2867 942 2937 (Ibid.
968 2868 1085 2938 58).
1116 2892 1135 2915 ι

581 2956 658 3028 2.;
695 2956 944 3011 Primum
998 2955 1182 3028 itaque
1238 2954 1344 3028 hoc
1398 2954 1747 3028 considerare
1823 2953 2108 3028 debemus,

515 3026 664 3098 quod
711 3042 823 3080 non
855 3035 937 3082 est
992 3024 1244 3096 acceptor
1290 3024 1561 3081 Dominus
1610 3041 1966 3097 personarum
2007 3026 2113 3098 (est

2216 1881 2339 1921 mor
2367 1871 2450 1920 est
2471 1862 2793 1920 Salvatoris.
2827 1860 3095 1918 Audierat
3129 1860 3295 1916 etiam
3326 1856 3688 1931 Evangelium
3704 1858 3819 1914 Do-

2219 1954 2357 2010 mini
2382 1971 2394 2010 :
2445 1978 2463 2001 ι
2491 1952 2596 2021 Qui
2626 1951 2750 2025 plus
2778 1949 3037 2009 dilexerit
3066 1956 3274 2022 patrem
3304 1956 3401 2006 aut
3430 1956 3681 2016 matrem,
3703 1963 3817 2003 non

2218 2052 2300 2101 est
2331 2059 2414 2099 me
2443 2041 2644 2114 dignus
2677 2041 2888 2114 (Matth.
2927 2055 2987 2107 x,
3016 2037 3132 2111 37).
3164 2063 3184 2087 ι

2289 2131 2342 2188 4.
2386 2133 2467 2187 Ita
2521 2146 2649 2188 cum
2704 2128 2904 2184 Tobias
2953 2126 3314 2200 justiﬁcetur,
3371 2142 3473 2186 cur
3521 2126 3819 2200 sepulturae

2218 2237 2381 2279 causa
2414 2219 2709 2293 prandium
2738 2218 3101 2290 dereliquerit
3133 2217 3288 2289 (Tob.
3319 2234 3381 2287 υ,
3416 2216 3513 2289 3);
3564 2215 3658 2273 hic
3696 2234 3820 2290 pro-

2218 2310 2398 2379 batur,
2449 2326 2573 2367 cum
2606 2325 2768 2366 causa
2798 2306 3005 2366 Christi
3037 2306 3211 2380 patris
3247 2305 3536 2378 reliquerit
3575 2306 3818 2379 sepultu-

2219 2417 2356 2456 ram.
2380 2400 2479 2456 Ille
2510 2397 2657 2455 enim
2688 2414 2801 2454 non
2829 2403 3051 2452 veretur
3082 2412 3172 2465 ne,
3196 2394 3603 2452 interveniente
3632 2412 3815 2468 opere,

2219 2489 2423 2547 terreni
2464 2488 2683 2563 prandii
2727 2488 2916 2561 epulas
2945 2485 3426 2561 praetermitteret:
3477 2485 3570 2542 hic
3620 2487 3818 2542 metuit

2220 2596 2308 2650 ne,
2360 2578 2764 2637 interveniente
2794 2593 2967 2646 mora,
3010 2575 3365 2633 refectionem
3395 2574 3555 2646 panis
3581 2575 3817 2632 caelestis

2221 2668 2456 2727 amittat.
2507 2666 2663 2724 Unde
2700 2683 2826 2723 cum
2872 2664 3080 2723 Christi
3127 2661 3592 2735 contemplatione
3639 2664 3815 2736 sepul-

2220 2768 2401 2817 turam
2431 2755 2692 2812 omnibus
2720 2754 3036 2824 debeamus,
3067 2752 3161 2811 hic
3189 2767 3376 2809 amore
3403 2750 3613 2811 Christi
3642 2753 3818 2825 patris

2219 2848 2462 2906 deseruit
2493 2847 2852 2918 sepulturam.

2291 2938 2344 2995 5.
2385 2935 2758 2994 Discutiamus
2786 2935 2970 3007 itaque
2998 2932 3180 3006 primo
3218 2931 3372 2988 illius
3406 2930 3813 3004 interpellatio-

2220 3042 2344 3084 nem
2376 3025 2898 3099 responsionemque
2926 3021 3150 3080 Domini
3180 3021 3493 3078 Salvatoris.
3533 3020 3628 3075 Ait
3656 3022 3816 3085 enim

513 3120 664 3175 enim
690 3134 880 3211 aequus
912 3117 1086 3211 judex
1118 3126 1171 3173 et
1194 3116 1424 3211 iustus),
1452 3116 1548 3211 sed
1575 3134 1675 3211 pro
1704 3118 1967 3191 qualitate
1997 3134 2110 3174 mo-
2142 3149 2187 3211 Ο
2224 3118 2319 3173 ille
2345 3136 2356 3174 :
2421 3142 2440 3166 ι
2471 3117 2676 3211 Sequar
2706 3124 2758 3172 te
2785 3112 3583 3211 qupcunqueieris‘(Luc.m1'x,
3628 3110 3752 3211 S7).
3784 3136 3804 3161 -

515 3224 640 3265 rum
704 3207 820 3281 (31)
879 3206 1143 3280 rependat
1191 3207 1510 3265 dilectionis
1560 3208 1818 3265 affectum
1853 3224 1866 3263 :
1899 3215 1953 3264 et
1980 3223 2106 3264 eum
2147 3200 2186 3211 ’”
2221 3207 2480 3279 Prompta
2508 3205 2755 3279 quidem,
2786 3205 2880 3261 sed
2909 3204 3142 3277 superba
3170 3201 3437 3275 professio
3460 3200 3602 3273 (33).
3628 3201 3815 3258 lturus

454 3338 463 3351 ι
512 3300 679 3374 eligat
732 3315 845 3355 non
903 3300 998 3374 qui
1029 3299 1213 3356 verbis
1249 3308 1556 3373 promptus,
1602 3299 1899 3356 devotione
1928 3299 2104 3373 piger,

513 3390 607 3448 sed
636 3389 731 3464 qui
778 3389 949 3447 fuerit
1004 3390 1194 3463 lingua
1246 3390 1466 3460 tacitus,
1510 3397 1694 3446 mente
1741 3389 1993 3457 devotus,
2042 3388 2110 3445 de

514 3495 623 3553 quo
652 3479 790 3537 dicit
844 3480 1111 3553 propheta
1145 3498 1156 3536 :
1204 3505 1223 3528 ι
1252 3481 1502 3538 Tacitum
1552 3488 1608 3536 te
1637 3480 1865 3549 faciens,
1896 3479 2110 3551 sapiens

518 3568 797 3625 videberis
827 3571 1014 3642 (Prov.
1048 3587 1192 3639 xvn,
1223 3568 1338 3642 28).
1367 3594 1386 3617 ›
1429 3570 1509 3624 De
1552 3569 1652 3624 illo
1680 3576 1864 3624 autem
1896 3567 1991 3641 qui
2023 3582 2110 3639 pe-

513 3659 756 3715 tulanter
796 3660 1067 3730 loquitur,
1123 3659 1288 3715 refert
1336 3658 1619 3731 Scriptura
1652 3677 1664 3716 :
1716 3682 1735 3705 σ
1765 3660 1886 3715 Non
1929 3658 2111 3715 omnis

514 3746 611 3820 qui
639 3744 778 3803 dicit
833 3746 995 3816 mihi,
1032 3747 1290 3816 Domine,
1348 3748 1606 3815 Domine,
1663 3746 1895 3804 intrabit
1942 3747 2001 3804 in
2029 3764 2109 3804 re-

515 3853 686 3912 gnum
730 3838 1037 3896 cmlorum:
1070 3838 1166 3895 sed
1214 3838 1309 3912 qui
1338 3838 1529 3896 fecerit
1557 3838 1899 3896 voluntatem
1932 3856 2110 3896 meam

517 3927 732 4001 (Matth.
792 3944 895 3996 vn,
927 3927 1043 4001 21).
1085 3952 1102 3976 ι
1154 3925 1298 3984 Hinc
1352 3942 1479 4000 ergo
1531 3926 1797 3985 discimus
1839 3927 1987 4001 quod
2042 3926 2110 3984 ad

510 4015 817 4074 Dominum
875 4030 986 4072 non
1044 4024 1156 4072 tam
1208 4032 1302 4073 ore
1353 4032 1518 4090 quam
1566 4016 1730 4075 corde
1760 4016 2109 4076 clamandum

510 4118 612 4168 est.

582 4201 637 4258 3.
672 4200 851 4274 Igitur
877 4200 1130 4259 Salvator
1178 4207 1385 4272 noster,
1418 4201 1513 4275 qui
1546 4199 1907 4274 cogitationes
1933 4198 2109 4258 homi-

512 4304 650 4346 num
703 4306 1005 4364 sensusque
1058 4292 1342 4364 pervideat
1386 4290 1528 4365 (32),
1597 4289 1828 4348 audiens
1884 4289 2109 4364 quidem

512 4378 670 4435 vocis
699 4379 1047 4453 obsequium,
1080 4380 1281 4438 mentis
1309 4389 1493 4438 autem
1518 4380 1818 4437 versutiam
1848 4396 2108 4453 recogno-

512 4468 828 4570 scens,.tal‘i.
847 4467 1004 4570 illum
1028 4469 1255 4570 animali
1280 4479 1580 4545 comparat,
1610 4472 1758 4545 quod
1778 4470 1932 4528 aliud
1971 4487 2107 4529 voce
2138 4509 2188 4570 D

510 4554 739 4625 indicet,
757 4555 911 4612 aliud
931 4557 1179 4614 moribus
1207 4568 1489 4632 operetur;
1512 4561 1706 4633 vulpes
1730 4561 1877 4617 enim
1905 4561 2108 4618 latratu

510 4645 664 4702 canis
694 4655 934 4716 resonat,
965 4645 1095 4704 dolo
1124 4648 1371 4721 rapinam
1401 4649 1611 4707 fraudis
1642 4658 1879 4710 exercet.
1911 4651 2113 4709 Tacen-

590 4806 717 4889 (βο).
740 4807 901 4866 Rom.
953 4809 1110 4889 edit_._,
1158 4810 1388 4867 advertit
1413 4817 1586 4889 vestra
1626 4812 1855 4889 dilectio,
1888 4812 2110 4889 fratres,

486 4881 808 4957 capitulum
864 4883 1283 4957 evangelicum...
1339 4885 1597 4954 quomodo
1628 4881 1905 4956 Dominus,
1936 4886 2029 4957 qui
2056 4887 2112 4941 in

520 4951 645 5029 lege,
677 4958 737 5006 ut
767 4951 1050 5025 Scriptura
1080 4954 1265 5024 refert,
1305 4951 1614 5029 mandavit:
1659 4958 1877 5013 Honora
1889 4951 2111 5029 patrem

517 5027 700 5105 tuum,
758 5032 811 5105 et
864 5028 1815 5105 matremituamuquemadmodum
1864 5027 2115 5105 praecepit

517 5093 615 5175 tibi
640 5094 903 5175 Dominus
932 5096 1074 5175 Deus
1102 5104 1243 5166 tuus,
1266 5106 1326 5154 ut
1354 5093 1621 5175 bene_t_ibi
1652 5099 1754 5166 sit;
1785 5093 1924 5154 nunc
1949 5093 2111 5161 dicat:

515 5163 572 5221 Si
605 5166 730 5238 quis
756 5167 912 5223 venit
940 5168 1009 5224 ad
1055 5185 1143 5225 me
1184 5163 1239 5225 et
1294 5186 1407 5225 non
1450 5170 1568 5225 odit
1612 5163 1837 5242 patrem,
1869 5187 2029 5226 suum
2060 5179 2112 5227 et

513 5243 768 5313 matrem,
827 5246 956 5313 e_tc.,
1012 5256 1125 5313 non
1180 5248 1359 5313 potest
1418 5257 1573 5297 meus
1614 5241 1739 5297 esse
1785 5241 2108 5313 discipulus.

518 5307 620 5366 Cui
647 5307 1054 5385 congruitgquod
1095 5313 1153 5367 in
1180 5307 1298 5367 alio
1338 5313 1479 5385 loco,
1517 5330 1635 5385 cum
1686 5307 2113 5385 interpellaretur

514 5397 551 5436 a
577 5381 809 5466 quedam
832 5399 849 5437 :
875 5381 1134 5466 Domine,
1176 5383 1429 5456 permitte
1475 5381 1898 5466 mihihprimum
1926 5384 2026 5455 ire,
2059 5393 2112 5466 et

519 5454 752 5526 sepelire
799 5462 1007 5526 patrem
1038 5454 1244 5523 meum,
1274 5456 1544 5526 respondit
1582 5474 1594 5511 :
1627 5454 1756 5512 Sine
1796 5464 1858 5513 ut
1907 5458 2110 5514 mortui

520 5524 1068 5603 sepeliant—mortuos
1105 5542 1269 5603 suos;
1316 5524 1376 5582 tu
1413 5526 1874 5603 autem‘vade,‘et
1900 5544 2112 5586 annun-

519 5596 599 5648 tia
651 5611 885 5668 regnum
936 5596 1058 5654 Dei.
1116 5596 1213 5654 Illi
1238 5614 1360 5653 vero
1411 5598 1505 5668 qui
1564 5598 1706 5655 dixit
1733 5616 1751 5655 :
1772 5596 1775 5597 ⁷
1797 5600 2002 5668 Sequar
2062 5609 2112 5658 te

520 5666 853 5739 quocunque
870 5666 1028 5738 ieris;
1057 5671 1357 5742 respondit:
1385 5666 1595 5745 Vulpes
1614 5671 1800 5730 foveas
1818 5666 2042 5742 habent,
2059 5681 2113 5730 et

2216 3296 2366 3352 enim
2395 3296 2464 3353 ad
2493 3294 2804 3369 passionem
2844 3301 2963 3350 erat
2989 3291 3279 3361 Dominus,
3334 3289 3698 3347 descensurus
3742 3288 3810 3346 ad

2218 3385 2443 3454 inferos,
2497 3401 2822 3442 ascensurus
2849 3383 2919 3439 ad
2944 3383 3183 3450 cmlum;
3230 3378 3506 3453 numquid
3548 3378 3609 3434 in
3638 3379 3812 3436 omni-

2217 3476 2322 3531 bus
2351 3474 2511 3531 illum
2545 3482 2724 3548 potest
2749 3473 3017 3547 fragilitas
3045 3472 3289 3528 humana
3313 3469 3615 3527 comitari?
3631 3468 3810 3526 Stulta

2218 3574 2299 3622 est
2327 3564 2432 3621 ista
2456 3564 2812 3637 praesumptio
2836 3564 3020 3636 potius
3048 3578 3212 3636 quam
3242 3560 3500 3634 religiosa
3517 3557 3807 3617 confessio.

2218 3655 2503 3728 Siquidem
2535 3663 2590 3711 et
2617 3656 2779 3711 Petro
2811 3654 3058 3727 apostolo
3086 3652 3293 3711 dicitur
3321 3667 3354 3706 a
3380 3650 3643 3720 Domino,
3685 3666 3808 3707 cum

2218 3747 2515 3806 aestimaret
2540 3764 2597 3805 se
2622 3747 2779 3819 sequi
2821 3763 2919 3820 per
2961 3746 3149 3802 omnia
3195 3745 3575 3803 Salvatorem:
3646 3769 3665 3791 ι
3694 3742 3811 3810 Quo

2218 3855 2317 3911 ego
2337 3837 2503 3907 vado,
2526 3855 2637 3895 non
2654 3845 2808 3910 potes
2829 3853 2917 3893 me
2938 3836 3103 3893 modo
3126 3836 3282 3909 sequi
3299 3835 3480 3907 (Ioan.
3507 3850 3638 3902 xm,
3659 3830 3749 3901 33)
3759 3855 3795 3889 ,ο

2217 3932 2291 3988 Et
2316 3947 2443 3989 cum
2474 3931 2830 4004 pertinaciter
2850 3931 3153 3998 insisteret,
3175 3945 3239 3986 ac
3256 3945 3313 3986 se
3341 3927 3408 3985 ab
3429 3944 3494 3985 eo
3513 3944 3618 3984 nec
3636 3934 3809 3983 morte

2219 4019 2425 4078 diceret
2451 4020 2813 4094 separandum
2840 4039 2854 4090 ;
2885 4028 3150 4094 tanquam
3173 4016 3455 4091 jactantize
3482 4016 3808 4075 condemns.

2217 4116 2307 4167 tus
2332 4107 2510 4180 audit,
2537 4110 2686 4185 quod
2715 4118 2857 4168 esset
2883 4110 3184 4167 Dominum
3208 4108 3373 4166 tertio
3392 4113 3709 4179 negaturus.
3730 4105 3810 4163 Ita

2218 4200 2314 4272 qui
2357 4200 2716 4273 promittebat
2758 4218 2791 4257 a
2833 4199 3179 4259 confessione
3220 4198 3431 4257 Christi
3477 4212 3581 4255 nec
3635 4201 3810 4253 morte

2217 4288 2431 4359 divelli,
2486 4291 2556 4349 ab
2604 4289 2722 4364 ejus
2763 4291 3022 4349 societate
3064 4289 3490 4363 interrogatione
3533 4286 3808 4344 ancillula

2217 4387 2531 4451 separatur:
2574 4389 2630 4438 et
2657 4381 2767 4438 nisi
2795 4382 2949 4438 velut
2979 4381 3205 4437 modum
3229 4375 3521 4454 quemdam
3541 4383 3807 4444 statuens,

2218 4467 2383 4526 tertio
2416 4485 2542 4526 eum
2573 4469 2806 4528 dixisset
2847 4470 3150 4528 Dominum
3183 4475 3532 4541 negaturum,
3578 4464 3809 4521 forsitan

2218 4557 2417 4631 saepius
2445 4559 2833 4633 interrogatus,
2865 4559 3207 4633 frequentius
3234 4558 3568 4632 denegasset.

2291 4650 2345 4708 6.
2380 4650 2525 4719 Quid
2552 4667 2679 4724 ergo
2705 4650 3066 4724 respondetur
3094 4649 3177 4707 illi
3214 4650 3532 4726 petulanti?
3566 4649 3812 4723 «Vulpes

2223 4811 2475 4870 volucres
2523 4811 2648 4869 coeli
2703 4811 2903 4882 nidos;
2948 4813 3123 4870 Filius
3172 4821 3355 4871 autem
3410 4811 3654 4871 hominis
3699 4826 3812 4867 non

2221 4882 2387 4958 habet
2428 4883 2528 4958 ubi
2573 4892 2732 4958 caput
2780 4886 3027 4943 reclinet.
3065 4887 3178 4942 Cur
3223 4903 3343 4958 ergo
3385 4902 3501 4941 cum
3547 4884 3614 4940 ab
3642 4884 3812 4958 altera

2221 4955 2585 5037 interpellatus
2636 4954 2817 5028 ‘fuerit
2872 4964 2927 5037 ut
2976 4954 3298 5037 quocunque
3336 4958 3500 5037 iisset,
3531 5028 3542 5037 _
3576 4954 3813 5037 religiosi

2221 5026 2424 5082 servitii
2452 5045 2613 5085 causa
2651 5026 2955 5100 sequeretur
2984 5026 3138 5086 eum:
3190 5026 3349 5085 alteri
3397 5028 3570 5099 magis

2221 5100 2313 5169 qui
2341 5117 2455 5154 eum
2496 5101 2645 5172 sequi
2680 5097 3061 5158 cunctabatur:
3109 5101 3346 5175 Sequere
3374 5097 3504 5167 mei
3551 5104 3599 5155 et
3632 5097 3813 5172 priori

2221 5178 2416 5238 spreto,
2451 5179 2556 5228 etc.

2241 5188 2416 5315 pii‘i’)’
2447 5188 2598 5300 ἓῐεῗίι.
2630 5251 2765 5313 vet.,
2796 5244 3051 5315 qualitate
3077 5245 3267 5300 horum
3292 5263 3306 5313 ;
3334 5245 3521 5312 Βοωιν
3540 5240 3813 5314 quam“

2219 5315 2511 5388 meriorum
2533 5332 2546 5383 ;
2572 5315 2745 5372 codex
2773 5315 2971 5388 Lugd.,
2993 5317 3252 5387 qualitate
3279 5332 3507 5372 morum.

2296 5385 2412 5468 (3?)
2452 5388 2533 5468 Ita
2560 5403 2662 5468 ms.
2697 5385 2882 5460 Lugd:
2898 5406 2911 5456 ;
2936 5385 3081 5468 uel.
3108 5398 3295 5445 autem
3323 5388 3482 5456 edit.,
3529 5397 3813 5456 sensusque

2214 5458 2497 5532 prouideat
2516 5477 2530 5527 ;
2565 5461 2761 5532 Rom.,_
2777 5458 3051 5532 pravidet.
3078 5458 3081 5461 ’

2295 5529 2412 5605 (33)
2447 5530 2651 5605 Omnes
2672 5527 2833 5605 _edit.,
2884 5531 2972 5587 sed
3016 5532 3243 5605 superba
3270 5529 3589 5605 responsio;
3637 5527 3811 5587 codex

2221 5598 2420 5674 Lugd,
2444 5602 2733 5675 professio.
