4068 6188
463 288 562 344 711

1480 288 1576 342 AD
1617 287 1854 343 OPERA
1891 285 1947 342 S.
1991 285 2326 344 AMBROSII
2362 285 2762 342 APPENDIX.‘

3653 285 3784 343 712

463 412 620 484 virgo
668 410 863 466 debeat
892 426 1249 482 permanere;
1289 419 1341 466 et
1371 427 1536 466 avaro
1572 411 1717 484 quod
1745 412 1932 468 omnia
1957 428 2056 468 sua
2085 431 2135 488 Α
2163 413 2340 468 facere
2406 411 2747 479 deberemus,
2807 425 2934 465 cum
2993 409 3087 465 ille
3147 416 3273 466 ante
3331 408 3553 480 nuptias
3608 416 3786 464 tanta

461 499 766 554 distrahere
813 498 1006 554 debeat
1051 507 1213 571 atque
1253 499 1476 567 donare,
1522 500 1758 555 stultitia
1812 500 1896 554 illi
1953 509 2053 556 est.

461 587 616 644 Hanc
651 588 796 642 enim
824 587 1270 659 praedicationem
1303 588 1596 644 ridiculam
1623 597 1797 659 putat,
1819 590 1961 645 sicut
1980 589 2057 644 ait

460 678 795 749 Apostolus:
857 677 1173 733 cAnimalis
1217 685 1399 732 autem
1450 676 1616 732 homo
1673 694 1783 732 non
1824 677 2057 749 percipit

461 781 581 838 quae
600 772 729 821 sunt
750 765 978 835 spiritus
997 764 1096 820 Dei
1125 783 1137 830 ;
1174 765 1412 820 stultitia
1441 765 1588 820 enim
1624 775 1705 822 est
1735 766 1818 820 illi
1843 766 1899 837 (Ι
1929 767 2054 822 Cor.

463 871 526 924 II,
549 853 662 924 14).
695 879 713 902 ι
755 853 882 910 Tale
912 854 1058 909 enim
1073 861 1154 909 est
1183 853 1251 909 iis
1273 853 1568 926 praedicare
1588 854 1734 927 quod
1756 855 2055 926 perfectum

461 953 563 1014 est,
596 945 754 1016 quale
801 943 847 998 si
881 943 1195 999 mendicum
1235 945 1432 1014 pannis
1479 944 1718 999 obsitum
1753 944 2058 1000 holoserica

461 1033 600 1089 velis
629 1031 877 1100 induere,
913 1040 965 1087 et
995 1033 1327 1088 esurientem
1370 1033 1635 1088 rusticum
1665 1033 1914 1104 placento
1953 1033 2058 1088 de—

464 1125 693 1190 lectare;
731 1139 953 1179 necesse
984 1131 1065 1178 est
1094 1121 1243 1176 enim
1275 1129 1337 1176 ut
1361 1121 1429 1176 ab
1459 1129 1693 1194 utroque
1716 1129 2059 1178 recusaretur

460 1213 687 1269 oblatio.
729 1211 816 1266 Illi
855 1211 1003 1265 enim
1050 1210 1306 1282 displicet
1361 1210 1684 1278 holoserica,
1735 1212 1827 1284 qui
1876 1228 2058 1267 neces-

461 1303 602 1360 saria
645 1300 816 1372 magis
848 1299 1041 1370 frigori
1074 1301 1402 1356 vestimenta
1430 1300 1736 1358 desiderat:
1776 1301 1908 1357 huic
1931 1303 2058 1373 pla—

461 1398 681 1450 centum
746 1405 1020 1458 amarum,
1087 1389 1218 1446 dum
1282 1407 1460 1448 escam
1520 1391 1691 1464 magis
1756 1391 2057 1448 saturitatis

462 1480 723 1553 exquirit.
763 1479 889 1534 Istis
933 1496 1060 1553 ergo
1091 1481 1343 1552 personis
1371 1481 1669 1537 auferenda
1694 1480 1876 1552 potius
1905 1488 2053 1548 sunt,

462 1586 582 1643 quae
603 1585 701 1625 sua
727 1577 877 1637 sunt,
900 1569 1044 1625 sicut
1064 1571 1141 1624 ait
1161 1570 1523 1641 Evangelium
1553 1589 1562 1625 :
1613 1569 1823 1623 «Etiam
1844 1568 1896 1624 id
1911 1569 2058 1640 quod

461 1657 648 1727 habet,
682 1658 960 1713 auferetur
988 1657 1056 1712 ab
1098 1674 1190 1724 eo;
1228 1683 1245 1704 ›
1288 1658 1393 1713 hoc
1437 1666 1539 1726 est,
1569 1657 1844 1728 cogendus
1873 1657 2058 1712 forni-

462 1755 612 1806 cator
639 1762 850 1819 pannos
879 1762 991 1800 suae
1025 1746 1400 1816 corruptionis
1430 1744 1684 1816 abjicere,
1713 1747 2060 1818 compellen-

461 1837 565 1893 dus
593 1853 790 1892 avarus
818 1842 898 1890 est
927 1850 1123 1908 panem
1154 1852 1265 1890 suae
1296 1835 1617 1908 cupiditatis
1647 1853 1942 1909 exponere.

533 1943 588 1999 5.
633 1941 841 1998 Vereor
887 1951 1094 2010 autem,
1136 1943 1351 2011 fratres,
1402 1960 1471 1999 ne
1527 1945 1842 2017 evangelica
1897 1945 2059 2001 lectio

464 2032 738 2105 plerisque
767 2030 833 2086 de
863 2031 1022 2086 vobis
1050 2039 1336 2104 congruat,
1369 2049 1489 2106 quae
1507 2034 1616 2090 ait:
1657 2058 1674 2081 ι
1705 2035 2061 2093 Cantavimus

464 2121 643 2190 vobis,
690 2129 744 2176 et
790 2137 900 2176 non
930 2121 1206 2178 saltastis:
1243 2123 1688 2193 lamentavimus,
1717 2133 1772 2181 et
1805 2142 1918 2182 non
1947 2126 2062 2197 plo-

465 2212 625 2269 rastis
674 2212 825 2283 (Luc.
876 2229 977 2280 vn,
1033 2212 1144 2284 32).
1196 2240 1214 2262 ›
1268 2215 1684 2271 Annuntiamus
1727 2233 1855 2288 ergo
1902 2216 2060 2272 vobis

361 2368 366 2372 ν
464 2303 618 2374 regni
665 2302 902 2359 caelestis
947 2303 1230 2374 gaudium,
1294 2312 1347 2359 et
1393 2304 1623 2361 minime
1668 2305 1833 2362 corda
1881 2313 2062 2361 vestra

467 2400 620 2448 motu
677 2392 914 2464 quodam
979 2391 1276 2448 alacritatis
1333 2395 1637 2450 exsultant:
1699 2393 2062 2466 praedicamus

466 2483 622 2539 triste
645 2480 945 2554 judicium,
979 2490 1034 2537 et
1062 2499 1256 2538 sensus
1292 2485 1458 2540 vestri
1488 2484 1555 2540 ad
1591 2485 1968 2556 paenitentiam
2002 2485 2060 2542 in

467 2572 738 2643 lacrymas
767 2586 878 2625 non
908 2579 1314 2642 prorumpunt;
1341 2571 1690 2629 infidelitatis
1715 2574 1863 2629 enim
1891 2591 2061 2646 genus

465 2670 548 2718 est
576 2660 633 2715 in
668 2658 878 2714 divinis
904 2659 1068 2715 rebus
1097 2676 1199 2716 nec
1227 2660 1460 2732 gaudere
1493 2662 1788 2734 prosperis,
1811 2680 1913 2720 nec
1932 2664 2061 2720 ﬂere

465 2750 776 2807 contrariis.
808 2749 1164 2824 Saltationem
1195 2767 1323 2824 ergo
1361 2768 1393 2807 a
1422 2753 1585 2809 nobis
1615 2755 1847 2827 requirit
1876 2754 2061 2811 Domi-

468 2854 595 2907 nus,
622 2854 734 2894 non
759 2837 950 2910 utique
979 2830 1190 2894 sinuosi
1221 2839 1628 2897 volubilitatem
1659 2843 1926 2914 corporis,
1967 2843 2062 2900 sed

467 2926 786 2982 extollentis
811 2942 867 2980 se
902 2927 1029 2982 fidei
1060 2927 1407 2983 sanctitatem
1437 2930 1576 3003 (38).
1610 2931 1762 2988 Sicut
1790 2933 1936 2987 enim
1967 2932 2062 3005 qui

467 3013 825 3084 corporaliter
866 3014 1050 3081 saltat,
1084 3030 1231 3070 nunc
1259 3031 1380 3071 aere
1410 3019 1785 3088 suspenditur,
1817 3039 1964 3078 nunc
1994 3020 2064 3078 ad

469 3101 668 3157 altiora
696 3101 959 3172 jactatur,
990 3118 1141 3158 nunc
1187 3104 1414 3161 alternis
1440 3106 1672 3165 saltibus
1703 3110 1821 3166 loca
1849 3109 2065 3166 diversa

469 3189 794 3246 collustrat:
844 3189 921 3246 ita
965 3197 1019 3246 et
1071 3191 1166 3264 qui
1223 3192 1548 3264 spiritaliter
1597 3198 1778 3266 saltat,
1830 3197 2068 3256 interve-

469 3278 658 3335 niente
674 3278 803 3348 ﬁde,
831 3278 996 3336 modo
1017 3279 1074 3335 in
1096 3282 1240 3338 aeris
1258 3283 1600 3341 sublimitate
1629 3288 1879 3359 erigitur,
1903 3289 2068 3346 modo

471 3368 539 3425 ad
569 3368 812 3425 siderum
843 3369 1042 3426 altiora
1066 3373 1397 3443 sustollitur,
1417 3374 1581 3430 modo
1607 3375 1838 3433 diversis
1868 3377 2068 3449 cogita-

470 3460 687 3515 tionum
738 3460 970 3517 saltibus
1011 3462 1348 3543 .paradisum
1402 3465 1711 3538 cretamque
1756 3467 2065 3524 collustrat.

470 3548 542 3603 Et
563 3548 707 3604 sicut
726 3550 820 3621 qui
844 3551 1202 3621 corporaliter
1230 3551 1411 3619 saltat,
1434 3552 1784 3609 volubilitate
1800 3555 2068 3611 membro-

470 3653 592 3693 rum
642 3654 698 3693 se
739 3654 1020 3708 exercens,
1073 3657 1270 3712 gyrum
1309 3641 1415 3696 sibi
1462 3641 1769 3699 saltationis
1812 3647 2067 3718 acquirit,

471 3726 549 3784 ita
576 3735 630 3783 et
672 3726 767 3800 qui
796 3726 1120 3798 spiritaliter
1166 3729 1346 3798 saltat,
1381 3730 1510 3786 ﬁdei
1538 3732 1820 3789 alacritate
1858 3751 2072 3810 semper

473 3835 529 3875 se
557 3833 808 3887 movens,
840 3834 1036 3891 gyrum
1067 3818 1174 3875 sibi
1204 3820 1376 3877 totius
1405 3821 1558 3878 orbis
1585 3823 1836 3881 assumit.

543 3927 596 3986 6.
629 3928 820 3985 Solent
847 3938 1028 3986 autem
1074 3929 1346 4000 homines,
1393 3932 1536 3989 sicut
1578 3951 1697 3992 mos
1725 3944 1826 4004 est,
1859 3935 1918 3992 in
1958 3936 2072 3994 suis

472 4018 638 4086 votis,
671 4017 776 4074 hoc
807 4028 908 4088 est,
939 4019 1170 4092 nuptiis,
1200 4023 1472 4095 praecipue
1503 4025 1700 4082 saltare
1729 4027 1818 4082 vel
1847 4044 2067 4098 canere;

471 4106 703 4197 unde.et
729 4124 830 4164 nos
858 4107 1126 4166 habemus
1141 4111 1359 4168 votivas
1388 4113 1631 4184 nuptias,
1653 4114 1856 4186 quibus
1876 4117 2072 4174 saltare

473 4197 560 4253 vel
589 4195 784 4253 canere
813 4195 1130 4255 debeamus.
1177 4199 1322 4257 Vota
1365 4201 1514 4257 enim
1553 4212 1742 4261 nostra
1781 4206 2072 4263 celebran-

473 4291 584 4352 tur,
634 4286 854 4357 quando
899 4286 1120 4344 Christo
1170 4288 1418 4346 Ecclesia
1447 4293 1758 4364 copulatur,
1809 4295 1953 4352 sicut
1997 4297 2073 4353 ait

474 4372 745 4430 Joannes:
797 4399 816 4422 ι
859 4375 965 4442 Qui
1009 4375 1176 4432 habet
1203 4395 1478 4450 sponsam,
1513 4397 1746 4453 sponsus
1774 4391 1857 4440 est
1888 4385 2069 4458 (Joan.

476 4478 559 4531 ιιι,
591 4462 707 4533 29).
741 4488 758 4510 ι»
804 4463 1032 4536 Propter
1060 4464 1159 4521 has
1188 4483 1315 4540 ergo
1347 4469 1569 4542 nuptias
1597 4473 1792 4530 saltare
1816 4490 1917 4531 nos
1944 4492 2071 4532 con-

476 4551 648 4608 venit.
673 4551 956 4624 Siquidem
990 4554 1169 4610 David
1185 4572 1282 4611 rex
1314 4559 1519 4628 pariter
1547 4569 1600 4616 et
1628 4563 1917 4636 propheta,
1947 4583 2073 4623 cum

475 4642 652 4698 multa
680 4642 966 4712 cecinerit,
999 4652 1126 4701 ante
1169 4663 1349 4703 arcam
1399 4649 1730 4709 Testamenti
1759 4655 1924 4712 etiam
1972 4659 2072 4714 sal-

475 4740 618 4790 tasse
654 4732 864 4790 dicitur
904 4735 994 4807 (II
1030 4737 1153 4807 Reg.
1185 4754 1265 4806 vi,
1301 4737 1427 4812 Ili);
1463 4741 1637 4799 elatus
1675 4745 1821 4801 enim
1854 4747 2071 4819 gaudio,

476 4821 534 4878 in
563 4823 913 4878 saltationem
944 4827 1287 4898 prorumpit:
1321 4830 1656 4900 praevidebat
1690 4835 1834 4892 enim
1869 4837 1927 4892 in
1953 4836 2076 4910 spi-

476 4912 589 4969 ritu
634 4914 865 4970 Mariam
907 4913 973 4970 de
1020 4916 1270 4988 germine
1312 4936 1410 4974 suo
1454 4919 1661 4978 Christi
1706 4924 1950 4980 thalamo
1993 4943 2074 4982 so-

475 5003 751 5062 ciandam.
780 5003 935 5061 Unde
964 5005 1042 5060 ait
1070 5004 1218 5078 ipse:
1263 5032 1280 5056 α
1310 5009 1381 5064 Et
1410 5009 1524 5081 ipse
1555 5019 1816 5084 tanquam
1847 5032 2078 5086 sponsus

477 5092 782 5167 procedens
811 5092 879 5149 de
923 5092 1169 5152 thalamo
1216 5113 1315 5152 suo
1349 5097 1522 5169 (Psal.
1562 5117 1726 5170 xvm,
1759 5103 1838 5175 6).
1872 5129 1890 5152 ›
1951 5104 2078 5161 Ideo

477 5182 594 5256 ipse
663 5199 772 5256 prae
840 5184 1052 5241 caeteris
1107 5186 1526 5258 prophetiarum
1578 5191 1894 5248 auctoribus
1955 5195 2078 5266 plus

475 5274 760 5343 cantavit;
804 5275 935 5348 quia
971 5276 1149 5333 laetior
1195 5278 1409 5335 cunctis
1442 5295 1538 5351 per
1581 5281 1698 5340 haec
1729 5283 1926 5354 gaudia
1954 5303 2081 5342 suos

477 5369 724 5433 posteros
769 5363 1099 5436 conjugabat
1153 5380 1165 5419 :
1230 5371 1283 5419 et
1335 5366 1403 5422 ad
1460 5369 1681 5441 propria
1727 5377 1858 5425 vota
1917 5372 2081 5429 solito

478 5450 699 5511 dulcius
730 5453 1003 5524 invitans,
1045 5454 1236 5512 docuit
1271 5471 1373 5511 nos
1414 5457 1549 5529 quid
1595 5459 1654 5514 in
1689 5459 1824 5532 ipsis
1870 5463 2082 5534 nuptiis

2085 1799 2132 1860 B

2166 501 2532 559 exsultatione
2587 501 2888 556 saltaverit.
2941 501 3087 555 Ante
3133 514 3314 555 arcam
3365 513 3494 569 ergo
3536 499 3787 556 saltavit

2167 591 2430 663 propheta
2475 590 2689 647 David:
2739 606 2919 646 arcam
2969 597 3152 646 autem
3205 589 3340 662 quid
3380 590 3487 645 nisi
3515 599 3782 648 sanctam

2167 680 2388 735 Mariam
2425 678 2732 735 dixerimus
2762 679 2789 733 ‘l
2819 678 3102 750 Siquidem
3125 694 3252 734 arca
3283 677 3614 733 intrinsecus
3646 694 3785 750 por-

2168 767 2317 824 tabat
2345 768 2676 823 Testamenti
2699 768 2932 835 tabulas,
2966 768 3137 823 Maria
3165 774 3348 823 autem
3379 766 3551 838 ipsius
3579 768 3784 824 Testa-

2168 857 2341 912 menti
2373 857 2614 928 gestabat
2654 856 2966 912 haeredem:
3023 856 3119 912 illa
3160 857 3307 912 intra
3345 865 3516 914 semet
3564 858 3780 930 legem,

2168 945 2285 1003 haec
2306 946 2674 1017 Evangelium
2703 945 3009 1012 retinebat;
3038 945 3134 1000 illa
3163 946 3262 1000 Dei
3283 961 3475 1001 vocem
3503 944 3781 1014 habebat,

2167 1034 2285 1090 haec
2346 1035 2610 1092 Verbum.
2671 1035 3063 1092 Verumtamen
3133 1051 3258 1090 arca
3316 1035 3466 1090 intus
3522 1034 3782 1108 forisque

2165 1124 2284 1179 auri
2316 1125 2494 1180 nitore
2518 1123 2782 1193 radiabat,
2817 1123 2912 1179 sed
2942 1133 2995 1180 et
3023 1133 3209 1180 sancta
3230 1124 3401 1181 Maria
3429 1124 3580 1180 intus
3605 1124 3780 1180 foris-

2167 1229 2272 1286 que
2301 1213 2637 1286 virginitatis
2665 1213 2956 1286 splendore
2981 1214 3226 1287 fulgebat
3254 1230 3268 1270 :
3302 1213 3400 1269 illa
3428 1221 3654 1270 terreno
3685 1231 3776 1270 or-

2167 1301 2401 1359 nabatur
2428 1320 2583 1372 auro,
2616 1302 2722 1359 ista
2748 1303 2977 1360 ccelesti.

2651 1445 2798 1502 448
2824 1439 3058 1496 SERMO
3092 1439 3286 1496 XLIII.

2166 1535 2473 1608 Increpatio
2516 1535 2582 1593 ad
2632 1536 2898 1609 populum
2948 1535 3096 1665 qpotd
3150 1536 3457 1594 Ecclesiam
3502 1550 3610 1592 non
3662 1533 3776 1593 fre-

2838 1623 2982 1665 auen
3010 1624 3039 1665 e
3072 1652 3083 1664 .

2838 1623 3083 1680 quenter.

2166 1713 2349 1784 Magni
2376 1712 2484 1767 viri
2521 1714 2656 1768 hunc
2681 1730 2967 1770 sermonem
3007 1715 3279 1771 Ambrosii
3317 1733 3422 1771 esse
3446 1716 3777 1772 existiman-

2239 1792 2328 1853 tes,
2358 1785 2655 1852 concilium,
2693 1785 2844 1856 cujus
2873 1787 2929 1840 in
2956 1804 3013 1841 eo
3059 1788 3253 1842 mentio
3296 1795 3488 1855 exstat,
3524 1806 3624 1843 non
3654 1790 3774 1844 nisi

2241 1857 2832 1931 Aquileiensedopinati
2887 1865 3026 1931 sunt.
3082 1860 3181 1915 Sed
3236 1867 3296 1915 ut
3327 1860 3504 1931 potius
3549 1861 3607 1915 de
3674 1861 3779 1915 hoc

2241 1945 2401 1999 quam
2448 1929 2509 1983 de
2549 1929 2659 1983 alio
2697 1930 2786 2000 agi
2826 1930 3095 2000 credatur,
3143 1931 3278 1986 nihil
3321 1929 3572 1987 occurrit.
3617 1933 3779 2000 Quod

2241 2006 2417 2074 autem
2481 2001 2724 2074 eumdem
2767 2017 3055 2074 sermonem
3124 2019 3227 2074 pro
3274 2003 3629 2058 Ambrosiano
3691 2003 3778 2059 illi

2243 2072 2557 2140 habuerunt,
2594 2073 2749 2142 ﬁdem
2786 2073 3072 2128 editionum
3111 2072 3209 2129 liae
3236 2074 3294 2128 in
3337 2093 3397 2130 re
3431 2076 3593 2130 secuti
3627 2082 3774 2132 sunt.

2246 2143 2513 2218 Craterith
2537 2149 2598 2197 ut
2638 2161 2744 2218 non
2789 2145 3024 2200 dicamus
3054 2146 3212 2200 illum
3239 2147 3469 2202 inveniri
3509 2147 3564 2201 in
3599 2149 3773 2218 antiq.

2240 2215 2353 2290 cod.
2390 2214 2728 2290 Gail.__cujus
2754 2232 3014 2290 sermones
3042 2234 3215 2272 omnes
3245 2219 3554 2274 tribuuntur
3578 2214 3779 2290 Augu-

2241 2287 2397 2362 stino,
2428 2287 2564 2362 nihit
2609 2290 2655 2362 ei
2678 2304 2840 2362 neque
2870 2288 2926 2342 in
2968 2291 3103 2358 stylo
3146 2306 3308 2360 neque
3356 2291 3413 2346 in
3457 2287 3772 2362 argumento

2239 2358 2391 2426 inest,
2422 2357 2563 2427 quod
2588 2357 2872 2414 Ambrosio
2891 2357 3072 2415 nostra
3087 2357 3376 2418 conoéniat.

2245 2488 2294 2543 1.
2344 2487 2632 2556 Deberem,
2690 2488 2905 2557 fratres,
2962 2497 3085 2562 post
3129 2489 3231 2546 hos
3293 2488 3608 2562 complures
3656 2489 3777 2546 dies

2171 2577 2382 2650 aliquid
2412 2576 2635 2632 uberius
2665 2577 2984 2649 prazdicare,
3016 2588 3070 2635 et
3095 2589 3375 2636 revertens
3403 2595 3434 2634 a
3467 2586 3618 2636 tanto
3649 2595 3777 2635 exa-

2173 2667 2322 2722 mine
2351 2667 2721 2734 sacerdotum,
2753 2668 2904 2724 dulci
2934 2685 3034 2724 vos
3069 2685 3321 2724 sermone
3351 2667 3593 2724 reﬁcere.
3625 2669 3776 2724 Bene

2172 2755 2314 2823 dixi,
2343 2756 2598 2811 examine
2627 2755 2973 2811 sacerdotum
3000 2775 3010 2812 :
3043 2756 3171 2829 quia
3200 2757 3342 2814 sicut
3381 2772 3505 2828 apes
3534 2757 3601 2812 de
3630 2756 3777 2811 divi-

2173 2861 2370 2901 narum
2415 2845 2822 2917 Scripturarum
2876 2847 3118 2903 ﬂosculis
3147 2849 3338 2904 suavia
3383 2848 3545 2903 mella
3585 2847 3779 2905 conti-

2173 2936 2349 3006 ciunt,
2399 2946 2454 2993 et
2483 2938 2754 3011 quidquid
2803 2938 2871 2992 ad
2910 2939 3242 2995 medicinam
3287 2939 3520 3012 pertinet
3560 2940 3777 2995 anima-

2174 3042 2318 3094 rum,
2351 3027 2461 3090 oris
2504 3028 2590 3083 sui
2631 3035 2744 3082 arte
2773 3036 3134 3102 componunt.
3175 3030 3339 3086 Recte
3387 3036 3782 3102 comparantur

2099 3160 2142 3220 Ο
2177 3117 2373 3189 apibus
2420 3118 2746 3188 sacerdotes,
2782 3120 2912 3192 quia
2955 3121 3100 3176 sicut
3142 3137 3268 3193 apes
3299 3121 3602 3177 castitatem
3637 3135 3781 3175 cor-

2177 3205 2326 3276 poris
2384 3206 2706 3279 praaferunt,
2764 3208 2950 3264 cibum
3008 3209 3136 3264 vitae
3191 3209 3426 3264 caelestis
3482 3206 3776 3277 exhibent,

2176 3297 2425 3351 aculeum
2461 3298 2594 3368 legis
2645 3307 2932 3367 exercent;
2986 3299 3112 3371 puri
3157 3300 3305 3355 enim
3353 3299 3421 3354 ad
3459 3298 3770 3376 sanctiﬁca-

2177 3388 2407 3458 tionem,
2461 3407 2654 3446 suaves
2728 3392 2796 3447 ad
2852 3392 3230 3460 refectionem,
3287 3394 3463 3448 severi
3521 3399 3653 3448 sunt
3707 3389 3779 3447 ad

2177 3478 2466 3534 ultionem.
2498 3480 2713 3552 Apibus
2735 3481 2898 3553 plane
2927 3490 3058 3538 sunt
3089 3481 3466 3555 comparandi,
3500 3483 3595 3555 qui
3625 3481 3781 3536 velut

2178 3567 2419 3624 alveario
2450 3569 2688 3641 quodam
2727 3568 2899 3640 gratia
2947 3571 3140 3626 matris
3185 3571 3445 3627 Ecclesiae
3491 3569 3780 3627 continen-

2178 3664 2289 3726 tur,
2320 3659 2378 3714 in
2423 3676 2531 3732 qua
2577 3660 2923 3716 diversorum
2956 3662 3279 3718 meritorum
3309 3662 3536 3718 cellulas
3561 3661 3780 3718 dulcis—

2179 3745 2335 3803 simis
2364 3748 2852 3820 praedicationibus
2895 3761 3306 3824 componentes,
3341 3751 3408 3807 de
3452 3768 3566 3807 uno
3595 3750 3774 3806 Salva-

2177 3836 2316 3893 toris
2352 3838 2607 3895 examine
2647 3837 3090 3897 Christianorum
3128 3840 3386 3897 examina
3431 3841 3608 3898 multa
3657 3856 3780 3913 pro-

2178 3924 2408 3983 ducunt.

2249 4015 2300 4071 2.
2345 4015 2483 4074 Cum
2515 4031 2750 4089 semper,
2782 4016 2997 4088 fratres,
3041 4033 3153 4074 non
3182 4014 3509 4076 cessaverim
3556 4036 3656 4076 vos
3684 4031 3775 4092 pa-

2178 4112 2334 4161 terna
2372 4104 2577 4177 pietate
2621 4107 2916 4180 corripere,
2967 4109 3140 4164 miror
3168 4109 3313 4165 nihil
3362 4125 3460 4166 vos
3515 4117 3601 4166 tot
3641 4108 3780 4165 meis

2179 4194 2711 4252 commonitionibus
2739 4197 3056 4268 profecisse,
3091 4207 3144 4254 et
3170 4197 3332 4255 doleo
3348 4197 3496 4271 quod
3522 4198 3781 4271 frequens

2181 4283 2501 4357 praedicatio
2553 4302 2674 4342 mea
2722 4303 2833 4342 non
2888 4302 2990 4344 vos
3041 4287 3290 4359 profectu
3343 4287 3530 4361 aliquo
3584 4287 3780 4343 salutis

2180 4373 2439 4447 corrigat,
2470 4375 2566 4432 sed
2605 4370 2840 4449 quadam
2870 4377 3289 4433 contestationis
3320 4393 3482 4450 poena
3508 4377 3780 4433 constrin-

2180 4471 2287 4537 gat.
2337 4464 2663 4522 Praedicatio
2697 4465 2844 4521 enim
2890 4466 3190 4524 sacerdotis
3219 4466 3277 4522 in
3313 4467 3473 4540 plebe
3501 4466 3784 4523 salvandis

2182 4561 2264 4609 est
2309 4555 2600 4624 correctio,
2644 4562 2698 4611 et
2749 4556 3075 4613 contestatio
3119 4555 3469 4628 judicandis;
3506 4564 3784 4613 contesta-

2184 4659 2309 4700 mur
2356 4644 2502 4700 enim
2553 4644 2666 4701 illis
2711 4653 2837 4701 ante
2860 4645 3161 4718 judicium,
3212 4647 3360 4719 quod
3402 4646 3528 4702 illos
3566 4652 3786 4702 maneat

2184 4732 2240 4788 in
2273 4733 2391 4806 ipso
2406 4732 2648 4804 judicio;
2682 4743 2744 4790 ut
2777 4742 2912 4792 tunc
2941 4736 3093 4792 omni
3120 4737 3477 4793 excusatione
3507 4736 3787 4804 submota,

2184 4831 2238 4878 et
2284 4822 2361 4877 rei
2411 4823 2522 4878 sint
2557 4823 2624 4879 de
2663 4826 2917 4896 peccatis,
2969 4836 3023 4883 et
3068 4827 3297 4884 obnoxii
3346 4827 3412 4884 de
3440 4833 3783 4900 contemptu.

2184 4911 2339 4967 Unde
2365 4919 2418 4967 et
2449 4928 2546 4984 ego
2576 4912 2857 4971 interdum
2905 4933 3132 4988 parcens
3162 4917 3321 4974 vobis
3364 4925 3541 4974 tacere
3572 4917 3781 4973 velim:

2186 5000 2283 5057 sed
2316 5003 2461 5058 malo
2490 5020 2589 5059 vos
2617 5005 2978 5062 contumacia
3005 5022 3194 5064 causas
3222 5007 3468 5076 reddere,
3502 5024 3668 5080 quam
3700 5021 3786 5061 me

2186 5089 2534 5162 negligentia
2559 5093 2827 5150 sustinere
2853 5092 3149 5165 judicium.

2259 5192 2310 5248 3.
2369 5194 2624 5266 Comperi
2667 5195 2834 5266 enim,
2890 5196 3103 5266 fratres,
3151 5194 3300 5270 quod
3335 5213 3432 5269 per
3480 5193 3787 5252 absentiam

2189 5299 2364 5340 meam
2413 5284 2488 5341 ita
2531 5287 2639 5342 rari
2690 5289 2892 5362 quique
2947 5289 3015 5345 ad
3061 5289 3371 5350 Ecclesiam
3416 5288 3672 5356 veniatis,
3711 5289 3789 5345 ita

2189 5375 2347 5446 pauci
2379 5375 2682 5433 admodum
2712 5378 3038 5451 procedatis,
3072 5378 3231 5452 quasi
3258 5394 3344 5434 me
3372 5377 3777 5450 proﬁciscente,

2191 5480 2406 5522 mecum
2453 5467 2660 5540 pariter
2703 5469 2986 5539 veneritis,
3019 5476 3074 5527 et
3121 5470 3277 5544 quasi
3314 5487 3441 5528 cum
3499 5470 3789 5531 necessita-

553 5632 674 5707 (38)
703 5634 957 5696 Valliscl.
985 5635 1137 5710 cod.,
1166 5638 1255 5697 sed
1284 5639 1730 5701 extollentissimw
1755 5643 1880 5716 ﬁdei
1907 5644 2251 5704 sanctitatem.
