4064 6178
243 281 337 340 713
1054 283 1424 343 SERMONES
1461 285 1516 342 S.
1557 285 1914 345 AMBROSIO
1955 288 2324 349 HACTENUS
2361 291 2698 351 ASCRIPTI.

3421 301 3525 359 7“

238 407 376 464 tibus
403 421 502 479 ego
537 404 845 478 pertrahor,
900 422 998 463 vos
1029 425 1244 466 mecum
1269 411 1503 468 traxerit
1551 412 1670 484 ipsa
1710 429 1819 469 ne—
1846 416 1897 476 Α
1925 413 2182 487 religiosa
2222 417 2532 490 castigatio,
2589 433 2753 492 quam
2795 417 3000 478 blanda
3051 421 3322 480 remissio.
3371 423 3528 483 Unde

241 495 468 554 cessitas.
526 493 740 549 Pariter
768 510 896 567 ergo
925 513 956 552 a
983 496 1148 552 domo
1186 498 1283 554 Dei
1314 499 1566 556 absentes
1609 517 1822 572 sumus,

238 583 321 640 sed
379 582 486 639 hoc
542 581 790 649 interest,
838 583 985 657 quod
1042 602 1128 640 me
1183 586 1464 644 absentem
1530 591 1824 647 necessitas

237 672 414 740 efﬁcit,
475 689 574 728 vos
634 673 914 730 voluntas.
971 675 1205 732 Nescitis
1265 677 1395 750 quia
1444 678 1545 735 etsi
1604 695 1701 751 ego
1754 679 1824 736 ab

237 763 474 820 Ecclesia
520 762 738 831 desum,
790 761 1041 820 Christus
1065 764 1132 821 ab
1170 766 1417 822 Ecclesia
1442 784 1558 838 sua,
1609 768 1702 841 qui
1743 777 1825 824 est

236 853 451 927 ubique,
507 871 618 911 non
647 854 847 910 deest?
896 855 1086 925 Venis,
1145 857 1333 927 frater,
1383 859 1450 916 ad
1498 861 1822 930 Ecclesiam,

235 961 336 1000 non
370 945 590 1001 invenis
635 944 715 1000 ibi
766 946 1120 1019 episcopum:
1169 949 1262 1005 sed
1303 951 1349 1006 si
1379 950 1617 1007 ﬁdeliter
1646 952 1820 1020 venis,

234 1035 475 1091 invenies
523 1035 601 1090 ibi
643 1035 1024 1108 episcoporum
1077 1039 1392 1112 episcopum
1458 1041 1819 1097 Salvatorem.

234 1129 356 1184 Nam
412 1125 768 1185 Christianus
838 1127 934 1200 qui
989 1135 1123 1184 tunc
1173 1135 1387 1186 tantum
1460 1133 1706 1205 procedit
1755 1132 1825 1189 ad

234 1217 550 1285 Ecclesiam,
585 1215 804 1289 quando
834 1216 1122 1288 episcopus
1145 1234 1384 1290 praesens
1412 1227 1514 1290 est,
1569 1238 1682 1278 non
1710 1229 1823 1279 tam

233 1305 326 1362 Dei
357 1321 518 1362 causa
563 1304 786 1360 videtur
814 1305 1141 1378 processisse
1186 1323 1348 1379 quam
1389 1309 1668 1366 hominis:
1723 1327 1824 1367 nec

236 1395 481 1469 implesse
510 1394 804 1452 christiani
834 1395 1087 1452 timentis
1117 1386 1382 1466 ofﬁcium,
1413 1398 1508 1455 sed
1537 1399 1701 1456 amici
1735 1399 1824 1456 de-

235 1484 454 1542 ferentis
481 1484 830 1556 obsequium.

296 1573 346 1630 4.
391 1575 537 1641 Quid
567 1582 751 1630 autem
791 1591 891 1646 ego
943 1592 1042 1632 vos
1086 1593 1278 1649 arguo,
1320 1593 1443 1634 cum
1486 1579 1707 1651 possitis
1736 1596 1824 1637 me

231 1681 332 1720 uno
360 1679 616 1720 sermone
655 1663 984 1721 convincere
1033 1665 1110 1738 (q.
1163 1683 1226 1736 1.,
1271 1683 1320 1723 c.
1379 1668 1518 1735 Quid
1565 1669 1824 1742 autem)?

1933 501 2009 559 ait
2040 503 2304 576 propheta
2335 523 2348 563 :
2395 532 2413 556 ‹
2446 507 2707 565 Dulciora
2735 516 2865 566 sunt
2885 510 3117 566 vulnera
3144 511 3331 582 amici,
3361 528 3528 588 quam

1903 593 2248 652 .voluntaria
2276 599 2464 654 oscula
2491 599 2707 658 inimici
2737 601 2923 674 (Prov.
2956 618 3138 672 xxvn,
3170 602 3251 675 6).
3286 627 3304 652 ι

2004 683 2055 738 3.
2107 686 2300 758 Igitur,
2357 689 2569 758 fratres,
2635 691 2763 763 quia
2826 700 2948 765 post
3000 701 3084 750 tot
3137 693 3530 768 increpationis

1935 787 2067 828 meae
2115 775 2278 830 utilia
2332 777 2500 834 verba
2541 781 2704 837 credo
2760 798 2856 839 vos
2883 782 3220 856 benignitate
3268 801 3527 842 sensuum

1934 861 2248 932 profecisse,
2312 866 2380 922 de
2432 869 2601 925 sacris
2673 870 2873 928 litteris
2919 872 3106 947 aliqua
3159 875 3526 932 conferamus.

1934 950 2087 1007 Sicut
2116 952 2262 1009 enim
2322 955 2465 1022 fons,
2524 958 2620 1030 qui
2679 976 2788 1016 non
2819 961 2982 1018 solito
3013 960 3244 1019 humore
3273 963 3528 1034 distillat,

1935 1040 2244 1112 exagitatur
2298 1045 2553 1115 surculis,
2607 1054 2661 1102 et
2720 1049 2796 1104 ita
2849 1050 3052 1123 largior
3111 1051 3418 1123 invenitur,
3465 1070 3532 1111 ac

1934 1129 2171 1200 primum
2204 1147 2274 1187 ex
2327 1150 2390 1189 eo
2443 1135 2664 1192 turbida
2707 1153 2851 1211 aqua
2900 1140 3241 1212 producitur,
3289 1150 3354 1198 ut
3380 1142 3531 1200 unda

1933 1220 2124 1290 purior
2167 1221 2572 1296 subsequatur:
2629 1227 2710 1285 sic
2765 1245 2892 1303 ergo
2935 1238 2991 1288 et
3033 1232 3295 1289 sanctitas
3349 1241 3531 1292 vestra

1935 1319 2252 1383 exasperata
2283 1313 2507 1386 quidem
2539 1315 2721 1374 fuerat
2769 1319 3089 1377 austeritate
3117 1320 3408 1390 sermonis,
3434 1321 3530 1380 sed

1933 1399 2185 1458 devotior
2213 1403 2358 1460 facta
2385 1411 2466 1460 est
2510 1404 2805 1464 dulcedine
2851 1410 3091 1483 pietatis.
3125 1411 3530 1470 Turbulentum

1933 1490 2082 1545 enim
2140 1491 2403 1564 quiddam
2451 1495 2620 1553 vestri
2673 1496 2846 1554 animi
2904 1499 3137 1558 forsitan
3194 1501 3527 1572 retinebant,

1932 1579 2026 1636 sed
2050 1579 2165 1652 jam
2187 1599 2258 1639 ex
2287 1585 2486 1641 vestris
2514 1587 2762 1646 moribus
2783 1589 3008 1663 proﬂuit
3033 1606 3196 1650 omne
3229 1592 3377 1668 quod
3411 1610 3531 1668 pu-

1932 1684 2054 1725 rum
2078 1677 2179 1727 est.

232 1756 545 1854 Convincor
583 1755 731 1812 enim
769 1773 906 1854 cum
952 1757 1009 1812 in
1047 1757 1147 1854 hac
1197 1767 1348 1854 parte
1391 1759 1620 1854 clericos
1665 1759 1824 1818 vobis
1852 1787 1899 1847 Β
2003 1766 2056 1822 [ι.
2089 1767 2390 1827 Videamus
2428 1788 2555 1846 ergo
2586 1773 2718 1847 quid
2747 1774 2820 1832 sit
2844 1776 2992 1850 quod
3020 1778 3098 1835 ait
3123 1777 3193 1836 ad
3227 1779 3529 1854 discipulos

229 1846 398 1919 magis
452 1844 618 1903 video
660 1845 1017 1918 negligentes.
1065 1844 1352 1913 Quomodo
1408 1849 1554 1905 enim
1599 1867 1822 1922 possum

229 1937 505 2010 corrigere
534 1936 697 2006 ﬁlios,
729 1953 855 1993 cum
888 1937 1083 1994 fratres
1113 1939 1403 1996 emendare
1432 1957 1539 1996 non
1574 1943 1773 2014 possim
1793 1942 1822 1999 ?

230 2034 323 2082 aut
353 2041 464 2099 qua
495 2024 691 2082 ﬁducia
719 2042 1067 2083 succenseam
1103 2027 1280 2098 laicis,
1330 2046 1456 2085 cum
1510 2046 1540 2085 a
1586 2047 1823 2088 consor-

231 2117 378 2172 tibus
409 2114 632 2187 pudoris
660 2115 991 2172 verecundia
1020 2117 1384 2175 conticescam
1406 2119 1434 2176 ‘P
1466 2120 1581 2192 Ego
1611 2127 1824 2190 autem,

226 2207 442 2275 fratres,
472 2221 581 2260 non
607 2204 674 2261 de
703 2205 963 2262 omnibus
991 2206 1205 2279 loquor.
1249 2207 1390 2264 Sunt
1419 2216 1566 2266 certe
1592 2209 1819 2282 quidam

227 2297 434 2366 devoti,
487 2304 614 2353 sunt
644 2303 697 2352 et
728 2296 823 2351 alii
857 2297 1227 2369 negligentes:
1276 2316 1374 2372 ego
1403 2300 1680 2356 neminem
1711 2317 1822 2358 no-

227 2389 400 2458 mino,
431 2385 774 2446 conscientia
795 2403 894 2442 sua
919 2402 1370 2462 unumquemque
1398 2389 1710 2448 conveniat.

792 2512 1026 2571 SERMO
1065 2514 1260 2572 XLIV.

388 2612 517 2669 Post
550 2611 980 2684 increpationem
1012 2611 1233 2668 allectio
1263 2611 1330 2669 ad
1366 2615 1652 2686 populum.

227 2731 471 2791 Habetur
500 2731 583 2787 hic
611 2749 780 2787 sermo
811 2731 903 2786 sub
933 2733 1029 2786 hac
1058 2732 1396 2791 inscriptione
1428 2732 1486 2786 in
1513 2748 1637 2787 mss.
1675 2731 1819 2788 Gali.

288 2813 458 2876 atq-ue
489 2804 694 2876 Lugd.;
736 2804 794 2876 in
821 2810 920 2859 vet.
968 2810 1143 2876 autem
1172 2803 1294 2858 edit.
1335 2820 1436 2876 pro
1473 2803 1692 2876 allectio
1728 2809 1822 2874 po-

286 2875 450 2932 nitur
477 2875 818 2932 consolatio:
871 2881 927 2930 at
956 2875 1111 2931 Rom.
1171 2876 1294 2931 edit.
1341 2875 1552 2930 titulum
1593 2875 1686 2944 qui
1717 2891 1822 2928 non

286 2955 406 3005 tam
432 2964 586 3002 sensu
615 2964 775 3018 quam
808 2946 980 3001 verbis
1001 2947 1244 3026 distaret,
1275 2947 1625 3001 concinnavit.
1667 2946 1821 3026 .Hanc

283 3037 418 3076 vero
444 3020 737 3074 concionem
765 3019 1169 3090 pronuntiatam
1214 3035 1319 3073 esse
1357 3024 1474 3089 post
1498 3019 1821 3090 superiorem

281 3109 404 3147 non
454 3088 814 3161 ambigimus;
857 3088 1072 3161 ejusque
1116 3088 1383 3161 auctorem
1436 3089 1699 3143 nonnulla
1729 3105 1821 3161 ea:

281 3159 617 3234 Hieronymo
643 3179 779 3234 cap.
810 3160 894 3234 62_
922 3161 978 3215 in
1011 3160 1335 3230 Mattheum,
1382 3162 1571 3234 plura;
1589 3177 1655 3234 ea;
1698 3159 1822 3215 Am-

281 3234 470 3292 brosio
504 3231 616 3290 'lib.
661 3231 720 3288 xi
767 3233 825 3288 in
873 3232 1097 3300 Lucam,
1141 3249 1288 3289 num.
1340 3231 1410 3289 96
1457 3238 1506 3286 et
1549 3231 1637 3300 97,
1695 3248 1825 3286 mu-

284 3312 505 3364 tuatum
533 3305 814 3371 cernimus,
860 3320 1010 3374 quem
1055 3309 1114 3358 ut
1156 3304 1323 3360 alium
1358 3303 1712 3360 existimemus
1755 3303 1822 3359 ab

291 3377 612 3446 Ambrosio,
645 3383 831 3431 cuncta
860 3375 1131 3433 inducunt.

282 3489 331 3545 1.
382 3486 643 3542 Amarior
671 3485 904 3541 fortasse
935 3485 1102 3540 fuerit
1127 3483 1434 3556 increpatio
1482 3500 1604 3540 mea
1649 3499 1822 3558 supe-

208 3577 465 3633 rioribus
490 3573 998 3649 prmdicationibus,
1057 3573 1205 3648 quod
1256 3573 1547 3646 plerosque
1593 3573 1661 3630 de
1706 3591 1816 3630 vo-

210 3665 292 3723 bis
326 3666 456 3738 (39)
489 3665 671 3723 acrius
700 3662 1001 3738 magisterii
1032 3664 1325 3722 severitate
1354 3662 1733 3731 convenerim,
1764 3670 1818 3719 et

209 3755 311 3812 sim
345 3764 679 3830 prosecutus
717 3770 838 3828 quae
885 3757 1030 3816 449
1084 3752 1384 3826 aliquantis
1431 3766 1544 3808 non
1588 3750 1818 3807 blandi-

210 3863 408 3912 menta
449 3853 744 3922 deferrent,
774 3854 871 3910 sed
917 3851 1202 3909 tristitiam
1251 3851 1575 3924 irrogarent.
1608 3850 1815 3908 Verum

205 3939 360 4001 nihil
401 3959 521 3998 mea
546 3943 810 4009 interest;
861 3959 961 4014 ego
999 3942 1148 4000 enim
1179 3942 1388 4015 gaudeo
1433 3940 1613 3998 sciens
1639 3939 1813 3999 disci-

203 4035 339 4107 puli
370 4031 656 4087 tristitiam
689 4033 934 4105 magistri
977 4049 1093 4089 esse
1132 4033 1404 4091 lmtitiam.
1461 4033 1616 4090 Tunc
1665 4034 1814 4090 enim

203 4119 449 4180 auditor
477 4120 716 4192 proﬁcit,
759 4120 978 4194 quando
1008 4122 1308 4180 austeriora
1335 4123 1630 4182 annuntiat
1665 4140 1814 4196 prae-

204 4213 438 4271 dicator
467 4229 479 4267 :
513 4217 648 4268 tunc
706 4211 756 4268 ei
815 4212 963 4266 salus
1019 4211 1280 4284 gignitur,
1316 4215 1534 4288 quando
1588 4213 1815 4271 tristitia

204 4299 628 4362 emendationis
657 4299 928 4372 ingeritur
954 4317 968 4365 ;
1001 4299 1141 4355 dicit
1170 4300 1319 4357 enim
1342 4301 1534 4360 beatus
1565 4306 1813 4376 Aposto-

206 4393 345 4450 lus:
426 4390 606 4446 «Nam
659 4407 781 4464 quae
839 4388 1142 4446 secundum
1202 4390 1377 4446 Deum
1436 4398 1516 4447 est
1565 4393 1811 4462 tristitia,

206 4480 602 4556 paenitentiam
635 4479 694 4537 in
722 4480 957 4537 salutem
985 4471 1240 4536 stabilem
1269 4486 1524 4551 operatur
1564 4482 1652 4551 (II
1685 4482 1809 4538 Cor.
1841 4504 1892 4563 D

204 4594 314 4646 vn,
354 4575 470 4646 10).
503 4600 523 4624 ι

280 4668 339 4724 2.
389 4667 556 4722 Recte
584 4678 712 4736 ergo
741 4664 918 4732 laetor,
969 4663 1100 4737 quia
1136 4663 1371 4720 salutem
1403 4678 1632 4737 operor:
1689 4678 1814 4720 cum

204 4755 472 4828 objurgo,
523 4761 749 4808 maereat
778 4753 905 4809 licet
932 4751 1082 4808 ﬁlius
1118 4753 1222 4808 mei
1251 4752 1545 4825 asperitate
1595 4767 1814 4807 sermo—

203 4845 294 4901 nis
321 4864 335 4912 ;
395 4858 484 4898 me
510 4849 694 4898 tamen
726 4843 980 4911 delectat,
1013 4841 1106 4913 qui
1138 4841 1401 4914 proﬁcere
1431 4842 1592 4898 illum
1636 4841 1813 4897 intel-

202 4935 320 5008 ligo
385 4949 483 5005 per
516 4947 826 4988 mcerorem.
860 4931 956 4986 Ait
1001 4939 1220 4988 sanctus
1261 4933 1590 5002 Apostolus:
1640 4930 1810 4998 «Quis

201 5033 286 5082 est
319 5021 475 5079 enim
519 5018 689 5087 ﬁlius,
742 5035 904 5092 quem
953 5035 1063 5074 non
1110 5018 1362 5073 verberat
1411 5025 1563 5089 pater
1621 5019 1805 5088 (Hebr.

199 5131 308 5182 xu,
344 5111 405 5184 7)
431 5110 461 5166 τ
489 5135 507 5157 ι
563 5110 682 5166 Non
708 5109 854 5166 enim
886 5109 1162 5164 osculatur
1187 5122 1400 5179 semper
1425 5115 1576 5180 pater
1605 5107 1805 5177 ﬁlium,

198 5204 298 5262 sed
330 5212 392 5260 et
420 5199 720 5274 aliquando
749 5200 997 5272 castigat.
1049 5199 1196 5270 Ergo
1225 5197 1445 5272 quando
1487 5197 1802 5270 castigatur,

198 5295 298 5372 qui
360 5292 640 5365 diligitur,
705 5297 838 5348 tunc
889 5289 1036 5347 circa
1081 5305 1207 5345 eum
1267 5287 1440 5362 pietas
1495 5296 1801 5346 exercetur.

199 5386 388 5444 Habet
436 5384 584 5441 enim
632 5390 688 5439 et
735 5383 1092 5455 amor‘plagas
1151 5397 1296 5451 suas,
1352 5399 1471 5455 quae
1527 5379 1802 5438 dulciores

196 5483 335 5534 sunt
391 5492 517 5533 cum
564 5471 807 5532 amarius
859 5472 1206 5541 inferuntur;
1257 5471 1474 5532 dulcior
1524 5471 1673 5531 enim
1720 5481 1802 5530 est

1931 1871 2058 1912 suos
2087 1858 2360 1917 Dominus
2394 1878 2406 1916 :
2449 1885 2468 1910 ε
2506 1861 2619 1918 Vos
2651 1873 2831 1921 autem
2880 1880 3042 1940 quem
3082 1883 3170 1924 me
3198 1883 3312 1926 esse
3341 1867 3530 1928 dicitis

1935 1943 2146 2015 (Matth.
2176 1963 2294 2016 XVI,
2349 1949 2439 2020 15)
2467 1949 2496 2006 7
2523 1973 2541 1998 ι
2600 1951 2718 2007 Non
2768 1953 2939 2027 igitur
2992 1963 3254 2029 tanquam
3309 1958 3530 2030 ignarus

1932 2032 2234 2107 interrogat
2266 2037 2558 2108 Dominus,
2589 2041 2724 2114 quid
2749 2042 2817 2099 de
2845 2059 2910 2100 eo
2937 2046 3130 2118 populi
3159 2046 3530 2122 discipulique

1931 2128 2199 2185 sentirent
2230 2147 2241 2184 :
2274 2130 2369 2187 sed
2397 2138 2661 2207 tanquam
2693 2135 2871 2193 sciens
2926 2137 3313 2195 universorum
3363 2157 3530 2197 men-

1930 2223 2030 2286 tes,
2064 2216 2227 2274 ﬁdem
2259 2221 2612 2279 manifestare
2642 2225 2818 2282 voluit
2848 2225 3193 2298 singulorum
3221 2246 3234 2296 ;
3286 2237 3348 2285 ut
3381 2230 3530 2304 quod

1930 2305 2094 2362 corde
2148 2307 2446 2366 credebant
2490 2312 2814 2383 Dominum,
2886 2315 2981 2371 alii
3057 2317 3373 2385 Jeremiam,
3432 2318 3529 2377 alii

1930 2395 2195 2456 Joannem
2255 2401 2579 2474 Baptistam,
2627 2404 2819 2462 Petrus
2882 2408 3032 2464 solus
3083 2407 3368 2466 Christum
3427 2410 3527 2468 Dei

1932 2487 2137 2544 Filium
2183 2492 2498 2550 conﬁtetur.
2548 2494 2760 2552 Gradus
2809 2497 3033 2569 quidam
3091 2507 3221 2556 sunt
3266 2500 3418 2570 ﬁdei,
3472 2509 3527 2560 et

1932 2578 2029 2650 qui
2057 2578 2314 2637 devotius
2341 2582 2538 2651 credit,
2567 2584 2879 2656 religiosius
2907 2587 3222 2644 conﬁtetur.

2001 2676 2055 2732 5.
2089 2676 2193 2733 Pro
2225 2676 2327 2734 hac
2363 2678 2658 2735 devotione
2710 2680 2915 2737 dicitur
2971 2683 3130 2739 Petro
3167 2703 3178 2740 :
3255 2711 3273 2734 ι
3327 2683 3526 2742 Beatus

1931 2778 1987 2818 es
2030 2772 2114 2833 tu,
2154 2765 2343 2838 Simon
2397 2765 2652 2838 Barjona,
2714 2769 2974 2842 quoniam
3025 2787 3152 2827 caro
3189 2779 3243 2828 et
3303 2775 3526 2848 sanguis

1931 2868 2041 2908 non
2098 2854 2369 2913 revelavit
2425 2855 2548 2925 tibi,
2604 2856 2700 2913 sed
2755 2857 2915 2914 Pater
2975 2875 3147 2929 meus,
3207 2861 3302 2934 qui
3356 2863 3525 2921 estin

1930 2942 2100 2998 caelis.
2151 2944 2223 3001 Et
2267 2961 2365 3017 ego
2417 2944 2542 3001 dico
2574 2945 2708 3002 tibi:
2773 2946 2855 3001 Tu
2909 2963 2967 3003 es
3014 2948 3226 3019 Petrus,
3281 2957 3335 3006 et
3363 2967 3528 3024 super

1930 3030 2071 3089 hanc
2105 3041 2315 3106 petram
2345 3033 2628 3091 aediﬁcabo
2669 3035 2974 3092 Ecclesiam
3025 3054 3202 3095 meam
3237 3040 3400 3114 (Ibid.
3437 3043 3525 3113 17,

1854 3145 1897 3205 C
1932 3121 2042 3192 18).
2074 3147 2092 3169 ι
2142 3123 2281 3180 Cum
2327 3132 2616 3181 vocaretur
2664 3139 2791 3196 ergo
2847 3124 3062 3195 Simon,
3106 3145 3203 3200 per
3251 3129 3393 3187 hanc
3420 3131 3528 3187 de-

1934 3211 2215 3268 votionem
2272 3221 2501 3270 vocatus
2557 3223 2639 3270 est
2707 3215 2919 3272 Petrus.
2983 3216 3260 3289 Legimus,
3310 3218 3527 3278 dicente

1931 3303 2198 3374 Apostolo
2227 3301 2294 3357 de
2322 3303 2442 3374 ipso
2473 3302 2711 3360 Domino
2745 3322 2756 3360 :
2821 3330 2839 3354 ι
2871 3305 3141 3362 Bibebant
3178 3308 3246 3364 de
3285 3309 3524 3381 spiritali

1930 3397 2297 3463 consequente
2330 3407 2424 3448 eos
2467 3398 2640 3464 petra,
2685 3400 2839 3464 petra
2879 3401 3062 3449 autem
3103 3403 3217 3451 erat
3272 3393 3525 3454 Christus

1933 3477 1991 3550 (I
2020 3479 2146 3536 Cor.
2180 3495 2238 3550 χ,
2290 3480 2370 3551 li).
2403 3503 2421 3529 ι
2488 3481 2654 3538 Recte
2674 3480 2844 3554 igitur
2885 3482 3015 3556 quia
3056 3491 3209 3556 petra
3246 3483 3521 3557 Christus,

1929 3569 2120 3626 Simon
2152 3578 2502 3644 nuncupatus
2537 3580 2619 3628 est
2644 3572 2874 3641 Petrus;
2903 3581 2964 3630 ut
2993 3574 3088 3647 qui
3117 3589 3243 3631 cum
3285 3576 3524 3635 Domino

1928 3659 2056 3717 ﬁdei
2082 3661 2399 3720 societatem
2447 3661 2700 3731 habebat,
2750 3679 2876 3718 cum
2920 3663 3159 3720 Domino
3215 3663 3443 3724 haberet
3471 3675 3526 3724 et

1927 3750 2171 3808 nominis
2221 3751 2504 3808 Dominici
2551 3752 2865 3809 unitatem:
2935 3760 2998 3809 ut
3039 3753 3183 3810 sicut
3229 3771 3262 3812 a
3301 3754 3525 3815 Christo

1928 3837 2273 3898 Christianus
2305 3840 2546 3912 dicitur,
2587 3841 2665 3899 ita
2708 3851 2763 3901 et
2813 3858 2845 3899 a
2881 3850 3035 3916 petra
3079 3843 3301 3903 Christo
3331 3845 3524 3905 Petrus

1925 3931 2205 4001 apostolus
2234 3939 2546 3989 vocaretur.

1997 4027 2050 4086 6.
2093 4027 2198 4086 Sed
2237 4046 2338 4087 nec
2378 4031 2708 4103 populorum
2754 4031 3072 4103 opinionem
3117 4049 3408 4105 possumus
3439 4049 3523 4091 re-

1924 4117 2178 4189 probare,
2222 4119 2317 4192 qui
2371 4135 2546 4175 unum
2603 4120 2671 4176 de
2719 4119 3003 4192 prophetis
3040 4119 3339 4176 Dominum
3362 4122 3522 4178 esti-

1925 4207 2149 4266 mabant
2180 4210 2393 4282 (Matth.
2428 4227 2546 4280 xvr,
2582 4209 2694 4282 14).
2739 4211 2869 4266 Nam
2905 4209 3029 4266 ideo
3056 4211 3313 4274 nonnulli
3365 4212 3522 4269 velut

1923 4297 2103 4354 Eliam
2153 4299 2492 4355 Salvatorem
2557 4298 2790 4355 forsitan
2847 4307 3200 4372 putaverunt,
3258 4301 3388 4374 quia
3449 4301 3521 4359 ad

1923 4388 2090 4445 caelos
2120 4388 2271 4445 Elias
2330 4388 2475 4445 sicut
2523 4387 2775 4445 Salvator
2830 4387 3078 4444 ascendit
3131 4389 3242 4462 (IV
3287 4391 3412 4464 Reg.
3454 4409 3516 4463 n,

1925 4479 2037 4553 11).
2076 4479 2182 4537 Sed
2209 4495 2318 4535 non
2347 4479 2490 4536 sicut
2527 4478 2679 4534 Elias
2707 4477 2962 4536 Christus
2991 4487 3072 4536 est
3095 4498 3111 4550 ;
3155 4479 3251 4537 ille
3278 4481 3427 4538 enim
3448 4481 3516 4540 ad

1924 4570 2091 4627 caelos
2119 4570 2351 4642 rapitur,
2395 4568 2498 4625 iste
2545 4567 2895 4640 regreditur:
2938 4567 3033 4624 ille
3074 4577 3335 4644 tanquam
3365 4570 3519 4627 inﬁr-

1924 4677 2046 4716 mus
2075 4659 2233 4733 ignea
2263 4657 2527 4732 quadriga
2555 4657 2909 4727 subvehitur,
2935 4656 3027 4716 hic
3065 4665 3325 4732 tanquam
3369 4661 3518 4718 Deus

1922 4749 2142 4821 propria
2171 4749 2377 4806 virtute
2407 4755 2656 4822 portatur
2689 4765 2700 4804 :
2744 4747 2838 4803 ille
2883 4747 3028 4806 sicut
3063 4747 3230 4804 homo
3269 4749 3513 4822 ducitur,

1921 4838 2014 4895 hic
2045 4838 2188 4895 sicut
2216 4837 2466 4894 Salvator
2502 4836 2750 4893 ascendit
2782 4855 2794 4892 :
2832 4837 2927 4892 ille
2956 4835 3219 4895 ducentes
3265 4839 3516 4912 sequitur

1919 4928 2162 5000 angelos,
2218 4927 2544 4984 comitantes
2602 4925 2709 4982 sibi
2762 4926 2984 4998 angelos
3058 4926 3162 4985 iste
3232 4929 3509 5002 praecedit.

1919 5017 2164 5090 Denique
2205 5016 2371 5072 iidem
2428 5015 2607 5089 angeli
2656 5024 2961 5074 remeantes
3007 5018 3065 5072 in
3106 5026 3305 5074 terram
3335 5035 3368 5074 a
3392 5021 3513 5076 Do-

1921 5107 2071 5161 mino
2116 5105 2397 5163 Salvatore
2444 5105 2710 5162 dixerunt
2773 5105 2842 5162 ad
2896 5108 3221 5178 apostolos:
3312 5133 3331 5157 ι
3389 5109 3511 5166 Viri

1918 5197 2154 5268 Galilaei,
2209 5197 2344 5271 quid
2386 5198 2544 5254 statis
2607 5196 2935 5270 aspicientes
2978 5197 3037 5254 in
3103 5198 3303 5254 coelum
3333 5197 3362 5254 ?
3408 5199 3511 5254 Hic

1913 5289 2066 5346 Jesus
2095 5289 2191 5363 qui
2223 5296 2473 5362 receptus
2502 5295 2583 5345 est
2611 5304 2644 5345 a
2672 5287 2851 5360 vobis,
2895 5288 2978 5347 sic
3021 5289 3206 5345 veniet
3235 5284 3508 5362 quemad-

1911 5381 2138 5442 modum
2168 5379 2390 5438 vidistis
2444 5395 2570 5437 eum
2629 5387 2849 5438 euntem
2903 5379 2962 5439 in
3017 5379 3218 5438 coelum
3276 5376 3418 5449 (Act.
3461 5391 3500 5445 ι,

1911 5474 2022 5547 u).
2056 5499 2074 5523 ι

275 5663 408 5740 (39)
427 5661 608 5725 Codex
632 5661 1138 5739 Lugd.,pr¢edicatio
1157 5661 1509 5736 mea....quod
1525 5662 1803 5734 plerosque
1831 5659 1896 5718 de
1925 5659 2133 5718 vestris.

528 5764 768 5824 Ρληοι..
809 5763 985 5825 XVII.

3185 5745 3258 5814 23
