4068 6188
483 307 590 366 715

1051 430 1286 490 SERMO
1337 432 1509 490 XLV.

844 522 923 577 De
952 520 1131 593 primo
1163 521 1337 578 Adam
1375 529 1430 579 et
1464 523 1725 581 secundo.

484 630 639 702 Hunc
669 631 1100 702 sermonemrioel
1126 631 1304 701 potius
1347 631 1602 686 sermonis
1656 629 2031 702 fragmentum,
2059 648 2085 686 e

566 701 679 772 Vat.
713 700 825 755 cod.
859 700 1055 772 scripto
1072 700 1232 770 jussu
1277 703 1570 759 card-inalis
1600 700 1948 759 Benoniensis
1988 718 2080 757 an.

556 771 694 827 1470
716 771 1045 842 desumptum
1072 775 1389 840 exhibemus,
1435 792 1542 829 non
1588 774 1799 844 quidem
1843 775 1982 844 quod
2027 775 2084 828 in

555 860 613 898 eo
643 844 933 916 quidquam
971 846 1415 916 deprehendamus
1444 846 1809 911 Ambrosiani,
1838 847 1927 901 sed
1954 846 2084 916 quia

559 915 778 989 scriptio
810 932 913 969 non
959 915 1243 989 inelegans,
1294 925 1340 973 et
1387 919 1554 989 sancti
1594 918 1837 973 Doctoris
1878 915 2087 972 nomine

557 986 617 1040 in
644 1003 742 1041 ms.
756 986 1239 1112 (lirtenotata,vcum
1268 988 1474 1060 alioqui
1499 1006 1757 1059 nusquam
1788 989 1927 1059 quod
1952 989 2082 1044 scia-

558 1074 696 1112 mus.
730 1075 755 1112 e
794 1059 867 1112 ita
921 1058 1103 1112 fuerit.
1151 1062 1333 1112 saltem
1388 1067 1453 1112 ut
1497 1060 1550 1112 in
1598 1061 1878 1112 annendiee
1914 1062 2082 1112 locum

558 1074 696 1132 mus.
730 1058 867 1113 edita
919 1058 1103 1129 fuerit,
1151 1062 1333 1115 saltem
1388 1058 1456 1132 ut
1497 1060 1550 1114 in
1598 1058 1878 1132 appendice
1914 1062 2085 1117 locum

559 1129 765 1197 habeat,
797 1147 1131 1202 nequaquam
1158 1132 1378 1203 indigna
1404 1129 1665 1187 videatur.

559 1274 610 1330 1.
633 1272 859 1341 Audite,
889 1272 1087 1330 fratres
1117 1273 1449 1343 charissimi,
1474 1275 1635 1347 quale
1665 1282 1746 1332 est
1775 1274 1910 1347 legis
1940 1290 2084 1348 mys-

481 1362 710 1420 terium.
742 1361 963 1419 Primus
1002 1362 1170 1421 homo
1210 1363 1277 1420 de
1314 1373 1461 1422 terra
1507 1372 1561 1420 et
1584 1366 1760 1433 ccelo;
1812 1362 2087 1422 secundus

486 1448 554 1507 de
583 1449 723 1507 coelo
751 1457 805 1506 et
834 1459 978 1509 terra
1002 1470 1013 1507 :
1048 1450 1142 1509 hic
1172 1468 1241 1509 ex
1270 1454 1382 1509 Deo
1403 1460 1459 1509 et
1477 1454 1666 1521 Maria,
1691 1452 1786 1526 qui
1808 1453 1876 1509 de
1903 1460 2083 1519 terra;

485 1540 580 1596 ille
610 1539 678 1597 de
707 1550 856 1598 terra
898 1551 952 1599 et
984 1542 1214 1616 Spiritu,
1246 1544 1341 1617 qui
1399 1543 1466 1600 de
1514 1544 1653 1600 coelo
1700 1550 1799 1599 est.
1848 1543 2087 1615 Uterque

485 1640 670 1691 tamen
698 1652 769 1692 ex
815 1626 1051 1706 virgine,
1112 1642 1167 1692 et
1202 1634 1320 1691 sine
1364 1633 1543 1690 coitus
1576 1632 1932 1705 permistione
1959 1639 2040 1689 est
2071 1650 2083 1689 :

487 1722 580 1782 hic
600 1741 670 1780 ex
703 1725 1044 1797 incorrupta,
1078 1724 1171 1779 ille
1202 1738 1270 1777 ex
1308 1722 1516 1778 intacta
1549 1739 1560 1776 :
1594 1727 1740 1784 450
1772 1721 1901 1794 quia
1929 1723 2088 1778 nullo

487 1820 690 1884 adhuc,
712 1822 943 1890 semine,
1015 1837 1117 1879 nec
1190 1837 1415 1877 vomere
1468 1821 1647 1878 fuerat
1692 1820 1938 1879 sauciata
1984 1838 2087 1880 nec

486 1907 686 1964 imbre.
737 1908 839 1964 Per
893 1908 1135 1980 primum
1181 1909 1297 1965 vita
1357 1910 1576 1980 amissa,
1644 1926 1741 1984 per
1782 1911 2085 1968 secundum

487 1996 725 2053 reddita.
760 1997 978 2055 Primus
1042 2006 1320 2072 acceptam
1376 2000 1620 2072 perdidit
1680 2002 1934 2074 gratiam,
1991 2018 2088 2060 se-

488 2084 706 2143 cundus
737 2103 864 2142 curn
913 2086 1030 2143 vita
1076 2088 1276 2145 tribuit
1329 2090 1605 2163 gratiam:
1657 2091 1870 2163 primus
1924 2107 2091 2148 suasu

488 2174 726 2247 virginis
752 2175 975 2246 cecidit,
1008 2178 1283 2235 secundus
1314 2188 1475 2251 partu
1517 2178 1771 2252 virginis,
1807 2179 1953 2252 quod
1994 2179 2091 2252 ja-

490 2263 669 2333 cebat,
728 2266 951 2323 erexit:
1020 2268 1233 2340 primus
1289 2268 1566 2340 peccando
1622 2268 1816 2325 mortis
1873 2285 2089 2340 poenam

491 2355 748 2427 protulit,
782 2356 1059 2414 secundus
1088 2357 1348 2429 patiendo
1378 2358 1779 2431 indulgentiam
1812 2359 2084 2415 contulit:

492 2445 706 2518 primus
740 2461 839 2518 pro
863 2446 1024 2518 culpa
1053 2445 1120 2502 de
1146 2446 1397 2519 paradiso
1423 2446 1651 2521 ejectus,
1683 2448 1958 2506 secundus
1990 2465 2092 2522 pro

494 2535 667 2608 gloria
689 2534 840 2593 cruci
873 2535 1079 2592 mundo
1098 2536 1315 2594 afﬁxus.

564 2626 617 2683 2.
657 2627 802 2700 Ergo
842 2626 1048 2682 malum
1093 2643 1188 2700 per
1230 2628 1516 2696 feminam,
1553 2628 1666 2684 imo
1705 2644 1802 2701 per
1831 2628 2090 2685 feminam

496 2713 739 2785 bonum;
805 2717 935 2790 quia
980 2734 1076 2790 per
1126 2717 1301 2773 Evam
1349 2717 1671 2788 cecidimus,
1721 2735 1818 2791 per
1864 2719 2091 2776 Mariam

493 2813 702 2863 stamus
738 2825 750 2864 :
812 2823 909 2879 per
949 2807 1124 2862 Evam
1172 2808 1452 2880 prostrati,
1484 2809 1651 2865 erecti
1685 2825 1781 2881 per
1818 2809 2046 2866 Mariam
2077 2828 2089 2867 :

493 2914 591 2969 per
648 2899 823 2953 Evam
883 2898 1139 2953 servituti
1193 2898 1420 2967 addicti,
1491 2915 1587 2971 per
1648 2900 1876 2956 Mariam
1935 2900 2092 2957 liberi

499 2987 700 3042 effecti.
751 2987 870 3042 Eva
919 2985 1080 3041 nobis
1128 2987 1353 3042 sustulit
1419 2986 1866 3057 diuturnitatem,
1923 2990 2096 3046 Maria

498 3075 659 3131 nobis
714 3073 956 3130 reddidit
1010 3074 1476 3147 perpetuitatem:
1538 3077 1658 3133 Eva
1706 3094 1805 3134 nos
1834 3077 2092 3137 damnari

495 3164 626 3222 fecit
683 3181 778 3237 per
833 3163 1044 3221 arboris
1083 3182 1331 3239 pomum,
1378 3166 1551 3224 Maria
1587 3167 1826 3224 absolvit
1866 3185 1963 3241 per
1989 3186 2088 3226 ar-
2124 3164 2168 3223 C

489 3254 642 3312 boris
680 3254 925 3324 donum;
957 3254 1087 3329 quia
1128 3261 1182 3311 et
1211 3254 1465 3314 Christus
1510 3257 1572 3314 in
1628 3258 1779 3332 ligno
1806 3259 2088 3332 pependit,

490 3355 553 3406 ut
578 3347 810 3406 fructus.

560 3439 614 3495 3.
644 3439 818 3512 Igitur
846 3436 990 3496 sicut
1019 3453 1116 3512 per
1145 3436 1397 3495 arborem
1436 3438 1661 3509 mortui,
1694 3438 1773 3495 ita
1807 3455 1904 3511 per
1932 3438 2090 3495 arbo-

490 3544 606 3586 rem
638 3530 929 3587 viviﬁcati.
961 3531 1142 3587 Arbor
1172 3529 1334 3586 nobis
1363 3529 1670 3586 nuditatem
1700 3529 1962 3599 ostendit,
1991 3546 2090 3586 ar-

489 3621 592 3676 bor
621 3619 980 3689 indulgentiae
1027 3619 1178 3675 foliis
1210 3618 1439 3675 vestivit
1469 3637 1481 3675 :
1539 3618 1702 3675 arbor
1742 3628 2088 3692 peccatorum

491 3706 727 3765 incussit
774 3706 1047 3775 ardorem,
1079 3706 1429 3779 refrigerium
1481 3707 1813 3764 delictorum
1842 3708 2092 3767 vestibus

490 3794 821 3869 praeparavit
844 3794 1007 3853 arbor
1033 3794 1277 3853 scientiae
1313 3814 1326 3854 :
1352 3795 1514 3853 arbor
1543 3795 1728 3870 spinas
1758 3804 1813 3854 et
1853 3797 2091 3855 tribulos

492 3884 700 3958 genuit,
760 3902 911 3959 spem
963 3893 1018 3943 et
1070 3886 1304 3942 salutem
1357 3885 1520 3943 arbor
1557 3887 1801 3944 scientiae
1830 3887 2085 3960 peperit:

491 3977 656 4035 arbor
698 3978 977 4048 sudorem,
1024 3979 1213 4035 attulit
1257 3986 1311 4035 et
1358 3977 1622 4048 laborem,
1664 3980 1827 4037 arbor
1856 3980 2092 4037 contulit

490 4084 681 4143 pacem
714 4076 769 4125 et
799 4070 1041 4125 salutem
1085 4086 1096 4125 :
1132 4069 1295 4125 arbor
1324 4068 1512 4125 lumen
1538 4069 1784 4142 corporis
1812 4069 2090 4141 patefecit,

493 4161 656 4219 arbor
700 4163 890 4220 oculos
934 4161 1118 4221 cordis
1162 4161 1455 4220 disclusit:
1489 4161 1652 4218 arbor
1708 4159 1906 4217 mundi
1948 4160 2089 4216 insi-

494 4252 694 4310 nuavit
718 4254 1000 4324 astutiam,
1031 4252 1282 4310 divinam
1318 4252 1483 4309 arbor
1510 4251 1911 4309 demonstravit
1949 4268 2092 4324 pru-

495 4343 740 4399 dentiam
770 4362 781 4399 :
815 4345 1023 4400 malum
1054 4344 1238 4413 arbor,
1268 4344 1479 4401 bonum
1524 4342 1686 4399 arbor
1717 4341 1994 4411 ostendit;
2038 4350 2093 4399 et

498 4437 561 4486 ut
588 4430 656 4486 ad
683 4430 873 4487 delicti
927 4432 1196 4506 originem
1228 4432 1470 4502 redeam,
1527 4441 1580 4489 et
1626 4434 1739 4490 Deo
1792 4441 2087 4502 annuente,

1499 310 1597 365 AD
1636 308 1870 366 OPERA
1906 308 1964 365 S.
2003 306 2340 366 AMBROSII
2377 306 2759 364 APPENDIX.

3682 308 3792 368 716

1995 498 2007 512 ἱ
2103 435 2156 494 Α
2188 448 2299 487 non
2331 431 2658 488 Iaetiﬁcasset
2687 429 2913 486 Mariam
2948 427 3223 499 Christus,
3280 430 3393 487 nisi
3430 430 3608 487 Evam
3638 432 3798 505 prio-

2189 536 2325 589 rem,
2379 520 2448 577 de
2476 536 2583 594 qua
2612 528 2742 576 nata
2763 527 2847 576 est
2876 519 2993 593 ipsa
3022 519 3215 588 Maria,
3271 519 3632 589 deﬁnxisset;
3686 535 3801 579 nec

2189 609 2431 666 venisset
2455 609 2524 665 ad
2554 610 2840 683 populum,
2889 609 2998 665 nisi
3038 610 3195 683 prius
3239 609 3336 666 illa
3364 608 3691 684 deliquisset
3729 610 3799 667 in

2192 702 2412 761 saeculo.
2455 704 2583 759 Haec
2630 710 2805 759 mater
2850 701 3082 757 humani
3136 702 3350 774 generis
3403 701 3633 772 dicitur,
3694 702 3806 761 illa.

2192 791 2419 859 salutis;
2452 793 2572 847 Eva
2601 808 2701 848 nos
2729 790 2972 857 edocuit,
3003 790 3286 847 roboravit
3314 798 3369 848 et
3395 792 3588 848 Maria.

2262 882 2315 937 5.
2358 882 2459 937 Per
2485 882 2657 937 Evam
2689 880 3004 949 crescimus,
3055 897 3150 953 per
3186 878 3417 937 Mariam
3447 897 3739 954 regnamus
3775 902 3796 953 ;

2193 986 2289 1041 per
2314 971 2491 1026 Evam
2521 970 2732 1028 seducti
2762 971 2831 1027 ad
2860 977 3083 1035 terram,
3111 986 3207 1043 per
3234 969 3461 1027 Mariam
3493 970 3695 1028 elevati
3721 972 3800 1030 ad

2193 1062 2426 1128 coelum;
2473 1069 2527 1117 et
2571 1069 2633 1116 ut
2667 1068 2840 1117 totum
2880 1060 3124 1117 breviter
3154 1061 3290 1133 legis
3334 1062 3661 1133 patefaciam
3704 1079 3798 1120 sa-

2194 1158 2559 1220 cramentum,
2604 1159 2658 1207 et
2685 1149 2820 1207 duas
2851 1149 2909 1206 in
2938 1166 3106 1206 unam
3137 1149 3329 1215 fuisse,
3380 1150 3544 1208 sicuti
3598 1169 3800 1212 omnes

2193 1256 2309 1296 esse
2337 1240 2620 1297 ostendam
2644 1259 2657 1297 :
2720 1240 2778 1296 in
2802 1241 2922 1297 Eva
2946 1248 3081 1297 tunc
3105 1239 3276 1298 Maria
3304 1239 3504 1311 inerat,
3559 1258 3658 1315 per
3682 1242 3799 1301 Ma-

2194 1328 2333 1385 riam
2358 1336 2545 1402 postea
2570 1329 2812 1387 revelata
2837 1338 2921 1387 est
2948 1331 3088 1387 Eva.

2265 1418 2318 1475 6.
2358 1418 2574 1475 Gratias
2600 1420 2862 1489 Domino,
2890 1419 3088 1477 fratres
3115 1418 3451 1488 charissimi,
3498 1420 3649 1494 quod
3671 1437 3800 1496 qua

2196 1507 2269 1565 sit
2300 1508 2412 1566 diei
2438 1510 2730 1579 festivitas,
2786 1509 2972 1567 doceri
3011 1527 3113 1568 nos
3135 1526 3247 1567 non
3276 1525 3497 1586 necesse
3526 1518 3647 1579 est;
3697 1514 3802 1586 qui

2197 1599 2516 1673 prmvenitis
2545 1599 2840 1657 devotione
2876 1599 3046 1658 docti.
3104 1599 3241 1656 Nam
3296 1584 3643 1658 accesserunt
3685 1584 3804 1664 huc

2198 1690 2363 1748 hodie
2392 1691 2726 1765 propheticis
2764 1700 2927 1765 atque
2963 1690 3294 1765 evangelicae
3341 1691 3601 1750 lectiones
3643 1710 3804 1751 eam-

2121 1799 2167 1859 B
2197 1780 2322 1837 dem
2341 1797 2468 1837 rem
2507 1781 2785 1850 docentes,
2835 1797 3000 1854 quam
3043 1781 3180 1839 ﬁdes
3209 1788 3392 1839 vestra
3433 1799 3532 1839 nos
3574 1781 3793 1843 docuit.

2196 1872 2374 1929 Donet
2415 1888 2543 1945 ergo
2583 1872 2731 1929 Deus
2778 1880 2985 1942 noster,
3035 1879 3098 1928 ut
3138 1871 3607 1930 concordantibus
3646 1873 3804 1933 sicut

2196 1966 2383 2038 hodie,
2434 1968 2513 2026 ita
2538 1968 2692 2027 omni
2720 1975 2967 2043 tempore
2992 1984 3118 2040 cum
3148 1968 3386 2027 lectione
3425 1967 3621 2028 divina
3661 1970 3802 2030 acti-

2195 2056 2320 2125 bus,
2354 2055 2462 2116 hoc
2491 2074 2591 2115 vos
2618 2056 2868 2115 habeatis
2896 2057 2955 2113 in
2984 2057 3254 2117 moribus.

2753 2182 2988 2239 SERMO
3027 2180 3225 2241 XLVI.

2774 2272 2854 2328 De
2892 2270 3204 2329 Salomone.

2200 2378 2264 2434 In
2308 2373 2549 2431 omnibus
2582 2374 2954 2433 Ambrosianis
3000 2378 3320 2435 editionibus
3374 2378 3540 2438 libelli
3587 2382 3797 2441 titstlun

2269 2448 2324 2503 in
2352 2447 2529 2521 fronte
2559 2448 2680 2503 tulit
2708 2449 2814 2521 htec
2840 2451 3055 2521 opella;
3104 2468 3223 2506 cum
3266 2457 3438 2507 tamen
3470 2470 3630 2510 verus
3672 2473 3799 2511 ser—

2268 2536 2352 2574 mo
2393 2519 2497 2607 lsit,
2558 2535 2661 2589 quo
2709 2520 2817 2607 tria
2870 2519 3188 2607 Salomonis
3256 2523 3391 2607 scitu
3438 2524 3791 2607 impossibilia

2269 2594 2482 2660 mystice
2534 2600 2890 2672 exponuntur.
2947 2594 3088 2675 Ejus
3140 2594 3479 2666 elegantiam,
3509 2594 3585 2655 et
3636 2599 3795 2656 simul

2270 2662 2335 2717 ab
2364 2661 2634 2716 Ambrosii
2661 2664 2797 2746 stle
2830 2664 3184 2746 diversitatem
3228 2668 3498 2723 Erasmus

2273 2750 2455 2789 verum
2492 2734 2771 2813 secundam
2822 2735 2974 2791 illam
3023 2737 3361 2813 Hermannus
3413 2734 3600 2813 putat'
3614 2742 3797 2798 obscu-

2269 2822 2390 2885 ram
2440 2820 2583 2885 esse,
2612 2805 2725 2885 ipsi
2786 2813 2957 2885 tamen
2986 2826 3118 2885 _oo.r
3178 2805 3655 2885 Psalmogmphus,
3708 2814 3800 2870 cui

2273 2877 2429 2952 etiam
2459 2875 2809 2952 Archipirata
2834 2878 2996 2951 jungi
3026 2887 3256 2952 poterat,
3286 2875 3552 2939 non'sat'is
3581 2875 3799 2941 videtur

2273 2948 2673 3004 Ambrosianus
2699 2950 2787 3005 sed
2812 2966 2908 3026 nos
2935 2948 3157 3026 Erasini
3176 2952 3445 3026 judicium
3471 2961 3700 3026 utraque
3725 2974 3801 3013 ea:

2268 3026 2423 3092 parte
2478 3037 2661 3076 verum
2706 3022 2984 3079 credimus.
3037 3025 3189 3091 Quod
3231 3032 3407 3082 autem
3454 3022 3800 3085 Hermann“

2271 3092 2579 3147 sententiam
2612 3110 2715 3163 qua
2761 3093 2843 3148 hic
2879 3094 3077 3150 dicitur
3118 3096 3335 3153 Martha
3377 3099 3578 3155 Lazari
3629 3116 3797 3156 soror

2266 3181 2304 3241 (ξ
2351 3164 2559 3219 Christo
2608 3165 2827 3221 liberata
2861 3167 3035 3241 ⁸Ῑιτιίιξει
3089 3169 3384 3240 sanguinis,
3433 3187 3633 3241 parum
3678 3189 3790 3228 esse

2269 3235 2503 3307 ﬁrmam,
2558 3252 2805 3306 quamam
2845 3235 3014 3306 fuerit
3044 3235 3242 3296 mulier
3283 3235 3475 3297 sanata
3519 3245 3797 3300 consulere

2273 3307 2387 3381 licet
2415 3307 2635 3381 Eusebii
2664 3309 2755 3364 lib.
2796 3325 2877 3364 vn
2927 3309 3064 3367 Hist.
3108 3328 3224 3381 cap.
3278 3312 3364 3380 18,
3405 3313 3532 3370 edit.
3580 3315 3796 3381 Vales.;

2272 3378 2669 3468 Sozom‘en’i
2692 3397 2915 3468 r‘v‘cap.
2946 3382 3036 3464 21,
3068 3388 3117 3468 e't
3151 3378 3500 3457 Philostorgii
3551 3386 3648 3468 lib:
3692 3378 3795 3457 vlt,

2268 3466 2414 3527 num.
2435 3449 2488 3506 3.
2510 3450 2651 3517 Quin
2675 3456 2725 3527 et
2748 3449 3060 3527 Ambrosius
3083 3454 3218 3527 hanc
3244 3449 3451 3527 quoque
3467 3449 3797 3514 curationem

2269 3520 2544 3595 diligenter
2567 3522 2797 3594 explicat
2816 3522 3125 3581 Comment.
3158 3526 3217 3583 in
3251 3520 3383 3585 Luc'.
3419 3528 3510 3585 lib.
3541 3546 3623 3595 v1,
3643 3546 3793 3587 num.

2268 3592 2337 3648 65
2364 3592 2412 3647 et
2438 3592 2528 3661 58,
2552 3592 2647 3648 nec
2674 3600 2846 3650 tamen
2874 3595 2949 3652 ibi
2974 3597 3203 3657 Martha:
3235 3598 3493 3656 meminit.

2271 3699 2501 3759 CAPUT
2541 3702 2833 3761 PRIMUM.
2888 3736 2959 3747 —
3012 3706 3063 3762 1.
3112 3706 3316 3763 Mirum
3350 3708 3486 3765 satis
3512 3718 3619 3780 est,
3664 3709 3799 3768 dile-

2198 3788 2433 3846 ctissimi
2461 3791 2676 3861 fratres,
2725 3793 2872 3867 quod
2919 3795 2979 3851 in
3024 3794 3132 3854 hoc
3167 3796 3411 3871 capitulo
3460 3799 3799 3872 sapientissi-

2200 3896 2323 3936 mus
2361 3881 2612 3937 omnium
2648 3882 2939 3941 hominum
2986 3887 3247 3944 Salomon
3289 3886 3559 3962 propheta
3601 3906 3799 3963 propo-

2199 3969 2311 4025 suit
2336 3971 2444 4027 tria
2478 3972 2845 4045 impossibilia
2890 3992 3024 4047 esse,
3074 3994 3195 4051 qua
3248 3977 3388 4035 scire
3435 3996 3549 4037 non
3593 3988 3797 4054 posset,

2198 4064 2338 4123 451
2383 4069 2636 4134 quartum
2682 4063 2863 4123 adhuc
2892 4082 3006 4125 esse
3043 4067 3191 4140 quod
3233 4084 3345 4125 non
3388 4069 3599 4127 valeret
3636 4087 3799 4145 agno-

2201 4175 2377 4216 scere:
2448 4185 2466 4208 ι
2496 4160 2742 4235 Vestigia
2793 4163 2991 4236 aquilae
3039 4165 3299 4235 volantis,
3356 4167 3475 4224 vias
3530 4168 3802 4243 serpentis

2200 4267 2364 4323 super
2394 4257 2625 4323 petram,
2672 4258 2726 4307 et
2758 4251 2983 4309 semitas
3010 4252 3171 4309 navis
3200 4254 3535 4328 navigantis,
3590 4264 3647 4313 et
3683 4257 3802 4315 viss

2200 4339 2309 4396 viri
2343 4339 2401 4395 in
2424 4339 2715 4412 juventute
2748 4341 2936 4413 (Prov.
2969 4358 3109 4411 xxx,
3146 4342 3259 4415 19).
3291 4368 3309 4392 ι
3353 4343 3481 4401 Haec
3508 4362 3568 4402 se
3590 4345 3801 4404 nescire

2200 4438 2432 4487 testatur
2488 4431 2583 4487 ille
2642 4431 2910 4504 propheta
2952 4431 3233 4505 Salomon,
3292 4435 3388 4508 qui
3440 4442 3504 4492 ut
3556 4436 3800 4509 primum

498 4522 646 4595 quod
677 4522 879 4580 sentire
910 4525 1221 4582 conciditus
1262 4525 1478 4593 dicam;
1525 4526 1702 4584 Adam
1746 4526 1855 4583 nisi
1886 4543 2089 4599 carpo.
2117 4534 2165 4593 D
2201 4522 2489 4579 transactis
2520 4520 2769 4578 infantiae
2801 4522 3152 4593 rudimentis,
3176 4542 3349 4582 annos
3364 4523 3683 4597 jnventutis
3706 4526 3802 4583 in-

500 4612 690 4668 raliter
718 4611 1004 4671 cecidisset
1025 4657 1041 4682 ,
1074 4613 1327 4671 Christus
1355 4632 1456 4672 nos
1483 4615 1541 4670 in
1580 4615 1685 4672 ista
1704 4616 1819 4672 vita
1837 4632 1949 4673 non
1970 4616 2095 4690 spi-

503 4702 743 4760 ritaliter
770 4703 1034 4761 suscitare
1064 4702 1366 4761 debuisset.

572 4792 625 4849 4.
638 4792 695 4850 '0
715 4802 1180 4851 sacramentorum
1200 4796 1527 4865 maximum,
1544 4801 1606 4851 ut
1622 4793 1888 4864 diximus,
1913 4792 2097 4850 Mariae

504 4884 855 4957 mysterium,
875 4902 907 4941 o
929 4886 1245 4943 conclusam
1269 4886 1581 4959 perfidis,et
1600 4887 1946 4944 manifestam
1968 4884 2097 4941 ﬁde«

504 4960 652 5031 libus
663 4973 1376 5046 disciplinamllmmortalis
1392 4977 1679 5032 mortalem
1694 4975 2097 5049 aediﬁcat,mor-

503 5063 633 5119 talis
659 5063 804 5137 parit
833 5063 1200 5121 immortalem
1228 5083 1241 5132 ;
1267 5064 1629 5138 incorporalis
1648 5072 1794 5121 terra
1819 5061 2099 5120 concludi-

503 5160 618 5221 tur,
633 5152 936 5226 corporalis
950 5155 1118 5213 caalo:
1142 5156 1288 5211 Deus
1308 5153 1472 5210 homo
1490 5153 1748 5219 eﬂicitur,
1763 5152 1856 5209 sed
1873 5150 2098 5209 exhibe-

504 5250 597 5300 tur
622 5244 802 5313 Deus;
835 5252 891 5301 et
919 5244 1025 5303 hoc
1056 5253 1238 5304 totum
1278 5261 1375 5319 per
1420 5245 1598 5301 Adam
1625 5241 2012 5312 committitur,
2046 5248 2101 5298 et

505 5334 721 5392 lavatur
749 5352 844 5410 per
863 5324 1113 5395 Mariam.
1148 5335 1295 5407 Ergo
1333 5333 1471 5390 felix
1496 5335 1635 5402 Eva,
1665 5349 1762 5406 per
1790 5349 1950 5406 quam
1975 5332 2101 5390 data

503 5432 585 5480 est
613 5425 865 5482 occasio:
927 5426 1042 5482 imo
1089 5423 1227 5479 felix
1271 5422 1463 5489 Maria,
1518 5438 1616 5495 per
1670 5438 1835 5495 quam
1890 5422 2101 5480 tributa

502 5522 586 5571 est
613 5515 827 5572 curatio
852 5533 863 5570 :
900 5514 1037 5571 felix
1064 5515 1201 5583 Eva,
1232 5529 1329 5586 per
1349 5528 1514 5585 quam
1545 5518 1708 5568 natus
1726 5520 1809 5569 est
1827 5514 2095 5585 populus;

503 5603 720 5661 felicior
755 5604 948 5674 Maria,
989 5620 1086 5677 per
1129 5619 1292 5677 quam
1344 5612 1506 5661 natus
1552 5611 1634 5660 est
1676 5600 1950 5661 Christus.
1981 5602 2101 5677 Igi-

501 5694 597 5748 tur
623 5693 793 5752 altera
829 5694 1048 5766 melior,
1080 5694 1195 5753 imo
1238 5701 1294 5753 et
1350 5694 1601 5769 gloriosae
1649 5700 1917 5769 utrmque,
1969 5692 2103 5769 quis

2202 4630 2416 4685 gressus
2455 4620 2556 4683 est,
2614 4614 2672 4669 in
2717 4613 2917 4688 quibus
2963 4616 3142 4687 posita
3184 4616 3366 4674 adhuc
3412 4617 3633 4675 infirma
3670 4626 3803 4675 atas

2206 4719 2368 4776 quem
2419 4720 2640 4760 cursum
2697 4703 2827 4760 vitae
2875 4704 3101 4779 deligat,
3158 4715 3320 4765 nutat
3367 4707 3616 4776 incerta;
3651 4707 3801 4765 nihil

2206 4791 2358 4849 aliud
2387 4809 2418 4847 a
2471 4794 2606 4861 Deo,
2665 4808 2828 4866 quam
2886 4795 3210 4868 sapientiam
3268 4795 3610 4871 postulavit:
3658 4797 3804 4853 inter

2208 4881 2344 4954 ipsa,
2376 4888 2439 4937 ut
2467 4880 2611 4949 dixi,
2662 4881 2789 4938 vitae
2820 4890 3159 4942 tentamenta
3180 4884 3297 4958 jam
3328 4885 3564 4959 sapiens,
3617 4883 3715 4959 qui
3743 4883 3804 4941 in

2206 4969 2514 5028 delectione
2543 4988 2749 5042 rerum,
2779 4973 2928 5047 quod
2954 4975 3214 5032 omnibus
3243 4976 3481 5049 praeiret,
3505 4975 3694 5048 elegit.
3714 4973 3804 5032 Sic

2206 5060 2355 5118 enim
2393 5060 2507 5134 ipse
2537 5061 2595 5117 in
2628 5060 2771 5119 libro
2799 5063 3093 5136 Sapientiae
3122 5081 3233 5123 suae
3267 5081 3326 5122 se
3354 5063 3656 5122 Dominum
3688 5078 3802 5121 om-

2208 5149 2551 5223 nipotentem
2583 5153 2933 5224 deprecatum
2963 5152 3132 5210 fuisse
3164 5161 3593 5213 commemorat:
3666 5178 3684 5203 ι
3724 5152 3804 5212 Ds

2207 5238 2369 5310 mihi,
2384 5239 2584 5314 inquit,
2617 5240 2828 5297 sedium
2861 5244 3080 5299 tuarum
3112 5242 3445 5300 assistricem
3475 5240 3800 5317 sapientiam

2210 5329 2365 5401 (Sap.
2399 5346 2477 5398 Ix,
2510 5328 2591 5400 4),
2624 5354 2644 5377 ι
2700 5339 2762 5387 ut
2792 5329 2959 5389 sciam
2996 5331 3418 5406 dispositionem
3458 5329 3612 5387 orbis
3640 5336 3805 5387 terra-

2207 5436 2351 5488 rum,
2384 5420 2620 5478 virtutes
2647 5422 3070 5493 elementorum,
3118 5423 3345 5481 initium
3377 5429 3435 5480 et
3458 5436 3805 5480 consumma-

2207 5511 2414 5568 tionem
2444 5519 2501 5569 et
2546 5512 2892 5571 medietatem
2948 5514 3200 5570 omnium
3233 5528 3442 5582 rerum,
3500 5509 3808 5569 divisiones

2208 5612 2262 5661 et
2291 5603 2627 5663 mutationes
2650 5613 2994 5681 temporum,
3009 5605 3143 5667 anni
3170 5621 3387 5675 cursus,
3413 5601 3808 5685 et

2207 5709 2306 5754 nes
2333 5694 2642 5767 stellarum,
2701 5700 2935 5755 naturas
2958 5692 3309 5767 animalium,
3365 5700 3421 5753 et
3467 5686 3583 5753 iras
3604 5688 3808 5750 m-
