4068 6188
264 328 358 384 717

1085 322 1465 382 SERMONES
1506 323 1562 380 S.
1606 321 1965 381 AMBROSIO
2004 321 2373 380 HACTENUS
2410 322 2747 381 ASCRIPTI.

3461 325 3565 401 718

259 467 394 519 rum,
426 451 538 506 vim
570 458 884 519 ventorum,
913 456 968 506 et
995 449 1356 522 cogitationes
1393 448 1704 515 hominum,
1735 447 1840 504 dif-
1874 456 1925 516 Α
1955 447 2174 519 fratres,
2209 448 2398 522 potuit,
2420 451 2526 508 ista
2554 465 2882 523 cognoscere
2903 451 2931 507 ?
2968 451 3136 519 Quasi
3181 467 3314 508 vero
3357 452 3431 508 sit
3472 454 3568 510 fa-

260 538 507 595 ferentias
555 539 836 608 arborum,
871 547 926 595 et
949 539 1183 596 virtutes
1213 539 1462 596 radicum
1491 557 1502 594 :
1552 563 1570 588 ε
1601 538 1852 594 omnium

255 629 396 684 enim
427 628 648 697 artifex,
677 629 774 698 ait,
793 629 982 686 docuit
1001 647 1087 686 me
1107 629 1546 703 Sapientia(Sap.
1571 647 1674 697 vn,
1697 628 1843 700 21).)

254 721 323 775 Et
344 719 477 776 alibi
508 720 624 792 ipse
652 720 709 776 in
740 721 932 777 eodem
963 721 1144 777 libro:
1201 743 1220 767 ι
1252 719 1537 788 Invocavi,
1569 717 1776 792 inquit,
1805 723 1858 774 et

255 809 406 866 venit
425 809 484 864 in
519 826 606 866 me
635 810 863 883 spiritus
892 810 1177 884 sapientiae
1208 809 1364 882 (Sap.
1391 826 1492 878 vn,
1532 809 1610 881 7).
1646 834 1663 856 ι

277 916 286 920 '
322 908 376 964 2.
407 909 479 964 Et
508 909 641 982 quid
670 918 770 979 est,
808 909 1156 966 dilectissimi
1185 909 1403 980 fratres,
1440 908 1589 983 quod
1620 916 1728 964 tam
1762 908 1860 964 lo-

253 998 442 1069 cuples
486 1014 762 1070 possessor
809 999 1093 1070 sapientiae
1145 998 1430 1063 Salomon,
1489 1014 1615 1054 cum
1674 998 1862 1052 omnia

255 1087 622 1158 cognovisset,
667 1105 787 1160 quae
815 1088 872 1143 in
904 1089 1122 1146 arcanis
1169 1089 1482 1169 abditarum
1532 1087 1863 1160 dispositio—

255 1193 391 1232 num
454 1177 782 1234 tenebantur
831 1177 1113 1247 absconsa,
1174 1178 1291 1234 haec
1341 1177 1446 1233 sibi
1496 1177 1866 1249 impossibilia

257 1282 374 1323 esse
415 1267 758 1341 praetendit?
787 1269 1000 1342 Quippe
1039 1269 1134 1342 qui
1161 1285 1192 1324 a
1229 1271 1342 1325 Deo
1371 1274 1511 1324 esset
1540 1267 1863 1339 sapientiam

254 1367 585 1414 consecutus
616 1401 633 1426 ,
695 1357 788 1430 qui
846 1367 1074 1414 noverat
1132 1357 1425 1414 mundanas
1481 1355 1866 1428 dispositionis

256 1445 573 1516 introitum,
619 1447 856 1520 qualiter
902 1455 1045 1504 esset
1098 1447 1204 1504 hoc
1245 1448 1448 1504 cmlum
1495 1463 1659 1503 omne
1717 1444 1867 1519 quod

255 1536 558 1606 cernimus,
604 1536 774 1592 ardua
819 1536 1160 1592 sublimitate
1205 1552 1556 1609 suspensum,
1599 1533 1866 1608 quemad-

257 1628 486 1685 modum
547 1627 703 1684 fieret
753 1627 894 1684 aeris
948 1626 1109 1683 istius
1164 1626 1554 1699 circumjectus
1606 1634 1660 1682 et
1714 1625 1870 1681 fusus

256 1733 415 1790 aequo
447 1717 824 1772 moderamine
853 1716 1086 1772 libratus
1116 1715 1175 1771 in
1214 1715 1418 1785 medio,
1449 1715 1655 1788 quibus
1685 1711 1870 1770 modis

1963 539 2068 596 cile
2105 546 2166 594 ut
2213 556 2474 613 suspensa
2523 539 2706 613 aquila
2760 539 2820 596 in
2886 539 3060 597 altum
3119 540 3283 598 celeri
3330 541 3570 599 elatione

1965 645 2290 701 pennarum,
2341 631 2566 703 plausus
2603 629 2688 686 sui
2721 637 2774 686 et
2809 631 2994 703 lapsus
3024 629 3254 701 vestigia
3280 631 3573 690 manifesta

1966 719 2287 788 constituat,
2315 727 2410 776 aut
2439 719 2586 775 viam
2619 719 2799 792 signet
2828 719 2885 775 in
2919 736 3115 790 vacuo,
3164 727 3218 775 et
3251 718 3454 775 lineam
3483 721 3573 777 sui

1967 812 2187 866 volatus
2242 810 2428 881 ducat,
2477 811 2715 884 ﬁgatque
2751 810 2811 866 in
2860 809 3125 883 liquido?
3173 809 3308 878 Quis
3351 825 3574 867 cursum

1969 901 2128 956 navis
2157 901 2531 974 deprehendat
2556 903 2615 958 in
2644 901 2906 958 ﬂuctibus
2928 901 2956 958 7
2987 901 3111 975 quis
3139 901 3408 959 indicium
3435 899 3572 973 ejus,

1971 1006 2065 1062 per
2117 1007 2254 1064 quos
2301 1006 2518 1062 aggeres
2568 999 2622 1047 et
2690 991 2897 1046 limites
2960 990 3188 1061 feratur,
3249 989 3578 1064 intelligat?

1971 1079 2174 1138 Crebra
2199 1095 2412 1152 semper
2442 1088 2495 1135 et
2524 1080 2776 1154 inquieta
2805 1081 3057 1151 mutatio,
3100 1099 3228 1140 cum
3269 1081 3434 1138 undis
3482 1098 3579 1139 se-

1971 1169 2260 1244 quacibus,
2292 1178 2387 1228 aut
2415 1170 2672 1228 obruitur
2705 1172 2851 1245 quod
2898 1175 3196 1245 praecessit,
3242 1181 3337 1230 aut
3384 1173 3582 1246 oppri-

1975 1259 2148 1314 mitur
2198 1259 2349 1332 quod
2396 1267 2644 1316 secutum
2703 1268 2803 1317 est.
2855 1261 2991 1330 Quis
3036 1262 3095 1318 in
3153 1269 3306 1335 petra
3363 1261 3581 1336 signum

1975 1349 2201 1423 aliquod
2230 1350 2501 1423 serpentis
2531 1349 2776 1424 agnovit,
2810 1367 2935 1408 cum
2978 1358 3033 1408 et
3076 1350 3306 1408 materia
3343 1350 3416 1408 sit
3443 1352 3583 1408 dura

1975 1454 2258 1508 saxorum,
2289 1446 2343 1495 et
2369 1438 2581 1496 lubrica
2623 1447 2820 1496 natura
2859 1448 3178 1514 serpentum
3201 1440 3230 1498 ?
3277 1442 3390 1498 Aut
3436 1457 3587 1516 quo-

1978 1527 2143 1585 modo
2187 1535 2420 1600 possunt
2469 1528 2575 1585 viae
2623 1529 2733 1585 viri
2771 1529 2831 1586 in
2859 1528 3154 1602 juventute
3183 1529 3456 1605 cognosci,
3480 1524 3586 1605 qui

1976 1617 2126 1676 unde
2154 1619 2360 1689 veniat,
2404 1625 2458 1677 et
2497 1636 2606 1694 quo
2654 1628 2760 1692 eat,
2820 1639 2932 1679 non
2981 1630 3160 1697 potest
3197 1619 3588 1698 deprehendi?

1980 1709 2108 1767 Haec
2153 1717 2282 1766 sunt
2340 1726 2461 1784 quas
2518 1711 2962 1784 sapientissimus
3011 1713 3270 1771 Salomon
3322 1713 3590 1788 propheta

257 1807 417 1880 pigro
457 1807 526 1862 ad
566 1807 743 1861 imum
796 1805 1009 1877 dilapsa
1059 1805 1300 1877 pondere
1337 1813 1483 1861 terra
1526 1802 1871 1871 subsisteret,
1900 1825 1947 1886 Β
1981 1799 2128 1857 dixit
2155 1816 2212 1856 se
2244 1817 2357 1857 non
2385 1805 2532 1863 452
2561 1817 2719 1874 posse
2746 1818 3092 1875 cognoscere.
3142 1803 3302 1861 Nunc
3345 1819 3474 1878 ergo
3521 1804 3591 1864 de

257 1911 369 1969 qua
400 1895 616 1951 ratione
659 1895 804 1949 intra
841 1904 1016 1951 certas
1059 1894 1308 1949 littorum
1339 1899 1510 1949 metas
1542 1891 1737 1965 liquidi
1769 1891 1874 1948 ele-

259 1983 441 2040 menti
509 1983 801 2055 impatiens
859 1981 1060 2038 ﬂuctus
1112 1983 1295 2055 lapsus
1349 1989 1661 2038 exaestuet:
1727 1982 1875 2056 quod

262 2072 607 2148 principium
638 2089 844 2141 rerum,
877 2073 1002 2145 quis
1028 2071 1178 2142 ﬁnis,
1209 2081 1262 2128 et
1289 2089 1409 2146 quae
1448 2079 1628 2129 essent
1669 2071 1870 2131 media.

261 2165 442 2234 Quem
482 2165 682 2221 iterum
734 2163 1037 2220 divisiones
1083 2172 1136 2220 et
1183 2164 1518 2221 mutationes
1566 2171 1872 2237 temporum

260 2269 376 2312 non
441 2253 723 2322 latebant,
781 2253 875 2327 qui
931 2253 1421 2326 comprehenderat
1474 2254 1712 2325 qualiter
1765 2253 1872 2310 sibi

257 2359 541 2400 annorum
574 2349 768 2399 mutua
795 2341 1146 2411 vicissitudo,
1187 2342 1450 2400 redeunte
1484 2343 1636 2412 orbe,
1676 2360 1874 2400 succe-

257 2433 440 2502 deret,
494 2450 602 2507 qua
647 2449 810 2490 causa
857 2434 1040 2488 varios
1091 2433 1373 2490 stellarum
1423 2441 1606 2506 ageret
1657 2451 1870 2502 cursus,

257 2523 632 2597 praecedendo
687 2538 743 2578 se
797 2538 1218 2595 nonnunquam,
1279 2530 1372 2579 aut
1434 2523 1619 2579 subito
1673 2524 1874 2580 subse—

258 2613 514 2687 quendo,
544 2610 690 2668 unde
724 2627 912 2667 earum
941 2619 1082 2668 esset
1111 2618 1266 2668 ortus
1295 2619 1390 2668 aut
1418 2611 1621 2681 obitus,
1672 2619 1726 2668 et
1766 2612 1874 2669 alia

261 2705 469 2772 multa,
501 2720 645 2777 quae,
675 2703 944 2776 sapientia
981 2702 1231 2770 docente,
1273 2710 1623 2776 cognoverat.
1669 2702 1872 2759 Mirum

261 2795 413 2868 quod
447 2793 552 2849 ista
580 2809 700 2867 quae
732 2792 837 2848 sibi
869 2791 1236 2865 impossibilia
1273 2808 1387 2850 esse
1417 2793 1574 2862 dicit,
1611 2801 1706 2850 aut
1734 2794 1874 2850 scire

259 2900 377 2940 non
408 2883 614 2956 potuit,
647 2891 740 2939 aut
766 2883 974 2940 videre.

335 2981 391 3038 3.
427 2981 532 3039 Sed
562 2981 690 3055 quia
719 2981 906 3038 omnia
944 2997 1064 3053 quas
1095 2980 1154 3035 in
1184 2979 1343 3036 libris
1380 2979 1590 3036 divinis
1628 2978 1877 3052 prophe-

259 3078 451 3128 tarum
485 3072 911 3128 annuntiatione
936 3077 1193 3141 congesta
1230 3077 1377 3137 sunt,
1412 3069 1526 3125 suis
1559 3077 1688 3125 sunt
1726 3077 1877 3125 tem-

260 3162 498 3234 poribus
536 3170 828 3227 reservata,
871 3159 1069 3214 merito
1110 3159 1369 3215 Salomon
1417 3168 1542 3216 ante
1573 3160 1874 3219 adventum
1912 3191 1954 3255 Ο

256 3251 497 3308 Domini
553 3250 729 3305 nostri
780 3249 908 3304 Jesu
968 3247 1196 3316 Christi,
1253 3247 1387 3321 quid
1434 3249 1618 3322 aquila
1660 3251 1873 3321 volans,

257 3340 408 3414 quid
440 3355 664 3412 serpens
711 3339 766 3393 in
812 3345 984 3410 petra,
1027 3337 1163 3410 quid
1215 3338 1373 3394 navis
1422 3339 1707 3412 navigans,
1757 3357 1878 3414 quae

253 3429 494 3504 juvenis
523 3429 614 3486 via
663 3429 722 3486 in
759 3428 1054 3502 juventute
1095 3437 1255 3499 esset,
1306 3429 1446 3486 scire
1493 3447 1604 3487 non
1646 3433 1873 3503 potuit:

257 3518 455 3575 adhuc
485 3535 595 3576 non
625 3526 740 3575 erat
767 3527 1005 3592 tempus,
1037 3535 1146 3592 quo
1165 3518 1232 3576 de
1253 3519 1448 3576 umbra
1474 3536 1673 3592 corpus
1697 3521 1876 3595 ﬁeret,

171 3597 174 3599 λ
255 3615 362 3665 aut
390 3609 600 3665 veritas
629 3609 696 3665 de
725 3608 917 3682 ﬁgura.
958 3609 1128 3665 Nobis
1173 3625 1326 3678 vero,
1364 3610 1566 3682 quibus
1605 3610 1878 3689 Dominus

257 3711 460 3760 noster
486 3702 640 3760 Iesus
667 3703 923 3762 Christus
943 3701 1185 3761 ostendit
1226 3702 1374 3778 quod
1417 3703 1603 3760 omnia
1648 3702 1715 3760 de
1757 3703 1877 3777 ipso

255 3800 452 3850 essent
481 3793 540 3850 in
563 3794 678 3867 lege
710 3794 1039 3866 conscripta,
1065 3795 1272 3868 quibus
1301 3793 1447 3850 nihil
1481 3800 1563 3850 est
1593 3795 1876 3852 occultum

255 3883 414 3956 quod
449 3898 562 3940 non
591 3884 902 3953 reveletur;
938 3891 993 3941 et
1031 3893 1382 3959 posteaquam
1409 3883 1686 3956 signatum
1714 3884 1876 3940 illum

255 3982 483 4048 septem
514 3974 713 4048 sigillis
751 3975 956 4032 librum
997 3991 1161 4032 nemo
1203 3976 1342 4032 alter
1388 3974 1570 4047 potuit
1614 3990 1876 4043 reserare,

255 4079 432 4138 quam
473 4062 762 4132 Christus;
797 4064 1123 4137 permissum
1168 4071 1224 4120 et
1257 4063 1539 4120 indultum
1569 4070 1650 4120 est
1695 4063 1876 4133 nobis,

253 4160 319 4209 ut
348 4152 557 4210 omnia
593 4160 649 4209 et
695 4151 882 4209 videre
929 4153 1202 4226 possimus
1247 4161 1302 4209 et
1345 4167 1522 4221 nosse,
1573 4150 1718 4208 sicut
1766 4152 1880 4225 ipse

252 4243 545 4301 Dominus
575 4241 685 4300 ait:
733 4266 753 4291 ι
798 4244 978 4312 Pater,
1018 4243 1286 4302 conﬁteor
1317 4243 1442 4311 tibi,
1483 4243 1613 4318 quia
1643 4242 1882 4299 abscon-

253 4331 393 4390 disti
454 4330 578 4389 haec
630 4347 661 4387 a
706 4332 1069 4405 sapientibus,
1125 4342 1181 4390 et
1232 4332 1489 4389 revelasti
1533 4349 1595 4390 ea
1638 4331 1883 4404 parvulis

256 4423 495 4497 (Matth.
527 4438 606 4491 χι,
637 4421 753 4495 25).
794 4448 814 4472 ›
854 4423 928 4479 Et
954 4423 1192 4479 iterum:
1233 4445 1253 4471 ι
1284 4420 1480 4490 Vobis,
1510 4421 1717 4494 inquit,
1750 4438 1882 4494 pcr-

256 4512 510 4569 missum
541 4520 623 4568 est
667 4511 807 4568 scire
854 4513 1185 4585 mysterium
1224 4511 1331 4570 hoc
1366 4513 1518 4586 (Luc.
1556 4529 1679 4580 vin,
1715 4511 1828 4585 10).
1851 4537 1870 4561 ι

253 4600 395 4667 Quae
428 4599 566 4657 ideo
600 4601 786 4671 retuli,
814 4609 877 4658 ut
905 4619 1018 4658 non
1046 4610 1160 4658 tam
1197 4602 1549 4669 Salomonem
1591 4600 1738 4674 quod
1772 4617 1885 4657 non

257 4690 548 4762 potuisset
610 4690 750 4746 scire
815 4690 1284 4764 reprehenderim,
1338 4707 1504 4766 quam
1567 4689 1715 4764 quod
1774 4705 1887 4746 non

258 4777 475 4835 fuisset
503 4778 786 4850 temporis,
813 4789 875 4837 ut
899 4780 1084 4838 sciret.

337 4879 583 4939 CAPUT
612 4881 681 4936 II.
709 4911 779 4922 —
823 4879 875 4938 4.
930 4881 1040 4938 Sed
1086 4880 1200 4952 jam
1263 4897 1331 4937 ne
1388 4881 1668 4954 proposita
1723 4879 1888 4938 lectio

261 4968 495 5027 diutius
523 4968 828 5039 differatur,
873 4987 1048 5044 pauca
1075 4971 1234 5027 vobis
1262 4987 1384 5044 quae
1421 4972 1498 5026 ita
1528 4972 1587 5027 in
1619 4971 1888 5044 quaestio-

264 5073 400 5114 nem
433 5058 696 5128 veniunt,
725 5059 966 5132 propitio
1016 5061 1129 5116 Deo
1175 5065 1385 5128 nostro,
1429 5059 1666 5132 cogitavi
1709 5077 1890 5133 expo-

265 5163 406 5203 nere
438 5167 451 5204 :
499 5171 517 5196 ε
547 5148 674 5206 Tria
699 5155 849 5219 sunt,
883 5147 1089 5222 inquit,
1116 5147 1483 5220 impossibilia
1534 5149 1673 5204 mihi
1725 5150 1885 5218 scire,

269 5245 327 5293 et
379 5245 644 5310 quartum
701 5237 848 5312 quod
909 5254 1022 5293 non
1081 5253 1388 5310 cognosco:
1422 5237 1654 5310 vestigia
1692 5237 1890 5310 aquilae

271 5325 551 5393 volantis,
595 5335 649 5384 et
685 5327 804 5383 vias
834 5325 1104 5399 serpentis
1132 5341 1296 5398 super
1323 5334 1554 5398 petram,
1587 5336 1641 5384 et
1668 5329 1890 5386 semitas

272 5415 446 5471 navis
474 5415 806 5490 navigantis,
865 5421 920 5472 et
957 5415 1077 5472 vias
1111 5414 1222 5472 viri
1276 5415 1333 5471 in
1373 5414 1666 5487 juventute
1703 5418 1888 5491 (Prov.

275 5519 428 5575 xxx,
463 5504 703 5580 18,19).
752 5527 774 5556 ι
831 5503 967 5574 Quis
1017 5503 1167 5562 enim
1224 5519 1491 5579 unquam,
1544 5505 1890 5566 dilectissimi

357 5692 486 5769 (40)
520 5697 603 5755 Ita
630 5712 762 5755 mss.
793 5703 850 5754 et
892 5694 1052 5766 edit.,
1091 5702 1290 5770 praeter
1326 5696 1485 5756 Rom.
1517 5697 1616 5756 ubi
1644 5697 1880 5771 legitur:

1911 4566 1959 4625 D

1983 1895 2406 1974 singulis'rebus
2436 1898 2557 1956 istis
2583 1898 2717 1974 quid
2747 1900 3020 1970 dicamus,
3051 1900 3258 1958 audite.

2054 1986 2108 2042 5.
2143 1986 2401 2060 Aquilam
2434 1987 2492 2044 in
2521 1987 2628 2045 hoc
2672 1990 2791 2048 loco
2831 1989 3116 2048 Christum
3147 1988 3450 2046 Dominum
3479 2002 3592 2044 no-

1984 2083 2159 2132 strum
2229 2076 2490 2136 debemus
2553 2078 2819 2153 accipere,
2891 2080 2985 2154 qui
3041 2087 3164 2153 post
3220 2078 3590 2137 venerandam

1984 2167 2466 2239 resurrectionem,
2527 2185 2636 2242 qua
2688 2169 2879 2226 docuit
2940 2169 3247 2227 humanum
3304 2185 3474 2241 genus
3527 2167 3588 2225 in

1984 2256 2159 2312 vitam
2193 2257 2372 2314 redire
2399 2274 2559 2330 posse
2598 2267 2721 2333 post
2762 2267 3018 2330 mortem,
3069 2260 3224 2318 velut
3268 2258 3456 2333 aquila
3496 2273 3593 2314 re-

1984 2346 2198 2403 volavit
2253 2348 2322 2404 ad
2381 2348 2619 2420 Patrem,
2678 2350 2918 2424 praedam
2971 2365 3156 2408 secum
3216 2349 3480 2420 referens,
3536 2349 3594 2407 id

1983 2447 2085 2507 est,
2131 2439 2438 2508 hominem,
2475 2459 2638 2516 quem
2676 2452 2930 2517 rapuerat
2960 2443 3027 2500 de
3057 2442 3310 2501 faucibus
3351 2441 3590 2500 inimici.

1985 2529 2111 2586 Haec
2155 2539 2235 2587 est
2263 2532 2467 2604 aquila,
2518 2550 2682 2606 quam
2730 2534 2984 2590 Ezechiel
3037 2533 3307 2606 propheta
3346 2534 3405 2589 in
3439 2533 3595 2590 illam

1985 2619 2419 2692 quadriformem
2450 2622 2634 2678 sedem
2665 2630 2719 2678 et
2759 2621 3058 2679 Cherubim
3088 2621 3292 2678 vidisse
3339 2639 3394 2679 se
3447 2631 3592 2682 retu.

1984 2709 2050 2764 lit
2093 2709 2238 2765 inter
2276 2710 2541 2765 animalia
2574 2727 2694 2782 quae
2743 2712 3040 2784 mysticum
3088 2710 3408 2766 vehiculum
3458 2711 3594 2768 rotis

1979 2797 2175 2869 juncta
2207 2798 2536 2871 portabant;
2569 2817 2740 2856 unum
2773 2799 2922 2855 enim
2955 2799 3158 2856 animal
3187 2799 3368 2857 simile
3400 2802 3587 2873 vituli,

1985 2887 2139 2942 aliud
2194 2887 2403 2957 leonis,
2460 2888 2687 2945 tertium
2747 2889 3030 2960 hominis,
3081 2900 3338 2964 quartum
3393 2892 3592 2965 aquila

1987 2976 2205 3047 (Ezech.
2236 2993 2275 3045 ι,
2312 2976 2426 3049 10),
2460 2977 2603 3034 sicut
2651 2977 2711 3034 in
2766 2979 3101 3052 Apocalypsi
3136 2979 3372 3038 Joannes
3407 2997 3464 3037 se
3503 2981 3592 3038 vi-

1985 3063 2131 3120 disse
2154 3066 2502 3138 conscripsit.
2549 3091 2566 3116 ι
2599 3068 2868 3138 Primum,
2912 3069 3114 3143 inquit,
3156 3071 3361 3126 animal
3409 3071 3591 3127 simile

1986 3155 2174 3226 vituli,
2199 3158 2504 3215 secundum
2538 3159 2732 3230 leonis,
2775 3160 3000 3218 tertium
3030 3161 3295 3231 hominis,
3331 3171 3386 3220 et
3416 3180 3592 3237 quar—

1989 3252 2109 3302 tum
2138 3247 2337 3320 aquilas
2379 3249 2567 3320 (Apoc.
2602 3267 2681 3318 IV,
2716 3250 2792 3321 7).
2837 3275 2857 3300 ι
2905 3250 3010 3306 Sed
3039 3251 3107 3307 de
3136 3251 3241 3308 hac
3265 3253 3591 3310 animalium

1991 3335 2302 3407 aequalitate
2331 3338 2470 3393 alter
2500 3336 2654 3396 locus
2685 3337 2802 3412 (40)
2848 3338 2916 3394 ad
2946 3340 3293 3397 tractandum
3333 3357 3593 3398 necessa-

1991 3424 2107 3480 rius
2155 3433 2255 3483 est.
2307 3425 2470 3486 Nunc
2525 3427 2748 3485 interim
2803 3427 2953 3502 quod
3008 3428 3294 3503 coepimus,
3341 3430 3595 3504 explice-

1991 3530 2134 3571 mus.

2060 3605 2141 3665 δ’.
2178 3606 2308 3664 Haec
2337 3613 2418 3663 est
2448 3607 2652 3680 aquila,
2685 3607 2753 3665 de
2785 3624 2893 3682 qua
2919 3609 3183 3683 scriptum
3215 3618 3328 3671 est:
3377 3635 3396 3662 ι
3445 3613 3610 3685 δίοιιε

1989 3695 2174 3769 aquila
2210 3697 2348 3769 tegit
2405 3697 2602 3756 nidum
2653 3715 2816 3757 suum
2874 3701 3054 3774 (Deut.
3087 3718 3270 3774 χχχιι,
3305 3704 3420 3777 11),
3468 3730 3488 3756 ι
3542 3707 3602 3765 id

1990 3793 2092 3854 est,
2140 3784 2396 3843 Christus
2441 3787 2767 3846 Ecclesiam.
2815 3789 2889 3846 Et
2928 3789 3130 3852 iterum
3177 3793 3405 3868 inquit:
3460 3818 3481 3844 ι
3533 3797 3597 3852 In

1992 3875 2189 3932 umbra
2229 3877 2441 3934 alarum
2472 3887 2692 3936 tuarum
2735 3880 2966 3954 sperabo
2998 3883 3171 3956 (Psal.
3205 3901 3317 3953 LVI,
3355 3884 3436 3957 2).
3465 3909 3484 3935 ι
3527 3887 3602 3944 Et

1994 3962 2194 4021 iterum
2230 3982 2242 4022 :
2286 3992 2305 4016 ι
2344 3969 2722 4028 Renovabitur
2764 3973 2910 4031 sicut
2952 3976 3152 4048 aquilae
3190 3974 3460 4047 juventus
3505 3985 3602 4033 tua

1995 4054 2170 4140 (Ρεᾳι.
2201 4073 2294 4128 cu,
2324 4058 2405 4130 5).
2440 4085 2459 4110 ι
2500 4062 2638 4118 Nam
2665 4070 2726 4120 ut
2753 4064 2937 4138 aquila
2965 4068 3182 4133 colona,
3205 4065 3360 4138 quasi
3388 4065 3466 4121 ita
3486 4082 3600 4123 ma-

1993 4157 2076 4208 ter
2105 4151 2224 4210 nidi
2254 4170 2468 4228 semper
2503 4159 2671 4215 unius
2711 4168 2813 4228 est,
2849 4175 2949 4216 nec
2978 4159 3046 4215 ad
3077 4157 3469 4230 procreandam
3515 4175 3600 4215 so-

1993 4240 2176 4297 bolem
2234 4243 2388 4300 aliud
2434 4246 2732 4319 aliquando
2788 4247 2973 4303 cubile
3019 4247 3308 4320 perquirit,
3365 4253 3420 4304 et
3470 4263 3598 4305 cum

1995 4330 2236 4402 primum
2279 4333 2476 4390 calidis
2516 4335 2640 4391 ovis
2667 4342 2886 4392 maturo
2915 4343 3041 4392 ortu
3069 4336 3212 4392 fetus
3241 4337 3488 4410 eruperit
3515 4337 3597 4394 in-

1996 4420 2187 4490 terior,
2219 4421 2400 4494 pullos
2428 4423 2614 4480 educit
2654 4423 2970 4498 implumes,
3019 4425 3120 4483 hos
3163 4433 3357 4483 contra
3399 4427 3597 4485 faciem

1998 4510 2200 4566 fervidi
2249 4511 2381 4568 solis
2412 4514 2662 4585 opponit,
2711 4521 2765 4570 et
2817 4515 2911 4588 qui
2952 4532 3152 4590 aegram
3194 4525 3248 4573 et
3293 4516 3597 4574 invalidam

1998 4617 2227 4659 corusco
2256 4602 2538 4659 radiorum
2568 4605 2801 4678 appulsu
2831 4607 3005 4664 aciem
3051 4605 3371 4663 submiserit
3412 4608 3599 4667 oculo-

1997 4709 2144 4759 rum,
2173 4700 2423 4751 materno
2447 4694 2742 4755 damnatus
2774 4697 3026 4768 arbitrio,
3051 4707 3106 4756 et
3133 4715 3166 4758 a
3202 4699 3437 4758 fratrum
3467 4716 3598 4757 con-

1997 4783 2168 4839 sortio
2199 4791 2482 4856 separatus
2512 4783 2771 4857 dejicitur
2808 4786 2868 4842 in
2912 4795 3136 4846 terram.
3177 4789 3250 4846 Et
3293 4789 3438 4847 sicut
3479 4788 3600 4846 avis

1997 4873 2105 4930 ista
2134 4872 2362 4930 inimica
2391 4883 2706 4947 serpentum
2735 4884 2836 4946 est,
2869 4893 3006 4951 quos
3033 4878 3166 4935 dum
3211 4879 3271 4935 in
3326 4895 3450 4936 aere
3491 4879 3599 4936 ala-

1999 4979 2122 5020 rum
2178 4963 2409 5036 remigio
2464 4962 2840 5022 subvectando
2884 4975 3194 5041 supportat,
3241 4967 3343 5024 hos
3381 4967 3598 5024 obunco

1997 5061 2197 5122 rostro,
2229 5063 2284 5110 et
2309 5053 2535 5111 armatis
2581 5053 2737 5127 quasi
2792 5055 3124 5128 quibusdam
3173 5056 3320 5126 telis,
3368 5055 3601 5130 pedibus

1998 5145 2112 5201 suis
2161 5143 2362 5200 lacerat
2388 5159 2451 5200 ac
2477 5143 2735 5213 divellit;
2773 5162 2911 5220 quos
2956 5163 3081 5204 cum
3122 5145 3371 5215 devorat,
3418 5145 3598 5203 calore

1998 5251 2097 5291 suo
2122 5235 2341 5290 interno
2371 5233 2604 5290 noxium
2632 5233 2774 5291 illud
2803 5237 2954 5293 virus
2981 5236 3323 5309 exstinguit:
3357 5235 3434 5291 ita
3470 5250 3598 5306 ergo

1999 5332 2053 5382 et
2103 5323 2356 5382 Christus
2408 5323 2680 5382 Dominus
2725 5341 2892 5382 unam
2929 5326 3115 5399 diligit
3159 5324 3485 5390 Ecclesiam,
3535 5329 3599 5380 ut

2000 5414 2184 5490 aquila
2219 5413 2412 5471 nidum
2453 5431 2612 5471 suum
2636 5432 2652 5483 ;
2703 5431 2866 5489 quam
2895 5415 2964 5472 ab
2990 5422 3126 5472 aestu
3154 5412 3598 5488 persecutionum

1999 5507 2213 5563 alarum
2259 5523 2485 5564 suarum
2541 5506 2790 5564 defendit
2847 5506 3209 5565 umbraculo:
3260 5504 3341 5562 sic
3379 5519 3598 5580 quoque

2003 5702 2102 5760 Sed
2124 5703 2186 5759 de
2213 5705 2402 5762 horum
2425 5705 2741 5763 animalium
2765 5705 3021 5777 qualitate
3047 5703 3186 5762 alter
3224 5705 3387 5777 locus,
3416 5711 3523 5768 etc.
