4068 6188
485 218 584 275 719

479 428 699 484 ﬁrmum
726 435 826 496 est,
857 427 952 500 qui
981 427 1194 499 igneam
1234 427 1658 500 Evangeliorum
1706 428 1881 484 lucem
1922 429 2078 484 vitiis

478 518 832 575 saecularibus
859 516 1134 590 inquinati
1166 517 1306 572 ferre
1337 534 1447 573 non
1481 526 1728 589 possunt.

550 609 602 665 6.
631 609 700 662 Et
729 615 790 662 ut
815 607 1000 679 aquila
1030 614 1307 679 serpentes
1335 608 1580 669 devorat.
1609 615 1662 664 et
1691 624 1877 662 eorum
1919 624 2077 664 vene-

478 713 548 752 na
577 697 756 753 calore
785 697 973 768 coquit
1007 696 1246 765 interno,
1284 697 1359 752 ita
1405 707 1459 754 et
1507 697 1759 753 Christus
1808 697 2079 752 Dominus

477 795 684 856 noster,
719 803 974 859 percusso
1004 787 1261 854 dracone,
1303 786 1358 841 id
1403 797 1504 854 est,
1549 787 1770 842 diabolo
1821 787 2075 855 lacerato,

479 876 625 948 quod
689 876 992 930 humanum
1057 876 1164 931 sibi
1216 892 1416 947 corpus
1480 876 1731 944 assumit,
1794 884 2074 948 peccatum

426 969 436 974 ’
477 967 618 1022 illud
658 965 804 1039 quod
847 964 1128 1020 hominem
1175 965 1394 1020 tenebat
1442 965 1766 1032 obnoxium,
1816 972 2074 1037 tanquam

476 1055 851 1130 perniciosum
891 1054 1047 1110 virus
1094 1052 1379 1119 exstinxit,
1429 1053 1571 1110 sicut
1618 1055 1914 1126 Apostolus
1961 1055 2074 1110 ait:

495 1169 513 1194 ι
540 1147 612 1200 Et
641 1145 708 1200 de
739 1151 959 1216 peccato
1005 1141 1290 1198 damnavit
1335 1150 1618 1213 peccatum
1669 1144 1725 1198 in
1773 1159 1934 1198 carne
1985 1159 2081 1199 sua

481 1234 657 1306 (Rom.
691 1249 814 1298 VIII,
848 1231 904 1302 3)
932 1249 944 1297 ;
980 1256 998 1279 ι
1040 1238 1094 1286 et
1121 1230 1292 1285 alibi:
1341 1255 1358 1277 ‹
1390 1231 1494 1298 Qui
1527 1249 1652 1288 cum
1680 1239 1930 1304 peccator
1969 1247 2080 1286 non

478 1329 636 1390 esset,
682 1337 778 1392 pro
827 1319 986 1375 nobis
1033 1329 1315 1392 peccatum
1365 1319 1499 1377 fecit
1533 1322 1622 1393 (II
1653 1323 1777 1378 Cor.
1815 1341 1867 1391 v,
1900 1322 2019 1392 2i).
2049 1347 2067 1370 ι

478 1412 563 1469 Ad
589 1412 694 1467 hoc
723 1427 938 1484 quoque
976 1411 1196 1484 Moyses
1226 1421 1530 1484 serpentem
1567 1430 1780 1469 aeneum
1812 1412 1869 1468 in
1898 1429 2080 1469 eremo

478 1500 764 1574 suspendit
815 1501 874 1556 in
922 1500 1092 1572 ligno,
1144 1502 1239 1574 qui
1287 1503 1540 1574 proprius
1586 1510 1700 1558 erat
1738 1510 1903 1573 typus
1949 1518 2083 1557 cor-

478 1592 629 1664 poris
683 1589 916 1658 Christi,
946 1596 1009 1645 ut
1038 1591 1354 1661 quicunque
1385 1590 1442 1644 in
1472 1605 1596 1644 eum
1638 1591 1921 1661 aspiceret,
1970 1606 2080 1645 non

1483 218 1580 273 AD
1615 216 1849 274 OPERA
1885 215 1943 272 S.
1983 212 2318 272 AMBROSII
2354 211 2739 268 APPENDIX.

477 349 634 398 extra
660 340 960 397 Ecclesiam
1000 340 1240 413 projicit,
1273 340 1331 395 in
1361 340 1561 412 quibus
1599 340 1726 396 ﬁdei
1767 342 1952 396 lumen
1984 343 2040 396 in
2103 345 2153 402 A
2181 339 2306 412 gelii
2338 339 2687 407 suavitatem,
2739 345 2834 395 aut
2882 336 3153 409 Spiritum
3204 343 3461 394 sanctum
3500 350 3597 409 per
3645 334 3790 392 chri-
3822 338 3877 355 "

3687 208 3792 266 720

2187 429 2376 485 smatis
2408 428 2748 485 unctionem.
2796 428 2867 483 Et
2912 425 3047 482 alibi
3099 424 3213 482 ait:
3271 451 3290 474 ι
3336 423 3536 481 Beatus
3572 425 3670 498 qui
3715 432 3794 482 te-

2187 528 2300 587 net,
2366 527 2421 574 et
2483 517 2675 574 allidet
2737 516 2976 572 infantes
3045 522 3169 570 tuos
3224 513 3294 571 ad
3346 523 3555 586 petram
3613 513 3789 583 (Psal.

2188 624 2418 675 cxxxvr,
2451 608 2509 678 9)
2537 624 2547 662 :
2580 631 2599 655 ι
2640 605 2787 678 quod
2819 604 3011 677 utique
3041 604 3098 660 in
3131 603 3403 676 religiosis
3433 602 3792 674 parricidium

2189 705 2324 765 erat,
2369 697 2416 753 si
2472 703 2625 768 petra
2677 696 2783 751 ista
2842 695 3075 766 ﬁguram
3138 693 3347 751 Christi
3401 693 3647 766 corporis
3681 709 3793 751 non

2186 784 2433 842 haberet.
2468 786 2642 841 Nemo
2682 783 2829 840 enim
2870 783 3060 839 beatus
3109 783 3168 838 in
3214 783 3407 838 funere
3452 791 3552 852 est,
3587 783 3681 856 qui
3712 784 3794 840 in-

2191 875 2367 929 fantes
2395 891 2524 928 suos
2552 872 2736 928 allidit
2767 872 2835 928 ad
2875 879 3087 943 petram
3119 888 3129 925 :
3169 870 3262 927 sed
3301 871 3424 926 ideo
3465 871 3659 928 beatus
3691 880 3789 940 est,

2190 963 2337 1036 quod
2363 963 2488 1019 illos
2517 962 2806 1034 conjungit
2835 961 2902 1016 ad
2931 968 3164 1033 petram.

2260 1053 2314 1109 9.
2350 1053 2481 1108 Dixi
2511 1070 2637 1125 ergo
2666 1061 2874 1124 petram
2918 1050 3222 1107 Dominum
3253 1056 3308 1106 et
3335 1049 3672 1106 Salvatorem
3701 1067 3792 1107 no-

2191 1149 2365 1197 strum
2410 1141 2469 1195 in
2509 1140 2808 1213 Scripturis
2847 1139 3108 1196 omnibus
3145 1137 3410 1194 inveniri.
3446 1137 3684 1210 Serpens
3705 1154 3796 1195 au-

2190 1240 2303 1287 tem
2361 1246 2434 1286 ex
2492 1231 2612 1302 ipso
2662 1229 2907 1298 nomine,
2962 1227 3110 1302 quod
3149 1228 3221 1285 sit
3267 1227 3540 1296 diabolus,
3575 1236 3794 1301 apparet

2190 1321 2334 1378 sicut
2359 1320 2615 1378 callidior
2641 1319 2890 1377 omnium
2921 1319 3244 1388 bestiarum,
3293 1335 3412 1392 quas
3455 1325 3587 1375 sunt
3634 1335 3796 1392 supra

2189 1421 2414 1481 terram,
2471 1411 2528 1468 id
2578 1420 2680 1480 est,
2732 1410 2986 1468 diabolus
3039 1409 3188 1483 (42):
3243 1407 3339 1482 qui
3392 1407 3518 1464 ideo
3576 1424 3796 1481 serpens

2191 1501 2416 1568 dicitur,
2449 1500 2595 1574 quod
2626 1500 2840 1558 occulte
2880 1508 3081 1574 serpat,
3128 1506 3184 1556 et
3225 1497 3373 1572 quod
3400 1514 3592 1555 sensus
3619 1497 3794 1555 homi-

2191 1593 2278 1649 nis
2320 1593 2562 1650 tenuiter
2607 1592 2885 1650 illabendo
2917 1599 3224 1667 pertentet:
3275 1607 3414 1665 quos
3449 1591 3499 1648 si
3545 1594 3795 1650 convice-

477 1683 710 1754 periret;
754 1697 951 1752 corpus
997 1681 1145 1734 enim
1185 1679 1430 1735 hominis
1461 1695 1558 1750 per
1592 1679 2079 1752 transgressionem
2115 1706 2162 1766 Β
2193 1684 2285 1752 rit,
2319 1681 2581 1738 medullis
2627 1698 2683 1738 se
2725 1681 3020 1738 hominum
3067 1689 3232 1754 atque
3286 1679 3503 1737 ossibus
3547 1679 3793 1753 implicat

479 1786 577 1826 vas
635 1771 814 1825 fuerat
877 1768 1146 1839 serpentis
1198 1768 1472 1824 effectum.
1526 1769 1616 1826 Sic
1669 1778 1723 1826 et
1779 1769 1913 1826 alibi
1969 1770 2080 1842 ipse

423 1905 428 1911 .
479 1859 694 1929 Moyses
723 1857 934 1928 virgam
973 1855 1203 1928 projecit
1235 1855 1293 1911 in
1323 1864 1550 1925 terram,
1602 1873 1721 1930 quae
1773 1859 1830 1914 in
1869 1859 2082 1915 simili—

478 1945 728 2002 tudinem
758 1953 840 2002 est
867 1952 1152 2016 corporata
1182 1947 1486 2017 serpentis:
1525 1963 1645 2019 quae
1689 1956 1744 2003 et
1774 1948 1889 2020 ipsa
1934 1949 2082 2004 ima-

479 2051 546 2108 go
576 2043 690 2090 erat
719 2035 964 2107 corporis
994 2035 1238 2104 Domini,
1273 2035 1396 2091 ideo
1439 2043 1608 2092 tanta)
1652 2036 1880 2094 virtutis
1925 2038 1982 2093 in
2024 2054 2083 2094 se

479 2137 673 2200 typum
703 2127 940 2200 gerebat,
974 2127 1019 2182 is
1041 2128 1135 2200 qui
1167 2128 1450 2186 absorbuit
1483 2129 1601 2200 (41)
1629 2129 1882 2184 omnium
1916 2130 2085 2202 zEgy-

478 2217 718 2290 ptiorum
741 2224 1087 2288 potestatem.

552 2308 602 2362 7.
640 2307 754 2361 Hoc
779 2313 859 2361 est
889 2322 1014 2377 ergo
1047 2303 1194 2376 quod
1233 2304 1345 2360 ait:
1394 2328 1412 2351 ι
1448 2305 1692 2376 Vestigia
1730 2306 1927 2378 aquilas
1972 2321 2082 2361 vo-

479 2395 646 2452 lantis
673 2396 860 2466 (Prov.
893 2409 1030 2460 xxx,
1064 2393 1188 2463 19):
1239 2418 1256 2439 ι
1302 2393 1432 2465 quia
1466 2395 1565 2448 etsi
1613 2403 1733 2466 post
1776 2394 2080 2466 passionem

477 2493 532 2540 et
594 2483 1046 2540 resurrectionem
1113 2501 1289 2552 suam,
1358 2483 1719 2555 praesentibus
1791 2483 2079 2554 apostolis,

481 2573 755 2629 Dominus
802 2580 989 2628 noster
1031 2571 1278 2628 ascendit
1332 2573 1386 2627 in
1438 2573 1659 2639 coelum,
1701 2579 1885 2627 tamen
1925 2570 2086 2642 cujus

483 2661 730 2718 hominis
763 2670 877 2718 tam
907 2663 1050 2718 altus
1085 2679 1276 2718 sensus
1323 2671 1376 2718 et
1423 2670 1608 2718 tantus
1650 2669 1751 2730 est,
1795 2668 1857 2716 ut
1896 2661 2087 2733 expli-

481 2767 602 2807 care
638 2752 832 2823 possit,
869 2750 1145 2824 quomodo
1190 2751 1285 2805 illa
1327 2757 1479 2805 tanta
1528 2747 1781 2820 majestas
1830 2749 1896 2805 de
1945 2749 2085 2805 coelo

482 2847 577 2894 aut
613 2841 803 2896 venire
853 2839 1076 2910 dignata
1132 2839 1329 2905 fuerat,
1379 2846 1472 2893 aut
1521 2838 1746 2905 redire;
1809 2855 1935 2894 cum
1981 2837 2087 2894 hoc

483 2929 662 2984 solum
695 2928 856 2982 nobis
885 2929 1024 2983 scire
1052 2928 1234 2994 liceat,
1267 2925 1414 2997 quod
1434 2933 1530 2980 aut
1556 2927 1730 2995 venit,
1769 2936 1864 2982 aut
1896 2926 2085 2983 redit?

483 3014 620 3083 Quis
664 3017 814 3070 enim
866 3030 1190 3086 cognoscere
1231 3021 1409 3086 potest
1447 3015 1910 3086 quemadmodum
1952 3017 2085 3072 Ver-

483 3103 616 3159 bum
644 3104 701 3159 in
733 3103 1016 3175 Virginem
1049 3102 1282 3170 venerit,
1314 3111 1375 3158 ut
1408 3111 1630 3174 repente
1659 3105 1991 3177 conciperet,
2021 3111 2086 3160 ut

485 3204 596 3252 tam
629 3194 847 3250 felicem
886 3191 1057 3248 fetum
1100 3199 1286 3264 partus
1325 3192 1612 3264 virginalis
1653 3193 1977 3262 effunderet,
2024 3201 2085 3250 ut

484 3283 768 3339 hominem
799 3284 946 3338 Deus
988 3281 1262 3350 indueret,
1305 3297 1466 3354 quem
1498 3289 1648 3340 totus
1691 3283 1931 3339 mundus
1971 3298 2084 3338 non

483 3381 682 3448 potest,
715 3389 816 3429 nec
840 3371 1088 3440 sufferre,
1125 3387 1227 3426 nec
1253 3386 1442 3441 capere
1463 3370 1490 3426 ‘P
1523 3369 1579 3425 id
1625 3378 1726 3438 est,
1771 3371 1917 3442 quod
1959 3370 2037 3424 ait
2069 3388 2082 3427 :

499 3495 518 3518 ι
545 3468 793 3538 Vestigia
819 3468 1019 3539 aquila)
1047 3466 1324 3533 volantis;
1357 3493 1375 3515 ι
1420 3467 1476 3522 id
1509 3476 1609 3533 est,
1641 3467 1849 3523 Christi
1881 3468 2085 3524 Domi-

484 3556 545 3613 ni
565 3555 912 3611 advenientis
936 3554 1005 3609 ad
1035 3563 1259 3621 terram,
1282 3570 1346 3610 ac
1370 3553 1652 3609 redeuntis
1679 3555 1747 3609 ad
1777 3556 1944 3612 coalos
1967 3571 2082 3613 ves-

485 3644 621 3715 tigia
647 3640 1039 3713 comprehendi
1069 3639 1421 3712 enarrarique
1443 3658 1553 3697 non
1584 3658 1760 3712 posse.

557 3742 785 3802 CAPUT
815 3742 908 3797 III.
939 3771 1010 3782 -—
1031 3741 1084 3797 8.
1133 3764 1152 3787 «
1179 3741 1249 3795 Et
1279 3741 1417 3810 vias,
1461 3741 1664 3816 inquit,
1702 3747 1971 3817 serpentis
2000 3765 2086 3804 su-

483 3847 582 3906 per
609 3839 840 3903 petram.
873 3854 892 3879 »
929 3827 1184 3900 Dixijam
1215 3828 1469 3885 charitati
1500 3838 1692 3886 vestrae
1725 3833 1870 3904 quod
1901 3834 2085 3890 sinuo-

486 3923 561 3979 sis
618 3921 808 3978 labens
851 3920 1116 3976 membris
1172 3921 1384 3976 nitidus
1437 3929 1491 3977 et
1546 3923 1811 3978 volubilis
1861 3924 2088 3981 coluber

484 4012 751 4070 tractibus
783 4010 898 4066 suis
923 4010 1219 4082 vestigium
1256 4010 1480 4083 aliquod
1511 4012 1566 4067 in
1608 4021 1780 4084 petra,
1825 4013 1955 4084 quia
2002 4030 2088 4070 res

485 4109 566 4158 est
595 4101 752 4171 dura,
787 4116 901 4156 non
930 4100 1110 4156 faciat.
1153 4099 1427 4156 Indicium
1473 4099 1620 4155 enim
1664 4101 1895 4156 monstri
1922 4101 2089 4172 hujus

485 4209 597 4248 non
624 4191 733 4248 nisi
757 4189 912 4246 molli
939 4188 1300 4261 impressione
1327 4187 1574 4260 signatur
1604 4189 1660 4244 in
1680 4191 2090 4262 pulvere.Nunc

485 4297 612 4352 ergo
640 4280 928 4334 videamus
969 4278 1093 4350 quis
1130 4278 1202 4334 sit
1250 4278 1353 4333 iste
1397 4294 1639 4350 serpens,
1688 4287 1781 4334 aut
1831 4297 1951 4352 quae
1998 4297 2086 4352 pe-

486 4378 590 4437 tra,
625 4369 682 4424 in
713 4384 819 4440 qua
849 4367 1116 4438 serpentis
1147 4367 1444 4439 vestigium
1483 4384 1594 4422 non
1645 4378 1886 4440 apparet.
1934 4371 2087 4427 Hanc

487 4465 698 4529 petram
728 4453 1030 4510 Dominum
1075 4461 1324 4509 nostrum
1367 4472 1481 4511 esse
1513 4456 1786 4527 ambigere
1826 4473 1936 4513 non
1986 4458 2092 4514 de-

484 4548 698 4604 bemus.
731 4544 824 4600 Sic
851 4544 1000 4600 enim
1036 4544 1333 4615 Apostolus
1361 4544 1476 4599 ait:
1527 4569 1544 4592 ι
1592 4545 1861 4603 Bibebant
1903 4555 2086 4604 autem

486 4634 554 4704 de
581 4632 818 4706 spiritali
849 4631 1100 4704 sequenti
1133 4640 1304 4703 petra,
1341 4640 1494 4702 petra
1537 4640 1719 4688 autem
1755 4643 1870 4692 erat
1916 4637 2089 4694 Chri-

487 4732 604 4779 stus
626 4724 684 4794 (I
712 4721 841 4778 Cor.
873 4738 932 4790 x,
967 4721 1062 4791 li);
1095 4746 1112 4769 ι

487 4826 689 4899 inquit,
730 4825 985 4881 exaltasti
1026 4840 1112 4879 me
1146 4824 1320 4893 (Psal.
1354 4841 1445 4894 1.x,
1483 4825 1538 4895 3)
1567 4843 1580 4892 ;
1615 4850 1632 4873 ι
1674 4819 1820 4876 453
1854 4830 1906 4878 et
1937 4823 2088 4894 Moy-

488 4933 573 4973 ses
597 4917 656 4971 in
685 4917 900 4973 cantico
952 4913 1405 4970 Deuteronomii:
1468 4938 1485 4961 ι
1529 4913 1778 4970 Lactavit
1835 4928 1927 4967 eos
1981 4910 2086 4966 mel

488 5023 557 5064 ex
608 5013 780 5078 petra,
820 5014 873 5062 et
902 5005 1082 5061 oleum
1131 5003 1198 5059 de
1232 5002 1408 5059 solida
1453 5012 1604 5075 petra
1668 5004 1841 5074 (Deut.
1902 5016 2084 5068 xxxii,

490 5096 604 5169 13),
635 5120 654 5143 ι
698 5094 756 5150 id
784 5102 887 5164 est,
919 5093 1066 5167 quod
1097 5091 1315 5149 dulcem
1344 5093 1573 5150 daturus
1619 5091 1687 5147 iis
1734 5099 1875 5146 esset
1907 5091 2087 5146 Evan-

1156 4727 1210 4774 et
1238 4719 1697 4792 Psalmographus
1725 4741 1736 4778 :
1786 4750 1803 4771 ι
1824 4726 1885 4780 In
1912 4734 2084 4796 petra,

563 5283 1074 5359 (M)Bom._edit.,
1126 5283 1254 5350 Quae
1310 5280 1438 5359 quia
1469 5287 1529 5359 et
1565 5279 1700 5359 _ipsa
1735 5278 1917 5359 imago
1973 5285 2089 5334 erat

487 5351 729 5430 corporis
763 5355 998 5430 Chr-isti,
1031 5361 1080 5410 et
1102 5359 1277 5430 tanta:
1313 5351 1530 5430 virtutis
1555 5351 1612 5405 in
1640 5357 2088 5430 sats/pytag??-

489 5422 597 5497 bat,
629 5429 863 5484 omnium
891 5422 1268 5498 Egyptiorum
1307 5428 1612 5498 potestatem
1636 5422 2087 5498 Aabsorpuit.__N_ec

487 5493 729 5555 multum
762 5499 830 5555 ab
859 5514 922 5555 ea
951 5493 1080 5552 mss.
1112 5503 1276 5567 atque
1311 5493 1431 5550 aliae
1465 5493 1597 5567 edit.
1631 5493 1690 5549 in
1722 5493 1905 5550 verbis
1932 5493 2085 5550 diffe-

487 5577 641 5639 runt,
673 5569 768 5627 sed
795 5569 980 5642 potius
1009 5567 1068 5624 in
1107 5564 1403 5623 verborum
1445 5564 1659 5635 ordine,
1708 5581 1870 5640 quem
1909 5572 1964 5623 et
2004 5580 2084 5624 se-

2195 1782 2248 1829 et
2274 1771 2572 1844 immergit.
2605 1770 2710 1838 Qui
2750 1771 2808 1826 in
2855 1788 3085 1844 corpore
3132 1769 3398 1838 hominis,
3446 1768 3592 1843 quod
3617 1769 3794 1826 omni-

2193 1870 2387 1933 potens
2419 1860 2672 1921 Christus
2706 1862 2851 1917 Deus
2891 1859 3164 1930 induerat,
3211 1859 3368 1916 nulla
3415 1858 3640 1914 malitia
3685 1874 3797 1914 sua

2194 1955 2376 2025 potuit
2443 1955 2759 2026 imprimere
2817 1955 3068 2027 vestigia,
3127 1953 3382 2027 quamvis
3435 1953 3579 2009 illud
3635 1968 3796 2009 ausus

2193 2039 2362 2098 fuerit
2391 2060 2531 2115 saepe
2565 2051 2796 2112 tentare,
2825 2043 2970 2100 sicut
2998 2043 3114 2114 ipse
3144 2041 3416 2099 Dominus
3447 2041 3506 2096 in
3533 2041 3795 2114 Evange-

2195 2132 2272 2188 lio
2309 2134 2418 2190 ait:
2483 2156 2500 2180 ‹
2549 2134 2690 2189 Ecce
2750 2132 2904 2188 venit
2955 2131 3210 2204 princeps
3261 2129 3459 2187 mundi
3507 2129 3697 2202 hujus,
3746 2138 3798 2186 et

2196 2223 2334 2277 nihil
2369 2221 2423 2278 in
2458 2239 2543 2278 me
2582 2221 2798 2279 invenit
2844 2221 3026 2294 (Joan.
3088 2236 3206 2290 xrv,
3263 2221 3398 2291 50);
3444 2247 3462 2270 ι
3512 2231 3566 2279 et
3617 2221 3793 2278 alibi:

2209 2336 2226 2358 ‹
2257 2312 2407 2368 Nihil
2437 2311 2694 2384 proﬁciet
2732 2311 2993 2368 inimicus
3026 2312 3084 2366 in
3115 2327 3202 2380 eo,
3247 2319 3302 2366 et
3342 2310 3492 2366 ﬁlius
3530 2309 3798 2384 iniquita-

2195 2403 2266 2458 tis
2292 2419 2402 2457 non
2433 2402 2656 2460 nocebit
2688 2401 2737 2457 ei
2766 2401 2939 2474 (Psal.
2978 2417 3260 2469 Lxxxvm,
3295 2399 3413 2472 23).
3464 2423 3484 2448 ο
3546 2399 3674 2456 Hec
3721 2407 3798 2457 est

2196 2509 2322 2563 ergo
2353 2500 2523 2563 petra,
2566 2490 2623 2546 id
2663 2497 2763 2559 est,
2807 2507 2934 2547 caro
2982 2489 3192 2548 Christi
3241 2489 3393 2544 nulla
3434 2487 3651 2544 inimici
3699 2489 3796 2546 ini-

2197 2582 2405 2653 quitate
2435 2596 2697 2650 respersa,
2731 2579 2790 2634 in
2827 2596 2937 2652 qua
2982 2576 3273 2652 serpentis,
3324 2577 3384 2634 id
3438 2585 3541 2647 est,
3591 2579 3797 2650 peccati

2197 2667 2431 2739 alicujus
2471 2667 2765 2739 vestigium
2812 2685 2926 2724 non
2968 2675 3210 2741 apparet,
3257 2674 3319 2723 ut
3362 2666 3629 2738 scriptum
3678 2673 3792 2723 est:

2209 2782 2226 2804 ι
2265 2758 2370 2825 Qui
2405 2764 2688 2829 peccatum
2720 2773 2830 2813 non
2865 2757 3012 2826 fecit,
3065 2771 3166 2814 nec
3213 2755 3375 2812 dolus
3414 2755 3676 2813 inventus
3719 2765 3797 2812 est

2199 2847 2256 2902 in
2282 2863 2373 2902 ore
2399 2846 2516 2917 ejus
2549 2846 2606 2919 (Ι
2629 2848 2775 2903 Petr.
2811 2864 2874 2914 ιι,
2906 2846 3021 2918 22).
3057 2870 3076 2896 ι

2269 2936 2496 2993 CAPUT
2527 2935 2621 2992 IV.
2653 2966 2724 2976 —
2764 2936 2857 2993 l0.
2896 2935 3098 2994 Adhuc
3125 2934 3260 3010 quid
3284 2933 3600 3007 subjungat,
3629 2934 3797 2991 audi-

2115 3062 2158 3122 C
2193 3032 2248 3081 te
2273 3044 2283 3080 :
2332 3050 2348 3072 ι
2380 3026 2452 3080 Et
2480 3024 2723 3093 semitas,
2754 3025 2958 3098 inquit,
2985 3024 3145 3081 navis
3172 3024 3503 3097 navigantis.
3529 3048 3547 3072 ι
3588 3023 3795 3082 Navem

2195 3115 2421 3188 adccque
2449 3115 2753 3172 Ecclesiam
2788 3115 3051 3172 debemus
3076 3115 3321 3187 accipere
3359 3114 3418 3170 in
3457 3115 3573 3171 salo
3605 3114 3797 3171 mundi

2196 3206 2356 3261 istius
2403 3205 2783 3273 constitutam,
2833 3221 2952 3278 quae
2996 3205 3202 3262 crebris
3232 3212 3525 3261 ventorum
3554 3204 3793 3275 ﬂatibus,

2195 3294 2252 3349 id
2277 3303 2376 3361 est,
2409 3294 2783 3350 tentationum
2815 3295 2990 3367 plagis
3033 3303 3087 3350 et
3129 3293 3454 3351 verberibus
3493 3295 3792 3366 fatigatur:

2196 3399 2358 3456 quam
2389 3381 2597 3438 turbidi
2627 3381 2846 3452 fluctus,
2880 3383 2936 3439 id
2966 3393 3064 3452 est,
3115 3380 3280 3456 hujus
3308 3384 3496 3441 saeculi
3535 3392 3796 3456 potestas,

2195 3482 2467 3531 conantur
2494 3473 2561 3529 ad
2588 3490 2720 3530 saxa
2752 3473 3066 3546 perducere.
3099 3474 3231 3542 Quae
3259 3475 3361 3532 etsi
3395 3475 3666 3531 undarum
3699 3474 3794 3534 ﬂu-

2195 3563 2377 3620 ctibus
2407 3572 2500 3618 aut
2542 3562 2798 3634 procellis
2844 3579 2985 3636 saepe
3014 3570 3267 3632 vexatur,
3297 3571 3484 3620 tamen
3513 3579 3794 3636 nunquam

2197 3664 2374 3729 potest
2401 3656 2669 3711 sustinere
2702 3655 3069 3729 naufragium,
3120 3656 3249 3729 quia
3292 3655 3349 3710 in
3379 3653 3574 3711 arbore
3596 3654 3715 3727 ejus
3740 3653 3796 3710 id

2196 3751 2298 3814 est,
2329 3745 2388 3800 in
2420 3761 2600 3812 cruce,
2629 3743 2883 3802 Christus
2913 3745 3162 3817 erigitur,
3195 3744 3253 3800 in
3283 3744 3453 3817 puppi
3483 3744 3644 3800 Pater
3671 3743 3796 3800 resi-

2197 3835 2308 3903 det,
2341 3834 2674 3907 gubernator
2721 3851 2938 3906 proram
2970 3835 3277 3907 paracletus
3320 3842 3503 3890 servat
3532 3833 3794 3906 Spiritus.

2199 3924 2349 3980 Hanc
2403 3941 2497 3995 per
2548 3931 2779 3995 angusta
2832 3923 2998 3995 hujus
3047 3923 3242 3980 mundi
3292 3922 3432 3979 freta
3459 3921 3701 3979 duodeni
3739 3920 3794 3976 in

2199 4020 2418 4083 portum
2449 4011 2683 4083 remiges
2709 4011 2942 4080 ducunt,
2989 4011 3045 4067 id
3084 4020 3187 4080 est,
3215 4009 3507 4068 duodecim
3537 4009 3792 4082 apostoli,

2199 4108 2250 4155 et
2279 4099 2479 4154 similis
2517 4117 2781 4156 numerus
2818 4098 3235 4172 prophetarum.

2271 4190 2358 4245 11.
2389 4189 2521 4245 Inde
2547 4189 2791 4246 Montani
2819 4197 2976 4246 antra
3013 4189 3216 4245 latratu
3246 4187 3370 4243 falsi
3419 4186 3685 4244 carminis
3715 4203 3794 4243 re-

2197 4286 2414 4347 sonant,
2448 4279 2543 4351 qui
2582 4278 2796 4335 duabus
2833 4277 3057 4334 feminis
3105 4275 3488 4350 prophetissis,
3531 4276 3796 4332 Priscilla)

2197 4370 2591 4438 etMaximilae,
2631 4379 2904 4444 tanquam
2935 4368 3168 4440 alicujus
3213 4368 3413 4440 Scyllae
3444 4367 3653 4424 rabidis
3681 4383 3798 4424 suc-

2199 4461 2414 4516 cinctus
2443 4468 2524 4516 est
2551 4460 2800 4517 canibus.
2830 4461 2894 4516 In
2921 4459 3027 4515 ista
3055 4473 3194 4514 nave
3221 4457 3484 4514 Ecclesiae
3516 4474 3579 4513 ea
3607 4457 3798 4513 felici-

2197 4560 2280 4607 ter
2326 4552 2686 4623 przeterimus.
2739 4550 2872 4606 Inde
2919 4550 2978 4604 in
3023 4548 3411 4604 Photinianam
3457 4546 3794 4619 Charybdim

2198 4656 2308 4696 non
2340 4639 2657 4695 incidimus.
2678 4637 2810 4692 Inde
2836 4639 2992 4693 nullo
3023 4635 3263 4692 modoin
3287 4635 3431 4691 illud
3450 4635 3795 4702 barathrum,

2197 4727 2352 4800 quasi
2382 4727 2596 4783 Dathan
2626 4734 2680 4782 et
2704 4725 2938 4795 Abiron,
2963 4726 3021 4782 id
3043 4733 3146 4795 est,
3167 4725 3223 4780 in
3241 4723 3580 4797 profundum
3602 4723 3796 4779 mortis

2201 4817 2405 4873 Ursacii
2452 4825 2505 4872 et
2551 4815 2801 4873 Valentis
2861 4833 2972 4872 non
3021 4815 3376 4874 incurrimus.
3425 4812 3558 4869 Inde
3599 4811 3792 4868 Arium

2197 4905 2606 4977 archipiratam,
2656 4905 2751 4978 qui
2797 4921 2896 4961 nos
2948 4921 3044 4976 per
3087 4919 3235 4960 mare
3280 4902 3468 4960 saeculi
3515 4901 3585 4957 ad
3625 4903 3795 4957 instar

2196 4993 2497 5050 Pharaonis
2537 4993 2866 5067 insequitur,
2907 5009 3019 5049 non
3059 4991 3541 5059 timemus;‘illam
3575 4991 3791 5046 stellam

2196 5093 2477 5142 servantes
2497 5086 2553 5141 in
2575 5086 2733 5154 coelo,
2754 5101 2874 5158 quae
2894 5085 3082 5158 Magos
3107 5083 3371 5157 perduxit
3395 5081 3464 5139 ad
3486 5081 3788 5146 Christum,

2196 5291 2516 5419 φιέῧῗΐὲίο
2541 5354 2654 5403 vet.
2707 5347 2840 5405 edit.
2873 5363 2936 5405 ac
2965 5363 3095 5403 mss.
3125 5364 3136 5419 :
3177 5345 3312 5419 edit.
3341 5360 3492 5419 “vero
3516 5343 3675 5419 Rom.
3708 5341 3786 5396 lo-

2194 5415 2319 5477 cum
2351 5415 2428 5476 ita
2455 5426 2880 5492 transposuerat,
2913 5419 3062 5488 Quod
3090 5417 3161 5492 sit
3185 5417 3438 5475 callidior
3485 5415 3780 5472 omnium...

2193 5497 2416 5564 apparet
2443 5491 2584 5563 quod
2610 5491 2685 5550 est
2707 5493 2986 5551 diabolus:
3005 5491 3118 5562 qui,
3150 5497 3255 5549 etc.
