4064 6178
265 368 368 426 721

1104 367 1472 424 SERMONES
1511 367 1565 423 S.
1613 365 1969 424 AMBROSIO
2010 367 2380 426 HACTENUS
2418 369 2760 426 ASCRIPTI.

3476 374 3578 431 722

264 507 362 564 per
393 506 557 563 quam
589 504 690 545 nos
729 503 959 560 regnum
1002 488 1121 556 Dei,
1162 489 1256 561 qui
1305 489 1571 543 malorum
1615 491 1866 544 omnium
1901 491 1952 550 A
1982 499 2131 545 ctum
2164 500 2264 559 est,
2286 509 2404 563 qua
2425 492 2472 548 si
2492 491 2679 546 omnia
2698 489 2901 562 scripta
2916 499 3114 558 essent,
3141 489 3386 548 mundus
3413 507 3475 548 ea
3494 510 3579 550 ca-

260 579 488 636 futurus
508 585 592 634 est
621 584 835 650 portus,
861 583 1160 648 exspectat.
1195 576 1326 632 Inde
1359 593 1641 650 nunquam
1672 594 1774 633 nos
1802 578 1869 632 de

261 667 367 725 hac
413 668 544 724 navi
584 667 847 723 Ecclesia
878 665 1248 738 pracipitatos
1280 667 1525 722 Marcion
1577 667 1669 721 ille
1713 673 1868 722 cetus

259 757 569 816 absorbuit.
607 755 741 812 Inde
769 755 1040 812 Sabellius
1071 755 1247 828 pirata
1267 771 1379 810 non
1407 755 1567 827 cepit.
1607 755 1739 811 Inde
1771 772 1867 811 no-

259 847 348 904 bis
394 846 586 921 aquilo
636 861 834 901 nocere
878 861 990 900 non
1031 844 1254 916 poterit,
1309 843 1564 917 quamvis
1597 843 1725 899 inde
1756 844 1869 898 sint

259 935 578 994 antichristi
627 935 876 990 violenta
921 933 1089 988 ﬂabra
1121 941 1373 1001 ventura,
1426 933 1569 989 sicut
1601 933 1866 1005 scriptum

260 1035 380 1084 est:
441 1051 458 1073 ι
505 1027 593 1081 Ex
631 1025 890 1098 aquilone
934 1023 1293 1079 exardescent
1343 1025 1486 1078 mala
1545 1024 1764 1095 (.Ierem.
1826 1039 1865 1092 ι,

263 1116 378 1189 14).
411 1140 430 1164 ι
474 1114 608 1172 Inde
645 1123 824 1187 syrtes
854 1113 1166 1186 gentilium,
1198 1120 1252 1169 et
1296 1112 1630 1184 periculosas
1677 1112 1868 1167 hare-

258 1226 347 1268 ses
387 1215 444 1265 et
488 1208 744 1278 scopulos
784 1206 1079 1272 evitamus,
1128 1222 1264 1278 quos
1311 1205 1659 1277 superjacens
1710 1221 1865 1278 aqua

260 1299 450 1356 tenuis
475 1296 716 1354 occultat
745 1295 1004 1367 allapsus,
1035 1295 1163 1367 quia
1192 1293 1438 1350 haretici
1469 1295 1571 1350 sub
1594 1300 1869 1366 praetextu

263 1388 510 1447 nominis
555 1386 882 1453 Christiani,
933 1385 1198 1442 absconsa
1236 1385 1478 1458 perﬁdia
1511 1402 1642 1441 saxa
1681 1384 1868 1441 fallaci

261 1478 607 1537 confessione
655 1476 769 1532 oris
806 1475 1116 1541 obducunt,
1169 1476 1222 1531 in
1275 1493 1396 1548 qua
1428 1475 1702 1543 homines,
1734 1475 1864 1530 dum

260 1569 378 1627 illis
409 1566 558 1641 quod
594 1565 899 1624 Christiani
923 1564 1056 1633 sint,
1090 1564 1225 1621 ﬁdes
1246 1564 1500 1634 habetur,
1528 1565 1864 1637 impingunt.

336 1676 424 1734 12.
464 1677 592 1732 Hac
622 1692 750 1748 ergo
782 1674 940 1730 navis
968 1674 1212 1730 Ecclesia
1256 1682 1357 1743 est,
1391 1690 1510 1746 qua
1541 1673 1642 1730 etsi
1673 1673 1868 1746 quoti-

259 1766 352 1825 die
376 1767 641 1823 saculum
671 1764 818 1821 istud
849 1772 1108 1838 tanquam
1140 1764 1365 1837 aliquod
1385 1765 1608 1837 pelagus
1637 1764 1867 1820 sortitur

1977 596 2103 658 pere
2134 597 2245 636 non
2277 590 2457 654 posset
2491 581 2671 652 (Joan.
2707 599 2827 650 xxx,
2852 581 2969 651 25).
3001 582 3114 637 Aut
3143 582 3278 654 quid
3300 592 3580 654 postremo

1977 670 2267 727 descensus
2295 672 2363 727 ad
2398 671 2620 740 inferos,
2653 680 2748 727 aut
2777 687 3032 727 ascensus
3062 671 3129 726 ad
3160 673 3362 728 calum
3381 674 3409 729 ?
3433 673 3580 742 Quid

1977 758 2117 814 illud
2159 761 2305 832 quod
2345 761 2401 815 in
2446 760 2694 834 passione
2743 761 2918 833 ipsius
2951 761 3219 833 integram
3259 761 3399 818 lucis
3435 779 3579 819 con-

1975 851 2326 908 suetudinem
2345 854 2424 908 sol
2445 853 2644 908 habere
2668 869 2778 908 non
2800 854 2981 924 potuit
3005 872 3018 920 ;
3045 862 3105 909 ut
3121 863 3330 911 taceam
3351 864 3578 927 ruptum

1976 944 2162 998 velum
2211 943 2447 1015 lapidem
2497 944 2809 999 revolutum
2833 943 2860 998 ἲ)
2902 944 2996 998 Ha
3035 960 3164 1015 ergo
3195 945 3302 1002 via
3345 956 3476 1002 sunt
3514 948 3575 1003 in

1973 1033 2284 1104 juventute,
2327 1049 2460 1105 quas
2507 1050 2618 1088 non
2662 1041 2774 1089 tam
2827 1033 3240 1105 deprehendere
3284 1036 3574 1109 propheta,

1977 1140 2141 1197 quam
2173 1138 2427 1178 enarrare
2463 1139 2519 1178 se
2549 1139 2663 1177 non
2693 1139 2850 1195 posse
2880 1131 3109 1180 testatus
3137 1135 3237 1181 est.

2051 1212 2135 1268 15.
2172 1211 2330 1266 Tales
2382 1210 2474 1267 hic
2515 1211 2681 1267 etiam
2714 1211 2849 1267 dicit
2902 1235 2919 1258 ι
2951 1212 3068 1268 vias
3099 1215 3422 1285 meretricis,
3456 1233 3576 1289 qua

1978 1302 2338 1374 posteaquam
2380 1299 2568 1356 abluta
2596 1309 2696 1368 est,
2732 1300 2869 1356 dicit
2915 1317 2971 1356 se
3020 1301 3162 1357 nihil
3205 1304 3338 1359 mali
3385 1305 3576 1362 fecisse

1979 1392 2168 1464 (Prov.
2202 1407 2340 1458 xxx,
2371 1390 2489 1460 20).
2522 1415 2540 1436 ι»
2586 1391 2847 1445 Meretrix
2870 1390 2973 1446 ista
3000 1392 3261 1450 Ecclesia
3280 1403 3443 1466 typus
3472 1404 3572 1463 est,

1975 1478 2272 1552 aliquando
2304 1478 2362 1532 in
2395 1479 2648 1550 gentibus
2677 1479 2998 1550 constituta,
3027 1481 3302 1539 idolorum
3333 1484 3575 1541 cultibus

1977 1570 2194 1638 vitiata,
2218 1585 2380 1642 quam
2404 1585 2558 1624 vana
2579 1570 2990 1641 superstitionis
3017 1580 3208 1646 stupra
3237 1575 3570 1645 polluerant;

1975 1675 2140 1732 quam
2199 1657 2465 1713 falsorum
2506 1657 2734 1714 deorum
2790 1659 3093 1716 adulteram
3142 1662 3345 1718 fecerat
3372 1663 3575 1718 multi-

1974 1750 2145 1806 tudo:
2201 1751 2545 1825 lascivosque
2595 1768 2658 1809 ac
2689 1760 2874 1824 turpes
2913 1753 3295 1825 incompositis
3331 1756 3576 1812 motibus

259 1856 555 1924 infestum,
582 1871 866 1927 nunquam
908 1853 1137 1910 eliditur
1182 1853 1248 1910 ad
1279 1870 1494 1921 saxum,
1528 1869 1629 1909 nec
1656 1852 1870 1925 mergi—
1899 1848 1944 1909 B
1976 1841 2154 1896 saltus
2184 1856 2468 1898 nemorum
2499 1849 2553 1898 et
2593 1843 2844 1899 lucorum
2890 1842 3100 1899 inculta
3143 1844 3432 1913 lustrabat,
3465 1845 3575 1901 de-

258 1953 357 2002 tur
407 1945 476 2001 ab
526 1944 884 2017 profundum.
939 1944 1142 1999 Navem
1193 1952 1374 1999 autem
1415 1943 1718 1999 Ecclesiam
1749 1958 1864 1998 esse

261 2033 482 2092 divinis
508 2031 835 2089 testimoniis
857 2031 1174 2103 probamus,
1209 2032 1353 2087 sicut
1381 2031 1476 2087 ait:
1514 2056 1529 2077 ι
1552 2031 1674 2088 Illic
1689 2039 1864 2088 trans«

262 2122 455 2179 ierunt
494 2137 657 2178 naves
701 2120 924 2176 Tharsis
972 2121 1149 2189 (Psal.
1205 2137 1379 2188 XLVII,
1426 2120 1510 2190 8),
1548 2147 1563 2164 ι
1604 2129 1658 2176 et
1691 2120 1857 2176 alibi:

273 2233 295 2258 ο
335 2209 614 2266 Adversus
633 2225 853 2265 omnem
875 2225 1070 2265 navem
1097 2209 1262 2265 maris
1287 2210 1422 2280 (Isa.
1449 2227 1508 2277 ιι,
1536 2210 1649 2280 16),
1683 2235 1701 2258 ι
1736 2211 1863 2283 quia

259 2309 392 2357 sunt
435 2298 696 2355 Ecclesia
744 2298 953 2366 saculi,
1004 2315 1126 2372 qua
1174 2306 1344 2355 totam
1375 2297 1481 2353 sibi
1513 2314 1688 2370 spem,
1716 2299 1863 2372 quod

259 2388 326 2446 ﬁt
354 2389 413 2444 in
443 2388 549 2444 hoc
570 2397 837 2460 tempore,
871 2404 982 2443 non
1007 2394 1118 2442 tam
1149 2387 1215 2443 de
1247 2390 1379 2454 Deo,
1414 2403 1576 2460 quam
1606 2387 1673 2444 de
1697 2395 1862 2460 pote-

257 2478 495 2536 statibus
525 2475 696 2548 hujus
729 2476 916 2532 saeculi
947 2476 1360 2548 repromittunt.

337 2585 421 2642 13.
451 2584 556 2641 Sed
597 2581 748 2658 quod
777 2583 875 2652 ait,
919 2604 939 2630 α
959 2582 1096 2639 Vias
1115 2581 1272 2638 navis
1303 2569 1635 2656 navigantis,
1663 2608 1682 2630 ι
1725 2599 1860 2655 pro-

260 2675 380 2750 prie
409 2673 686 2748 signiﬁcat
715 2671 862 2746 quod
892 2673 949 2727 in
979 2679 1226 2744 tempore
1249 2672 1391 2727 miro
1427 2671 1591 2728 modo
1612 2689 1859 2746 persecu-

259 2764 435 2821 tionis
482 2759 876 2835 comprehendi
915 2762 1146 2818 omnino
1192 2778 1304 2818 non
1352 2770 1552 2835 posset,
1587 2763 1862 2836 quemad-

260 2857 489 2914 modum
519 2853 710 2910 vivida
737 2870 836 2927 per
881 2853 1191 2921 interitum,
1241 2862 1293 2910 et
1331 2855 1486 2912 dives
1531 2873 1625 2928 per
1663 2855 1862 2913 damna

259 2945 541 3013 reddatur,
567 2944 709 3001 sicut
737 2945 815 3000 ait
831 2960 898 3000 ex
921 2959 1150 3015 persona
1171 2943 1345 3016 ipsius
1365 2945 1854 3018 Psalmographus:

273 3058 293 3083 ι
325 3036 389 3092 In
420 3033 776 3091 tribulatione
805 3032 1049 3089 dilatasti
1090 3049 1177 3088 me
1213 3033 1387 3103 (Psal.
1431 3051 1511 3103 1v,
1545 3035 1627 3107 2).
1661 3060 1679 3082 ι
1727 3035 1859 3103 Qua

260 3125 332 3182 ob
364 3124 472 3182 hoc
500 3125 691 3182 multis
721 3125 780 3181 in
810 3125 948 3182 locis
976 3133 1071 3180 aut
1096 3124 1201 3180 soli
1236 3134 1606 3198 comparatur,
1637 3134 1733 3182 aut
1763 3127 1858 3182 lu—

252 3231 370 3272 na:
408 3230 527 3288 qua
558 3215 660 3272 etsi
691 3213 966 3282 tunditur,
998 3229 1111 3269 non
1143 3220 1439 3272 movetur:
1474 3221 1528 3272 et
1557 3214 1603 3272 si
1635 3232 1854 3272 movea-
1887 3211 1929 3269 C

247 3310 359 3372 tur,
391 3303 647 3377 resurgit.

326 3409 411 3468 14.
459 3434 476 3458 ι
515 3412 586 3468 Et
615 3411 752 3480 vias,
789 3412 886 3481 ait,
920 3412 1029 3468 viri
1061 3412 1121 3468 in
1157 3411 1473 3484 juventute.
1523 3436 1542 3459 ι
1596 3411 1697 3469 Vir
1729 3411 1851 3479 iste,

251 3500 506 3560 Christus
533 3501 804 3559 Dominus
839 3508 1023 3558 noster
1056 3509 1159 3568 est,
1185 3501 1329 3558 sicut
1358 3501 1417 3557 in
1446 3500 1683 3557 Actibus
1711 3516 1855 3572 apo-

251 3598 520 3654 stolorum
553 3599 818 3671 scriptum
850 3607 966 3656 est:
1001 3597 1150 3653 454
1189 3623 1209 3646 ‹
1241 3598 1364 3656 Viri
1414 3598 1694 3666 Israelita,
1745 3613 1854 3652 au-

252 3684 368 3744 dite
412 3687 530 3744 bac
577 3688 781 3745 verba:
831 3689 1017 3745 Iesum
1062 3689 1404 3746 Nazarenum
1448 3687 1630 3742 virum
1668 3702 1701 3741 a
1741 3687 1854 3742 Deo

250 3776 487 3834 electum
531 3776 589 3832 in
639 3777 814 3846 vobis,
861 3777 1164 3835 virtutibus
1210 3785 1264 3834 et
1294 3776 1467 3848 signis
1498 3783 1551 3831 et
1582 3773 1854 3847 portentis

250 3863 775 3941 approbatum’(Act.
802 3886 865 3937 ιι,
893 3869 1009 3941 22),
1033 3895 1051 3916 ι
1081 3877 1136 3926 et
1162 3869 1463 3942 Apostolus
1488 3885 1498 3923 :
1533 3890 1552 3914 ι
1577 3867 1644 3922 Ut
1665 3881 1854 3921 omnes

251 3957 312 4014 in
340 3957 524 4012 virum
549 3957 849 4027 perfectum
884 3972 1171 4015 occurrere
1212 3957 1507 4030 possimus,
1543 3955 1602 4010 in
1638 3970 1853 4010 mensu-

251 4061 376 4102 ram
407 4043 612 4100 Christi
637 4045 859 4114 (Ephes.
891 4061 968 4111 ιν,
999 4046 1086 4116 13)
1114 4065 1126 4112 ;
1159 4071 1177 4094 ›
1218 4053 1273 4102 et
1302 4045 1466 4102 alibi:
1515 4067 1533 4092 ι
1564 4041 1854 4100 Destinavi

253 4147 360 4188 vos
388 4131 485 4186 uni
516 4130 637 4187 viro
677 4131 948 4203 virginem
978 4143 1182 4190 castam
1219 4134 1482 4192 exhibere
1511 4133 1736 4193 Christo
1769 4130 1858 4202 (II

256 4221 388 4280 Cor.
447 4235 528 4288 x1,
561 4219 640 4291 2).
688 4244 706 4269 ι
763 4219 868 4277 Hic
913 4227 995 4275 est
1040 4221 1128 4277 vir
1173 4221 1330 4293 cujus
1376 4223 1479 4278 via
1506 4220 1763 4294 cognosci
1793 4220 1853 4275 in

246 4311 545 4384 juventute
582 4325 693 4366 non
744 4318 992 4382 possunt.
1028 4309 1162 4377 Quis
1191 4309 1340 4365 enim
1370 4310 1637 4366 aestimare
1668 4310 1854 4366 animo

252 4399 450 4472 possit,
479 4405 576 4455 aut
604 4413 800 4471 capere
830 4406 1032 4470 quanta
1059 4397 1154 4453 ille
1184 4413 1348 4470 opera
1378 4399 1704 4466 exercuerit,
1726 4414 1853 4455 cum

252 4486 558 4544 secundum
589 4485 874 4543 hominem
905 4495 1215 4544 moraretur
1254 4485 1311 4542 in
1357 4486 1518 4540 terris
1538 4487 1564 4541 ἢ
1595 4502 1713 4558 qua
1750 4487 1854 4543 iti-

253 4591 391 4633 nera
419 4575 690 4632 virtutum
718 4575 996 4633 duxerit?
1029 4575 1087 4631 in
1116 4591 1252 4649 quas
1293 4573 1415 4630 vias
1459 4573 1853 4632 beneﬁciorum
1885 4575 1935 4634 D

250 4665 404 4722 circa
448 4663 754 4721 humanum
807 4682 977 4738 genus
1004 4666 1174 4722 fuerit
1204 4665 1504 4737 ingressus,
1543 4663 1678 4720 dum
1709 4663 1855 4720 clan-

251 4752 346 4811 dis
373 4753 571 4826 pedum
615 4755 856 4812 restituit
885 4756 1222 4824 ﬁrmitatem,
1269 4755 1403 4812 dum
1435 4755 1595 4812 cacis
1643 4751 1857 4810 lumina

248 4843 456 4902 amissa
482 4844 684 4911 reddit,
726 4852 821 4902 aut
851 4845 1087 4919 imponit
1116 4845 1357 4913 condita,
1389 4846 1522 4903 dum
1565 4845 1854 4918 eloquium

248 4942 484 5010 prastat
527 4935 717 5003 mutis,
765 4944 820 4993 et
867 4935 1051 4992 surdis
1105 4937 1350 4992 insinuat
1391 4936 1664 5004 auditum,
1721 4935 1854 4991 dum

242 5027 471 5096 largum
519 5024 803 5098 sanguinis
851 5025 1062 5081 ﬂuxum
1113 5026 1280 5082 siccat
1336 5025 1394 5080 in
1441 5024 1674 5091 Martha,
1722 5023 1856 5080 dum

245 5115 544 5174 daemones
572 5117 729 5188 pellit
758 5132 827 5172 ex
854 5116 1046 5184 Maria,
1077 5115 1208 5171 dum
1241 5131 1438 5186 corpus
1468 5114 1704 5169 redivivi
1751 5115 1858 5185 spi-

246 5205 404 5264 ritus
460 5205 638 5261 calore
675 5204 1007 5278 constringit
1056 5205 1113 5260 in
1153 5206 1372 5272 Lazaro,
1416 5212 1470 5259 et
1513 5203 1662 5275 quod
1710 5220 1858 5259 mors

242 5295 368 5354 sibi
419 5295 726 5352 vindicaret
769 5294 837 5351 ad
884 5311 1120 5367 poenam,
1181 5295 1274 5348 lux
1316 5293 1499 5350 denuo
1532 5293 1738 5365 recepit
1787 5292 1856 5348 ad

246 5385 482 5443 vitam?
509 5386 656 5455 Quid
684 5386 780 5442 ille
817 5385 1026 5442 solidus
1056 5401 1269 5458 gressus
1311 5385 1366 5440 in
1407 5384 1696 5454 ﬂuctibus,
1721 5384 1855 5458 quid

248 5472 509 5548 reliquia
540 5475 608 5533 de
630 5475 820 5550 paucis
850 5473 1081 5547 panibus
1111 5475 1234 5546 plus
1263 5491 1564 5546 superesse,
1614 5482 1856 5530 saturata

251 5567 644 5635 multitudine,
694 5583 858 5640 quam
905 5566 1120 5622 fuisse?
1163 5565 1308 5632 Quid
1349 5566 1569 5637 inepem
1623 5566 1679 5622 in
1722 5567 1854 5621 vino

249 5655 473 5712 Galilai
519 5655 772 5729 conjugis
817 5662 1160 5728 apparatum,
1203 5655 1295 5710 sed
1331 5655 1555 5710 Domini
1593 5653 1854 5726 operibus

250 5744 614 5821 pretiosum?
659 5746 730 5804 Et
774 5745 884 5803 alia
921 5744 1116 5814 multa,
1159 5744 1303 5802 sicut
1330 5743 1389 5801 in
1429 5743 1728 5817 Evangelia
1756 5742 1854 5800 di-

1979 1927 2093 1984 dita
2138 1930 2393 1999 luxuria,
2444 1948 2654 2004 pompae
2702 1932 2991 2003 gentilium
3040 1933 3368 2006 mancipata.
3424 1935 3575 1992 Hanc

1973 2027 2326 2092 posteaquam
2369 2021 2639 2076 Dominus
2688 2031 2873 2078 noster
2919 2023 3074 2079 Jesus
3125 2022 3380 2080 Christus
3435 2041 3574 2096 puro

1971 2109 2320 2182 baptismatis
2369 2112 2522 2168 fonte
2569 2113 2834 2185 perfudit,
2867 2113 3206 2170 ablutionem
3236 2123 3290 2172 et
3321 2114 3574 2173 criminis

1973 2201 2182 2272 accepit
2211 2208 2264 2256 et
2316 2202 2559 2257 nominis
2599 2217 2694 2274 per
2722 2203 2952 2276 gratiam
2984 2203 3135 2261 ﬁdei.
3169 2204 3298 2261 Post
3325 2204 3572 2260 meretri-

1972 2304 2090 2344 cem
2121 2288 2185 2344 ﬁt
2225 2289 2401 2362 virgo,
2433 2292 2564 2364 quia
2596 2291 2693 2346 uni
2735 2309 2791 2347 se
2820 2291 3119 2350 destinavit
3161 2294 3394 2367 Sponso.
3431 2295 3570 2352 Nam

1971 2385 2026 2433 et
2054 2379 2201 2436 Raab
2237 2379 2335 2434 illa
2362 2381 2626 2437 meretrix
2675 2381 3074 2453 Hierichuntis,
3103 2401 3224 2458 quae
3252 2385 3570 2457 speculato-

1970 2483 2056 2523 res
2090 2468 2216 2523 Jesu
2245 2469 2393 2525 Nave
2421 2470 2640 2543 excepit
2680 2470 2943 2544 hospitio,
2976 2480 3030 2528 et
3058 2472 3203 2544 quod
3233 2471 3388 2544 signo
3417 2473 3567 2529 cocci

1971 2557 2183 2630 signata
2230 2567 2330 2627 est,
2387 2559 2481 2632 qui
2539 2561 2690 2616 color
2743 2560 2974 2632 ﬁguram
3032 2560 3238 2617 Christi
3284 2561 3568 2632 sanguinis

1971 2645 2270 2716 indicabat,
2301 2656 2354 2703 et
2378 2649 2524 2720 quod
2542 2650 2884 2706 eversionem
2915 2650 3160 2706 civitatis
3180 2649 3361 2706 evasit
3383 2650 3566 2720 (Iosue

1971 2752 2048 2804 v1,
2083 2735 2197 2805 25),
2229 2736 2489 2792 Ecclesia
2517 2745 2710 2808 typum
2743 2737 2958 2805 habuit,
2981 2754 3101 2809 qua
3117 2753 3212 2809 per
3241 2737 3562 2810 sanguinem

1970 2822 2177 2882 Christi
2230 2823 2446 2879 ruinam
2496 2825 2687 2880 mundi
2736 2825 2897 2882 istius
2945 2842 3134 2882 secura
3175 2842 3286 2882 non
3344 2825 3561 2884 metuit.

1970 2912 2060 2968 Sic
2089 2912 2236 2967 enim
2267 2913 2344 2967 ait
2368 2913 2665 2984 propheta:
2725 2936 2742 2960 ι
2770 2913 2994 2986 Accipe,
3032 2914 3235 2987 inquit,
3266 2914 3369 2970 tibi
3411 2932 3563 2971 uxo-

1969 3019 2084 3059 rem
2116 3002 2493 3072 fornicariam,
2534 3011 2587 3059 et
2618 3003 2703 3059 fac
2731 3003 2876 3059 ﬁlios
2918 3004 3304 3062 fornicationis
3343 3007 3492 3077 (Osee
3520 3023 3561 3075 ι,

1967 3091 2049 3163 2).
2087 3119 2104 3140 ι
2159 3092 2374 3165 Ubique
2394 3092 2565 3161 enim,
2586 3092 2936 3149 dilectissimi
2959 3094 3172 3162 fratres,
3203 3096 3422 3152 cultura
3447 3094 3562 3152 ido-

1969 3181 2148 3236 lorum
2198 3182 2491 3240 fornicatio
2540 3189 2855 3254 nuncupata
2897 3190 2999 3251 est,
3041 3191 3102 3238 ut
3133 3183 3190 3238 in
3225 3185 3559 3256 Apocalypsi

1966 3271 2231 3343 scriptum
2272 3279 2384 3327 est:
2433 3295 2449 3316 ε
2485 3272 2557 3326 Et
2594 3270 2734 3326 sinis
2776 3270 3039 3328 fornicari
3085 3289 3272 3328 servos
3303 3289 3472 3340 meos,
3505 3282 3558 3336 et

1966 3359 2295 3417 manducare
2333 3359 2499 3415 idolis
2533 3360 2816 3416 immolata
2848 3362 3036 3431 (Apoc.
3077 3377 3139 3428 ιι,
3172 3361 3288 3432 20).
3323 3385 3342 3409 ι
3394 3360 3558 3417 Deni-

1965 3464 2070 3522 que
2098 3447 2396 3504 Jerusalem
2427 3447 2624 3503 civitas
2646 3447 2740 3502 illa
2761 3448 3038 3520 quondam
3070 3447 3275 3504 nobilis
3303 3447 3556 3504 Hebrao-

1966 3556 2110 3606 rum,
2161 3537 2592 3609 quotiescunque
2631 3553 2659 3591 a
2700 3537 2931 3594 veritate
2959 3536 3278 3606 deﬂexerat,
3311 3547 3366 3594 et
3393 3537 3559 3594 idolis

1965 3625 2256 3693 serviebat,
2295 3625 2478 3680 statim
2504 3625 2810 3681 meretricis
2845 3625 3115 3681 vocabulo
3143 3625 3555 3696 nominabatur,

1965 3716 2108 3773 sicut
2143 3716 2344 3772 clamat
2390 3715 2589 3771 Isaias:
2641 3739 2658 3760 ε
2691 3714 2979 3782 Quomodo
3009 3715 3153 3771 facta
3187 3724 3268 3772 est
3298 3716 3560 3772 meretrix

1963 3806 2160 3862 civitas
2189 3804 2370 3860 ﬁdelis
2396 3805 2529 3860 Sion
2562 3806 2695 3873 (Isa.
2722 3821 2760 3871 ι,
2783 3804 2875 3877 21)
2897 3805 2924 3860 Ῡ
2946 3831 2964 3852 ι
3000 3804 3132 3860 Inde
3153 3813 3235 3860 est
3260 3821 3386 3878 ergo
3411 3804 3559 3879 quod

1965 3895 2041 3951 ait
2070 3894 2327 3950 Salomon
2358 3909 2368 3946 :
2418 3915 2437 3939 ι
2476 3892 2623 3949 Talis
2655 3900 2841 3950 autem
2887 3894 2978 3950 via
3008 3892 3256 3950 mulieris
3295 3893 3557 3950 meretri-

1962 3989 2064 4054 cis,
2096 4003 2217 4058 qua
2255 3991 2610 4057 posteaquam
2639 3984 2826 4040 abluta
2856 3993 2957 4054 est,
2993 3984 3131 4043 dicit
3159 4001 3216 4041 se
3253 3984 3396 4041 nihil
3426 3984 3557 4041 mali

1964 4077 2155 4134 fecisse
2187 4077 2376 4150 (Prov.
2417 4091 2554 4144 xxx,
2586 4075 2701 4147 20).
2747 4100 2766 4125 ι

2505 4201 2738 4258 SEBMO
2784 4200 3004 4257 XLVII.

1964 4306 2025 4362 In
2067 4319 2186 4376 cap.
2219 4317 2339 4358 xxx
2392 4299 2651 4376 Proverb.
2703 4298 2770 4354 de
2809 4298 3123 4376 differentia
3158 4297 3468 4355 Salomonis
3504 4305 3560 4354 et

2427 4373 2663 4428 aliorum
2693 4370 3107 4443 prophetarum.

1964 4485 2072 4539 Hoc
2102 4480 2354 4536 ser-monis
2377 4477 2754 4549 fragmentum,
2785 4478 2967 4531 statim
2979 4483 3136 4547 atque
3164 4477 3221 4532 in
3241 4476 3366 4534 edit.
3402 4478 3557 4535 Rom.

2031 4553 2238 4626 prodiit
2292 4551 2345 4606 in
2387 4552 2586 4626 lucem,_
2625 4549 2895 4604 Ambrosii
2932 4566 3038 4603 non
3085 4565 3201 4626 esse
3244 4566 3392 4604 nemo
3453 4566 3562 4604 non

2035 4621 2261 4681 advertit
2284 4641 2296 4690 ;
2330 4628 2387 4676 at
2408 4640 2524 4676 vero
2542 4621 2652 4690 ejus
2673 4627 2938 4676 auctorem
2957 4640 2982 4676 e
3008 4621 3228 4675 tenebris
3255 4637 3436 4676 eruere
3453 4637 3562 4676 non

2037 4704 2145 4752 tam
2186 4712 2416 4766 pronum
2462 4699 2553 4761 est,
2601 4693 2708 4766 nisi
2757 4692 2876 4762 quis
2910 4708 2975 4766 ea:
3002 4709 3072 4766 eo
3119 4693 3260 4762 quod
3309 4694 3451 4766 locus
3499 4693 3562 4766 de

2034 4763 2304 4823 meretrice
2352 4767 2409 4819 in
2438 4767 2530 4820 hoc
2572 4771 2619 4818 et
2659 4764 2716 4818 in
2745 4763 3010 4834 superiori
3050 4781 3286 4817 sermone
3316 4763 3564 4819 Ecclesia

2037 4839 2478 4905 accommodatus,
2511 4837 2684 4890 eodem
2722 4852 2926 4906 quoque
2959 4835 3115 4889 modo
3153 4835 3423 4906 expositus
3467 4851 3563 4888 re-

2031 4911 2278 4982 periatur
2307 4909 2361 4962 in
2380 4925 2620 4982 sermone
2668 4907 2720 4973 2,
2776 4906 2841 4962 de
2869 4907 3254 4982 Eleemosyna,
3277 4923 3429 4976 quem
3447 4907 3561 4961 Ma-

2035 4979 2171 5038 Ξτὶιηί
2223 4997 2327 5036 esse
2369 4981 2422 5034 in
2472 4995 2768 5033 sermonum
2797 4979 3298 5104 (gratermissorum
3342 4993 3563 5032 censura

2038 5054 2392 5104 probavimus.
2434 5067 2608 5104 omnes
2637 5067 2718 5103 eos
2748 5050 2796 5104 ei
2864 5067 2913 5104 m
2945 5051 3155 5104 auctori
3184 5049 3430 5104 coniectat
3457 5064 3561 5102 as-

2031 5054 2392 5127 probavimus,
2418 5067 2608 5127 omnes
2637 5067 2719 5127 eos
2748 5049 2919 5127 eidem
2932 5051 3155 5127 auctori
3172 5049 3430 5127 conjectct
3457 5064 3564 5127 (ιε-ς

2036 5121 2338 5194 signandos.
2389 5123 2476 5177 Ad
2519 5122 2623 5194 hac
2659 5121 2798 5175 illud
2826 5121 3136 5194 adjiciemus
3164 5123 3285 5194 huic
3332 5121 3563 5194 sermoni

2036 5190 2353 5252 aitomanis
2383 5193 2668 5247 editoribus
2707 5195 2874 5247 multa
2904 5192 3070 5261 fuisse
3095 5192 3294 5264 partim
3332 5190 3560 5264 adjecta,

2032 5268 2235 5341 partim
2275 5271 2498 5329 mutatu,
2538 5281 2652 5333 quia
2691 5282 2784 5318 nos
2825 5282 2850 5317 e
2889 5265 3002 5321 Vat.
3053 5262 3165 5320 cod.
3215 5262 3556 5316 restituimus.

2040 5377 2090 5432 1.
2125 5376 2266 5430 Ante
2299 5371 2597 5428 adventum
2631 5371 2838 5427 Christi
2880 5371 3180 5427 Salvatoris
3209 5368 3406 5436 nostri,
3439 5379 3562 5438 pro-

1967 5465 2142 5538 pheta
2183 5461 2363 5528 multi,
2417 5469 2682 5531 concepto
2711 5459 2919 5532 Spiritu
2958 5467 3164 5525 sancto,
3195 5457 3380 5512 futura
3409 5470 3564 5509 nun-

1965 5557 2199 5622 tiarunt,
2247 5553 2391 5609 inter
2433 5570 2570 5627 quos
2617 5560 2670 5608 et
2699 5551 2957 5607 Salomon
2989 5548 3108 5604 loco
3149 5562 3247 5600 suo
3287 5552 3342 5601 et
3369 5544 3566 5604 ordine

1964 5665 2064 5721 pro
2137 5645 2480 5718 temporibus
2549 5648 2907 5699 numeratur:
2965 5636 3059 5692 sed
3117 5636 3264 5691 inter
3318 5637 3460 5694 alios
3514 5647 3568 5695 et

1961 5741 2141 5814 ipsum
2189 5745 2272 5795 est
2299 5737 2485 5810 aliqua
2527 5732 2813 5790 distantia.
2855 5727 3092 5804 Ideoque
3133 5728 3323 5786 cateri
3346 5729 3416 5788 de
3449 5730 3569 5786 solo
