4064 6178
537 335 644 396 723

1554 335 1651 390 AD
1689 333 1927 392 OPERA
1966 334 2025 391 S.
2069 332 2402 392 AMBROSII
2434 333 2816 394 APPENDIX.

3743 305 3846 394 ω

537 461 748 537 Spiritu
798 459 967 520 locuti
1013 466 1163 529 sunt,
1207 458 1467 518 Salomon
1516 466 1698 518 autem
1731 468 1786 518 et
1814 459 1881 518 de
1916 460 2130 534 Spiritu
2159 461 2210 523 A
2240 461 2525 534 pressione
2607 462 2857 537 corporis
2938 463 3024 520 sui
3099 463 3157 519 in
3211 471 3356 520 terra
3422 473 3682 539 corrupta
3756 484 3844 540 po.

537 570 593 620 et
617 562 686 620 de
713 561 970 634 adjuncta
993 557 1264 633 sapientia
1300 565 1381 616 est
1429 559 1664 616 locutus.
1695 559 1946 633 Denique
1988 557 2135 616 455

538 651 646 711 hoc
689 657 920 708 testatur
967 649 1198 716 locutio,
1247 665 1411 722 quam
1440 664 1510 705 ex
1538 648 1723 706 verbis
1753 648 1874 722 ejus
1901 650 2132 708 audivi-

540 757 662 798 mus
677 739 982 808 recitatam,
995 738 1129 796 dum
1145 740 1290 796 inter
1303 738 1628 812 sapientiam
1647 748 1701 796 et
1718 739 1987 811 Spiritum
2013 741 2131 814 (43)

539 831 828 906 proﬁtetur
846 829 1211 903 ignorantiam
1233 845 1408 898 suam,
1438 845 1563 886 cum
1587 828 1756 886 dicit:
1799 852 1817 877 ε
1840 829 1966 885 Tria
1982 838 2131 900 sunt,

539 921 742 995 inquit,
774 937 894 994 quae
922 936 1034 976 non
1064 919 1335 992 intelligo,
1383 919 1531 975 viam
1571 919 1732 975 navis
1769 919 1828 975 in
1871 920 2032 990 mari,
2055 937 2134 978 se-

539 1015 732 1072 mitam
779 1014 1050 1088 serpentis
1094 1013 1154 1072 in
1203 1021 1437 1087 petram,
1487 1021 1542 1070 et
1588 1013 1887 1087 vestigium
1935 1015 2132 1089 aquilas

538 1105 780 1163 volantis
849 1104 1081 1162 inaera:
1138 1113 1396 1179 quartum
1445 1103 1595 1177 quod
1638 1103 1968 1178 investigare
2020 1121 2131 1161 non

539 1212 782 1270 possum,
834 1194 940 1252 hoc
984 1203 1086 1262 est,
1138 1194 1428 1251 mulierem
1477 1193 1770 1264 moecham,
1829 1211 1948 1268 qua
2005 1211 2129 1252 cum

538 1287 708 1344 semel
750 1283 939 1340 abluta
966 1283 1156 1362 fuerit,
1188 1283 1365 1342 credit
1418 1299 1474 1340 se
1503 1283 1561 1340 in
1585 1291 1708 1341 toto
1737 1301 1849 1341 non
1883 1301 2132 1358 peccasse

541 1377 729 1448 (Prov.
777 1391 916 1442 xxx,
968 1375 1052 1443 19,
1085 1375 1199 1445 20).
1235 1396 1253 1424 ι
1296 1374 1424 1432 Haec
1452 1374 1618 1431 verba
1652 1376 1936 1432 communi
1969 1392 2132 1433 sensu

539 1465 694 1541 quasi
739 1463 808 1520 de
853 1463 1021 1536 vulgo
1066 1463 1328 1520 videntur
1375 1464 1626 1532 collecta,
1659 1464 1755 1521 sed
1786 1464 1843 1522 in
1874 1465 2134 1523 omnibus

538 1562 666 1613 sunt
695 1560 883 1612 sancta
911 1553 1210 1628 mysteria:
1260 1553 1366 1612 tria
1411 1553 1470 1611 in
1507 1552 1748 1623 Christo,
1791 1561 1845 1610 et
1869 1571 2044 1612 unum
2075 1556 2133 1612 in

535 1643 808 1703 Ecclesia.

610 1742 664 1799 2.
694 1740 832 1798 Nam
863 1737 1012 1813 quod
1050 1738 1198 1797 dixit
1243 1737 1392 1796 viam
1423 1739 1582 1795 navis
1612 1738 1671 1795 in
1714 1738 1852 1796 mari
1880 1756 1937 1798 se
1966 1740 2135 1798 inve-

2244 557 2349 606 test
2395 551 2682 625 designare
2728 552 3025 610 semitam:
3061 553 3157 610 sed
3208 569 3334 611 cum
3377 553 3446 610 ad
3474 564 3684 628 petram
3716 574 3848 630 per-

2245 645 2481 711 venerit,
2526 661 2638 702 non
2683 645 2814 703 facit
2845 646 2903 701 in
2935 645 3141 720 lapide,
3169 645 3317 719 quod
3345 646 3476 703 fecit
3506 647 3566 703 in
3597 649 3844 721 pulvere.

2245 733 2335 790 Sic
2380 741 2435 789 et
2479 749 2702 806 serpens
2750 733 3006 790 diabolus
3050 735 3108 790 in
3143 735 3278 807 ipsis
3322 736 3600 793 natalibus
3653 738 3848 796 mundi

2245 821 2464 878 invenis
2492 823 2913 896 corruptibilem
2934 832 3158 894 terram,
3189 825 3365 882 Adam
3397 835 3452 882 et
3470 828 3646 882 Evam
3674 827 3846 884 liben-

2243 919 2328 968 ter
2352 912 2669 969 audientem
2699 930 2820 986 quae
2852 915 3067 970 locutus
3097 922 3177 971 est
3210 916 3364 986 (Gen.
3406 933 3486 985 ιιι,
3522 917 3660 989 1-5);
3698 918 3848 975 Fecit

2245 1001 2303 1056 in
2333 1001 2558 1057 auribus
2587 1003 2866 1071 semitam,
2900 1003 3030 1060 fecit
3061 1011 3115 1060 et
3154 1004 3211 1060 in
3233 1005 3484 1077 pedibus,
3517 1006 3726 1080 quibus
3757 1008 3847 1063 in-

2244 1091 2539 1148 terdictum
2564 1091 2743 1148 fuerat
2773 1092 2878 1149 iter
2902 1093 2969 1150 ad
2998 1094 3249 1150 arborem
3277 1113 3291 1163 ;
3325 1096 3458 1153 fecit
3486 1106 3539 1154 et
3565 1098 3627 1154 in
3659 1099 3847 1154 mani-

2243 1183 2365 1250 bus,
2413 1181 2615 1254 quibus
2672 1191 3011 1241 contrectata
3058 1192 3188 1241 sunt
3229 1202 3390 1258 poma
3419 1205 3430 1242 :
3462 1187 3596 1246 fecit
3629 1189 3692 1244 in
3723 1191 3846 1247 late-

2243 1271 2416 1340 ribus,
2468 1271 2670 1345 quibus
2736 1273 2970 1330 necdum
3040 1291 3310 1332 concessaa
3365 1275 3505 1347 (47),
3561 1277 3846 1336 celebratae

2243 1369 2372 1416 sunt
2420 1361 2649 1433 nuptiae.
2704 1361 2858 1420 Tunc
2898 1379 3120 1436 serpens
3167 1365 3347 1437 potuit
3403 1365 3462 1422 in
3494 1366 3846 1438 primitivum

2244 1450 2528 1507 hominem
2570 1451 2730 1524 quasi
2763 1451 2823 1508 in
2851 1453 3137 1525 pulverem
3167 1454 3463 1527 vestigium
3494 1455 3697 1525 facere,
3737 1475 3848 1530 per-

2244 1540 2398 1596 venit
2427 1540 2495 1596 ad
2524 1547 2756 1612 petram,
2790 1557 2910 1614 quas
2932 1550 3013 1598 est
3043 1540 3298 1600 Christus
3329 1543 3643 1616 (talisenim
3673 1547 3850 1605 factus

2243 1639 2358 1687 erat
2403 1630 2600 1701 Adam,
2643 1630 2820 1704 qualis
2872 1639 2926 1687 et
2967 1630 3220 1689 Christus
3250 1641 3331 1689 est
3358 1649 3429 1689 ex
3466 1636 3671 1706 utero),
3709 1636 3850 1696 vidit

2243 1720 2669 1778 similitudinem
2716 1730 3032 1794 coopertam
3077 1739 3340 1795 corpore:
3391 1722 3485 1779 sed
3517 1740 3851 1796 cognoscere

539 1835 660 1894 nire
690 1849 801 1890 non
833 1810 1008 1908 posse,
1041 1831 1148 1889 hoc
1176 1845 1288 1887 non
1315 1836 1397 1888 est
1425 1830 1543 1886 sine
1574 1831 1841 1904 mysterio
1882 1832 2135 1892 verbum.
2167 1834 2214 1896 B
2244 1827 2371 1908 “°n_
2391 1810 2572 1884 Potuit
2624 1810 3134 1908 maﬁes‘at‘imﬂgl'
3167 1811 3353 1869 Ροῖαίί
3399 1821 3473 1908 θί,
3499 1813 3675 1886 ipsum
3727 1823 3850 1908 te?“

538 1924 672 1982 Nam
705 1923 830 1996 quis
872 1923 1017 1980 inter
1046 1921 1246 1978 ﬂuctus
1291 1920 1582 1993 colligebat
1623 1921 1792 1990 viam,
1828 1937 1991 1997 quam
2039 1940 2132 1980 na-

539 2013 626 2069 vis
657 2011 890 2069 transire
925 2011 1222 2085 potuerat?
1257 2009 1426 2067 Navis
1453 2009 1601 2066 enim
1630 2011 1867 2068 transitu
1895 2028 1995 2069 suo
2017 2029 2131 2070 un-

539 2101 637 2160 das
679 2101 903 2170 scindit,
936 2108 989 2158 et
1019 2100 1290 2174 coagulat,
1321 2107 1384 2156 ut
1414 2100 1621 2156 sciatur
1661 2101 1790 2174 quia
1828 2103 2046 2172 transit,
2078 2112 2132 2162 et

539 2209 652 2250 non
696 2191 1100 2265 videaturqua
1145 2189 1444 2247 transierit.
1496 2190 1693 2248 Visum
1740 2191 1889 2248 enim
1930 2191 2131 2250 habere

542 2294 741 2361 potest,
780 2284 1076 2357 vestigium
1119 2285 1299 2342 facere
1331 2301 1443 2340 non
1491 2290 1686 2358 potest.
1743 2284 1996 2343 Christus
2051 2296 2133 2344 est

541 2379 720 2448 navis,
753 2378 811 2435 in
849 2395 957 2452 qua
986 2378 1288 2435 ascendunt
1326 2377 1575 2432 omnium
1615 2378 1957 2435 credentium
2001 2380 2133 2436 ani-

541 2485 667 2537 mae,
712 2485 834 2542 quae
876 2475 938 2523 ut
963 2475 1077 2524 tota
1107 2467 1338 2524 ﬁrmitas
1369 2465 1427 2522 in
1457 2465 1714 2524 ﬂuctibus
1743 2465 2028 2537 habeatur,
2065 2469 2132 2526 de

542 2559 694 2631 ligno
718 2557 834 2629 (44)
867 2556 1189 2624 fabricatur,
1223 2563 1276 2613 et
1297 2557 1364 2614 de
1395 2555 1538 2612 ferro
1567 2556 1882 2630 conﬁgitur,
1916 2557 2023 2617 hoc
2053 2567 2136 2616 est

539 2646 794 2705 Christus
815 2647 871 2701 in
889 2661 1072 2705 cruce.
1104 2645 1210 2702 Sed
1242 2645 1389 2719 quod
1411 2643 1547 2702 dicit
1580 2661 1777 2701 navem
1806 2646 1924 2703 sine
1955 2647 2136 2703 vesti-

427 2809 440 2817 .
539 2737 650 2810 gio,
699 2735 824 2793 ideo
867 2735 997 2809 quia
1040 2733 1283 2792 Verbum
1331 2735 1432 2791 Dei
1471 2734 1766 2790 vehemens
1815 2751 1910 2808 per
1948 2752 2132 2793 aurem

539 2825 847 2902 penetravit
893 2825 960 2881 ad
1009 2824 1222 2882 viscera
1269 2824 1504 2882 collecto
1550 2823 1776 2881 homine
1836 2841 1936 2881 suo
1992 2826 2135 2884 inter

538 2920 792 2979 homines
821 2918 1088 2988 nascitur,
1118 2919 1290 2976 Maria
1318 2920 1476 2991 virgo
1506 2927 1744 2992 generat.
1779 2920 1997 2977 Transit
2027 2938 2136 2976 na-

538 3013 626 3069 vis
654 3027 750 3085 per
781 3025 951 3079 mare,
981 3017 1036 3066 et
1065 3009 1219 3064 nulla
1247 3008 1305 3063 in
1335 3007 1501 3064 undis
1530 3008 1791 3082 vestigia:
1829 3010 1982 3067 venit
2015 3012 2131 3084 (45)

539 3100 792 3157 Christus
833 3097 899 3154 de
927 3098 1086 3166 coelo,
1138 3111 1268 3152 aure
1313 3096 1644 3169 concipitur,
1681 3106 1840 3154 utero
1891 3106 2136 3173 tempore

2244 1900 2472 1957 tandum
2518 1901 2771 1975 aggredi:
2820 1901 2915 1958 sed
2963 1901 3224 1960 Christus
3275 1919 3377 1960 nec
3424 1902 3852 1977 obtemperavit,

2241 2007 2342 2049 nec
2372 1992 2549 2049 iratus
2577 1999 2658 2048 est
2683 2009 2696 2059 ;
2751 1992 2881 2066 quia
2908 1993 2992 2049 ira
3018 2009 3156 2067 opus
3203 2000 3286 2050 est
3320 1991 3528 2049 diaboli
3553 2011 3565 2048 :
3602 1993 3703 2050 sed
3727 2011 3850 2052 cum

2239 2084 2447 2142 diaboli
2495 2093 2810 2158 contempta
2876 2092 3006 2141 sunt
3065 2083 3256 2154 verba,
3303 2099 3526 2157 serpens
3583 2084 3644 2140 in
3705 2096 3851 2159 petra

2238 2177 2542 2252 vestigium
2573 2195 2682 2234 non
2713 2176 2868 2234 fecit.

2308 2278 2362 2335 4.
2395 2277 2643 2333 Tertium
2674 2293 2805 2334 vero
2834 2293 2890 2334 se
2912 2292 3023 2333 non
3051 2276 3391 2335 intellexisse
3437 2284 3679 2336 testatur
3711 2279 3849 2354 (49).

2238 2370 2441 2444 Aquila
2491 2370 2829 2442 intelligitur
2877 2369 3158 2438 Christus,
3211 2369 3309 2444 qui
3357 2370 3549 2427 volatu
3604 2389 3713 2429 suo
3768 2374 3850 2431 de-

2240 2459 2456 2517 scendit
2477 2459 2543 2515 ad
2565 2467 2756 2516 terras.
2781 2460 2942 2528 Quod
2968 2459 3227 2518 animalis
3249 2475 3419 2532 genus
3442 2477 3555 2517 non
3577 2463 3848 2531 nutritur,

2241 2548 2350 2605 nisi
2382 2549 2624 2621 primum
2665 2549 2887 2606 castitas
2914 2549 3303 2622 comprobetur
3349 2550 3563 2621 matris,
3599 2559 3664 2607 ut
3695 2569 3848 2625 aper-

2241 2637 2313 2692 tis
2372 2637 2570 2704 oculis,
2653 2635 2856 2709 absque
2934 2637 3292 2710 palpitatione
3369 2644 3546 2694 totum
3619 2641 3850 2713 aspiciat

2240 2727 2432 2783 solem.
2465 2725 2662 2781 Merito
2679 2725 2826 2781 enim
2861 2724 2966 2783 hoc
2991 2727 3194 2782 animal
3228 2735 3581 2800 comparatur
3601 2729 3849 2786 Salvato-

2249 2815 2336 2882 ri;
2365 2818 2626 2889 quoniam
2659 2832 2784 2872 cum
2817 2816 3030 2890 aliquid
3061 2832 3250 2889 rapere
3279 2816 3539 2887 voluerit,
3591 2835 3709 2876 non
3739 2837 3852 2877 ves-

2244 2903 2399 2977 tigiis
2426 2903 2674 2959 ambulat
2722 2911 2913 2972 terras,
2955 2904 3048 2961 sed
3096 2905 3374 2962 excelsum
3424 2906 3578 2978 eligit
3631 2907 3852 2966 locum:

2244 2994 2324 3051 sic
2362 3003 2416 3050 et
2465 2993 2718 3052 Christus
2747 2995 2860 3051 alta
2903 3011 3066 3052 cruce
3119 3011 3436 3068 suspensus,
3465 3003 3697 3054 tonante
3724 3006 3855 3054 stre-

2246 3089 2367 3162 pitu
2416 3096 2470 3144 et
2507 3088 2746 3146 terribili
2795 3089 2988 3146 volatu
3043 3090 3318 3164 impetum
3361 3091 3429 3149 ad
3460 3091 3670 3150 inferos
3701 3093 3851 3162 fecit,

539 3196 692 3247 certo
738 3195 1010 3262 portatur.
1061 3187 1209 3242 Talis
1253 3185 1425 3242 Maria
1463 3186 1620 3259 virgo
1658 3187 1945 3255 remansit,
1976 3195 2136 3260 post-
2164 3207 2208 3267 ο
2247 3185 2576 3252 sanctosque
2602 3179 2819 3252 rapiens
2846 3177 2916 3236 ad
2940 3196 3176 3254 superna
3210 3180 3502 3238 remeavit.

538 3296 701 3354 quam
742 3276 974 3353 peperit,
1024 3277 1203 3350 qualis
1261 3275 1369 3333 fuit
1397 3284 1689 3351 antequam
1729 3277 1972 3334 Verbum
2004 3295 2134 3336 aure

537 3369 809 3445 concepit.
839 3368 1038 3426 Merito
1071 3368 1331 3425 Salomon
1379 3367 1524 3425 inter
1564 3367 1832 3440 Spiritum
1881 3377 2133 3425 sanctum

538 3469 592 3518 et
639 3457 964 3534 sapientiam
1005 3458 1258 3531 ignorare
1299 3474 1358 3515 se
1400 3457 1559 3526 dicit,
1594 3465 1648 3514 et
1677 3457 2002 3530 mysterium
2037 3457 2135 3514 in-

538 3551 686 3608 dicat
709 3548 855 3624 quod
887 3549 1100 3621 ignorat
1131 3546 1273 3618 (46).

612 3647 666 3704 3.
707 3643 918 3702 Deinde
955 3643 1246 3717 proﬁtetur
1282 3657 1339 3699 se
1368 3659 1480 3700 non
1510 3641 1700 3699 videre
1729 3643 1981 3701 semitam
2011 3661 2135 3701 ser-

539 3735 720 3813 pentis
749 3734 808 3791 in
831 3741 1016 3807 petra:
1043 3732 1190 3807 quod
1220 3733 1590 3790 communiter
1633 3734 1892 3791 omnibus
1938 3735 2131 3792 homi-

542 3827 901 3899 nibuspatet;
931 3823 1060 3897 quia
1088 3823 1557 3897 uastatistempore
1585 3841 1709 3881 cum
1739 3834 1883 3882 terra
1897 3826 2134 3883 solvitur

543 3919 601 3976 in
630 3918 936 3992 pulverem,
967 3911 1035 3970 de
1065 3912 1299 3970 latibulo
1346 3930 1446 3971 suo
1476 3928 1723 3988 egressus
1758 3931 2002 3989 serpens,
2033 3916 2132 3972 im-

615 4073 734 4147 (43)
775 4071 934 4130 Rom.
966 4068 1123 4147 edit.,
1169 4075 1389 4126 testatur
1420 4070 1657 4147 lectio....
1689 4072 1831 4147 Nam
1851 4073 1977 4147 dum
2004 4091 2134 4145 quo-

539 4142 788 4202 rumdam
834 4143 1206 4216 mysteriorum
1248 4142 1529 4216 propriam
1575 4143 1853 4216 proﬁtetur
1880 4142 2132 4216 ignoran-

544 4219 693 4285 tiam,
749 4215 1028 4288 assignare
1072 4214 1384 4288 distantiam
1409 4214 1618 4288 uidetur
1646 4215 1785 4288 inter
1813 4214 2131 4287 sapientiam

543 4290 645 4348 sibi
662 4285 916 4346 collatam
943 4292 991 4342 et
1017 4285 1287 4358 spiritum.
1315 4285 1459 4342 Dicit
1488 4301 1609 4357 ergo
1623 4303 1645 4358 κε
1681 4286 1808 4343 Tria
1835 4285 1964 4344 sunt
1992 4289 2132 4344 mihi

546 4358 907 4433 impossibilia
929 4357 1090 4433 scire,
1121 4366 1174 4433 et
1203 4366 1461 4433 quartum
1493 4357 1640 4430 quod
1670 4374 1782 4433 non
1821 4375 2089 4431 cognosco
2118 4378 2128 4415 :

543 4429 775 4489 Semitas
821 4429 977 4504 navis
1000 4429 1352 4504 _naviga_ntis,
1383 4429 1523 4504 vias:
1547 4429 1815 4502 serpentis
1843 4429 2008 4503 super
2046 4449 2134 4504 pe;

545 4512 706 4570 tram,
731 4509 786 4559 et
817 4500 1049 4573 vestigia
1087 4499 1282 4582 aquilae
1306 4499 1572 4582 volantis,
1600 4499 1674 4582 et
1701 4499 1958 4582 quartpin
1989 4499 2135 4582 quod

2315 3279 2368 3335 5.
2402 3277 2671 3346 Quartum
2722 3277 2870 3350 quod
2917 3277 3054 3334 dicit
3096 3277 3163 3334 de
3205 3279 3438 3335 muliere
3489 3278 3730 3349 moecha,
3764 3280 3853 3338 hic

2245 3368 2448 3426 mulier
2493 3366 2740 3424 Ecclesia
2789 3365 3143 3440 intelligitur,
3195 3384 3316 3440 quae
3363 3367 3575 3425 dudum
3621 3386 3854 3444 sequens

2246 3458 2414 3529 idola,
2462 3457 2737 3515 fornicata
2788 3457 2912 3515 ibat
2953 3457 3071 3530 (50)
3132 3466 3256 3532 post
3311 3458 3441 3515 deos
3487 3459 3729 3516 alienos:
3765 3459 3855 3518 sed

2244 3551 2363 3619 ubi,
2395 3550 2615 3621 cognita
2645 3549 2900 3620 veritate,
2933 3545 3086 3608 sedes
3110 3567 3246 3625 quas
3289 3549 3498 3608 dudum
3535 3552 3854 3626 collegerat,

2244 3658 2369 3698 cum
2413 3641 2580 3698 semel
2623 3639 2792 3696 fuerit
2828 3640 3103 3715 baptismo
3152 3642 3282 3710 lota,
3332 3658 3545 3710 carens,
3589 3642 3773 3700 credit
3803 3659 3851 3700 se

2246 3747 2527 3806 nunquam
2558 3747 2808 3804 peccasse
2841 3731 2983 3802 (5|),
3015 3731 3077 3787 ﬁt
3108 3729 3348 3799 munda,
3396 3729 3459 3788 ﬁt
3488 3747 3656 3801 nova,
3690 3733 3851 3807 depo-

2245 3825 2350 3882 sita
2393 3824 2809 3881 conversatione
2855 3823 3074 3881 saeculi:
3125 3824 3361 3880 moritur
3416 3823 3664 3892 diabolo,
3697 3840 3849 3881 rena-

2245 3919 2416 3978 scitur
2448 3918 2567 3990 (52)
2600 3919 2732 3974 Deo.

2243 4076 2388 4132 rium
2427 4073 2650 4142 indicat,
2681 4073 2821 4145 quod
2860 4086 2961 4145 per
2987 4073 3232 4129 collatam
3264 4072 3579 4144 sapientiam
3618 4073 3850 4144 ignora-

2243 4149 2350 4204 bat.
2383 4146 2688 4216 Denique...
2717 4162 2880 4217 super
2901 4152 3128 4217 petram.
3180 4145 3462 4201 Commune
3507 4152 3603 4209 est,
3655 4153 3703 4200 et
3746 4163 3849 4202 om-

2243 4219 2418 4286 nibus,
2451 4226 2553 4274 etc.

2319 4289 2436 4361 (47)
2463 4288 2667 4345 Eadem
2699 4288 2856 4356 edit.,
2887 4289 2945 4344 in
2989 4288 3259 4357 lateribus,
3294 4288 3420 4344 dum
3444 4288 3510 4343 ab
3545 4288 3618 4344 eis
3643 4305 3760 4344 non
3799 4295 3853 4343 ut

2243 4361 2463 4432 fuerant
2483 4377 2751 4428 concessae,
2779 4368 2885 4416 etc.

2320 4433 2436 4505 (48)
2468 4434 2625 4512 119m:
2659 4432 2814 4512 edit.,
2847 4429 3112 4512 Adamde
3144 4430 3288 4512 limo,
3321 4431 3499 4512 qualis
3523 4430 3854 4512 ethChristus

2244 4502 2422 4560 estea:
2475 4504 2702 4575 Virginis
2750 4509 2920 4569 utero,
2955 4502 3090 4557 vidit
3138 4502 3366 4557 hominis
3413 4502 3849 4575 similitudinem,

544 4591 678 4654 non“
711 4571 1005 4654 cognosco,
1047 4571 1174 4654 .via‘s
1212 4571 1320 4626 viri
1374 4571 1432 4628 in
1483 4571 1794 4654 juventute.
1845 4571 2134 4654 Talis-via
2167 4576 2214 4634 D
2245 4576 2334 4631 sed
2380 4571 2676 4649 coopertum
2713 4591 2931 4647 corpore
2981 4591 3281 4646 cognoscere
3331 4591 3437 4630 non
3474 4574 3653 4647 potuit
3687 4575 3851 4646 maje-

544 4642 803 4720 mulieris'
841 4642 1334 4720 meretricis,_.q_uze
1386 4642 1513 4720 cum
1559 4643 1768 4720 fecerit,
1844 4653 2131 4720 postquam

543 4717 730 4772 abluta
757 4715 944 4784 fuerit,
976 4713 1120 4771 nihil
1149 4713 1287 4770 dicit
1315 4731 1370 4771 se
1401 4715 1591 4772 fecisse
1631 4713 1782 4773 mali.

618 4787 733 4863 (44)
765 4787 924 4863 Rom.
958 4785 1114 4852 edit.,
1145 4785 1498 4863 interﬁuctus
1527 4788 1833 4863 ostenderet,
1876 4790 1957 4863 vel
1977 4807 2134 4863 prce-

541 4857 766 4915 scr‘ibe're
805 4857 970 4924 viam,
1019 4875 1123 4930 qua
1178 4858 1331 4914 navis
1397 4859 1716 4916 transierit?
1773 4862 1940 4918 Navis
1977 4857 2133 4917 enim

544 4929 774 4987 transitu
816 4946 911 4986 suo
957 4929 1126 4985 undas
1170 4930 1379 4996 scindit,
1409 4937 1456 4986 et
1484 4930 1628 4988 illico
1662 4948 1714 4986 se
1739 4933 1885 4988 unda
1915 4934 2131 4988 conden-

541 5007 626 5058 sat
647 5007 726 5077 Aut
763 5001 1013 5077 pideatur
1049 5000 1186 5077 quia
1227 5002 1439 5077 transit,
1471 5009 1519 5057 et
1544 5005 1972 5077 non_sciatur....
2015 5022 2133 5077 qua:

540 5080 601 5130 ut
620 5073 836 5156 firmius
863 5074 1002 5156 inter
1029 5075 1216 5156 ﬂuctus
1239 5075 1603 5156 grabatum-de
1632 5073 1913 5156 ligno,etc_.

637 5145 730 5219 45)
773 5146 979 5204 Eadem
1027 5145 1204 5219 edit.,,
1239 5145 1459 5219 Verbum
1505 5145 1818 5219 Deiivioum
1855 5153 1903 5201 et
1933 5147 2130 5219 gemeam:

531 5216 633 5292 per
659 5216 845 5275 aurem
872 5223 1110 5292 penetrat
1136 5218 1208 5292 ad
1235 5218 1439 5292 viscera
1467 5217 1577 5292 sine
1607 5216 1831 5292 ltesione,
1853 5223 1901 5272 et
1927 5216 2131 5292 homine

536 5288 825 5362 assumpto.
873 5288 1104 5350 Verbum
1156 5290 1308 5362 inter
1339 5288 1569 5344 homines
1610 5288 1850 5362 nascitur
1897 5288 2006 5344 sine
2047 5291 2130 5362 sui

535 5358 904 5430 diminutione,
947 5367 995 5417 et
1029 5361 1211 5421 Maria
1238 5359 1404 5432 _virgo
1451 5363 1664 5432 generat
1692 5358 1802 5414 sine
1831 5361 2128 5432 corruptio-

535 5450 617 5489 ne.
647 5505 653 5506 ί
679 5429 896 5490 Transit
952 5449 1073 5506 ergo
1120 5429 1355 5487 navis...
1401 5429 1618 5502 vestigia
1672 5439 1944 5487 remanent
1988 5429 2128 5504 quia

536 5505 696 5564 venit.
722 5513 829 5564 etc.

609 5549 906 5646 (Etifiidm.
945 5574 1104 5644 edit.,
1133 5591 1266 5648 aure
1293 5573 1582 5648 conceperit
1622 5580 1670 5648 et
1714 5579 1870 5648 utero
1903 5582 2122 5648 gestave-

538 5645 630 5700 rit.
689 5647 945 5703 Merito...
1006 5653 1056 5702 et
1122 5645 1359 5716 infusam
1424 5645 1739 5717 sapientiam
1815 5645 2124 5704 distantiam

529 5717 701 5789 ponit,
731 5719 858 5773 dum
889 5721 1135 5790 ignorare
1160 5736 1213 5776 se
1236 5736 1332 5793 per
1363 5718 1622 5792 Spiritum
1661 5726 1898 5776 sanctum
1938 5721 2126 5794 Myste-

2243 4653 2447 4704 atatem.

2312 4719 2444 4846 [(1193
2465 4718 2622 4776 Rom.
2656 4717 2816 4787 edit.,
2857 4723 3099 4786 testatur,
3146 4734 3325 4790 nempe
3367 4717 3582 4790 vestigia
3648 4718 3857 4788 aquila:

2329 4808 2398 4846 an
2427 4807 2488 4845 ιε.

2242 4791 2488 4846 volantis.

2317 4862 2437 4934 (50)
2458 4860 2668 4934 Eadem
2690 4861 2848 4934 Rom,
2870 4860 3038 4934 edit.,
3055 4861 3298 4934 impetum
3316 4861 3382 4917 ab
3407 4859 3597 4932 inferis
3625 4859 3850 4930 fecit....

2241 4931 2381 5004 quod
2409 4931 2624 4988 dicitde
2648 4931 2749 4988 viis
2773 4931 2884 4987 viri
2921 4933 2977 5004 in
3009 4931 3284 5002 juventute
3324 4940 3372 4988 et
3414 4934 3636 4989 muliere
3682 4949 3855 4989 mereo

2244 5003 2389 5072 trice,
2421 5006 2521 5060 hxc
2549 5005 2835 5060 mulier....
2858 5010 2918 5059 ut
2948 5003 3256 5074 fornicaria
3286 5005 3413 5060 ibat.

2314 5077 2430 5148 (51)
2468 5076 2817 5148 Βοωχθάίῐη
2849 5091 2984 5148 quas
3015 5076 3214 5131 dudum
3244 5078 3485 5148 elegerat,
3514 5078 3853 5148 relinquens,

2240 5147 2357 5220 cum
2409 5150 2562 5220 semel
2600 5147 2782 5220 fuerit
2833 5147 3092 5219 baptismo
3135 5167 3169 5203 a
3210 5147 3419 5220 peccato
3470 5150 3598 5216 lota,
3658 5147 3856 5205 carens

2240 5219 2460 5287 delictis,
2501 5219 2630 5274 dicit
2675 5237 2726 5274 se
2771 5235 3044 5289 nunquam
3083 5219 3352 5290 peccasse:
3407 5227 3462 5274 at
3511 5236 3614 5275 ms.
3664 5230 3729 5276 ut
3792 5221 3854 5276 in

2239 5298 2418 5357 textu,
2449 5289 2544 5346 ubi
2576 5298 2761 5346 tamen
2791 5307 2889 5362 pro
2919 5289 3099 5358 sedes,
3114 5292 3334 5346 mallem
3351 5291 3554 5346 sordes.

2314 5363 2429 5434 (52)
2462 5362 2595 5434 Post
2619 5361 3111 5434 verba’renascitur
3139 5363 3271 5426 Deo,
3303 5363 3428 5420 Vat.
3477 5362 3656 5418 codex
3701 5363 3856 5420 desi-

2242 5433 2329 5506 nit
2353 5452 2369 5506 ;
2396 5443 2451 5488 at
2479 5433 2762 5506 subjungit
2789 5435 2950 5506 Rom.
2983 5433 3116 5506 edit.
3149 5439 3209 5506 ut
3239 5434 3422 5489 scribit
3448 5434 3748 5506 Apostolus
3781 5436 3855 5490 ad

2244 5504 2592 5560 Corinthiosz’
2619 5504 2828 5578 Siquis
2878 5521 3004 5576 ergo
3045 5504 3103 5560 in
3134 5505 3355 5578 Christo
3403 5504 3548 5562 nova
3589 5514 3856 5563 creatura

2237 5583 2338 5644 est,
2395 5585 2580 5633 vetera
2630 5577 2990 5644 transierunt,
3045 5592 3168 5634 ecce
3228 5577 3370 5633 facta
3442 5587 3576 5634 sunt
3649 5579 3853 5635 omnia

2239 5665 2399 5704 nova.
2433 5649 2668 5720 Denique
2694 5649 2880 5705 merito
2909 5648 3035 5704 dicit
3057 5665 3109 5704 se
3135 5648 3275 5705 nihil
3302 5647 3485 5719 fecisse
3515 5650 3670 5717 mali,
3709 5650 3855 5720 quia

2230 5720 2734 5796 perregenerationis
2776 5727 3161 5779 sacramentum
3202 5721 3282 5779 ita
3325 5727 3449 5778 sunt
3490 5720 3607 5793 ejus
3634 5721 3855 5780 abolita
