4064 6178
252 276 359 338 725

1080 275 1450 334 SERMONES
1489 275 1547 333 S.
1587 275 1941 334 AMBROSIO
1982 276 2352 335 HACTENUS
2391 277 2731 336 ASCRIPTI.

3461 282 3566 340 726

1066 574 1795 664 SERMONES
1884 574 2050 659 DE
2142 571 2754 660 SANCTIS.

703 857 849 916 456
879 851 1114 911 SEBMO
1151 852 1399 911 XLVIII.

365 952 429 1008 In
458 950 596 1006 festo
620 959 821 1008 sanctae
866 949 1095 1022 Agnetis
1124 948 1359 1021 virginis
1387 956 1440 1004 et
1471 946 1751 1019 martyris.

250 1067 411 1124 Hunc
457 1079 748 1119 sermonem
794 1064 1040 1119 hactenus
1098 1061 1354 1118 ineditum
1427 1078 1452 1116 e
1510 1061 1679 1116 tribus
1736 1075 1860 1116 mss.

321 1137 494 1210 prato
527 1136 901 1210 commisimus,
945 1134 1199 1210 nimirum
1263 1132 1656 1210 Valliclareusi,
1692 1131 1864 1210 Remi-

329 1204 486 1282 giano
542 1214 698 1278 atque
762 1206 1051 1282 Regiotin
1085 1206 1273 1276 quibus
1329 1205 1568 1282 omnibus
1620 1204 1862 1282 Ambro-

332 1277 474 1337 sium
519 1277 760 1335 nostrum
823 1277 1044 1350 praefert
1085 1284 1369 1333 auctorem.
1426 1277 1654 1350 Tametsi
1691 1282 1866 1330 autem

331 1368 644 1425 persuasum
699 1348 981 1425 habeamus
1031 1350 1199 1425 sancti
1225 1348 1490 1425 pectoris
1538 1348 1709 1425 fetum
1757 1364 1865 1425 non

334 1420 458 1492 esse,
486 1423 777 1494 elegantior
807 1429 979 1478 tamen
1005 1422 1154 1494 nobis
1181 1421 1295 1477 visa
1324 1426 1400 1477 est
1455 1420 1634 1475 eadem
1670 1421 1862 1491 opella,

330 1513 491 1569 quam
511 1493 577 1550 ut
596 1514 631 1551 a
661 1495 814 1551 tineis
842 1511 949 1549 non
977 1493 1291 1549 vindicetur.

331 1621 383 1679 1.
415 1620 556 1679 Cum
589 1620 648 1677 in
673 1626 793 1677 toto
818 1617 1027 1676 mundo
1065 1617 1350 1690 virgineus
1382 1615 1482 1671 flos
1534 1613 1720 1673 Mariae
1750 1613 1866 1670 im-

255 1710 667 1769 marcescibiles
702 1738 703 1741 η
735 1725 964 1767 coronas
1021 1707 1287 1773 innectat,
1354 1712 1408 1761 et
1481 1704 1866 1776 sceptrigeram

257 1799 492 1874 pudoris
559 1800 739 1855 aulam
816 1797 1172 1853 immaculato
1237 1801 1526 1852 conservet
1605 1793 1804 1849 affectu
1849 1810 1862 1861 ;

259 1905 507 1962 eousque
547 1887 828 1961 integritas
872 1884 1244 1960 perseveravit
1289 1885 1357 1940 ad
1405 1884 1664 1956 palmam,
1709 1890 1772 1938 ut
1801 1881 1861 1939 in

262 1978 474 2054 puellis
508 1985 768 2050 tropaeum
801 1976 1109 2034 sanctitatis
1138 1976 1422 2047 arriperet,
1479 1981 1534 2029 et
1581 1989 1676 2045 per
1706 1973 1866 2030 vesti-

266 2066 360 2142 gia
389 2068 582 2124 matris
628 2067 859 2140 virginis
906 2067 976 2123 ad
1029 2067 1306 2122 caelestem
1349 2063 1652 2120 thalamum
1682 2078 1867 2135 perve-

263 2160 432 2217 niret.
469 2159 610 2217 Hinc
635 2167 717 2215 est
753 2157 902 2231 quod
947 2156 1153 2212 annulo
1183 2153 1310 2210 ﬁdei
1347 2154 1530 2226 Agnes
1576 2169 1633 2208 se
1670 2153 1867 2213 asserit

1893 852 1945 912 A
2045 851 2097 910 4.
2131 852 2308 925 Hujus
2332 852 2486 927 pedis
2516 869 2655 927 equa
2683 854 2866 927 Agnes
2893 851 3210 911 beatissima
3234 852 3304 912 de
3357 871 3414 912 se
3459 871 3567 912 ma-

1971 959 2138 1017 gnum
2155 943 2433 1016 pudicitize
2455 945 2721 1002 excitavit
2744 947 3080 1018 exemplum,
3119 962 3245 1003 cum
3276 945 3568 1018 virginita-

1971 1041 2080 1090 tem
2100 1033 2342 1107 praetulit
2362 1034 2513 1102 vitae,
2538 1051 2866 1108 omnemque
2886 1052 2917 1090 a
2936 1052 2993 1092 se
3013 1051 3257 1092 amorem
3281 1042 3566 1093 terrenum

1972 1141 2068 1203 per
2094 1141 2335 1182 amorem
2389 1126 2664 1182 caelestem
2696 1125 2996 1196 expellens,
3057 1134 3325 1198 tropaeum
3385 1126 3567 1183 crucis

1973 1215 2185 1276 Christi
2210 1215 2469 1286 arripuit;
2503 1222 2556 1269 et
2575 1223 2687 1270 tam
2710 1214 3190 1272 contra‘libidines
3217 1232 3381 1288 quam
3400 1217 3566 1272 etiam

1973 1313 2160 1363 contra
2187 1306 2444 1362 universa
2473 1305 2744 1377 supplicia
2773 1304 2880 1360 ﬁde
2925 1304 3108 1376 potius
3148 1313 3362 1361 armata
3401 1322 3565 1378 quam

1974 1396 2139 1463 ferro,
2172 1394 2386 1451 fortiter
2415 1394 2704 1452 dimicavit
2731 1402 2786 1450 et
2841 1393 2999 1450 vicit.
3059 1394 3274 1464 Aspicit
3330 1394 3568 1468 denique

1973 1484 2345 1541 blandientem
2369 1494 2421 1541 et
2453 1486 2636 1541 renuit
2662 1502 2673 1540 :
2704 1483 3029 1553 minantem,
3065 1491 3120 1540 et
3149 1484 3386 1557 despicit
3424 1504 3435 1541 :
3472 1485 3569 1540 in-

1974 1574 2232 1632 cendium
2269 1575 2524 1643 attendit,
2575 1582 2628 1632 et
2675 1574 2838 1632 ridet.
2867 1574 3053 1631 Nescit
3098 1573 3312 1648 aliquid
3363 1591 3565 1643 amare,

1975 1670 2120 1728 457
2149 1663 2296 1740 quod
2324 1665 2552 1733 transit;
2585 1673 2640 1721 et
2680 1665 2812 1720 dum
2842 1665 3010 1720 nimis
3034 1664 3418 1736 virginitatem
3442 1663 3568 1720 dili-

1977 1765 2075 1838 git,
2106 1780 2208 1822 nec
2263 1763 2520 1831 ludibria,
2570 1779 2671 1820 nec
2701 1762 2967 1829 ﬂammas,
2995 1777 3097 1820 nec
3143 1764 3434 1836 supplicia,
3469 1779 3572 1820 nec

1975 1855 2260 1914 carniﬁces
2311 1854 2539 1911 metuit:
2593 1862 2869 1925 postremo
2898 1869 3000 1910 nec
3049 1851 3293 1925 gladium
3335 1851 3572 1909 furentis

1977 1944 2339 2018 persecutoris
2373 1942 2633 2015 expavit.
2667 1941 3031 2015 Compellitur
3061 1942 3219 2015 virgo
3250 1947 3575 1998 ornamenta

1977 2034 2251 2106 suscipere
2273 2033 2538 2106 corporis,
2568 2032 2663 2089 sed
2696 2033 2918 2099 renuit;
2951 2031 3214 2105 quoniam
3237 2031 3352 2104 jam
3379 2045 3575 2088 susce-

1975 2133 2128 2200 perat
2156 2123 2388 2180 mentis:
2417 2132 2471 2180 et
2503 2121 2632 2197 quia
2650 2137 2762 2179 non
2791 2121 2858 2178 de
2897 2121 3167 2195 elegantia
3195 2120 3445 2194 corporis
3475 2120 3576 2177 hu-

260 2209 736 2315 gst'aErQQHfét
757 2209 1343 2303 1diemet—vse—vamore
1386 2209 1763 2299 donstrictam.
1906 2216 2128 2315 Βωίξηί
2167 2215 2380 2315 1³1³06ΐέ
2438 2213 2712 2315 εξιξάθξᾶι,
2759 2211 2895 2315 quia
2939 2211 3174 2314 timebat
3215 2209 3282 2267 de
3330 2209 3578 2315 foeditate

262 2355 428 2412 quam
458 2337 730 2394 imitabile
766 2337 883 2409 (53)
937 2332 1248 2406 virginibus
1281 2331 1438 2403 virgo
1467 2330 1550 2386 tui
1589 2330 1865 2388 tradidisti

263 2429 468 2485 amoris
493 2427 846 2500 exemplum!
883 2442 916 2482 ο
975 2439 1138 2498 quam
1178 2428 1429 2478 sanctum
1486 2420 1864 2493 peccatoribus

263 2517 532 2591 virgineis
564 2516 814 2574 tribuisti
846 2530 1194 2588 responsum,
1224 2513 1630 2569 contemnendo
1662 2511 1857 2568 mundi

265 2607 514 2677 divitias,
544 2604 884 2664 exsecrando
912 2603 1095 2662 carnis
1146 2600 1640 2673 concupiscentiae,
1693 2609 1747 2658 et
1784 2617 1867 2658 so-

264 2701 375 2758 lam
404 2698 611 2758 Christi
644 2696 1121 2771 pulchritudinem
1151 2692 1456 2750 adamando
1481 2692 1493 2749 ἰ

339 2789 394 2846 2.
426 2787 687 2846 Accedite
720 2787 789 2843 ad
818 2786 1083 2860 puellam,
1124 2783 1342 2856 puellae,
1373 2789 1428 2837 et
1463 2779 1660 2838 discite
1688 2779 1743 2836 in
1772 2777 1865 2837 au-

265 2876 356 2934 nis
407 2875 658 2933 infantiae
692 2875 881 2948 quales
927 2874 986 2929 in
1035 2881 1254 2946 pectore
1301 2886 1401 2928 suo
1436 2869 1583 2928 circa
1625 2886 1866 2927 amorem

265 2964 480 3025 Christi
506 2964 757 3021 ﬂammas
776 2961 1113 3021 accenderit.
1139 2960 1288 3019 Dicit
1307 2974 1364 3017 se
1383 2958 1614 3015 amatori
1640 2975 1740 3016 suo
1759 2975 1868 3016 ser-

265 3071 399 3112 vare
427 3053 614 3123 ﬁdem,
647 3061 702 3110 et
748 3053 867 3126 ejus
897 3068 1096 3125 corpus
1123 3049 1510 3122 concupiscere
1537 3049 1739 3118 solum,
1773 3050 1870 3122 qui

267 3161 370 3219 pro
428 3158 614 3200 amore
661 3142 914 3199 omnium
979 3141 1174 3197 mortis
1220 3156 1333 3196 non
1362 3138 1636 3196 recusavit
1665 3137 1869 3194 interi—

265 3245 411 3294 tum.
442 3233 670 3302 Discite,
721 3232 965 3305 virgines
1001 3229 1231 3298 Christi,
1283 3243 1525 3286 amorem
1579 3228 1639 3284 in
1687 3229 1872 3300 puella

269 3325 599 3394 ferventem,
625 3332 681 3382 et
709 3339 902 3381 omnes
940 3321 1136 3379 mundi
1165 3319 1393 3378 divitias
1434 3321 1587 3377 velut
1635 3328 1873 3378 stercora

269 3423 634 3474 recusantem.
669 3414 797 3472 Ideo
828 3413 977 3470 enim
1015 3419 1331 3470 sanctorum
1371 3426 1466 3483 per
1497 3411 1709 3467 litteras
1751 3418 1872 3466 tra-

271 3506 482 3565 duntur
509 3505 784 3578 exempla,
803 3513 865 3562 ut
887 3503 1267 3576 unusquisque
1283 3517 1382 3573 pro
1404 3499 1668 3573 qualitate
1687 3514 1869 3570 sexus,

271 3602 326 3652 et
354 3612 452 3669 pro
481 3603 640 3652 aetate
687 3609 960 3650 annorum
989 3591 1216 3647 modum
1260 3590 1345 3647 sui
1367 3589 1634 3662 propositi
1665 3594 1867 3655 teneat,
1903 3590 1946 3651 C

272 3695 327 3746 et
363 3688 507 3746 sicut
529 3703 625 3762 per
653 3685 922 3760 virginem
957 3683 1220 3758 virgines,
1253 3683 1331 3739 ita
1370 3691 1423 3739 et
1453 3698 1548 3755 per
1577 3680 1866 3754 conjugem

270 3778 531 3851 conjuges
562 3777 782 3834 vincere
811 3775 1076 3834 saeculum
1124 3791 1222 3849 pro
1257 3772 1465 3833 Christi
1513 3788 1699 3828 amore
1741 3778 1870 3828 stu-

270 3867 458 3934 deant,
489 3884 554 3923 ac
582 3868 982 3939 repugnatione
1001 3865 1173 3921 animi
1196 3863 1391 3921 mundi
1412 3863 1597 3920 dulcia
1619 3876 1869 3918 recusan-

273 3966 381 4023 tes,
414 3963 470 4010 et
498 3955 617 4025 ejus
646 3971 757 4009 non
791 3963 1102 4012 recusantes
1128 3961 1342 4011 austera
1374 3952 1516 4024 (54),
1541 3951 1608 4008 ad
1639 3950 1871 4007 delecta-

277 4040 461 4098 tiones
490 4048 776 4112 perpetuas
813 4049 867 4096 et
895 4041 965 4096 ad
996 4041 1191 4112 gaudia
1220 4049 1423 4098 aeterna
1447 4041 1780 4114 pertingant.

352 4130 406 4188 3.
440 4129 569 4186 Haec
597 4128 841 4187 dicentes
859 4145 971 4184 non
995 4129 1370 4202 vituperamus
1403 4129 1698 4202 conjugum
1727 4134 1874 4185 casta

274 4217 636 4288 commercia,
683 4219 778 4275 sed
831 4217 1110 4290 virginum
1160 4219 1617 4291 perseverantiam
1648 4218 1874 4275 adorna-

271 4327 430 4378 mus;
461 4325 575 4366 non
591 4307 742 4364 enim
770 4306 1065 4380 virginitas
1094 4306 1256 4362 malis
1277 4307 1438 4364 rebus
1458 4308 1873 4383 superponenda

270 4407 362 4459 est
397 4400 539 4473 (55),
572 4397 668 4455 sed
716 4404 798 4454 est
852 4397 1017 4454 rebus
1066 4393 1294 4470 optimis
1345 4397 1695 4468 praeferenda.
1747 4400 1877 4467 Quae

273 4491 428 4550 enim
458 4489 683 4546 mundis
712 4487 993 4558 mundior,
1045 4497 1100 4545 et
1129 4487 1334 4544 sanctis
1363 4486 1603 4544 sanctior
1635 4495 1734 4557 est,
1769 4505 1880 4545 non

277 4582 493 4656 indiget
525 4583 793 4638 malarum
825 4597 1008 4637 rerum
1061 4579 1469 4652 vituperatione
1516 4577 1747 4634 laudari.
1778 4579 1882 4636 Se-

275 4682 524 4751 quantur
553 4674 735 4747 itaque
765 4679 950 4729 sancta
987 4669 1110 4743 conj
1120 4670 1208 4744 ugi
1226 4687 1257 4726 a
1290 4668 1727 4744 patriarcharum
1757 4685 1882 4727 con-

270 4765 436 4840 juges
475 4763 534 4821 in
571 4763 839 4836 religione
877 4761 1090 4835 positae,
1130 4778 1193 4818 ac
1221 4760 1430 4819 divinis
1461 4759 1660 4818 litteris
1699 4759 1885 4817 infor-

280 4863 466 4926 matae,
497 4856 706 4926 Seram,
761 4854 1081 4922 Rebeccam,
1137 4851 1450 4922 Rachelem,
1491 4855 1733 4918 Annam,
1785 4851 1884 4908 Su-

1976 2310 2172 2365 animae
2203 2306 2442 2364 Domino
2464 2305 2776 2378 displicere,
2807 2303 2974 2360 dabat
3014 2302 3246 2359 interius
3274 2318 3371 2375 per
3410 2301 3575 2359 ﬁdem

1976 2415 2088 2456 suae
2123 2399 2320 2455 mentis
2349 2396 2664 2463 candorem,
2697 2403 2859 2467 atque
2912 2392 3389 2466 pulchritudinem
3446 2389 3578 2447 ani-

1978 2506 2100 2558 mae,
2133 2504 2298 2561 quam
2322 2486 2642 2552 excolebat;
2676 2493 2730 2541 et
2753 2491 3020 2556 quantum
3051 2483 3257 2540 sciebat
3283 2479 3432 2554 quod
3458 2479 3576 2536 ani-

1979 2595 2124 2636 mam
2155 2593 2308 2634 suam
2339 2575 2624 2649 pulchram
2660 2574 2882 2640 faceret,
2934 2578 3150 2627 tantum
3180 2569 3239 2625 in
3287 2585 3385 2626 sua
3412 2583 3576 2626 carne

1979 2667 2329 2728 erubescebat
2358 2681 2415 2721 se
2449 2681 2564 2722 esse
2604 2664 2900 2718 formosam
2937 2679 2948 2717 :
3002 2666 3326 2732 tantumque
3354 2657 3572 2715 studuit

1979 2759 2269 2833 displicere
2324 2753 2636 2812 carnalibus
2706 2752 2765 2807 in
2820 2750 3000 2808 carnis
3057 2755 3302 2820 aspectu,
3367 2754 3575 2821 quanto

1979 2850 2198 2909 Christo
2230 2845 2454 2915 institit,
2477 2852 2531 2902 et
2559 2842 2676 2916 ejus
2702 2840 2908 2914 angelis
2947 2839 3308 2911 complacare.

2049 2940 2103 2997 5.
2133 2938 2409 2995 Turbatur
2452 2934 2677 3008 juvenis
2710 2948 2742 2988 a
2789 2932 2972 3005 puella
3020 2937 3393 3001 contemptus,
3440 2934 3496 2985 et
3523 2943 3582 2985 se

1980 3028 2302 3088 muneribus
2357 3027 2698 3099 complacere
2754 3038 2910 3095 posse
2947 3019 3299 3087 existimans,
3359 3033 3577 3086 aurum,

1981 3137 2219 3198 gemmas
2247 3117 2660 3191 congeminans,
2701 3121 2902 3179 vestes,
2941 3109 3147 3183 praedia
3177 3107 3415 3182 pretiosa
3440 3122 3583 3165 con-

1980 3196 2178 3272 vectat.
2212 3210 2317 3267 Sed
2369 3207 2499 3281 quia
2528 3202 2735 3264 Christi
2763 3202 3003 3259 charitas
3046 3197 3284 3271 pretium
3326 3196 3582 3270 pecunia-

1981 3321 2104 3362 rum
2140 3319 2251 3358 non
2272 3299 2454 3366 habet,
2486 3297 2642 3370 virgo
2671 3291 3042 3350 sacratissima
3071 3290 3129 3345 in
3157 3305 3260 3346 suo
3288 3287 3460 3361 gradu
3488 3304 3580 3343 us-

1981 3412 2086 3471 que
2127 3393 2195 3449 ad
2246 3388 2530 3462 sanguinis
2575 3384 2902 3441 effusionem
2939 3379 3282 3454 permansit;
3316 3377 3582 3453 quoniam

1981 3469 2081 3545 suo
2105 3487 2255 3543 illam
2281 3481 2548 3553 sanguine
2586 3477 2968 3533 subarraverat
2998 3470 3275 3530 Christus.
3335 3469 3421 3525 Ad
3455 3483 3582 3524 con-

1979 3579 2349 3652 cupiscentem
2374 3571 2542 3644 igitur
2575 3565 2874 3624 revertitur
2902 3578 3118 3630 census,
3153 3568 3206 3617 et
3253 3560 3586 3616 inconcussa

1979 3646 2536 3744 virginitas'Christo
2591 3657 2758 3713 semel
2808 3653 2991 3709 oblata
3035 3649 3316 3723 perdurat.
3350 3646 3582 3744 Discite,

1979 3737 2222 3833 virgines
2246 3751 2475 3819 Christi,
2507 3763 2712 3806 norma:
2741 3743 3004 3819 puellaris
3033 3741 3306 3813 exempla,
3349 3747 3405 3794 et
3434 3737 3583 3833 obla-

1978 3857 2036 3907 ta
2063 3826 2164 3906 sub
2195 3843 2373 3918 specie
2418 3837 2639 3914 pietatis
2687 3833 3019 3891 munuscula
3045 3831 3293 3886 virorum
3344 3836 3457 3884 tota
3498 3826 3579 3882 in.

1980 3939 2227 3997 tentione
2283 3931 2549 4003 respuite,
2598 3933 2653 3983 et
2729 3924 2885 3999 quasi
2937 3921 3117 3979 rabidi
3167 3919 3320 3977 canis
3370 3929 3586 3972 morsus

1983 4027 2137 4086 omni
2167 4040 2293 4082 cum
2349 4018 2547 4094 gaudio
2587 4022 2850 4073 recusate.
2902 4012 2952 4069 Α
2982 4027 3090 4084 quo
3145 4025 3258 4064 non
3315 4003 3586 4075 receperis

1983 4116 2130 4192 quod
2149 4091 2503 4176 timeas'Dei,
2534 4122 2645 4162 non
2675 4098 3089 4192 accipiasquod
3120 4097 3316 4192 diligas
3345 4091 3539 4192 mundi
3567 4107 3580 4146 :

1984 4181 2191 4278 accipe,
2225 4201 2430 4274 accipe,
2465 4197 2641 4268 virgo,
2663 4193 2758 4249 sed
2786 4190 2934 4264 quod
2964 4187 3136 4244 amori
3168 4193 3374 4242 aeterno
3404 4181 3586 4256 profi-

1985 4273 2123 4356 ciat.-
2168 4273 2614 4362 Quotiescunque
2666 4283 2735 4340 ab
2792 4280 3016 4336 homine
3071 4282 3364 4335 consecuta
3411 4273 3586 4331 fueris

1988 4401 2236 4451 censum,
2269 4382 2347 4438 sic
2365 4380 2570 4450 accipe,
2598 4384 2659 4432 ut
2687 4382 2741 4430 te
2769 4370 2978 4432 Christi
3009 4383 3264 4442 sponsam
3297 4382 3584 4439 agnoscas.

1989 4475 2157 4535 Videt
2189 4474 2282 4530 ille
2308 4473 2457 4528 intus
2490 4469 2543 4524 in
2578 4472 2759 4521 mente
2783 4462 3136 4537 quidfacias,
3173 4467 3227 4515 et
3282 4474 3446 4532 quam
3495 4473 3588 4514 ex-

1991 4573 2238 4642 petenter
2267 4561 2383 4635 ejus
2413 4558 2655 4632 virgines
2684 4552 2964 4612 comiteris
2985 4549 3241 4608 attendit.

2065 4667 2118 4724 6.
2151 4663 2348 4721 Videte
2378 4677 2504 4731 ergo
2535 4655 2811 4732 quomodo
2839 4652 3090 4727 sequitur
3119 4653 3302 4722 Agnes
3330 4647 3588 4705 Mariam.

1992 4757 2121 4813 Post
2181 4750 2475 4826 opprobria
2525 4748 2742 4804 nullum
2791 4742 2973 4818 potuit
3019 4739 3238 4815 penitus
3290 4736 3590 4794 formidare

1993 4843 2346 4919 supplicium,
2401 4839 2491 4897 cui
2547 4836 2712 4894 etiam
2757 4836 2989 4908 lupanar
3028 4827 3396 4919 turpitudinis
3434 4828 3592 4884 locus

280 4964 536 5018 sannam,
563 4947 864 5022 Sephoram
901 4945 1192 5000 imitentur
1219 4960 1459 4999 uxores:
1512 4942 1720 5001 Christi
1752 4957 1884 4999 vero
1915 4962 1964 5021 D
1993 4935 2230 4995 efﬁcitur
2253 4932 2552 4998 orationis;
2594 4936 2648 4986 et
2686 4926 2782 4984 ubi
2830 4925 3088 4982 diabolus
3125 4916 3196 4979 et‘
3221 4917 3590 5022 ignominiam

281 5037 529 5111 virgines
558 5037 730 5094 solam
775 5033 1064 5108 Virginem
1116 5039 1342 5087 matrem
1375 5031 1623 5103 Virginis
1652 5031 1884 5087 luminis

282 5125 709 5201 subsequantur.

279 5349 516 5416 peccata,
545 5357 606 5396 ac
641 5337 873 5416 si_facta_
909 5354 1018 5416 uon
1069 5336 1329 5416 fuissent;
1368 5352 1458 5416 uec
1505 5343 1628 5416 sunt
1683 5336 1740 5390 in
1760 5335 1888 5416 __Dei

283 5407 562 5481 memoria,
595 5418 654 5467 ut
679 5407 922 5481 Ezechiel
948 5410 1205 5480 propheta
1228 5413 1476 5481 testatur,
1506 5407 1685 5481 dicens
1717 5425 1732 5462 :
1760 5408 1890 5464 Vita

286 5485 446 5542 vivet
489 5478 557 5541 et
599 5499 712 5540 non
771 5478 1062 5548 morietur,
1089 5479 1340 5534 omnium
1378 5479 1524 5533 enim
1555 5478 1888 5535 delictorum

1993 5024 2366 5098 corruptionis
2407 5025 2823 5095 praeparaverat,
2858 5017 2976 5074 illic
3004 5031 3125 5073 eam
3176 5011 3429 5084 excipere
3461 5005 3591 5063 fecit

1992 5096 2265 5174 Dominus
2294 5128 2551 5170 coronam
2591 5127 2701 5165 sua:
2732 5105 3073 5180 virginitatis
3098 5111 3151 5178 et
3180 5104 3445 5176 palmam.
3475 5096 3591 5151 Hoc

1997 5334 2288 5394 Ecclesiam
2313 5349 2419 5387 non
2439 5331 2706 5384 habentem
2735 5327 2998 5382 maculam
3026 5339 3188 5394 neque
3214 5335 3422 5391 rugam.

2097 5407 2190 5468 53)
2224 5405 2410 5463 Codex
2445 5401 2691 5459 Valliscl.
2728 5402 2770 5456 0
2799 5414 2961 5468 quam
2987 5391 3230 5449 mirabile
3269 5396 3362 5455 est,
3396 5391 3502 5468 etc.

2098 5408 2166 5464 53
2224 5408 2410 5463 Codex
2445 5408 2691 5459 Valliscl.
2728 5408 2770 5456 υ
2799 5414 2961 5468 quam
2987 5408 3230 5449 mirabile
3269 5408 3362 5455 est,
3396 5408 3502 5441 etc.

2098 5408 2192 5548 54g
2225 5477 2374 5534 Idem
2405 5474 2601 5542 codex,
2659 5471 2838 5527 dulcia
2886 5469 3202 5530 recusantes,
3238 5477 3338 5533 per
3373 5462 3592 5514 austera

287 5557 411 5630 ejus
439 5569 801 5630 quaecumque
827 5551 982 5630 fecit,
1023 5548 1578 5630 ngn__recordabitur_
1601 5551 1670 5630 ei.
1707 5553 1772 5607 In
1801 5552 1894 5630 hoc
2000 5548 2438 5630 addel‘ectqetc.

287 5622 520 5699 namque
549 5628 606 5681 in
636 5622 854 5707 mortem
882 5641 935 5679 se
966 5623 1195 5704 tradidit
1225 5622 1581 5704 Christushut
1610 5623 1896 5751 Alpostolus

288 5701 364 5751 ad
393 5699 648 5751 Ephesios
677 5698 882 5751 scribit.
929 5701 990 5751 ut
1017 5694 1280 5751 exhiberet
1307 5711 1416 5751 mse
1463 5693 1565 5750 διὸι
1609 5711 1638 5751 a
1696 5695 1897 5751 riosam

288 5701 364 5758 ad
391 5693 648 5774 Ephesios
677 5697 882 5764 scribit,
929 5701 990 5752 ut
1017 5694 1280 5752 exhiberet
1307 5693 1416 5768 ipse
1463 5693 1565 5750 sibi
1607 5711 1638 5766 g

2039 5603 2416 5750 “555mm
2464 5615 2699 5686 Remig.,
2739 5609 2898 5668 malis
2926 5607 3078 5663 rebus
3124 5603 3467 5678 supponenda
3497 5605 3592 5668 est,

2061 5708 2111 5750 c.

2004 5708 2111 5751 θιο.
