  <div class='ocr_page' id='page_1' title='image "/cluster/home/n/w/nwhite01/storage/ocr_20150623/17/hvd.32044096580436/369.png"; bbox 0 0 4020 6200; ppageno 0'>
   <div class='ocr_carea' id='block_1_1' title="bbox 485 339 592 399">
    <p class='ocr_par' dir='ltr' id='par_1_1' title="bbox 485 339 592 399">
     <span class='ocr_line' id='line_1_1' title="bbox 485 339 592 399; baseline -0.009 0"><span class='ocrx_word' id='word_1_1' title='bbox 485 339 592 399; x_wconf 78' lang='grc'><strong>727</strong></span> 
     </span>
    </p>
   </div>
   <div class='ocr_carea' id='block_1_2' title="bbox 1517 331 2771 390">
    <p class='ocr_par' dir='ltr' id='par_1_2' title="bbox 1517 331 2771 390">
     <span class='ocr_line' id='line_1_2' title="bbox 1517 331 2771 390; baseline 0 -2"><span class='ocrx_word' id='word_1_2' title='bbox 1517 335 1614 390; x_wconf 83' lang='lat' dir='ltr'><strong>AD</strong></span> <span class='ocrx_word' id='word_1_3' title='bbox 1652 332 1888 390; x_wconf 84' lang='lat' dir='ltr'><strong>OPERA</strong></span> <span class='ocrx_word' id='word_1_4' title='bbox 1925 332 1982 388; x_wconf 88' lang='lat' dir='ltr'><strong>S.</strong></span> <span class='ocrx_word' id='word_1_5' title='bbox 2021 331 2355 390; x_wconf 81' lang='lat' dir='ltr'><strong>AMBROSII</strong></span> <span class='ocrx_word' id='word_1_6' title='bbox 2391 331 2771 389; x_wconf 84' lang='lat' dir='ltr'><strong>APPENDIX.</strong></span> 
     </span>
    </p>
   </div>
   <div class='ocr_carea' id='block_1_3' title="bbox 3689 335 3795 394">
    <p class='ocr_par' dir='ltr' id='par_1_3' title="bbox 3689 335 3795 394">
     <span class='ocr_line' id='line_1_3' title="bbox 3689 335 3795 394; baseline 0.009 -2"><span class='ocrx_word' id='word_1_7' title='bbox 3689 335 3795 394; x_wconf 79' lang='grc'><strong>728</strong></span> 
     </span>
    </p>
   </div>
   <div class='ocr_carea' id='block_1_4' title="bbox 481 455 3794 532">
    <p class='ocr_par' dir='ltr' id='par_1_4' title="bbox 481 455 3794 532">
     <span class='ocr_line' id='line_1_4' title="bbox 481 455 3794 532; baseline -0.001 -10"><span class='ocrx_word' id='word_1_8' title='bbox 481 469 566 522; x_wconf 90' lang='lat' dir='ltr'><strong>est</strong></span> <span class='ocrx_word' id='word_1_9' title='bbox 595 463 653 519; x_wconf 92' lang='lat' dir='ltr'><strong>in</strong></span> <span class='ocrx_word' id='word_1_10' title='bbox 699 459 814 518; x_wconf 83' lang='lat' dir='ltr'><strong>suis</strong></span> <span class='ocrx_word' id='word_1_11' title='bbox 839 457 1062 517; x_wconf 79' lang='lat' dir='ltr'><strong>sedibus</strong></span> <span class='ocrx_word' id='word_1_12' title='bbox 1099 456 1282 514; x_wconf 90' lang='lat' dir='ltr'><strong>hostes</strong></span> <span class='ocrx_word' id='word_1_13' title='bbox 1329 455 1568 527; x_wconf 86' lang='lat' dir='ltr'><strong>vincere,</strong></span> <span class='ocrx_word' id='word_1_14' title='bbox 1616 458 1890 530; x_wconf 87' lang='lat' dir='ltr'><strong>captivam</strong></span> <span class='ocrx_word' id='word_1_15' title='bbox 1939 456 2068 514; x_wconf 90' lang='lat' dir='ltr'><strong>duc-</strong></span> <span class='ocrx_word' id='word_1_16' title='bbox 2102 462 2152 521; x_wconf 83' lang='lat' dir='ltr'><strong>A</strong></span> <span class='ocrx_word' id='word_1_17' title='bbox 2182 459 2493 517; x_wconf 87' lang='lat' dir='ltr'><strong>furentibus</strong></span> <span class='ocrx_word' id='word_1_18' title='bbox 2524 458 2790 516; x_wconf 89' lang='lat' dir='ltr'><strong>vicarium</strong></span> <span class='ocrx_word' id='word_1_19' title='bbox 2823 456 3156 532; x_wconf 81' lang='lat' dir='ltr'><strong>dereliquit.</strong></span> <span class='ocrx_word' id='word_1_20' title='bbox 3188 458 3451 530; x_wconf 84' lang='lat' dir='ltr'><strong>Virgineo</strong></span> <span class='ocrx_word' id='word_1_21' title='bbox 3473 459 3657 532; x_wconf 82' lang='lat' dir='ltr'><strong>itaque</strong></span> <span class='ocrx_word' id='word_1_22' title='bbox 3678 476 3794 518; x_wconf 86' lang='lat' dir='ltr'><strong>cor-</strong></span> 
     </span>
    </p>
   </div>
   <div class='ocr_carea' id='block_1_5' title="bbox 482 547 2078 623">
    <p class='ocr_par' dir='ltr' id='par_1_5' title="bbox 482 547 2078 623">
     <span class='ocr_line' id='line_1_5' title="bbox 482 547 2078 623; baseline -0.004 -13"><span class='ocrx_word' id='word_1_23' title='bbox 482 561 596 611; x_wconf 91' lang='lat' dir='ltr'><strong>tam</strong></span> <span class='ocrx_word' id='word_1_24' title='bbox 624 549 895 623; x_wconf 81' lang='lat' dir='ltr'><strong>virginem</strong></span> <span class='ocrx_word' id='word_1_25' title='bbox 936 547 1004 604; x_wconf 88' lang='lat' dir='ltr'><strong>ad</strong></span> <span class='ocrx_word' id='word_1_26' title='bbox 1031 547 1337 621; x_wconf 82' lang='lat' dir='ltr'><strong>penetralia</strong></span> <span class='ocrx_word' id='word_1_27' title='bbox 1370 547 1512 620; x_wconf 91' lang='lat' dir='ltr'><strong>regis</strong></span> <span class='ocrx_word' id='word_1_28' title='bbox 1541 547 1861 618; x_wconf 86' lang='lat' dir='ltr'><strong>libidinum,</strong></span> <span class='ocrx_word' id='word_1_29' title='bbox 1897 547 2078 622; x_wconf 92' lang='lat' dir='ltr'><strong>ipsum</strong></span> 
     </span>
    </p>
   </div>
   <div class='ocr_carea' id='block_1_6' title="bbox 484 637 2077 714">
    <p class='ocr_par' dir='ltr' id='par_1_6' title="bbox 484 637 2077 714">
     <span class='ocr_line' id='line_1_6' title="bbox 484 637 2077 714; baseline -0.003 -14"><span class='ocrx_word' id='word_1_30' title='bbox 484 657 665 714; x_wconf 73' lang='lat' dir='ltr'><strong>regem</strong></span> <span class='ocrx_word' id='word_1_31' title='bbox 687 657 718 696; x_wconf 91' lang='lat' dir='ltr'><strong>a</strong></span> <span class='ocrx_word' id='word_1_32' title='bbox 746 638 981 710; x_wconf 80' lang='lat' dir='ltr'><strong>virgine,</strong></span> <span class='ocrx_word' id='word_1_33' title='bbox 1011 654 1175 710; x_wconf 90' lang='lat' dir='ltr'><strong>quam</strong></span> <span class='ocrx_word' id='word_1_34' title='bbox 1206 637 1599 709; x_wconf 88' lang='lat' dir='ltr'><strong>captivaverat,</strong></span> <span class='ocrx_word' id='word_1_35' title='bbox 1622 637 1855 706; x_wconf 88' lang='lat' dir='ltr'><strong>victum,</strong></span> <span class='ocrx_word' id='word_1_36' title='bbox 1883 646 1938 694; x_wconf 92' lang='lat' dir='ltr'><strong>et</strong></span> <span class='ocrx_word' id='word_1_37' title='bbox 1963 638 2077 696; x_wconf 91' lang='lat' dir='ltr'><strong>vic-</strong></span> 
     </span>
    </p>
   </div>
   <div class='ocr_carea' id='block_1_7' title="bbox 484 725 2080 801">
    <p class='ocr_par' dir='ltr' id='par_1_7' title="bbox 484 725 2080 801">
     <span class='ocr_line' id='line_1_7' title="bbox 484 725 2080 801; baseline -0.003 -13"><span class='ocrx_word' id='word_1_38' title='bbox 484 738 602 788; x_wconf 89' lang='lat' dir='ltr'><strong>tum</strong></span> <span class='ocrx_word' id='word_1_39' title='bbox 633 746 759 788; x_wconf 90' lang='lat' dir='ltr'><strong>cum</strong></span> <span class='ocrx_word' id='word_1_40' title='bbox 793 727 1028 801; x_wconf 82' lang='lat' dir='ltr'><strong>virginis</strong></span> <span class='ocrx_word' id='word_1_41' title='bbox 1056 725 1342 800; x_wconf 92' lang='lat' dir='ltr'><strong>triumpho</strong></span> <span class='ocrx_word' id='word_1_42' title='bbox 1371 726 1558 794; x_wconf 83' lang='lat' dir='ltr'><strong>exire;</strong></span> <span class='ocrx_word' id='word_1_43' title='bbox 1594 742 1719 782; x_wconf 91' lang='lat' dir='ltr'><strong>nam</strong></span> <span class='ocrx_word' id='word_1_44' title='bbox 1751 727 1844 800; x_wconf 89' lang='lat' dir='ltr'><strong>qui</strong></span> <span class='ocrx_word' id='word_1_45' title='bbox 1876 735 2080 784; x_wconf 90' lang='lat' dir='ltr'><strong>tenue-</strong></span> 
     </span>
    </p>
   </div>
   <div class='ocr_carea' id='block_1_8' title="bbox 484 816 2082 892">
    <p class='ocr_par' dir='ltr' id='par_1_8' title="bbox 484 816 2082 892">
     <span class='ocr_line' id='line_1_8' title="bbox 484 816 2082 892; baseline -0.005 -14"><span class='ocrx_word' id='word_1_46' title='bbox 484 828 591 892; x_wconf 91' lang='lat' dir='ltr'><strong>rat,</strong></span> <span class='ocrx_word' id='word_1_47' title='bbox 620 827 807 875; x_wconf 91' lang='lat' dir='ltr'><strong>tentus</strong></span> <span class='ocrx_word' id='word_1_48' title='bbox 834 825 952 874; x_wconf 86' lang='lat' dir='ltr'><strong>est:</strong></span> <span class='ocrx_word' id='word_1_49' title='bbox 985 816 1081 890; x_wconf 87' lang='lat' dir='ltr'><strong>qui</strong></span> <span class='ocrx_word' id='word_1_50' title='bbox 1109 823 1376 884; x_wconf 81' lang='lat' dir='ltr'><strong>traxerat,</strong></span> <span class='ocrx_word' id='word_1_51' title='bbox 1409 822 1617 872; x_wconf 88' lang='lat' dir='ltr'><strong>tractus</strong></span> <span class='ocrx_word' id='word_1_52' title='bbox 1647 824 1765 884; x_wconf 90' lang='lat' dir='ltr'><strong>est;</strong></span> <span class='ocrx_word' id='word_1_53' title='bbox 1799 816 1895 890; x_wconf 91' lang='lat' dir='ltr'><strong>qui</strong></span> <span class='ocrx_word' id='word_1_54' title='bbox 1923 816 2082 875; x_wconf 88' lang='lat' dir='ltr'><strong>occi—</strong></span> 
     </span>
    </p>
   </div>
   <div class='ocr_carea' id='block_1_9' title="bbox 484 904 1336 980">
    <p class='ocr_par' dir='ltr' id='par_1_9' title="bbox 484 904 1336 980">
     <span class='ocr_line' id='line_1_9' title="bbox 484 904 1336 980; baseline -0.007 -14"><span class='ocrx_word' id='word_1_55' title='bbox 484 909 612 966; x_wconf 86' lang='lat' dir='ltr'><strong>dere</strong></span> <span class='ocrx_word' id='word_1_56' title='bbox 633 925 689 965; x_wconf 90' lang='lat' dir='ltr'><strong>se</strong></span> <span class='ocrx_word' id='word_1_57' title='bbox 717 905 963 980; x_wconf 83' lang='lat' dir='ltr'><strong>putabat,</strong></span> <span class='ocrx_word' id='word_1_58' title='bbox 991 904 1208 961; x_wconf 88' lang='lat' dir='ltr'><strong>occisus</strong></span> <span class='ocrx_word' id='word_1_59' title='bbox 1235 911 1336 960; x_wconf 93' lang='lat' dir='ltr'><strong>est.</strong></span> 
     </span>
    </p>
   </div>
   <div class='ocr_carea' id='block_1_10' title="bbox 559 967 2081 1072">
    <p class='ocr_par' dir='ltr' id='par_1_10' title="bbox 559 967 2081 1072">
     <span class='ocr_line' id='line_1_10' title="bbox 559 967 2081 1072; baseline -0.001 -15"><span class='ocrx_word' id='word_1_60' title='bbox 559 1001 609 1057; x_wconf 92' lang='lat'><strong>7.</strong></span> <span class='ocrx_word' id='word_1_61' title='bbox 661 967 908 1072; x_wconf 75' lang='lat' dir='ltr'><strong>Denique</strong></span> <span class='ocrx_word' id='word_1_62' title='bbox 932 967 995 1053; x_wconf 82' lang='lat' dir='ltr'><strong>ut</strong></span> <span class='ocrx_word' id='word_1_63' title='bbox 1016 997 1308 1070; x_wconf 87' lang='lat' dir='ltr'><strong>probemus</strong></span> <span class='ocrx_word' id='word_1_64' title='bbox 1338 995 1622 1052; x_wconf 91' lang='lat' dir='ltr'><strong>diabolum</strong></span> <span class='ocrx_word' id='word_1_65' title='bbox 1654 967 1920 1069; x_wconf 53' lang='lat' dir='ltr'><strong>avii&#39;gine</strong></span> <span class='ocrx_word' id='word_1_66' title='bbox 1947 1005 2081 1055; x_wconf 91' lang='lat' dir='ltr'><strong>tunc</strong></span> 
     </span>
    </p>
   </div>
   <div class='ocr_carea' id='block_1_11' title="bbox 483 1083 2079 1158">
    <p class='ocr_par' dir='ltr' id='par_1_11' title="bbox 483 1083 2079 1158">
     <span class='ocr_line' id='line_1_11' title="bbox 483 1083 2079 1158; baseline -0.005 -10"><span class='ocrx_word' id='word_1_67' title='bbox 483 1089 655 1148; x_wconf 86' lang='lat' dir='ltr'><strong>fuisse</strong></span> <span class='ocrx_word' id='word_1_68' title='bbox 685 1089 920 1156; x_wconf 87' lang='lat' dir='ltr'><strong>victum,</strong></span> <span class='ocrx_word' id='word_1_69' title='bbox 953 1085 1103 1142; x_wconf 90' lang='lat' dir='ltr'><strong>illius</strong></span> <span class='ocrx_word' id='word_1_70' title='bbox 1125 1084 1351 1158; x_wconf 86' lang='lat' dir='ltr'><strong>juvenis</strong></span> <span class='ocrx_word' id='word_1_71' title='bbox 1390 1085 1595 1141; x_wconf 91' lang='lat' dir='ltr'><strong>factum</strong></span> <span class='ocrx_word' id='word_1_72' title='bbox 1626 1083 1694 1140; x_wconf 93' lang='lat' dir='ltr'><strong>ad</strong></span> <span class='ocrx_word' id='word_1_73' title='bbox 1724 1085 1970 1141; x_wconf 91' lang='lat' dir='ltr'><strong>animum</strong></span> <span class='ocrx_word' id='word_1_74' title='bbox 1999 1101 2079 1141; x_wconf 87' lang='lat' dir='ltr'><strong>re-</strong></span> 
     </span>
    </p>
   </div>
   <div class='ocr_carea' id='block_1_12' title="bbox 485 1173 2078 1251">
    <p class='ocr_par' dir='ltr' id='par_1_12' title="bbox 485 1173 2078 1251">
     <span class='ocr_line' id='line_1_12' title="bbox 485 1173 2078 1251; baseline -0.003 -17"><span class='ocrx_word' id='word_1_75' title='bbox 485 1195 764 1247; x_wconf 86' lang='lat' dir='ltr'><strong>vocemus,</strong></span> <span class='ocrx_word' id='word_1_76' title='bbox 792 1192 954 1251; x_wconf 88' lang='lat' dir='ltr'><strong>quem</strong></span> <span class='ocrx_word' id='word_1_77' title='bbox 983 1183 1177 1232; x_wconf 88' lang='lat' dir='ltr'><strong>contra</strong></span> <span class='ocrx_word' id='word_1_78' title='bbox 1209 1173 1440 1246; x_wconf 81' lang='lat' dir='ltr'><strong>Agnetis</strong></span> <span class='ocrx_word' id='word_1_79' title='bbox 1471 1173 1761 1230; x_wconf 86' lang='lat' dir='ltr'><strong>infantiam</strong></span> <span class='ocrx_word' id='word_1_80' title='bbox 1794 1174 1874 1230; x_wconf 92' lang='lat' dir='ltr'><strong>sic</strong></span> <span class='ocrx_word' id='word_1_81' title='bbox 1901 1190 2078 1230; x_wconf 89' lang='lat' dir='ltr'><strong>arma-</strong></span> 
     </span>
    </p>
   </div>
   <div class='ocr_carea' id='block_1_13' title="bbox 485 1263 2083 1338">
    <p class='ocr_par' dir='ltr' id='par_1_13' title="bbox 485 1263 2083 1338">
     <span class='ocr_line' id='line_1_13' title="bbox 485 1263 2083 1338; baseline -0.003 -12"><span class='ocrx_word' id='word_1_82' title='bbox 485 1278 640 1327; x_wconf 82' lang='lat' dir='ltr'><strong>verat</strong></span> <span class='ocrx_word' id='word_1_83' title='bbox 671 1268 952 1335; x_wconf 89' lang='lat' dir='ltr'><strong>inimicus,</strong></span> <span class='ocrx_word' id='word_1_84' title='bbox 984 1274 1046 1322; x_wconf 90' lang='lat' dir='ltr'><strong>ut</strong></span> <span class='ocrx_word' id='word_1_85' title='bbox 1075 1263 1284 1321; x_wconf 89' lang='lat' dir='ltr'><strong>nudam</strong></span> <span class='ocrx_word' id='word_1_86' title='bbox 1316 1264 1519 1321; x_wconf 89' lang='lat' dir='ltr'><strong>faceret</strong></span> <span class='ocrx_word' id='word_1_87' title='bbox 1547 1263 1691 1320; x_wconf 85' lang='lat' dir='ltr'><strong>trahi</strong></span> <span class='ocrx_word' id='word_1_88' title='bbox 1728 1264 1798 1320; x_wconf 88' lang='lat' dir='ltr'><strong>ad</strong></span> <span class='ocrx_word' id='word_1_89' title='bbox 1851 1265 2083 1338; x_wconf 88' lang='lat' dir='ltr'><strong>lupanar</strong></span> 
     </span>
    </p>
   </div>
   <div class='ocr_carea' id='block_1_14' title="bbox 484 1353 2080 1433">
    <p class='ocr_par' dir='ltr' id='par_1_14' title="bbox 484 1353 2080 1433">
     <span class='ocr_line' id='line_1_14' title="bbox 484 1353 2080 1433; baseline -0.004 -17"><span class='ocrx_word' id='word_1_90' title='bbox 484 1376 582 1433; x_wconf 91' lang='lat' dir='ltr'><strong>per</strong></span> <span class='ocrx_word' id='word_1_91' title='bbox 609 1359 828 1429; x_wconf 89' lang='lat' dir='ltr'><strong>vulgus,</strong></span> <span class='ocrx_word' id='word_1_92' title='bbox 883 1354 984 1412; x_wconf 89' lang='lat' dir='ltr'><strong>sub</strong></span> <span class='ocrx_word' id='word_1_93' title='bbox 1033 1371 1168 1411; x_wconf 90' lang='lat' dir='ltr'><strong>voce</strong></span> <span class='ocrx_word' id='word_1_94' title='bbox 1198 1354 1565 1427; x_wconf 61' lang='lat' dir='ltr'><strong>praconantis</strong></span> <span class='ocrx_word' id='word_1_95' title='bbox 1599 1353 1778 1423; x_wconf 90' lang='lat' dir='ltr'><strong>ducis,</strong></span> <span class='ocrx_word' id='word_1_96' title='bbox 1814 1356 2080 1427; x_wconf 87' lang='lat' dir='ltr'><strong>populum</strong></span> 
     </span>
    </p>
   </div>
   <div class='ocr_carea' id='block_1_15' title="bbox 484 1443 2082 1516">
    <p class='ocr_par' dir='ltr' id='par_1_15' title="bbox 484 1443 2082 1516">
     <span class='ocr_line' id='line_1_15' title="bbox 484 1443 2082 1516; baseline -0.004 -10"><span class='ocrx_word' id='word_1_97' title='bbox 484 1449 554 1506; x_wconf 86' lang='lat' dir='ltr'><strong>ad</strong></span> <span class='ocrx_word' id='word_1_98' title='bbox 604 1445 891 1503; x_wconf 89' lang='lat' dir='ltr'><strong>libidinem</strong></span> <span class='ocrx_word' id='word_1_99' title='bbox 943 1443 1256 1500; x_wconf 87' lang='lat' dir='ltr'><strong>invitantis.</strong></span> <span class='ocrx_word' id='word_1_100' title='bbox 1312 1443 1472 1501; x_wconf 89' lang='lat' dir='ltr'><strong>Hunc</strong></span> <span class='ocrx_word' id='word_1_101' title='bbox 1508 1460 1636 1516; x_wconf 87' lang='lat' dir='ltr'><strong>ergo</strong></span> <span class='ocrx_word' id='word_1_102' title='bbox 1672 1443 1869 1500; x_wconf 92' lang='lat' dir='ltr'><strong>ducem</strong></span> <span class='ocrx_word' id='word_1_103' title='bbox 1913 1444 2082 1500; x_wconf 90' lang='lat' dir='ltr'><strong>fuisse</strong></span> 
     </span>
    </p>
   </div>
   <div class='ocr_carea' id='block_1_16' title="bbox 485 1532 2082 1607">
    <p class='ocr_par' dir='ltr' id='par_1_16' title="bbox 485 1532 2082 1607">
     <span class='ocr_line' id='line_1_16' title="bbox 485 1532 2082 1607; baseline -0.003 -15"><span class='ocrx_word' id='word_1_104' title='bbox 485 1535 695 1594; x_wconf 91' lang='lat' dir='ltr'><strong>diaboli</strong></span> <span class='ocrx_word' id='word_1_105' title='bbox 721 1550 883 1591; x_wconf 91' lang='lat' dir='ltr'><strong>nemo</strong></span> <span class='ocrx_word' id='word_1_106' title='bbox 911 1541 994 1589; x_wconf 92' lang='lat' dir='ltr'><strong>est</strong></span> <span class='ocrx_word' id='word_1_107' title='bbox 1014 1534 1106 1607; x_wconf 89' lang='lat' dir='ltr'><strong>qui</strong></span> <span class='ocrx_word' id='word_1_108' title='bbox 1137 1532 1392 1601; x_wconf 88' lang='lat' dir='ltr'><strong>dubitet;</strong></span> <span class='ocrx_word' id='word_1_109' title='bbox 1439 1540 1492 1589; x_wconf 93' lang='lat' dir='ltr'><strong>et</strong></span> <span class='ocrx_word' id='word_1_110' title='bbox 1524 1533 1669 1588; x_wconf 92' lang='lat' dir='ltr'><strong>victo</strong></span> <span class='ocrx_word' id='word_1_111' title='bbox 1701 1532 1860 1600; x_wconf 92' lang='lat' dir='ltr'><strong>duce,</strong></span> <span class='ocrx_word' id='word_1_112' title='bbox 1897 1548 2082 1604; x_wconf 91' lang='lat' dir='ltr'><strong>popu-</strong></span> 
     </span>
    </p>
   </div>
   <div class='ocr_carea' id='block_1_17' title="bbox 485 1619 2081 1696">
    <p class='ocr_par' dir='ltr' id='par_1_17' title="bbox 485 1619 2081 1696">
     <span class='ocr_line' id='line_1_17' title="bbox 485 1619 2081 1696; baseline -0.005 -12"><span class='ocrx_word' id='word_1_113' title='bbox 485 1627 601 1684; x_wconf 89' lang='lat' dir='ltr'><strong>lum</strong></span> <span class='ocrx_word' id='word_1_114' title='bbox 633 1641 749 1682; x_wconf 92' lang='lat' dir='ltr'><strong>esse</strong></span> <span class='ocrx_word' id='word_1_115' title='bbox 777 1630 1090 1696; x_wconf 90' lang='lat' dir='ltr'><strong>superatum</strong></span> <span class='ocrx_word' id='word_1_116' title='bbox 1119 1621 1379 1678; x_wconf 90' lang='lat' dir='ltr'><strong>omnibus</strong></span> <span class='ocrx_word' id='word_1_117' title='bbox 1410 1630 1604 1678; x_wconf 92' lang='lat' dir='ltr'><strong>notum</strong></span> <span class='ocrx_word' id='word_1_118' title='bbox 1645 1629 1724 1676; x_wconf 91' lang='lat' dir='ltr'><strong>est</strong></span> <span class='ocrx_word' id='word_1_119' title='bbox 1755 1640 1764 1676; x_wconf 94' lang='lat'><strong>:</strong></span> <span class='ocrx_word' id='word_1_120' title='bbox 1810 1619 2081 1693; x_wconf 85' lang='lat' dir='ltr'><strong>superatis</strong></span> 
     </span>
    </p>
   </div>
   <div class='ocr_carea' id='block_1_18' title="bbox 485 1711 2081 1786">
    <p class='ocr_par' dir='ltr' id='par_1_18' title="bbox 485 1711 2081 1786">
     <span class='ocr_line' id='line_1_18' title="bbox 485 1711 2081 1786; baseline -0.006 -11"><span class='ocrx_word' id='word_1_121' title='bbox 485 1725 669 1775; x_wconf 90' lang='lat' dir='ltr'><strong>autem</strong></span> <span class='ocrx_word' id='word_1_122' title='bbox 700 1733 826 1774; x_wconf 90' lang='lat' dir='ltr'><strong>cum</strong></span> <span class='ocrx_word' id='word_1_123' title='bbox 857 1731 958 1772; x_wconf 93' lang='lat' dir='ltr'><strong>suo</strong></span> <span class='ocrx_word' id='word_1_124' title='bbox 985 1713 1126 1770; x_wconf 89' lang='lat' dir='ltr'><strong>duce</strong></span> <span class='ocrx_word' id='word_1_125' title='bbox 1153 1712 1397 1786; x_wconf 88' lang='lat' dir='ltr'><strong>populis,</strong></span> <span class='ocrx_word' id='word_1_126' title='bbox 1427 1719 1726 1784; x_wconf 85' lang='lat' dir='ltr'><strong>tyrannum</strong></span> <span class='ocrx_word' id='word_1_127' title='bbox 1755 1711 1930 1767; x_wconf 91' lang='lat' dir='ltr'><strong>teneri</strong></span> <span class='ocrx_word' id='word_1_128' title='bbox 1961 1727 2081 1783; x_wconf 88' lang='lat' dir='ltr'><strong>cap-</strong></span> 
     </span>
    </p>
   </div>
   <div class='ocr_carea' id='block_1_19' title="bbox 2192 547 3794 622">
    <p class='ocr_par' dir='ltr' id='par_1_19' title="bbox 2192 547 3794 622">
     <span class='ocr_line' id='line_1_19' title="bbox 2192 547 3794 622; baseline 0 -16"><span class='ocrx_word' id='word_1_129' title='bbox 2192 550 2311 622; x_wconf 90' lang='lat' dir='ltr'><strong>pori</strong></span> <span class='ocrx_word' id='word_1_130' title='bbox 2348 547 2643 605; x_wconf 89' lang='lat' dir='ltr'><strong>stridentes</strong></span> <span class='ocrx_word' id='word_1_131' title='bbox 2691 564 3068 621; x_wconf 61' lang='lat' dir='ltr'><strong>praparavere</strong></span> <span class='ocrx_word' id='word_1_132' title='bbox 3121 549 3395 618; x_wconf 88' lang='lat' dir='ltr'><strong>ﬂammas,</strong></span> <span class='ocrx_word' id='word_1_133' title='bbox 3449 549 3544 605; x_wconf 89' lang='lat' dir='ltr'><strong>sed</strong></span> <span class='ocrx_word' id='word_1_134' title='bbox 3595 567 3794 622; x_wconf 90' lang='lat' dir='ltr'><strong>corpus</strong></span> 
     </span>
    </p>
   </div>
   <div class='ocr_carea' id='block_1_20' title="bbox 2191 636 3790 713">
    <p class='ocr_par' dir='ltr' id='par_1_20' title="bbox 2191 636 3790 713">
     <span class='ocr_line' id='line_1_20' title="bbox 2191 636 3790 713; baseline -0.001 -18"><span class='ocrx_word' id='word_1_135' title='bbox 2191 639 2338 713; x_wconf 90' lang='lat' dir='ltr'><strong>quod</strong></span> <span class='ocrx_word' id='word_1_136' title='bbox 2369 637 2626 694; x_wconf 89' lang='lat' dir='ltr'><strong>incendia</strong></span> <span class='ocrx_word' id='word_1_137' title='bbox 2682 636 2982 692; x_wconf 86' lang='lat' dir='ltr'><strong>libidinum</strong></span> <span class='ocrx_word' id='word_1_138' title='bbox 3013 645 3388 710; x_wconf 81' lang='lat' dir='ltr'><strong>superaverat,</strong></span> <span class='ocrx_word' id='word_1_139' title='bbox 3444 638 3790 710; x_wconf 89' lang='lat' dir='ltr'><strong>refrigerium</strong></span> 
     </span>
    </p>
   </div>
   <div class='ocr_carea' id='block_1_21' title="bbox 2193 727 3794 802">
    <p class='ocr_par' dir='ltr' id='par_1_21' title="bbox 2193 727 3794 802">
     <span class='ocr_line' id='line_1_21' title="bbox 2193 727 3794 802; baseline 0.001 -19"><span class='ocrx_word' id='word_1_140' title='bbox 2193 729 2251 783; x_wconf 90' lang='lat' dir='ltr'><strong>in</strong></span> <span class='ocrx_word' id='word_1_141' title='bbox 2291 728 2487 783; x_wconf 91' lang='lat' dir='ltr'><strong>mediis</strong></span> <span class='ocrx_word' id='word_1_142' title='bbox 2516 727 2753 783; x_wconf 88' lang='lat' dir='ltr'><strong>ﬂammis</strong></span> <span class='ocrx_word' id='word_1_143' title='bbox 2787 727 3046 783; x_wconf 88' lang='lat' dir='ltr'><strong>invenit:</strong></span> <span class='ocrx_word' id='word_1_144' title='bbox 3109 738 3163 785; x_wconf 93' lang='lat' dir='ltr'><strong>et</strong></span> <span class='ocrx_word' id='word_1_145' title='bbox 3210 745 3332 802; x_wconf 67' lang='lat' dir='ltr'><strong>quae</strong></span> <span class='ocrx_word' id='word_1_146' title='bbox 3375 728 3446 784; x_wconf 91' lang='lat' dir='ltr'><strong>ad</strong></span> <span class='ocrx_word' id='word_1_147' title='bbox 3488 727 3596 784; x_wconf 88' lang='lat' dir='ltr'><strong>hoc</strong></span> <span class='ocrx_word' id='word_1_148' title='bbox 3643 728 3794 785; x_wconf 86' lang='lat' dir='ltr'><strong>focos</strong></span> 
     </span>
    </p>
   </div>
   <div class='ocr_carea' id='block_1_22' title="bbox 2192 816 3793 891">
    <p class='ocr_par' dir='ltr' id='par_1_22' title="bbox 2192 816 3793 891">
     <span class='ocr_line' id='line_1_22' title="bbox 2192 816 3793 891; baseline 0.001 -19"><span class='ocrx_word' id='word_1_149' title='bbox 2192 816 2435 889; x_wconf 89' lang='lat' dir='ltr'><strong>ingressa</strong></span> <span class='ocrx_word' id='word_1_150' title='bbox 2463 816 2662 883; x_wconf 82' lang='lat' dir='ltr'><strong>fuerat,</strong></span> <span class='ocrx_word' id='word_1_151' title='bbox 2696 824 2759 872; x_wconf 93' lang='lat' dir='ltr'><strong>ut</strong></span> <span class='ocrx_word' id='word_1_152' title='bbox 2786 816 3021 886; x_wconf 89' lang='lat' dir='ltr'><strong>arderet,</strong></span> <span class='ocrx_word' id='word_1_153' title='bbox 3067 818 3234 891; x_wconf 88' lang='lat' dir='ltr'><strong>coepit</strong></span> <span class='ocrx_word' id='word_1_154' title='bbox 3267 835 3364 890; x_wconf 91' lang='lat' dir='ltr'><strong>per</strong></span> <span class='ocrx_word' id='word_1_155' title='bbox 3393 826 3638 874; x_wconf 88' lang='lat' dir='ltr'><strong>sanctam</strong></span> <span class='ocrx_word' id='word_1_156' title='bbox 3668 818 3793 873; x_wconf 84' lang='lat' dir='ltr'><strong>vir-</strong></span> 
     </span>
    </p>
   </div>
   <div class='ocr_carea' id='block_1_23' title="bbox 2193 905 3792 980">
    <p class='ocr_par' dir='ltr' id='par_1_23' title="bbox 2193 905 3792 980">
     <span class='ocr_line' id='line_1_23' title="bbox 2193 905 3792 980; baseline 0 -18"><span class='ocrx_word' id='word_1_157' title='bbox 2193 907 2479 980; x_wconf 87' lang='lat' dir='ltr'><strong>ginitatem</strong></span> <span class='ocrx_word' id='word_1_158' title='bbox 2534 906 2749 978; x_wconf 88' lang='lat' dir='ltr'><strong>algere;</strong></span> <span class='ocrx_word' id='word_1_159' title='bbox 2801 913 2863 961; x_wconf 93' lang='lat' dir='ltr'><strong>ut</strong></span> <span class='ocrx_word' id='word_1_160' title='bbox 2914 905 3147 962; x_wconf 89' lang='lat' dir='ltr'><strong>disceret</strong></span> <span class='ocrx_word' id='word_1_161' title='bbox 3197 905 3490 977; x_wconf 86' lang='lat' dir='ltr'><strong>virginitas</strong></span> <span class='ocrx_word' id='word_1_162' title='bbox 3547 905 3792 975; x_wconf 70' lang='lat' dir='ltr'><strong>ﬂamines</strong></span> 
     </span>
    </p>
   </div>
   <div class='ocr_carea' id='block_1_24' title="bbox 2193 994 3565 1067">
    <p class='ocr_par' dir='ltr' id='par_1_24' title="bbox 2193 994 3565 1067">
     <span class='ocr_line' id='line_1_24' title="bbox 2193 994 3565 1067; baseline -0.001 -16"><span class='ocrx_word' id='word_1_163' title='bbox 2193 996 2298 1052; x_wconf 91' lang='lat' dir='ltr'><strong>sibi</strong></span> <span class='ocrx_word' id='word_1_164' title='bbox 2321 1003 2375 1051; x_wconf 88' lang='lat' dir='ltr'><strong>et</strong></span> <span class='ocrx_word' id='word_1_165' title='bbox 2405 995 2660 1051; x_wconf 90' lang='lat' dir='ltr'><strong>incendia</strong></span> <span class='ocrx_word' id='word_1_166' title='bbox 2690 995 2909 1067; x_wconf 84' lang='lat' dir='ltr'><strong>penitus</strong></span> <span class='ocrx_word' id='word_1_167' title='bbox 2935 994 3209 1051; x_wconf 90' lang='lat' dir='ltr'><strong>dominari</strong></span> <span class='ocrx_word' id='word_1_168' title='bbox 3239 1011 3350 1050; x_wconf 91' lang='lat' dir='ltr'><strong>non</strong></span> <span class='ocrx_word' id='word_1_169' title='bbox 3387 1011 3565 1067; x_wconf 89' lang='lat' dir='ltr'><strong>posse.</strong></span> 
     </span>
    </p>
   </div>
   <div class='ocr_carea' id='block_1_25' title="bbox 2268 1083 3790 1157">
    <p class='ocr_par' dir='ltr' id='par_1_25' title="bbox 2268 1083 3790 1157">
     <span class='ocr_line' id='line_1_25' title="bbox 2268 1083 3790 1157; baseline 0.001 -18"><span class='ocrx_word' id='word_1_170' title='bbox 2268 1087 2351 1140; x_wconf 83' lang='lat' dir='ltr'><strong>IO.</strong></span> <span class='ocrx_word' id='word_1_171' title='bbox 2383 1086 2494 1141; x_wconf 91' lang='lat' dir='ltr'><strong>Nec</strong></span> <span class='ocrx_word' id='word_1_172' title='bbox 2523 1084 2650 1139; x_wconf 93' lang='lat' dir='ltr'><strong>illos</strong></span> <span class='ocrx_word' id='word_1_173' title='bbox 2689 1083 2922 1156; x_wconf 90' lang='lat' dir='ltr'><strong>periisse</strong></span> <span class='ocrx_word' id='word_1_174' title='bbox 2977 1084 3234 1152; x_wconf 86' lang='lat' dir='ltr'><strong>aestimes,</strong></span> <span class='ocrx_word' id='word_1_175' title='bbox 3271 1100 3410 1157; x_wconf 91' lang='lat' dir='ltr'><strong>quos</strong></span> <span class='ocrx_word' id='word_1_176' title='bbox 3437 1099 3536 1156; x_wconf 92' lang='lat' dir='ltr'><strong>pro</strong></span> <span class='ocrx_word' id='word_1_177' title='bbox 3567 1085 3790 1141; x_wconf 88' lang='lat' dir='ltr'><strong>nomine</strong></span> 
     </span>
    </p>
   </div>
   <div class='ocr_carea' id='block_1_26' title="bbox 2193 1173 3790 1248">
    <p class='ocr_par' dir='ltr' id='par_1_26' title="bbox 2193 1173 3790 1248">
     <span class='ocr_line' id='line_1_26' title="bbox 2193 1173 3790 1248; baseline -0.004 -13"><span class='ocrx_word' id='word_1_178' title='bbox 2193 1176 2402 1235; x_wconf 87' lang='lat' dir='ltr'><strong>Christi</strong></span> <span class='ocrx_word' id='word_1_179' title='bbox 2449 1175 2795 1248; x_wconf 88' lang='lat' dir='ltr'><strong>consumpsit</strong></span> <span class='ocrx_word' id='word_1_180' title='bbox 2839 1173 3192 1241; x_wconf 90' lang='lat' dir='ltr'><strong>incendium;</strong></span> <span class='ocrx_word' id='word_1_181' title='bbox 3245 1189 3372 1228; x_wconf 89' lang='lat' dir='ltr'><strong>nam</strong></span> <span class='ocrx_word' id='word_1_182' title='bbox 3412 1189 3539 1228; x_wconf 92' lang='lat' dir='ltr'><strong>cum</strong></span> <span class='ocrx_word' id='word_1_183' title='bbox 3600 1173 3790 1245; x_wconf 86' lang='lat' dir='ltr'><strong>legeris</strong></span> 
     </span>
    </p>
   </div>
   <div class='ocr_carea' id='block_1_27' title="bbox 2192 1263 3787 1341">
    <p class='ocr_par' dir='ltr' id='par_1_27' title="bbox 2192 1263 3787 1341">
     <span class='ocr_line' id='line_1_27' title="bbox 2192 1263 3787 1341; baseline -0.004 -17"><span class='ocrx_word' id='word_1_184' title='bbox 2192 1269 2372 1325; x_wconf 89' lang='lat' dir='ltr'><strong>Eliam</strong></span> <span class='ocrx_word' id='word_1_185' title='bbox 2403 1267 2624 1340; x_wconf 87' lang='lat' dir='ltr'><strong>ignibus</strong></span> <span class='ocrx_word' id='word_1_186' title='bbox 2654 1275 2893 1341; x_wconf 88' lang='lat' dir='ltr'><strong>raptum,</strong></span> <span class='ocrx_word' id='word_1_187' title='bbox 2913 1275 2965 1323; x_wconf 91' lang='lat' dir='ltr'><strong>et</strong></span> <span class='ocrx_word' id='word_1_188' title='bbox 2994 1281 3190 1338; x_wconf 90' lang='lat' dir='ltr'><strong>pueros</strong></span> <span class='ocrx_word' id='word_1_189' title='bbox 3211 1271 3322 1320; x_wconf 90' lang='lat' dir='ltr'><strong>tres</strong></span> <span class='ocrx_word' id='word_1_190' title='bbox 3350 1265 3407 1320; x_wconf 91' lang='lat' dir='ltr'><strong>in</strong></span> <span class='ocrx_word' id='word_1_191' title='bbox 3435 1263 3636 1320; x_wconf 89' lang='lat' dir='ltr'><strong>mediis</strong></span> <span class='ocrx_word' id='word_1_192' title='bbox 3658 1263 3787 1336; x_wconf 91' lang='lat' dir='ltr'><strong>igni-</strong></span> 
     </span>
    </p>
   </div>
   <div class='ocr_carea' id='block_1_28' title="bbox 2192 1341 3788 1428">
    <p class='ocr_par' dir='ltr' id='par_1_28' title="bbox 2192 1341 3788 1428">
     <span class='ocr_line' id='line_1_28' title="bbox 2192 1341 3788 1428; baseline -0.003 -13"><span class='ocrx_word' id='word_1_193' title='bbox 2192 1359 2296 1415; x_wconf 89' lang='lat' dir='ltr'><strong>bus</strong></span> <span class='ocrx_word' id='word_1_194' title='bbox 2324 1359 2477 1415; x_wconf 90' lang='lat' dir='ltr'><strong>nulla</strong></span> <span class='ocrx_word' id='word_1_195' title='bbox 2524 1359 2734 1414; x_wconf 89' lang='lat' dir='ltr'><strong>ratione</strong></span> <span class='ocrx_word' id='word_1_196' title='bbox 2771 1341 3124 1428; x_wconf 79' lang='lat' dir='ltr'><strong>consumptos</strong></span> <span class='ocrx_word' id='word_1_197' title='bbox 3168 1373 3178 1410; x_wconf 91' lang='lat'><strong>:</strong></span> <span class='ocrx_word' id='word_1_198' title='bbox 3227 1364 3322 1411; x_wconf 90' lang='lat' dir='ltr'><strong>aut</strong></span> <span class='ocrx_word' id='word_1_199' title='bbox 3361 1355 3492 1427; x_wconf 88' lang='lat' dir='ltr'><strong>quia</strong></span> <span class='ocrx_word' id='word_1_200' title='bbox 3536 1355 3788 1410; x_wconf 90' lang='lat' dir='ltr'><strong>Lauren-</strong></span> 
     </span>
    </p>
   </div>
   <div class='ocr_carea' id='block_1_29' title="bbox 2195 1445 3791 1521">
    <p class='ocr_par' dir='ltr' id='par_1_29' title="bbox 2195 1445 3791 1521">
     <span class='ocr_line' id='line_1_29' title="bbox 2195 1445 3791 1521; baseline -0.004 -15"><span class='ocrx_word' id='word_1_201' title='bbox 2195 1451 2331 1506; x_wconf 87' lang='lat' dir='ltr'><strong>tium</strong></span> <span class='ocrx_word' id='word_1_202' title='bbox 2356 1451 2622 1508; x_wconf 86' lang='lat' dir='ltr'><strong>craticula</strong></span> <span class='ocrx_word' id='word_1_203' title='bbox 2649 1456 3036 1521; x_wconf 91' lang='lat' dir='ltr'><strong>consumptum</strong></span> <span class='ocrx_word' id='word_1_204' title='bbox 3070 1446 3286 1513; x_wconf 89' lang='lat' dir='ltr'><strong>recolis,</strong></span> <span class='ocrx_word' id='word_1_205' title='bbox 3319 1453 3375 1500; x_wconf 92' lang='lat' dir='ltr'><strong>et</strong></span> <span class='ocrx_word' id='word_1_206' title='bbox 3406 1446 3617 1516; x_wconf 87' lang='lat' dir='ltr'><strong>Agnem</strong></span> <span class='ocrx_word' id='word_1_207' title='bbox 3649 1445 3791 1502; x_wconf 89' lang='lat' dir='ltr'><strong>sicut</strong></span> 
     </span>
    </p>
   </div>
   <div class='ocr_carea' id='block_1_30' title="bbox 2193 1534 3787 1610">
    <p class='ocr_par' dir='ltr' id='par_1_30' title="bbox 2193 1534 3787 1610">
     <span class='ocr_line' id='line_1_30' title="bbox 2193 1534 3787 1610; baseline -0.004 -14"><span class='ocrx_word' id='word_1_208' title='bbox 2193 1540 2452 1597; x_wconf 90' lang='lat' dir='ltr'><strong>Theclam</strong></span> <span class='ocrx_word' id='word_1_209' title='bbox 2501 1540 2845 1595; x_wconf 89' lang='lat' dir='ltr'><strong>ﬂammarum</strong></span> <span class='ocrx_word' id='word_1_210' title='bbox 2917 1536 3107 1610; x_wconf 87' lang='lat' dir='ltr'><strong>globos</strong></span> <span class='ocrx_word' id='word_1_211' title='bbox 3174 1534 3411 1591; x_wconf 88' lang='lat' dir='ltr'><strong>evasisse</strong></span> <span class='ocrx_word' id='word_1_212' title='bbox 3483 1535 3787 1607; x_wconf 88' lang='lat' dir='ltr'><strong>cognoscis,</strong></span> 
     </span>
    </p>
   </div>
   <div class='ocr_carea' id='block_1_31' title="bbox 2194 1623 3786 1699">
    <p class='ocr_par' dir='ltr' id='par_1_31' title="bbox 2194 1623 3786 1699">
     <span class='ocr_line' id='line_1_31' title="bbox 2194 1623 3786 1699; baseline -0.002 -14"><span class='ocrx_word' id='word_1_213' title='bbox 2194 1631 2405 1686; x_wconf 89' lang='lat' dir='ltr'><strong>nullam</strong></span> <span class='ocrx_word' id='word_1_214' title='bbox 2435 1630 2493 1685; x_wconf 92' lang='lat' dir='ltr'><strong>in</strong></span> <span class='ocrx_word' id='word_1_215' title='bbox 2519 1629 2606 1684; x_wconf 89' lang='lat' dir='ltr'><strong>his</strong></span> <span class='ocrx_word' id='word_1_216' title='bbox 2635 1626 2928 1699; x_wconf 89' lang='lat' dir='ltr'><strong>suspiceris</strong></span> <span class='ocrx_word' id='word_1_217' title='bbox 2949 1626 3270 1681; x_wconf 87' lang='lat' dir='ltr'><strong>varietatem</strong></span> <span class='ocrx_word' id='word_1_218' title='bbox 3301 1623 3431 1681; x_wconf 85' lang='lat' dir='ltr'><strong>ﬁdei</strong></span> <span class='ocrx_word' id='word_1_219' title='bbox 3446 1632 3577 1680; x_wconf 92' lang='lat' dir='ltr'><strong>tunc</strong></span> <span class='ocrx_word' id='word_1_220' title='bbox 3596 1623 3786 1691; x_wconf 84' lang='lat' dir='ltr'><strong>fuisse;</strong></span> 
     </span>
    </p>
   </div>
   <div class='ocr_carea' id='block_1_32' title="bbox 2193 1713 3784 1786">
    <p class='ocr_par' dir='ltr' id='par_1_32' title="bbox 2193 1713 3784 1786">
     <span class='ocr_line' id='line_1_32' title="bbox 2193 1713 3784 1786; baseline -0.005 -10"><span class='ocrx_word' id='word_1_221' title='bbox 2193 1736 2302 1776; x_wconf 90' lang='lat' dir='ltr'><strong>una</strong></span> <span class='ocrx_word' id='word_1_222' title='bbox 2330 1719 2532 1775; x_wconf 89' lang='lat' dir='ltr'><strong>etenim</strong></span> <span class='ocrx_word' id='word_1_223' title='bbox 2572 1717 2708 1774; x_wconf 88' lang='lat' dir='ltr'><strong>ﬁdes</strong></span> <span class='ocrx_word' id='word_1_224' title='bbox 2735 1723 2952 1772; x_wconf 88' lang='lat' dir='ltr'><strong>sanctos</strong></span> <span class='ocrx_word' id='word_1_225' title='bbox 2989 1714 3088 1772; x_wconf 90' lang='lat' dir='ltr'><strong>Dei</strong></span> <span class='ocrx_word' id='word_1_226' title='bbox 3135 1715 3195 1770; x_wconf 92' lang='lat' dir='ltr'><strong>in</strong></span> <span class='ocrx_word' id='word_1_227' title='bbox 3225 1714 3474 1786; x_wconf 88' lang='lat' dir='ltr'><strong>passione</strong></span> <span class='ocrx_word' id='word_1_228' title='bbox 3511 1713 3784 1782; x_wconf 85' lang='lat' dir='ltr'><strong>exercuit,</strong></span> 
     </span>
    </p>
   </div>
   <div class='ocr_carea' id='block_1_33' title="bbox 484 1799 2081 1887">
    <p class='ocr_par' dir='ltr' id='par_1_33' title="bbox 484 1799 2080 1874">
     <span class='ocr_line' id='line_1_33' title="bbox 484 1799 2080 1874; baseline -0.004 -13"><span class='ocrx_word' id='word_1_229' title='bbox 484 1806 665 1862; x_wconf 89' lang='lat' dir='ltr'><strong>tivum</strong></span> <span class='ocrx_word' id='word_1_230' title='bbox 697 1802 956 1859; x_wconf 89' lang='lat' dir='ltr'><strong>omnibus</strong></span> <span class='ocrx_word' id='word_1_231' title='bbox 984 1808 1150 1874; x_wconf 89' lang='lat' dir='ltr'><strong>patet.</strong></span> <span class='ocrx_word' id='word_1_232' title='bbox 1203 1801 1430 1856; x_wconf 85' lang='lat' dir='ltr'><strong>Constat</strong></span> <span class='ocrx_word' id='word_1_233' title='bbox 1460 1807 1642 1854; x_wconf 90' lang='lat' dir='ltr'><strong>autem</strong></span> <span class='ocrx_word' id='word_1_234' title='bbox 1675 1799 1959 1855; x_wconf 91' lang='lat' dir='ltr'><strong>diabolum</strong></span> <span class='ocrx_word' id='word_1_235' title='bbox 1993 1816 2080 1855; x_wconf 88' lang='lat' dir='ltr'><strong>su-</strong></span> 
     </span>
    </p>
   </div>
   <div class='ocr_carea' id='block_1_34' title="bbox 2205 1799 3786 1887">
    <p class='ocr_par' dir='ltr' id='par_1_34' title="bbox 2205 1804 3786 1881">
     <span class='ocr_line' id='line_1_34' title="bbox 2205 1804 3786 1881; baseline -0.003 -15"><span class='ocrx_word' id='word_1_236' title='bbox 2205 1818 2250 1866; x_wconf 80' lang='lat' dir='ltr'><strong>et</strong></span> <span class='ocrx_word' id='word_1_237' title='bbox 2280 1810 2498 1866; x_wconf 89' lang='lat' dir='ltr'><strong>diverso</strong></span> <span class='ocrx_word' id='word_1_238' title='bbox 2531 1825 2725 1881; x_wconf 90' lang='lat' dir='ltr'><strong>genere</strong></span> <span class='ocrx_word' id='word_1_239' title='bbox 2754 1808 3049 1880; x_wconf 88' lang='lat' dir='ltr'><strong>gloriarum</strong></span> <span class='ocrx_word' id='word_1_240' title='bbox 3084 1804 3326 1862; x_wconf 89' lang='lat' dir='ltr'><strong>reddidit</strong></span> <span class='ocrx_word' id='word_1_241' title='bbox 3352 1804 3639 1877; x_wconf 86' lang='lat' dir='ltr'><strong>utrobique</strong></span> <span class='ocrx_word' id='word_1_242' title='bbox 3668 1804 3786 1861; x_wconf 84' lang='lat' dir='ltr'><strong>vic-</strong></span> 
     </span>
    </p>
   </div>
   <div class='ocr_carea' id='block_1_35' title="bbox 485 1889 2079 1966">
    <p class='ocr_par' dir='ltr' id='par_1_35' title="bbox 485 1889 2079 1966">
     <span class='ocr_line' id='line_1_35' title="bbox 485 1889 2079 1966; baseline -0.002 -18"><span class='ocrx_word' id='word_1_243' title='bbox 485 1901 758 1966; x_wconf 88' lang='lat' dir='ltr'><strong>peratum,</strong></span> <span class='ocrx_word' id='word_1_244' title='bbox 789 1889 1004 1964; x_wconf 89' lang='lat' dir='ltr'><strong>quoties</strong></span> <span class='ocrx_word' id='word_1_245' title='bbox 1049 1896 1242 1946; x_wconf 90' lang='lat' dir='ltr'><strong>contra</strong></span> <span class='ocrx_word' id='word_1_246' title='bbox 1295 1889 1565 1961; x_wconf 89' lang='lat' dir='ltr'><strong>virginem</strong></span> <span class='ocrx_word' id='word_1_247' title='bbox 1610 1905 1762 1944; x_wconf 90' lang='lat' dir='ltr'><strong>arma</strong></span> <span class='ocrx_word' id='word_1_248' title='bbox 1806 1889 2079 1962; x_wconf 89' lang='lat' dir='ltr'><strong>arripuit;</strong></span> 
     </span>
    </p>
   </div>
   <div class='ocr_carea' id='block_1_36' title="bbox 487 1980 2086 2055">
    <p class='ocr_par' dir='ltr' id='par_1_36' title="bbox 487 1980 2086 2055">
     <span class='ocr_line' id='line_1_36' title="bbox 487 1980 2086 2055; baseline 0 -14"><span class='ocrx_word' id='word_1_249' title='bbox 487 2001 612 2042; x_wconf 91' lang='lat' dir='ltr'><strong>nam</strong></span> <span class='ocrx_word' id='word_1_250' title='bbox 644 1981 949 2055; x_wconf 87' lang='lat' dir='ltr'><strong>exspoliata</strong></span> <span class='ocrx_word' id='word_1_251' title='bbox 978 1980 1158 2054; x_wconf 90' lang='lat' dir='ltr'><strong>virgo,</strong></span> <span class='ocrx_word' id='word_1_252' title='bbox 1211 1980 1458 2038; x_wconf 91' lang='lat' dir='ltr'><strong>crinibus</strong></span> <span class='ocrx_word' id='word_1_253' title='bbox 1490 1980 1694 2054; x_wconf 91' lang='lat' dir='ltr'><strong>tegitur</strong></span> <span class='ocrx_word' id='word_1_254' title='bbox 1721 1998 1734 2036; x_wconf 94' lang='lat'><strong>:</strong></span> <span class='ocrx_word' id='word_1_255' title='bbox 1795 1990 1848 2037; x_wconf 92' lang='lat' dir='ltr'><strong>et</strong></span> <span class='ocrx_word' id='word_1_256' title='bbox 1879 1980 2086 2041; x_wconf 83' lang='lat' dir='ltr'><strong>nudata</strong></span> 
     </span>
    </p>
   </div>
   <div class='ocr_carea' id='block_1_37' title="bbox 491 2069 2082 2143">
    <p class='ocr_par' dir='ltr' id='par_1_37' title="bbox 491 2069 2082 2143">
     <span class='ocr_line' id='line_1_37' title="bbox 491 2069 2082 2143; baseline -0.002 -14"><span class='ocrx_word' id='word_1_257' title='bbox 491 2073 561 2130; x_wconf 90' lang='lat' dir='ltr'><strong>ab</strong></span> <span class='ocrx_word' id='word_1_258' title='bbox 591 2070 916 2128; x_wconf 91' lang='lat' dir='ltr'><strong>hominibus</strong></span> <span class='ocrx_word' id='word_1_259' title='bbox 947 2070 1127 2140; x_wconf 87' lang='lat' dir='ltr'><strong>malis,</strong></span> <span class='ocrx_word' id='word_1_260' title='bbox 1159 2069 1497 2126; x_wconf 87' lang='lat' dir='ltr'><strong>vestiebatur</strong></span> <span class='ocrx_word' id='word_1_261' title='bbox 1547 2070 1616 2126; x_wconf 90' lang='lat' dir='ltr'><strong>ab</strong></span> <span class='ocrx_word' id='word_1_262' title='bbox 1646 2069 1852 2143; x_wconf 88' lang='lat' dir='ltr'><strong>angelis</strong></span> <span class='ocrx_word' id='word_1_263' title='bbox 1879 2069 2040 2126; x_wconf 88' lang='lat' dir='ltr'><strong>bonis</strong></span> <span class='ocrx_word' id='word_1_264' title='bbox 2069 2087 2082 2126; x_wconf 93' lang='lat'><strong>:</strong></span> 
     </span>
    </p>
   </div>
   <div class='ocr_carea' id='block_1_38' title="bbox 487 2159 2085 2234">
    <p class='ocr_par' dir='ltr' id='par_1_38' title="bbox 487 2159 2085 2234">
     <span class='ocr_line' id='line_1_38' title="bbox 487 2159 2085 2234; baseline -0.004 -12"><span class='ocrx_word' id='word_1_265' title='bbox 487 2173 542 2222; x_wconf 91' lang='lat' dir='ltr'><strong>et</strong></span> <span class='ocrx_word' id='word_1_266' title='bbox 569 2164 825 2220; x_wconf 89' lang='lat' dir='ltr'><strong>damnata</strong></span> <span class='ocrx_word' id='word_1_267' title='bbox 859 2162 914 2217; x_wconf 92' lang='lat' dir='ltr'><strong>in</strong></span> <span class='ocrx_word' id='word_1_268' title='bbox 946 2160 1256 2234; x_wconf 91' lang='lat' dir='ltr'><strong>prostibulo</strong></span> <span class='ocrx_word' id='word_1_269' title='bbox 1310 2160 1695 2232; x_wconf 83' lang='lat' dir='ltr'><strong>turpitudinis,</strong></span> <span class='ocrx_word' id='word_1_270' title='bbox 1755 2160 1814 2216; x_wconf 90' lang='lat' dir='ltr'><strong>in</strong></span> <span class='ocrx_word' id='word_1_271' title='bbox 1872 2159 2085 2232; x_wconf 90' lang='lat' dir='ltr'><strong>gremio</strong></span> 
     </span>
    </p>
   </div>
   <div class='ocr_carea' id='block_1_39' title="bbox 487 2251 2082 2329">
    <p class='ocr_par' dir='ltr' id='par_1_39' title="bbox 487 2251 2082 2329">
     <span class='ocr_line' id='line_1_39' title="bbox 487 2251 2082 2329; baseline -0.004 -16"><span class='ocrx_word' id='word_1_272' title='bbox 487 2255 740 2329; x_wconf 88' lang='lat' dir='ltr'><strong>apparuit</strong></span> <span class='ocrx_word' id='word_1_273' title='bbox 790 2253 1078 2310; x_wconf 89' lang='lat' dir='ltr'><strong>castitatis.</strong></span> <span class='ocrx_word' id='word_1_274' title='bbox 1138 2251 1392 2309; x_wconf 75' lang='lat' dir='ltr'><strong>Efﬁcitur</strong></span> <span class='ocrx_word' id='word_1_275' title='bbox 1420 2252 1722 2308; x_wconf 89' lang='lat' dir='ltr'><strong>oratorium</strong></span> <span class='ocrx_word' id='word_1_276' title='bbox 1758 2253 2082 2324; x_wconf 89' lang='lat' dir='ltr'><strong>angelorum</strong></span> 
     </span>
    </p>
   </div>
   <div class='ocr_carea' id='block_1_40' title="bbox 489 2339 2084 2416">
    <p class='ocr_par' dir='ltr' id='par_1_40' title="bbox 489 2339 2084 2416">
     <span class='ocr_line' id='line_1_40' title="bbox 489 2339 2084 2416; baseline -0.004 -16"><span class='ocrx_word' id='word_1_277' title='bbox 489 2344 666 2412; x_wconf 92' lang='lat' dir='ltr'><strong>locus,</strong></span> <span class='ocrx_word' id='word_1_278' title='bbox 696 2342 791 2416; x_wconf 91' lang='lat' dir='ltr'><strong>qui</strong></span> <span class='ocrx_word' id='word_1_279' title='bbox 808 2341 1145 2414; x_wconf 89' lang='lat' dir='ltr'><strong>perditarum</strong></span> <span class='ocrx_word' id='word_1_280' title='bbox 1169 2340 1346 2396; x_wconf 89' lang='lat' dir='ltr'><strong>fuerat</strong></span> <span class='ocrx_word' id='word_1_281' title='bbox 1366 2339 1676 2395; x_wconf 90' lang='lat' dir='ltr'><strong>animarum</strong></span> <span class='ocrx_word' id='word_1_282' title='bbox 1702 2358 1716 2408; x_wconf 92' lang='lat'><strong>;</strong></span> <span class='ocrx_word' id='word_1_283' title='bbox 1749 2347 1803 2395; x_wconf 91' lang='lat' dir='ltr'><strong>et</strong></span> <span class='ocrx_word' id='word_1_284' title='bbox 1831 2339 1929 2394; x_wconf 91' lang='lat' dir='ltr'><strong>ubi</strong></span> <span class='ocrx_word' id='word_1_285' title='bbox 1947 2355 2084 2394; x_wconf 89' lang='lat' dir='ltr'><strong>sem-</strong></span> 
     </span>
    </p>
   </div>
   <div class='ocr_carea' id='block_1_41' title="bbox 489 2428 2085 2507">
    <p class='ocr_par' dir='ltr' id='par_1_41' title="bbox 489 2428 2085 2507">
     <span class='ocr_line' id='line_1_41' title="bbox 489 2428 2085 2507; baseline -0.004 -18"><span class='ocrx_word' id='word_1_286' title='bbox 489 2449 588 2507; x_wconf 89' lang='lat' dir='ltr'><strong>per</strong></span> <span class='ocrx_word' id='word_1_287' title='bbox 614 2431 1034 2504; x_wconf 84' lang='lat' dir='ltr'><strong>naufragaverat</strong></span> <span class='ocrx_word' id='word_1_288' title='bbox 1061 2431 1302 2498; x_wconf 87' lang='lat' dir='ltr'><strong>castitas,</strong></span> <span class='ocrx_word' id='word_1_289' title='bbox 1336 2429 1454 2486; x_wconf 88' lang='lat' dir='ltr'><strong>illic</strong></span> <span class='ocrx_word' id='word_1_290' title='bbox 1499 2438 1581 2485; x_wconf 91' lang='lat' dir='ltr'><strong>est</strong></span> <span class='ocrx_word' id='word_1_291' title='bbox 1608 2437 1868 2486; x_wconf 89' lang='lat' dir='ltr'><strong>coronata</strong></span> <span class='ocrx_word' id='word_1_292' title='bbox 1899 2428 2085 2501; x_wconf 91' lang='lat' dir='ltr'><strong>virgi-</strong></span> 
     </span>
    </p>
   </div>
   <div class='ocr_carea' id='block_1_42' title="bbox 489 2517 2084 2593">
    <p class='ocr_par' dir='ltr' id='par_1_42' title="bbox 489 2517 2084 2593">
     <span class='ocr_line' id='line_1_42' title="bbox 489 2517 2084 2593; baseline -0.004 -14"><span class='ocrx_word' id='word_1_293' title='bbox 489 2522 655 2579; x_wconf 89' lang='lat' dir='ltr'><strong>nitas.</strong></span> <span class='ocrx_word' id='word_1_294' title='bbox 704 2519 953 2593; x_wconf 91' lang='lat' dir='ltr'><strong>Denique</strong></span> <span class='ocrx_word' id='word_1_295' title='bbox 1000 2520 1254 2592; x_wconf 90' lang='lat' dir='ltr'><strong>populos,</strong></span> <span class='ocrx_word' id='word_1_296' title='bbox 1291 2535 1427 2592; x_wconf 91' lang='lat' dir='ltr'><strong>quos</strong></span> <span class='ocrx_word' id='word_1_297' title='bbox 1468 2535 1643 2591; x_wconf 74' lang='lat' dir='ltr'><strong>praeco</strong></span> <span class='ocrx_word' id='word_1_298' title='bbox 1672 2517 1741 2574; x_wconf 92' lang='lat' dir='ltr'><strong>ad</strong></span> <span class='ocrx_word' id='word_1_299' title='bbox 1791 2517 2084 2574; x_wconf 88' lang='lat' dir='ltr'><strong>libidinem</strong></span> 
     </span>
    </p>
   </div>
   <div class='ocr_carea' id='block_1_43' title="bbox 490 2606 2087 2683">
    <p class='ocr_par' dir='ltr' id='par_1_43' title="bbox 490 2606 2087 2683">
     <span class='ocr_line' id='line_1_43' title="bbox 490 2606 2087 2683; baseline -0.003 -14"><span class='ocrx_word' id='word_1_300' title='bbox 490 2611 846 2680; x_wconf 88' lang='lat' dir='ltr'><strong>invitaverat,</strong></span> <span class='ocrx_word' id='word_1_301' title='bbox 878 2609 1033 2683; x_wconf 92' lang='lat' dir='ltr'><strong>virgo</strong></span> <span class='ocrx_word' id='word_1_302' title='bbox 1062 2610 1130 2664; x_wconf 89' lang='lat' dir='ltr'><strong>ad</strong></span> <span class='ocrx_word' id='word_1_303' title='bbox 1159 2609 1534 2682; x_wconf 89' lang='lat' dir='ltr'><strong>captivitatem</strong></span> <span class='ocrx_word' id='word_1_304' title='bbox 1566 2606 1845 2675; x_wconf 89' lang='lat' dir='ltr'><strong>obtinuit;</strong></span> <span class='ocrx_word' id='word_1_305' title='bbox 1874 2617 1929 2665; x_wconf 91' lang='lat' dir='ltr'><strong>et</strong></span> <span class='ocrx_word' id='word_1_306' title='bbox 1948 2625 2087 2681; x_wconf 90' lang='lat' dir='ltr'><strong>quos</strong></span> 
     </span>
    </p>
   </div>
   <div class='ocr_carea' id='block_1_44' title="bbox 489 2699 2085 2774">
    <p class='ocr_par' dir='ltr' id='par_1_44' title="bbox 489 2699 2085 2774">
     <span class='ocr_line' id='line_1_44' title="bbox 489 2699 2085 2774; baseline -0.003 -16"><span class='ocrx_word' id='word_1_307' title='bbox 489 2701 558 2760; x_wconf 85' lang='lat' dir='ltr'><strong>ad</strong></span> <span class='ocrx_word' id='word_1_308' title='bbox 584 2719 701 2758; x_wconf 90' lang='lat' dir='ltr'><strong>eam</strong></span> <span class='ocrx_word' id='word_1_309' title='bbox 735 2701 989 2758; x_wconf 89' lang='lat' dir='ltr'><strong>diabolus</strong></span> <span class='ocrx_word' id='word_1_310' title='bbox 1033 2700 1352 2774; x_wconf 91' lang='lat' dir='ltr'><strong>inquinatos</strong></span> <span class='ocrx_word' id='word_1_311' title='bbox 1384 2699 1629 2767; x_wconf 86' lang='lat' dir='ltr'><strong>induxit,</strong></span> <span class='ocrx_word' id='word_1_312' title='bbox 1659 2699 1757 2754; x_wconf 91' lang='lat' dir='ltr'><strong>illa</strong></span> <span class='ocrx_word' id='word_1_313' title='bbox 1775 2699 1815 2754; x_wconf 66' lang='lat' dir='ltr'><strong>&#39;a</strong></span> <span class='ocrx_word' id='word_1_314' title='bbox 1841 2715 1897 2754; x_wconf 91' lang='lat' dir='ltr'><strong>se</strong></span> <span class='ocrx_word' id='word_1_315' title='bbox 1927 2715 2085 2754; x_wconf 87' lang='lat' dir='ltr'><strong>mun-</strong></span> 
     </span>
    </p>
   </div>
   <div class='ocr_carea' id='block_1_45' title="bbox 489 2786 2083 2864">
    <p class='ocr_par' dir='ltr' id='par_1_45' title="bbox 489 2786 2083 2864">
     <span class='ocr_line' id='line_1_45' title="bbox 489 2786 2083 2864; baseline -0.005 -16"><span class='ocrx_word' id='word_1_316' title='bbox 489 2791 590 2848; x_wconf 91' lang='lat' dir='ltr'><strong>dos</strong></span> <span class='ocrx_word' id='word_1_317' title='bbox 645 2789 846 2863; x_wconf 90' lang='lat' dir='ltr'><strong>ejecit;</strong></span> <span class='ocrx_word' id='word_1_318' title='bbox 909 2807 1100 2847; x_wconf 91' lang='lat' dir='ltr'><strong>omnes</strong></span> <span class='ocrx_word' id='word_1_319' title='bbox 1156 2806 1391 2864; x_wconf 88' lang='lat' dir='ltr'><strong>namque</strong></span> <span class='ocrx_word' id='word_1_320' title='bbox 1455 2786 1779 2861; x_wconf 89' lang='lat' dir='ltr'><strong>singillatim</strong></span> <span class='ocrx_word' id='word_1_321' title='bbox 1834 2786 2083 2860; x_wconf 91' lang='lat' dir='ltr'><strong>ingressi,</strong></span> 
     </span>
    </p>
   </div>
   <div class='ocr_carea' id='block_1_46' title="bbox 492 2875 2087 2952">
    <p class='ocr_par' dir='ltr' id='par_1_46' title="bbox 492 2875 2087 2952">
     <span class='ocr_line' id='line_1_46' title="bbox 492 2875 2087 2952; baseline -0.003 -17"><span class='ocrx_word' id='word_1_322' title='bbox 492 2894 638 2935; x_wconf 91' lang='lat' dir='ltr'><strong>unus</strong></span> <span class='ocrx_word' id='word_1_323' title='bbox 687 2880 920 2935; x_wconf 91' lang='lat' dir='ltr'><strong>alterum</strong></span> <span class='ocrx_word' id='word_1_324' title='bbox 993 2879 1297 2935; x_wconf 87' lang='lat' dir='ltr'><strong>sustinebat</strong></span> <span class='ocrx_word' id='word_1_325' title='bbox 1348 2877 1652 2952; x_wconf 88' lang='lat' dir='ltr'><strong>ingressum</strong></span> <span class='ocrx_word' id='word_1_326' title='bbox 1724 2875 1865 2947; x_wconf 87' lang='grc'>(56),</span> <span class='ocrx_word' id='word_1_327' title='bbox 1924 2891 2087 2949; x_wconf 89' lang='lat' dir='ltr'><strong>quem</strong></span> 
     </span>
    </p>
   </div>
   <div class='ocr_carea' id='block_1_47' title="bbox 491 2962 2089 3038">
    <p class='ocr_par' dir='ltr' id='par_1_47' title="bbox 491 2962 2089 3038">
     <span class='ocr_line' id='line_1_47' title="bbox 491 2962 2089 3038; baseline -0.004 -14"><span class='ocrx_word' id='word_1_328' title='bbox 491 2983 790 3038; x_wconf 86' lang='lat' dir='ltr'><strong>egressum,</strong></span> <span class='ocrx_word' id='word_1_329' title='bbox 821 2966 952 3021; x_wconf 90' lang='lat' dir='ltr'><strong>dum</strong></span> <span class='ocrx_word' id='word_1_330' title='bbox 983 2983 1094 3022; x_wconf 91' lang='lat' dir='ltr'><strong>non</strong></span> <span class='ocrx_word' id='word_1_331' title='bbox 1115 2966 1361 3022; x_wconf 90' lang='lat' dir='ltr'><strong>crederet</strong></span> <span class='ocrx_word' id='word_1_332' title='bbox 1383 2965 1676 3029; x_wconf 89' lang='lat' dir='ltr'><strong>mundum,</strong></span> <span class='ocrx_word' id='word_1_333' title='bbox 1709 2981 1764 3020; x_wconf 91' lang='lat' dir='ltr'><strong>se</strong></span> <span class='ocrx_word' id='word_1_334' title='bbox 1793 2962 2089 3020; x_wconf 87' lang='lat' dir='ltr'><strong>exhibebat</strong></span> 
     </span>
    </p>
   </div>
   <div class='ocr_carea' id='block_1_48' title="bbox 493 3051 2087 3124">
    <p class='ocr_par' dir='ltr' id='par_1_48' title="bbox 493 3051 2087 3124">
     <span class='ocr_line' id='line_1_48' title="bbox 493 3051 2087 3124; baseline -0.002 -14"><span class='ocrx_word' id='word_1_335' title='bbox 493 3054 842 3110; x_wconf 90' lang='lat' dir='ltr'><strong>immundum</strong></span> <span class='ocrx_word' id='word_1_336' title='bbox 877 3071 888 3109; x_wconf 92' lang='lat'><strong>:</strong></span> <span class='ocrx_word' id='word_1_337' title='bbox 951 3053 1044 3109; x_wconf 90' lang='lat' dir='ltr'><strong>sed</strong></span> <span class='ocrx_word' id='word_1_338' title='bbox 1104 3053 1378 3124; x_wconf 83' lang='lat' dir='ltr'><strong>ingressus</strong></span> <span class='ocrx_word' id='word_1_339' title='bbox 1423 3053 1492 3108; x_wconf 89' lang='lat' dir='ltr'><strong>ad</strong></span> <span class='ocrx_word' id='word_1_340' title='bbox 1523 3053 1834 3120; x_wconf 91' lang='lat' dir='ltr'><strong>libidinem,</strong></span> <span class='ocrx_word' id='word_1_341' title='bbox 1865 3051 1932 3108; x_wconf 90' lang='lat' dir='ltr'><strong>ad</strong></span> <span class='ocrx_word' id='word_1_342' title='bbox 1962 3052 2087 3108; x_wconf 88' lang='lat' dir='ltr'><strong>ado-</strong></span> 
     </span>
    </p>
   </div>
   <div class='ocr_carea' id='block_1_49' title="bbox 494 3142 2088 3216">
    <p class='ocr_par' dir='ltr' id='par_1_49' title="bbox 494 3142 2088 3216">
     <span class='ocr_line' id='line_1_49' title="bbox 494 3142 2088 3216; baseline -0.002 -17"><span class='ocrx_word' id='word_1_343' title='bbox 494 3145 726 3200; x_wconf 87' lang='lat' dir='ltr'><strong>randum</strong></span> <span class='ocrx_word' id='word_1_344' title='bbox 768 3143 1067 3200; x_wconf 91' lang='lat' dir='ltr'><strong>Dominum</strong></span> <span class='ocrx_word' id='word_1_345' title='bbox 1123 3143 1336 3199; x_wconf 89' lang='lat' dir='ltr'><strong>meritis</strong></span> <span class='ocrx_word' id='word_1_346' title='bbox 1391 3143 1626 3216; x_wconf 90' lang='lat' dir='ltr'><strong>virginis</strong></span> <span class='ocrx_word' id='word_1_347' title='bbox 1679 3142 2001 3209; x_wconf 89' lang='lat' dir='ltr'><strong>tenebatur;</strong></span> <span class='ocrx_word' id='word_1_348' title='bbox 2035 3149 2088 3197; x_wconf 93' lang='lat' dir='ltr'><strong>et</strong></span> 
     </span>
    </p>
   </div>
   <div class='ocr_carea' id='block_1_50' title="bbox 491 3231 2088 3306">
    <p class='ocr_par' dir='ltr' id='par_1_50' title="bbox 491 3231 2088 3306">
     <span class='ocr_line' id='line_1_50' title="bbox 491 3231 2088 3306; baseline -0.003 -15"><span class='ocrx_word' id='word_1_349' title='bbox 491 3233 680 3291; x_wconf 83' lang='lat' dir='ltr'><strong>exibat</strong></span> <span class='ocrx_word' id='word_1_350' title='bbox 709 3231 838 3288; x_wconf 90' lang='lat' dir='ltr'><strong>inde</strong></span> <span class='ocrx_word' id='word_1_351' title='bbox 872 3231 968 3288; x_wconf 93' lang='lat' dir='ltr'><strong>Dei</strong></span> <span class='ocrx_word' id='word_1_352' title='bbox 1025 3248 1236 3300; x_wconf 90' lang='lat' dir='ltr'><strong>servus,</strong></span> <span class='ocrx_word' id='word_1_353' title='bbox 1285 3232 1379 3306; x_wconf 91' lang='lat' dir='ltr'><strong>qui</strong></span> <span class='ocrx_word' id='word_1_354' title='bbox 1438 3232 1644 3289; x_wconf 90' lang='lat' dir='ltr'><strong>diaboli</strong></span> <span class='ocrx_word' id='word_1_355' title='bbox 1690 3231 1867 3286; x_wconf 89' lang='lat' dir='ltr'><strong>fuerat</strong></span> <span class='ocrx_word' id='word_1_356' title='bbox 1895 3247 2088 3286; x_wconf 88' lang='lat' dir='ltr'><strong>servus</strong></span> 
     </span>
    </p>
   </div>
   <div class='ocr_carea' id='block_1_51' title="bbox 491 3320 2084 3393">
    <p class='ocr_par' dir='ltr' id='par_1_51' title="bbox 491 3320 2084 3393">
     <span class='ocr_line' id='line_1_51' title="bbox 491 3320 2084 3393; baseline -0.004 -11"><span class='ocrx_word' id='word_1_357' title='bbox 491 3323 643 3382; x_wconf 85' lang='lat' dir='ltr'><strong>intus</strong></span> <span class='ocrx_word' id='word_1_358' title='bbox 686 3321 1002 3393; x_wconf 86' lang='lat' dir='ltr'><strong>ingressus;</strong></span> <span class='ocrx_word' id='word_1_359' title='bbox 1047 3328 1102 3376; x_wconf 91' lang='lat' dir='ltr'><strong>et</strong></span> <span class='ocrx_word' id='word_1_360' title='bbox 1130 3328 1212 3377; x_wconf 91' lang='lat' dir='ltr'><strong>tot</strong></span> <span class='ocrx_word' id='word_1_361' title='bbox 1244 3321 1378 3378; x_wconf 89' lang='lat' dir='ltr'><strong>facti</strong></span> <span class='ocrx_word' id='word_1_362' title='bbox 1433 3329 1562 3377; x_wconf 89' lang='lat' dir='ltr'><strong>sunt</strong></span> <span class='ocrx_word' id='word_1_363' title='bbox 1591 3320 1794 3378; x_wconf 90' lang='lat' dir='ltr'><strong>Christi</strong></span> <span class='ocrx_word' id='word_1_364' title='bbox 1827 3321 2084 3386; x_wconf 87' lang='lat' dir='ltr'><strong>cultores,</strong></span> 
     </span>
    </p>
   </div>
   <div class='ocr_carea' id='block_1_52' title="bbox 491 3408 2091 3488">
    <p class='ocr_par' dir='ltr' id='par_1_52' title="bbox 491 3408 2091 3488">
     <span class='ocr_line' id='line_1_52' title="bbox 491 3408 2091 3488; baseline -0.004 -18"><span class='ocrx_word' id='word_1_365' title='bbox 491 3421 624 3488; x_wconf 89' lang='lat' dir='ltr'><strong>quot</strong></span> <span class='ocrx_word' id='word_1_366' title='bbox 649 3411 908 3470; x_wconf 89' lang='lat' dir='ltr'><strong>diabolus</strong></span> <span class='ocrx_word' id='word_1_367' title='bbox 953 3418 1300 3484; x_wconf 89' lang='lat' dir='ltr'><strong>corruptores</strong></span> <span class='ocrx_word' id='word_1_368' title='bbox 1338 3427 1394 3468; x_wconf 91' lang='lat' dir='ltr'><strong>se</strong></span> <span class='ocrx_word' id='word_1_369' title='bbox 1415 3417 1702 3484; x_wconf 79' lang='lat' dir='ltr'><strong>putaverat</strong></span> <span class='ocrx_word' id='word_1_370' title='bbox 1731 3408 1963 3483; x_wconf 90' lang='lat' dir='ltr'><strong>virginis</strong></span> <span class='ocrx_word' id='word_1_371' title='bbox 1992 3409 2091 3464; x_wconf 93' lang='lat' dir='ltr'><strong>in-</strong></span> 
     </span>
    </p>
   </div>
   <div class='ocr_carea' id='block_1_53' title="bbox 489 3502 880 3573">
    <p class='ocr_par' dir='ltr' id='par_1_53' title="bbox 489 3502 880 3573">
     <span class='ocr_line' id='line_1_53' title="bbox 489 3502 880 3573; baseline -0.005 -13"><span class='ocrx_word' id='word_1_372' title='bbox 489 3503 708 3560; x_wconf 80' lang='lat' dir='ltr'><strong>venisse</strong></span> <span class='ocrx_word' id='word_1_373' title='bbox 739 3502 880 3573; x_wconf 81' lang='grc'>(57).</span> 
     </span>
    </p>
   </div>
   <div class='ocr_carea' id='block_1_54' title="bbox 561 3586 2085 3663">
    <p class='ocr_par' dir='ltr' id='par_1_54' title="bbox 561 3586 2085 3663">
     <span class='ocr_line' id='line_1_54' title="bbox 561 3586 2085 3663; baseline -0.003 -16"><span class='ocrx_word' id='word_1_374' title='bbox 561 3592 616 3647; x_wconf 91' lang='lat'><strong>8.</strong></span> <span class='ocrx_word' id='word_1_375' title='bbox 656 3593 939 3648; x_wconf 83' lang='lat' dir='ltr'><strong>Remansit</strong></span> <span class='ocrx_word' id='word_1_376' title='bbox 960 3592 1143 3663; x_wconf 90' lang='lat' dir='ltr'><strong>itaque</strong></span> <span class='ocrx_word' id='word_1_377' title='bbox 1165 3588 1412 3661; x_wconf 90' lang='lat' dir='ltr'><strong>juvenis,</strong></span> <span class='ocrx_word' id='word_1_378' title='bbox 1448 3588 1543 3661; x_wconf 91' lang='lat' dir='ltr'><strong>qui</strong></span> <span class='ocrx_word' id='word_1_379' title='bbox 1562 3586 1966 3660; x_wconf 89' lang='lat' dir='ltr'><strong>reprobationis</strong></span> <span class='ocrx_word' id='word_1_380' title='bbox 1986 3586 2085 3643; x_wconf 87' lang='lat' dir='ltr'><strong>hu-</strong></span> 
     </span>
    </p>
   </div>
   <div class='ocr_carea' id='block_1_55' title="bbox 485 3674 2085 3749">
    <p class='ocr_par' dir='ltr' id='par_1_55' title="bbox 485 3674 2085 3749">
     <span class='ocr_line' id='line_1_55' title="bbox 485 3674 2085 3749; baseline -0.003 -16"><span class='ocrx_word' id='word_1_381' title='bbox 485 3675 579 3749; x_wconf 92' lang='lat' dir='ltr'><strong>jus</strong></span> <span class='ocrx_word' id='word_1_382' title='bbox 601 3685 794 3734; x_wconf 90' lang='lat' dir='ltr'><strong>auctor</strong></span> <span class='ocrx_word' id='word_1_383' title='bbox 808 3679 1095 3734; x_wconf 88' lang='lat' dir='ltr'><strong>exstiterat</strong></span> <span class='ocrx_word' id='word_1_384' title='bbox 1120 3696 1130 3732; x_wconf 94' lang='lat'><strong>:</strong></span> <span class='ocrx_word' id='word_1_385' title='bbox 1156 3677 1252 3749; x_wconf 91' lang='lat' dir='ltr'><strong>qui</strong></span> <span class='ocrx_word' id='word_1_386' title='bbox 1283 3692 1340 3732; x_wconf 89' lang='lat' dir='ltr'><strong>se</strong></span> <span class='ocrx_word' id='word_1_387' title='bbox 1363 3674 1590 3747; x_wconf 88' lang='lat' dir='ltr'><strong>putabat</strong></span> <span class='ocrx_word' id='word_1_388' title='bbox 1610 3674 1950 3730; x_wconf 84' lang='lat' dir='ltr'><strong>defensorem</strong></span> <span class='ocrx_word' id='word_1_389' title='bbox 1975 3674 2085 3729; x_wconf 88' lang='lat' dir='ltr'><strong>vir-</strong></span> 
     </span>
    </p>
   </div>
   <div class='ocr_carea' id='block_1_56' title="bbox 491 3763 2084 3838">
    <p class='ocr_par' dir='ltr' id='par_1_56' title="bbox 491 3763 2084 3838">
     <span class='ocr_line' id='line_1_56' title="bbox 491 3763 2084 3838; baseline 0 -18"><span class='ocrx_word' id='word_1_390' title='bbox 491 3764 638 3838; x_wconf 88' lang='lat' dir='ltr'><strong>ginis</strong></span> <span class='ocrx_word' id='word_1_391' title='bbox 664 3782 942 3838; x_wconf 89' lang='lat' dir='ltr'><strong>superare,</strong></span> <span class='ocrx_word' id='word_1_392' title='bbox 991 3765 1084 3822; x_wconf 89' lang='lat' dir='ltr'><strong>hic</strong></span> <span class='ocrx_word' id='word_1_393' title='bbox 1111 3765 1457 3835; x_wconf 90' lang='lat' dir='ltr'><strong>splendorem</strong></span> <span class='ocrx_word' id='word_1_394' title='bbox 1491 3764 1623 3819; x_wconf 90' lang='lat' dir='ltr'><strong>dum</strong></span> <span class='ocrx_word' id='word_1_395' title='bbox 1656 3771 1978 3835; x_wconf 86' lang='lat' dir='ltr'><strong>provocaret</strong></span> <span class='ocrx_word' id='word_1_396' title='bbox 2017 3763 2084 3820; x_wconf 88' lang='lat' dir='ltr'><strong>ad</strong></span> 
     </span>
    </p>
   </div>
   <div class='ocr_carea' id='block_1_57' title="bbox 489 3851 2086 3928">
    <p class='ocr_par' dir='ltr' id='par_1_57' title="bbox 489 3851 2086 3928">
     <span class='ocr_line' id='line_1_57' title="bbox 489 3851 2086 3928; baseline -0.002 -18"><span class='ocrx_word' id='word_1_397' title='bbox 489 3853 709 3923; x_wconf 89' lang='lat' dir='ltr'><strong>luxum,</strong></span> <span class='ocrx_word' id='word_1_398' title='bbox 741 3855 912 3911; x_wconf 88' lang='lat' dir='ltr'><strong>vitam</strong></span> <span class='ocrx_word' id='word_1_399' title='bbox 944 3871 1107 3928; x_wconf 88' lang='lat' dir='ltr'><strong>quam</strong></span> <span class='ocrx_word' id='word_1_400' title='bbox 1153 3853 1447 3910; x_wconf 89' lang='lat' dir='ltr'><strong>videbatur</strong></span> <span class='ocrx_word' id='word_1_401' title='bbox 1502 3852 1725 3917; x_wconf 89' lang='lat' dir='ltr'><strong>habere,</strong></span> <span class='ocrx_word' id='word_1_402' title='bbox 1762 3851 1948 3908; x_wconf 91' lang='lat' dir='ltr'><strong>amisit</strong></span> <span class='ocrx_word' id='word_1_403' title='bbox 1980 3869 1992 3918; x_wconf 94' lang='lat'><strong>;</strong></span> <span class='ocrx_word' id='word_1_404' title='bbox 2031 3860 2086 3907; x_wconf 92' lang='lat' dir='ltr'><strong>et</strong></span> 
     </span>
    </p>
   </div>
   <div class='ocr_carea' id='block_1_58' title="bbox 489 3939 2084 4017">
    <p class='ocr_par' dir='ltr' id='par_1_58' title="bbox 489 3939 2084 4017">
     <span class='ocr_line' id='line_1_58' title="bbox 489 3939 2084 4017; baseline -0.003 -17"><span class='ocrx_word' id='word_1_405' title='bbox 489 3949 722 4000; x_wconf 88' lang='lat' dir='ltr'><strong>mortem</strong></span> <span class='ocrx_word' id='word_1_406' title='bbox 752 3959 915 4015; x_wconf 88' lang='lat' dir='ltr'><strong>quam</strong></span> <span class='ocrx_word' id='word_1_407' title='bbox 946 3943 1244 4017; x_wconf 64' lang='lat' dir='ltr'><strong>quaerebat,</strong></span> <span class='ocrx_word' id='word_1_408' title='bbox 1279 3941 1512 3998; x_wconf 89' lang='lat' dir='ltr'><strong>invenit.</strong></span> <span class='ocrx_word' id='word_1_409' title='bbox 1546 3940 1860 3998; x_wconf 88' lang='lat' dir='ltr'><strong>Succedunt</strong></span> <span class='ocrx_word' id='word_1_410' title='bbox 1888 3939 2084 3996; x_wconf 87' lang='lat' dir='ltr'><strong>riden—</strong></span> 
     </span>
    </p>
   </div>
   <div class='ocr_carea' id='block_1_59' title="bbox 488 4031 2083 4106">
    <p class='ocr_par' dir='ltr' id='par_1_59' title="bbox 488 4031 2083 4106">
     <span class='ocr_line' id='line_1_59' title="bbox 488 4031 2083 4106; baseline -0.004 -14"><span class='ocrx_word' id='word_1_411' title='bbox 488 4032 637 4092; x_wconf 86' lang='lat' dir='ltr'><strong>tibus</strong></span> <span class='ocrx_word' id='word_1_412' title='bbox 667 4033 946 4106; x_wconf 71' lang='lat' dir='ltr'><strong>lacrymai,</strong></span> <span class='ocrx_word' id='word_1_413' title='bbox 996 4041 1053 4090; x_wconf 92' lang='lat' dir='ltr'><strong>et</strong></span> <span class='ocrx_word' id='word_1_414' title='bbox 1079 4033 1482 4091; x_wconf 89' lang='lat' dir='ltr'><strong>insultantibus</strong></span> <span class='ocrx_word' id='word_1_415' title='bbox 1527 4033 1694 4090; x_wconf 88' lang='lat' dir='ltr'><strong>ﬁnem</strong></span> <span class='ocrx_word' id='word_1_416' title='bbox 1726 4031 2083 4088; x_wconf 90' lang='lat' dir='ltr'><strong>lamentatio-</strong></span> 
     </span>
    </p>
   </div>
   <div class='ocr_carea' id='block_1_60' title="bbox 487 4120 2084 4196">
    <p class='ocr_par' dir='ltr' id='par_1_60' title="bbox 487 4120 2084 4196">
     <span class='ocr_line' id='line_1_60' title="bbox 487 4120 2084 4196; baseline -0.003 -16"><span class='ocrx_word' id='word_1_417' title='bbox 487 4139 586 4180; x_wconf 90' lang='lat' dir='ltr'><strong>nes</strong></span> <span class='ocrx_word' id='word_1_418' title='bbox 614 4121 930 4196; x_wconf 90' lang='lat' dir='ltr'><strong>imponunt.</strong></span> <span class='ocrx_word' id='word_1_419' title='bbox 952 4122 1210 4180; x_wconf 81' lang='lat' dir='ltr'><strong>Attendit</strong></span> <span class='ocrx_word' id='word_1_420' title='bbox 1239 4123 1397 4196; x_wconf 87' lang='lat' dir='ltr'><strong>virgo</strong></span> <span class='ocrx_word' id='word_1_421' title='bbox 1429 4124 1705 4196; x_wconf 87' lang='lat' dir='ltr'><strong>lugentem</strong></span> <span class='ocrx_word' id='word_1_422' title='bbox 1731 4120 1998 4194; x_wconf 91' lang='lat' dir='ltr'><strong>judicem,</strong></span> <span class='ocrx_word' id='word_1_423' title='bbox 2029 4128 2084 4176; x_wconf 93' lang='lat' dir='ltr'><strong>et</strong></span> 
     </span>
    </p>
   </div>
   <div class='ocr_carea' id='block_1_61' title="bbox 486 4209 2081 4287">
    <p class='ocr_par' dir='ltr' id='par_1_61' title="bbox 486 4209 2081 4287">
     <span class='ocr_line' id='line_1_61' title="bbox 486 4209 2081 4287; baseline -0.003 -17"><span class='ocrx_word' id='word_1_424' title='bbox 486 4209 649 4287; x_wconf 86' lang='lat' dir='ltr'><strong>quem</strong></span> <span class='ocrx_word' id='word_1_425' title='bbox 671 4212 975 4272; x_wconf 89' lang='lat' dir='ltr'><strong>minantem</strong></span> <span class='ocrx_word' id='word_1_426' title='bbox 1006 4221 1133 4271; x_wconf 86' lang='lat' dir='ltr'><strong>ante</strong></span> <span class='ocrx_word' id='word_1_427' title='bbox 1162 4221 1587 4287; x_wconf 86' lang='lat' dir='ltr'><strong>contempserat,</strong></span> <span class='ocrx_word' id='word_1_428' title='bbox 1614 4229 1763 4269; x_wconf 92' lang='lat' dir='ltr'><strong>nunc</strong></span> <span class='ocrx_word' id='word_1_429' title='bbox 1792 4211 2081 4285; x_wconf 77' lang='lat' dir='ltr'><strong>deprecan-</strong></span> 
     </span>
    </p>
   </div>
   <div class='ocr_carea' id='block_1_62' title="bbox 486 4302 2078 4376">
    <p class='ocr_par' dir='ltr' id='par_1_62' title="bbox 486 4302 2078 4376">
     <span class='ocr_line' id='line_1_62' title="bbox 486 4302 2078 4376; baseline -0.002 -17"><span class='ocrx_word' id='word_1_430' title='bbox 486 4309 596 4359; x_wconf 86' lang='lat' dir='ltr'><strong>tem</strong></span> <span class='ocrx_word' id='word_1_431' title='bbox 629 4302 1039 4360; x_wconf 88' lang='lat' dir='ltr'><strong>exaudit.lllico</strong></span> <span class='ocrx_word' id='word_1_432' title='bbox 1057 4303 1228 4376; x_wconf 86' lang='lat' dir='ltr'><strong>igitur</strong></span> <span class='ocrx_word' id='word_1_433' title='bbox 1257 4310 1319 4360; x_wconf 92' lang='lat' dir='ltr'><strong>ut</strong></span> <span class='ocrx_word' id='word_1_434' title='bbox 1339 4303 1507 4376; x_wconf 73' lang='lat' dir='ltr'><strong>cmpit</strong></span> <span class='ocrx_word' id='word_1_435' title='bbox 1526 4318 1682 4360; x_wconf 89' lang='lat' dir='ltr'><strong>orare</strong></span> <span class='ocrx_word' id='word_1_436' title='bbox 1711 4317 1810 4373; x_wconf 89' lang='lat' dir='ltr'><strong>pro</strong></span> <span class='ocrx_word' id='word_1_437' title='bbox 1840 4308 2078 4370; x_wconf 88' lang='lat' dir='ltr'><strong>mortuo,</strong></span> 
     </span>
    </p>
   </div>
   <div class='ocr_carea' id='block_1_63' title="bbox 486 4389 2081 4467">
    <p class='ocr_par' dir='ltr' id='par_1_63' title="bbox 486 4389 2081 4467">
     <span class='ocr_line' id='line_1_63' title="bbox 486 4389 2081 4467; baseline -0.001 -20"><span class='ocrx_word' id='word_1_438' title='bbox 486 4398 542 4448; x_wconf 88' lang='lat' dir='ltr'><strong>et</strong></span> <span class='ocrx_word' id='word_1_439' title='bbox 568 4407 601 4446; x_wconf 89' lang='lat' dir='ltr'><strong>a</strong></span> <span class='ocrx_word' id='word_1_440' title='bbox 629 4391 866 4447; x_wconf 83' lang='lat' dir='ltr'><strong>mortuis</strong></span> <span class='ocrx_word' id='word_1_441' title='bbox 896 4393 1101 4450; x_wconf 89' lang='lat' dir='ltr'><strong>excitat</strong></span> <span class='ocrx_word' id='word_1_442' title='bbox 1129 4395 1368 4462; x_wconf 87' lang='lat' dir='ltr'><strong>salvum,</strong></span> <span class='ocrx_word' id='word_1_443' title='bbox 1387 4393 1480 4467; x_wconf 91' lang='lat' dir='ltr'><strong>qui</strong></span> <span class='ocrx_word' id='word_1_444' title='bbox 1511 4391 1674 4448; x_wconf 93' lang='lat' dir='ltr'><strong>morti</strong></span> <span class='ocrx_word' id='word_1_445' title='bbox 1704 4391 1881 4446; x_wconf 90' lang='lat' dir='ltr'><strong>fuerat</strong></span> <span class='ocrx_word' id='word_1_446' title='bbox 1906 4389 2081 4462; x_wconf 89' lang='lat' dir='ltr'><strong>depu-</strong></span> 
     </span>
    </p>
   </div>
   <div class='ocr_carea' id='block_1_64' title="bbox 485 4479 2077 4554">
    <p class='ocr_par' dir='ltr' id='par_1_64' title="bbox 485 4479 2077 4554">
     <span class='ocr_line' id='line_1_64' title="bbox 485 4479 2077 4554; baseline -0.001 -18"><span class='ocrx_word' id='word_1_447' title='bbox 485 4486 632 4538; x_wconf 82' lang='lat' dir='ltr'><strong>tatus</strong></span> <span class='ocrx_word' id='word_1_448' title='bbox 666 4497 680 4546; x_wconf 89' lang='lat'><strong>;</strong></span> <span class='ocrx_word' id='word_1_449' title='bbox 712 4489 767 4537; x_wconf 93' lang='lat' dir='ltr'><strong>et</strong></span> <span class='ocrx_word' id='word_1_450' title='bbox 793 4481 864 4536; x_wconf 88' lang='lat' dir='ltr'><strong>ad</strong></span> <span class='ocrx_word' id='word_1_451' title='bbox 887 4481 1144 4554; x_wconf 90' lang='lat' dir='ltr'><strong>gaudium</strong></span> <span class='ocrx_word' id='word_1_452' title='bbox 1179 4488 1392 4550; x_wconf 88' lang='lat' dir='ltr'><strong>evocat,</strong></span> <span class='ocrx_word' id='word_1_453' title='bbox 1423 4479 1518 4554; x_wconf 92' lang='lat' dir='ltr'><strong>qui</strong></span> <span class='ocrx_word' id='word_1_454' title='bbox 1551 4481 1729 4535; x_wconf 91' lang='lat' dir='ltr'><strong>fuerat</strong></span> <span class='ocrx_word' id='word_1_455' title='bbox 1759 4479 2077 4552; x_wconf 70' lang='lat' dir='ltr'><strong>praecipita—</strong></span> 
     </span>
    </p>
   </div>
   <div class='ocr_carea' id='block_1_65' title="bbox 2197 1895 3784 1972">
    <p class='ocr_par' dir='ltr' id='par_1_65' title="bbox 2197 1895 3784 1972">
     <span class='ocr_line' id='line_1_65' title="bbox 2197 1895 3784 1972; baseline -0.004 -15"><span class='ocrx_word' id='word_1_456' title='bbox 2197 1910 2358 1958; x_wconf 90' lang='lat' dir='ltr'><strong>tores.</strong></span> <span class='ocrx_word' id='word_1_457' title='bbox 2393 1901 2529 1957; x_wconf 88' lang='lat' dir='ltr'><strong>Nam</strong></span> <span class='ocrx_word' id='word_1_458' title='bbox 2565 1899 2660 1972; x_wconf 91' lang='lat' dir='ltr'><strong>qui</strong></span> <span class='ocrx_word' id='word_1_459' title='bbox 2717 1905 3076 1970; x_wconf 87' lang='lat' dir='ltr'><strong>consumptus</strong></span> <span class='ocrx_word' id='word_1_460' title='bbox 3137 1903 3219 1951; x_wconf 94' lang='lat' dir='ltr'><strong>est</strong></span> <span class='ocrx_word' id='word_1_461' title='bbox 3247 1901 3482 1967; x_wconf 85' lang='lat' dir='ltr'><strong>martyr,</strong></span> <span class='ocrx_word' id='word_1_462' title='bbox 3510 1895 3784 1951; x_wconf 86' lang='lat' dir='ltr'><strong>exsultat:</strong></span> 
     </span>
    </p>
   </div>
   <div class='ocr_carea' id='block_1_66' title="bbox 2193 1984 3785 2062">
    <p class='ocr_par' dir='ltr' id='par_1_66' title="bbox 2193 1984 3785 2062">
     <span class='ocr_line' id='line_1_66' title="bbox 2193 1984 3785 2062; baseline -0.006 -15"><span class='ocrx_word' id='word_1_463' title='bbox 2193 1999 2247 2047; x_wconf 89' lang='lat' dir='ltr'><strong>et</strong></span> <span class='ocrx_word' id='word_1_464' title='bbox 2275 1991 2370 2062; x_wconf 90' lang='lat' dir='ltr'><strong>qui</strong></span> <span class='ocrx_word' id='word_1_465' title='bbox 2431 1989 2606 2046; x_wconf 90' lang='lat' dir='ltr'><strong>evasit</strong></span> <span class='ocrx_word' id='word_1_466' title='bbox 2655 1987 2856 2056; x_wconf 88' lang='lat' dir='ltr'><strong>victor,</strong></span> <span class='ocrx_word' id='word_1_467' title='bbox 2915 1986 3190 2042; x_wconf 87' lang='lat' dir='ltr'><strong>exsultat:</strong></span> <span class='ocrx_word' id='word_1_468' title='bbox 3246 1992 3300 2040; x_wconf 91' lang='lat' dir='ltr'><strong>et</strong></span> <span class='ocrx_word' id='word_1_469' title='bbox 3355 1984 3550 2040; x_wconf 89' lang='lat' dir='ltr'><strong>Isaiam</strong></span> <span class='ocrx_word' id='word_1_470' title='bbox 3581 1992 3785 2040; x_wconf 87' lang='lat' dir='ltr'><strong>sectum</strong></span> 
     </span>
    </p>
   </div>
   <div class='ocr_carea' id='block_1_67' title="bbox 2195 2072 3788 2152">
    <p class='ocr_par' dir='ltr' id='par_1_67' title="bbox 2195 2072 3788 2152">
     <span class='ocr_line' id='line_1_67' title="bbox 2195 2072 3788 2152; baseline -0.006 -16"><span class='ocrx_word' id='word_1_471' title='bbox 2195 2088 2494 2152; x_wconf 87' lang='lat' dir='ltr'><strong>martyrem</strong></span> <span class='ocrx_word' id='word_1_472' title='bbox 2551 2077 2706 2147; x_wconf 88' lang='lat' dir='ltr'><strong>fecit,</strong></span> <span class='ocrx_word' id='word_1_473' title='bbox 2739 2085 2792 2133; x_wconf 90' lang='lat' dir='ltr'><strong>et</strong></span> <span class='ocrx_word' id='word_1_474' title='bbox 2828 2075 3112 2132; x_wconf 91' lang='lat' dir='ltr'><strong>Danielem</strong></span> <span class='ocrx_word' id='word_1_475' title='bbox 3147 2074 3370 2129; x_wconf 91' lang='lat' dir='ltr'><strong>leonum</strong></span> <span class='ocrx_word' id='word_1_476' title='bbox 3400 2072 3608 2129; x_wconf 89' lang='lat' dir='ltr'><strong>rabiem</strong></span> <span class='ocrx_word' id='word_1_477' title='bbox 3650 2089 3788 2128; x_wconf 88' lang='lat' dir='ltr'><strong>mor-</strong></span> 
     </span>
    </p>
   </div>
   <div class='ocr_carea' id='block_1_68' title="bbox 2195 2163 3790 2242">
    <p class='ocr_par' dir='ltr' id='par_1_68' title="bbox 2195 2163 3790 2242">
     <span class='ocr_line' id='line_1_68' title="bbox 2195 2163 3790 2242; baseline -0.005 -15"><span class='ocrx_word' id='word_1_478' title='bbox 2195 2185 2395 2242; x_wconf 91' lang='lat' dir='ltr'><strong>susque</strong></span> <span class='ocrx_word' id='word_1_479' title='bbox 2423 2174 2886 2234; x_wconf 90' lang='lat' dir='ltr'><strong>contemnentem,</strong></span> <span class='ocrx_word' id='word_1_480' title='bbox 2933 2163 3379 2237; x_wconf 89' lang='lat' dir='ltr'><strong>probatissimum</strong></span> <span class='ocrx_word' id='word_1_481' title='bbox 3408 2165 3556 2219; x_wconf 89' lang='lat' dir='ltr'><strong>Deus</strong></span> <span class='ocrx_word' id='word_1_482' title='bbox 3583 2163 3790 2219; x_wconf 80' lang='lat' dir='ltr'><strong>confes-</strong></span> 
     </span>
    </p>
   </div>
   <div class='ocr_carea' id='block_1_69' title="bbox 2199 2252 3786 2329">
    <p class='ocr_par' dir='ltr' id='par_1_69' title="bbox 2199 2252 3786 2329">
     <span class='ocr_line' id='line_1_69' title="bbox 2199 2252 3786 2329; baseline -0.003 -13"><span class='ocrx_word' id='word_1_483' title='bbox 2199 2275 2376 2316; x_wconf 89' lang='lat' dir='ltr'><strong>sorem</strong></span> <span class='ocrx_word' id='word_1_484' title='bbox 2405 2256 2676 2329; x_wconf 87' lang='lat' dir='ltr'><strong>expressit</strong></span> <span class='ocrx_word' id='word_1_485' title='bbox 2701 2274 2713 2312; x_wconf 90' lang='lat'><strong>:</strong></span> <span class='ocrx_word' id='word_1_486' title='bbox 2739 2272 2846 2328; x_wconf 92' lang='lat' dir='ltr'><strong>quo</strong></span> <span class='ocrx_word' id='word_1_487' title='bbox 2867 2255 3013 2311; x_wconf 88' lang='lat' dir='ltr'><strong>facto</strong></span> <span class='ocrx_word' id='word_1_488' title='bbox 3028 2263 3290 2325; x_wconf 90' lang='lat' dir='ltr'><strong>utrosque</strong></span> <span class='ocrx_word' id='word_1_489' title='bbox 3312 2252 3520 2309; x_wconf 90' lang='lat' dir='ltr'><strong>diaboli</strong></span> <span class='ocrx_word' id='word_1_490' title='bbox 3544 2252 3786 2311; x_wconf 89' lang='lat' dir='ltr'><strong>ostendit</strong></span> 
     </span>
    </p>
   </div>
   <div class='ocr_carea' id='block_1_70' title="bbox 2194 2343 3785 2416">
    <p class='ocr_par' dir='ltr' id='par_1_70' title="bbox 2194 2343 3785 2416">
     <span class='ocr_line' id='line_1_70' title="bbox 2194 2343 3785 2416; baseline -0.004 -10"><span class='ocrx_word' id='word_1_491' title='bbox 2194 2364 2310 2406; x_wconf 89' lang='lat' dir='ltr'><strong>esse</strong></span> <span class='ocrx_word' id='word_1_492' title='bbox 2337 2348 2621 2414; x_wconf 89' lang='lat' dir='ltr'><strong>victores;</strong></span> <span class='ocrx_word' id='word_1_493' title='bbox 2672 2363 2817 2402; x_wconf 92' lang='lat' dir='ltr'><strong>unus</strong></span> <span class='ocrx_word' id='word_1_494' title='bbox 2866 2346 3016 2402; x_wconf 91' lang='lat' dir='ltr'><strong>enim</strong></span> <span class='ocrx_word' id='word_1_495' title='bbox 3070 2345 3307 2400; x_wconf 92' lang='lat' dir='ltr'><strong>moritur</strong></span> <span class='ocrx_word' id='word_1_496' title='bbox 3356 2352 3411 2402; x_wconf 90' lang='lat' dir='ltr'><strong>et</strong></span> <span class='ocrx_word' id='word_1_497' title='bbox 3460 2343 3785 2416; x_wconf 89' lang='lat' dir='ltr'><strong>triumphat,</strong></span> 
     </span>
    </p>
   </div>
   <div class='ocr_carea' id='block_1_71' title="bbox 2194 2437 2866 2510">
    <p class='ocr_par' dir='ltr' id='par_1_71' title="bbox 2194 2437 2866 2510">
     <span class='ocr_line' id='line_1_71' title="bbox 2194 2437 2866 2510; baseline -0.004 -16"><span class='ocrx_word' id='word_1_498' title='bbox 2194 2439 2336 2494; x_wconf 89' lang='lat' dir='ltr'><strong>alius</strong></span> <span class='ocrx_word' id='word_1_499' title='bbox 2361 2437 2547 2494; x_wconf 84' lang='lat' dir='ltr'><strong>evadit</strong></span> <span class='ocrx_word' id='word_1_500' title='bbox 2576 2445 2630 2494; x_wconf 91' lang='lat' dir='ltr'><strong>et</strong></span> <span class='ocrx_word' id='word_1_501' title='bbox 2658 2444 2866 2510; x_wconf 90' lang='lat' dir='ltr'><strong>regnat.</strong></span> 
     </span>
    </p>
   </div>
   <div class='ocr_carea' id='block_1_72' title="bbox 2270 2521 3783 2597">
    <p class='ocr_par' dir='ltr' id='par_1_72' title="bbox 2270 2521 3783 2597">
     <span class='ocr_line' id='line_1_72' title="bbox 2270 2521 3783 2597; baseline -0.001 -16"><span class='ocrx_word' id='word_1_502' title='bbox 2270 2527 2354 2581; x_wconf 82' lang='lat' dir='ltr'><strong>Il.</strong></span> <span class='ocrx_word' id='word_1_503' title='bbox 2380 2525 2519 2583; x_wconf 83' lang='lat' dir='ltr'><strong>Veni</strong></span> <span class='ocrx_word' id='word_1_504' title='bbox 2538 2524 2674 2597; x_wconf 89' lang='lat' dir='ltr'><strong>jam,</strong></span> <span class='ocrx_word' id='word_1_505' title='bbox 2695 2525 2874 2595; x_wconf 87' lang='lat' dir='ltr'><strong>virgo,</strong></span> <span class='ocrx_word' id='word_1_506' title='bbox 2895 2523 2964 2580; x_wconf 92' lang='lat' dir='ltr'><strong>ad</strong></span> <span class='ocrx_word' id='word_1_507' title='bbox 2987 2521 3294 2579; x_wconf 88' lang='lat' dir='ltr'><strong>thalamum</strong></span> <span class='ocrx_word' id='word_1_508' title='bbox 3319 2539 3482 2595; x_wconf 87' lang='lat' dir='ltr'><strong>quem</strong></span> <span class='ocrx_word' id='word_1_509' title='bbox 3509 2523 3783 2597; x_wconf 59' lang='lat' dir='ltr'><strong>quaesisti:</strong></span> 
     </span>
    </p>
   </div>
   <div class='ocr_carea' id='block_1_73' title="bbox 2195 2610 3788 2686">
    <p class='ocr_par' dir='ltr' id='par_1_73' title="bbox 2195 2610 3788 2686">
     <span class='ocr_line' id='line_1_73' title="bbox 2195 2610 3788 2686; baseline 0 -16"><span class='ocrx_word' id='word_1_510' title='bbox 2195 2623 2248 2670; x_wconf 92' lang='lat' dir='ltr'><strong>et</strong></span> <span class='ocrx_word' id='word_1_511' title='bbox 2275 2631 2372 2686; x_wconf 94' lang='lat' dir='ltr'><strong>pro</strong></span> <span class='ocrx_word' id='word_1_512' title='bbox 2401 2630 2585 2670; x_wconf 91' lang='lat' dir='ltr'><strong>amore</strong></span> <span class='ocrx_word' id='word_1_513' title='bbox 2606 2614 2793 2686; x_wconf 88' lang='lat' dir='ltr'><strong>sponsi</strong></span> <span class='ocrx_word' id='word_1_514' title='bbox 2820 2611 3060 2684; x_wconf 87' lang='lat' dir='ltr'><strong>gladium</strong></span> <span class='ocrx_word' id='word_1_515' title='bbox 3084 2611 3420 2684; x_wconf 88' lang='lat' dir='ltr'><strong>percussoris</strong></span> <span class='ocrx_word' id='word_1_516' title='bbox 3443 2610 3704 2680; x_wconf 87' lang='lat' dir='ltr'><strong>admitte;</strong></span> <span class='ocrx_word' id='word_1_517' title='bbox 3728 2621 3788 2670; x_wconf 87' lang='lat' dir='ltr'><strong>ut</strong></span> 
     </span>
    </p>
   </div>
   <div class='ocr_carea' id='block_1_74' title="bbox 2197 2701 3792 2776">
    <p class='ocr_par' dir='ltr' id='par_1_74' title="bbox 2197 2701 3792 2776">
     <span class='ocr_line' id='line_1_74' title="bbox 2197 2701 3792 2776; baseline -0.001 -16"><span class='ocrx_word' id='word_1_518' title='bbox 2197 2721 2448 2776; x_wconf 88' lang='lat' dir='ltr'><strong>sponsam</strong></span> <span class='ocrx_word' id='word_1_519' title='bbox 2481 2713 2533 2760; x_wconf 92' lang='lat' dir='ltr'><strong>te</strong></span> <span class='ocrx_word' id='word_1_520' title='bbox 2563 2705 2854 2776; x_wconf 86' lang='lat' dir='ltr'><strong>virginitas</strong></span> <span class='ocrx_word' id='word_1_521' title='bbox 2891 2703 3246 2759; x_wconf 89' lang='lat' dir='ltr'><strong>immaculata</strong></span> <span class='ocrx_word' id='word_1_522' title='bbox 3273 2701 3592 2774; x_wconf 89' lang='lat' dir='ltr'><strong>comprobet</strong></span> <span class='ocrx_word' id='word_1_523' title='bbox 3621 2702 3792 2762; x_wconf 87' lang='lat' dir='ltr'><strong>Chri—</strong></span> 
     </span>
    </p>
   </div>
   <div class='ocr_carea' id='block_1_75' title="bbox 2195 2791 3793 2868">
    <p class='ocr_par' dir='ltr' id='par_1_75' title="bbox 2195 2791 3793 2868">
     <span class='ocr_line' id='line_1_75' title="bbox 2195 2791 3793 2868; baseline -0.001 -18"><span class='ocrx_word' id='word_1_524' title='bbox 2195 2797 2290 2862; x_wconf 88' lang='lat' dir='ltr'><strong>sti,</strong></span> <span class='ocrx_word' id='word_1_525' title='bbox 2320 2803 2374 2852; x_wconf 94' lang='lat' dir='ltr'><strong>et</strong></span> <span class='ocrx_word' id='word_1_526' title='bbox 2403 2803 2699 2868; x_wconf 89' lang='lat' dir='ltr'><strong>martyrem</strong></span> <span class='ocrx_word' id='word_1_527' title='bbox 2730 2793 3004 2850; x_wconf 90' lang='lat' dir='ltr'><strong>confessio</strong></span> <span class='ocrx_word' id='word_1_528' title='bbox 3033 2791 3261 2865; x_wconf 87' lang='lat' dir='ltr'><strong>probata</strong></span> <span class='ocrx_word' id='word_1_529' title='bbox 3287 2791 3595 2865; x_wconf 88' lang='lat' dir='ltr'><strong>consignet.</strong></span> <span class='ocrx_word' id='word_1_530' title='bbox 3631 2791 3793 2848; x_wconf 79' lang='lat' dir='ltr'><strong>Felix</strong></span> 
     </span>
    </p>
   </div>
   <div class='ocr_carea' id='block_1_76' title="bbox 2196 2882 3792 2959">
    <p class='ocr_par' dir='ltr' id='par_1_76' title="bbox 2196 2882 3792 2959">
     <span class='ocr_line' id='line_1_76' title="bbox 2196 2882 3792 2959; baseline -0.007 -11"><span class='ocrx_word' id='word_1_531' title='bbox 2196 2898 2414 2948; x_wconf 88' lang='lat' dir='ltr'><strong>caterva</strong></span> <span class='ocrx_word' id='word_1_532' title='bbox 2439 2886 2741 2959; x_wconf 88' lang='lat' dir='ltr'><strong>virginum,</strong></span> <span class='ocrx_word' id='word_1_533' title='bbox 2769 2883 2972 2957; x_wconf 89' lang='lat' dir='ltr'><strong>quibus</strong></span> <span class='ocrx_word' id='word_1_534' title='bbox 3018 2882 3264 2940; x_wconf 88' lang='lat' dir='ltr'><strong>studium</strong></span> <span class='ocrx_word' id='word_1_535' title='bbox 3310 2891 3394 2939; x_wconf 91' lang='lat' dir='ltr'><strong>est</strong></span> <span class='ocrx_word' id='word_1_536' title='bbox 3421 2890 3527 2939; x_wconf 72' lang='lat' dir='ltr'><strong>tuae</strong></span> <span class='ocrx_word' id='word_1_537' title='bbox 3581 2882 3792 2938; x_wconf 88' lang='lat' dir='ltr'><strong>confes-</strong></span> 
     </span>
    </p>
   </div>
   <div class='ocr_carea' id='block_1_77' title="bbox 2197 2971 3793 3050">
    <p class='ocr_par' dir='ltr' id='par_1_77' title="bbox 2197 2971 3793 3050">
     <span class='ocr_line' id='line_1_77' title="bbox 2197 2971 3793 3050; baseline -0.006 -15"><span class='ocrx_word' id='word_1_538' title='bbox 2197 2979 2370 3036; x_wconf 90' lang='lat' dir='ltr'><strong>sionis</strong></span> <span class='ocrx_word' id='word_1_539' title='bbox 2399 2976 2550 3050; x_wconf 92' lang='lat' dir='ltr'><strong>sequi</strong></span> <span class='ocrx_word' id='word_1_540' title='bbox 2599 2973 2869 3047; x_wconf 89' lang='lat' dir='ltr'><strong>vestigia;</strong></span> <span class='ocrx_word' id='word_1_541' title='bbox 2931 2971 3213 3030; x_wconf 90' lang='lat' dir='ltr'><strong>habebunt</strong></span> <span class='ocrx_word' id='word_1_542' title='bbox 3247 2971 3395 3050; x_wconf 90' lang='lat' dir='ltr'><strong>enim</strong></span> <span class='ocrx_word' id='word_1_543' title='bbox 3424 2981 3601 3028; x_wconf 89' lang='lat' dir='ltr'><strong>tecum</strong></span> <span class='ocrx_word' id='word_1_544' title='bbox 3634 2987 3793 3027; x_wconf 85' lang='lat' dir='ltr'><strong>coro-</strong></span> 
     </span>
    </p>
   </div>
   <div class='ocr_carea' id='block_1_78' title="bbox 2197 3061 3794 3140">
    <p class='ocr_par' dir='ltr' id='par_1_78' title="bbox 2197 3061 3794 3140">
     <span class='ocr_line' id='line_1_78' title="bbox 2197 3061 3794 3140; baseline -0.006 -13"><span class='ocrx_word' id='word_1_545' title='bbox 2197 3086 2323 3127; x_wconf 90' lang='lat' dir='ltr'><strong>nam</strong></span> <span class='ocrx_word' id='word_1_546' title='bbox 2355 3069 2414 3124; x_wconf 93' lang='lat' dir='ltr'><strong>in</strong></span> <span class='ocrx_word' id='word_1_547' title='bbox 2451 3068 2611 3136; x_wconf 87' lang='lat' dir='ltr'><strong>coelo,</strong></span> <span class='ocrx_word' id='word_1_548' title='bbox 2643 3083 2765 3140; x_wconf 87' lang='lat' dir='ltr'><strong>quae</strong></span> <span class='ocrx_word' id='word_1_549' title='bbox 2797 3075 2976 3123; x_wconf 91' lang='lat' dir='ltr'><strong>tecum</strong></span> <span class='ocrx_word' id='word_1_550' title='bbox 3003 3063 3385 3137; x_wconf 85' lang='lat' dir='ltr'><strong>superaverint</strong></span> <span class='ocrx_word' id='word_1_551' title='bbox 3413 3061 3700 3119; x_wconf 90' lang='lat' dir='ltr'><strong>inimicum</strong></span> <span class='ocrx_word' id='word_1_552' title='bbox 3731 3062 3794 3118; x_wconf 91' lang='lat' dir='ltr'><strong>in</strong></span> 
     </span>
    </p>
   </div>
   <div class='ocr_carea' id='block_1_79' title="bbox 2196 3153 3794 3226">
    <p class='ocr_par' dir='ltr' id='par_1_79' title="bbox 2196 3153 3794 3226">
     <span class='ocr_line' id='line_1_79' title="bbox 2196 3153 3794 3226; baseline -0.004 -11"><span class='ocrx_word' id='word_1_553' title='bbox 2196 3157 2424 3215; x_wconf 92' lang='lat' dir='ltr'><strong>mundo.</strong></span> <span class='ocrx_word' id='word_1_554' title='bbox 2455 3158 2591 3213; x_wconf 89' lang='lat' dir='ltr'><strong>Nam</strong></span> <span class='ocrx_word' id='word_1_555' title='bbox 2621 3154 2767 3213; x_wconf 90' lang='lat' dir='ltr'><strong>sicut</strong></span> <span class='ocrx_word' id='word_1_556' title='bbox 2809 3155 2911 3212; x_wconf 90' lang='lat' dir='ltr'><strong>tibi</strong></span> <span class='ocrx_word' id='word_1_557' title='bbox 2966 3155 3150 3212; x_wconf 75' lang='lat' dir='ltr'><strong>Mariae</strong></span> <span class='ocrx_word' id='word_1_558' title='bbox 3182 3153 3413 3226; x_wconf 87' lang='lat' dir='ltr'><strong>vestigia</strong></span> <span class='ocrx_word' id='word_1_559' title='bbox 3437 3153 3794 3226; x_wconf 88' lang='lat' dir='ltr'><strong>prosequenti</strong></span> 
     </span>
    </p>
   </div>
   <div class='ocr_carea' id='block_1_80' title="bbox 2198 3243 3794 3320">
    <p class='ocr_par' dir='ltr' id='par_1_80' title="bbox 2198 3243 3794 3320">
     <span class='ocr_line' id='line_1_80' title="bbox 2198 3243 3794 3320; baseline -0.003 -17"><span class='ocrx_word' id='word_1_560' title='bbox 2198 3247 2540 3320; x_wconf 87' lang='lat' dir='ltr'><strong>participatio</strong></span> <span class='ocrx_word' id='word_1_561' title='bbox 2576 3255 2792 3304; x_wconf 71' lang='lat' dir='ltr'><strong>aeternae</strong></span> <span class='ocrx_word' id='word_1_562' title='bbox 2826 3245 3291 3303; x_wconf 90' lang='lat' dir='ltr'><strong>remunerationis</strong></span> <span class='ocrx_word' id='word_1_563' title='bbox 3312 3243 3588 3318; x_wconf 87' lang='lat' dir='ltr'><strong>apparuit,</strong></span> <span class='ocrx_word' id='word_1_564' title='bbox 3611 3243 3687 3300; x_wconf 81' lang='lat' dir='ltr'><strong>ita</strong></span> <span class='ocrx_word' id='word_1_565' title='bbox 3704 3243 3794 3299; x_wconf 85' lang='lat' dir='ltr'><strong>his</strong></span> 
     </span>
    </p>
   </div>
   <div class='ocr_carea' id='block_1_81' title="bbox 2196 3333 3787 3408">
    <p class='ocr_par' dir='ltr' id='par_1_81' title="bbox 2196 3333 3787 3408">
     <span class='ocr_line' id='line_1_81' title="bbox 2196 3333 3787 3408; baseline -0.002 -15"><span class='ocrx_word' id='word_1_566' title='bbox 2196 3336 2544 3394; x_wconf 90' lang='lat' dir='ltr'><strong>imitantibus</strong></span> <span class='ocrx_word' id='word_1_567' title='bbox 2591 3343 2794 3393; x_wconf 76' lang='lat' dir='ltr'><strong>aeterna</strong></span> <span class='ocrx_word' id='word_1_568' title='bbox 2827 3335 3105 3392; x_wconf 90' lang='lat' dir='ltr'><strong>credimus</strong></span> <span class='ocrx_word' id='word_1_569' title='bbox 3140 3333 3336 3408; x_wconf 86' lang='lat' dir='ltr'><strong>gaudia</strong></span> <span class='ocrx_word' id='word_1_570' title='bbox 3375 3350 3486 3390; x_wconf 92' lang='lat' dir='ltr'><strong>non</strong></span> <span class='ocrx_word' id='word_1_571' title='bbox 3517 3333 3787 3406; x_wconf 83' lang='lat' dir='ltr'><strong>neganda.</strong></span> 
     </span>
    </p>
   </div>
   <div class='ocr_carea' id='block_1_82' title="bbox 2751 3471 3221 3529">
    <p class='ocr_par' dir='ltr' id='par_1_82' title="bbox 2751 3471 3221 3529">
     <span class='ocr_line' id='line_1_82' title="bbox 2751 3471 3221 3529; baseline -0.006 0"><span class='ocrx_word' id='word_1_572' title='bbox 2751 3472 2985 3529; x_wconf 85' lang='lat' dir='ltr'><strong>SERMO</strong></span> <span class='ocrx_word' id='word_1_573' title='bbox 3017 3471 3221 3527; x_wconf 82' lang='lat' dir='ltr'><strong>XLIX.</strong></span> 
     </span>
    </p>
   </div>
   <div class='ocr_carea' id='block_1_83' title="bbox 2291 3556 3692 3629">
    <p class='ocr_par' dir='ltr' id='par_1_83' title="bbox 2291 3556 3692 3629">
     <span class='ocr_line' id='line_1_83' title="bbox 2291 3556 3692 3629; baseline -0.004 -10"><span class='ocrx_word' id='word_1_574' title='bbox 2291 3564 2353 3619; x_wconf 93' lang='lat' dir='ltr'><strong>In</strong></span> <span class='ocrx_word' id='word_1_575' title='bbox 2377 3561 2557 3618; x_wconf 91' lang='lat' dir='ltr'><strong>Natali</strong></span> <span class='ocrx_word' id='word_1_576' title='bbox 2585 3561 2679 3619; x_wconf 93' lang='lat' dir='ltr'><strong>SS.</strong></span> <span class='ocrx_word' id='word_1_577' title='bbox 2713 3560 2918 3629; x_wconf 91' lang='lat' dir='ltr'><strong>Cantii,</strong></span> <span class='ocrx_word' id='word_1_578' title='bbox 2950 3559 3205 3617; x_wconf 90' lang='lat' dir='ltr'><strong>Cantiani</strong></span> <span class='ocrx_word' id='word_1_579' title='bbox 3236 3567 3291 3615; x_wconf 94' lang='lat' dir='ltr'><strong>et</strong></span> <span class='ocrx_word' id='word_1_580' title='bbox 3321 3556 3692 3616; x_wconf 65' lang='lat' dir='ltr'><strong>Cantianillze.</strong></span> 
     </span>
    </p>
   </div>
   <div class='ocr_carea' id='block_1_84' title="bbox 2194 3664 3788 3739">
    <p class='ocr_par' dir='ltr' id='par_1_84' title="bbox 2194 3664 3788 3739">
     <span class='ocr_line' id='line_1_84' title="bbox 2194 3664 3788 3739; baseline -0.003 -16"><span class='ocrx_word' id='word_1_581' title='bbox 2194 3671 2516 3739; x_wconf 79' lang='lat' dir='ltr'><strong>Martyrum,</strong></span> <span class='ocrx_word' id='word_1_582' title='bbox 2556 3668 2613 3722; x_wconf 81' lang='lat' dir='ltr'><strong>in</strong></span> <span class='ocrx_word' id='word_1_583' title='bbox 2639 3684 2867 3738; x_wconf 84' lang='lat' dir='ltr'><strong>quorum</strong></span> <span class='ocrx_word' id='word_1_584' title='bbox 2894 3667 3102 3722; x_wconf 75' lang='lat' dir='ltr'><strong>tandem</strong></span> <span class='ocrx_word' id='word_1_585' title='bbox 3149 3665 3358 3720; x_wconf 80' lang='lat' dir='ltr'><strong>habitus</strong></span> <span class='ocrx_word' id='word_1_586' title='bbox 3390 3671 3464 3719; x_wconf 84' lang='lat' dir='ltr'><strong>est</strong></span> <span class='ocrx_word' id='word_1_587' title='bbox 3505 3664 3589 3719; x_wconf 81' lang='lat' dir='ltr'><strong>hic</strong></span> <span class='ocrx_word' id='word_1_588' title='bbox 3617 3679 3788 3739; x_wconf 74' lang='lat' dir='ltr'><strong>sermo</strong></span> 
     </span>
    </p>
   </div>
   <div class='ocr_carea' id='block_1_85' title="bbox 2265 3735 3786 3811">
    <p class='ocr_par' dir='ltr' id='par_1_85' title="bbox 2265 3735 3786 3811">
     <span class='ocr_line' id='line_1_85' title="bbox 2265 3735 3786 3811; baseline -0.005 -15"><span class='ocrx_word' id='word_1_589' title='bbox 2265 3735 2454 3811; x_wconf 78' lang='lat' dir='ltr'><strong>festum</strong></span> <span class='ocrx_word' id='word_1_590' title='bbox 2491 3735 2527 3796; x_wconf 89' lang='lat' dir='ltr'><strong>v</strong></span> <span class='ocrx_word' id='word_1_591' title='bbox 2574 3735 2752 3798; x_wconf 63' lang='lat' dir='ltr'><strong>Nonas</strong></span> <span class='ocrx_word' id='word_1_592' title='bbox 2785 3739 3012 3811; x_wconf 67' lang='lat' dir='ltr'><strong>Apriles</strong></span> <span class='ocrx_word' id='word_1_593' title='bbox 3042 3739 3098 3791; x_wconf 74' lang='lat' dir='ltr'><strong>in</strong></span> <span class='ocrx_word' id='word_1_594' title='bbox 3139 3739 3374 3811; x_wconf 66' lang='lat' dir='ltr'><strong>Romano</strong></span> <span class='ocrx_word' id='word_1_595' title='bbox 3395 3735 3786 3811; x_wconf 61' lang='lat' dir='ltr'><strong>piartyrologio</strong></span> 
     </span>
    </p>
   </div>
   <div class='ocr_carea' id='block_1_86' title="bbox 2264 3806 3784 3880">
    <p class='ocr_par' dir='ltr' id='par_1_86' title="bbox 2264 3806 3784 3880">
     <span class='ocr_line' id='line_1_86' title="bbox 2264 3806 3784 3880; baseline -0.005 -12"><span class='ocrx_word' id='word_1_596' title='bbox 2264 3806 2644 3868; x_wconf 69' lang='lat' dir='ltr'><strong>renuntiatur:</strong></span> <span class='ocrx_word' id='word_1_597' title='bbox 2695 3811 2767 3866; x_wconf 88' lang='lat' dir='ltr'><strong>ad</strong></span> <span class='ocrx_word' id='word_1_598' title='bbox 2813 3806 2965 3880; x_wconf 74' lang='lat' dir='ltr'><strong>quem</strong></span> <span class='ocrx_word' id='word_1_599' title='bbox 2997 3810 3162 3865; x_wconf 81' lang='lat' dir='ltr'><strong>locum</strong></span> <span class='ocrx_word' id='word_1_600' title='bbox 3197 3808 3345 3863; x_wconf 83' lang='lat' dir='ltr'><strong>card.</strong></span> <span class='ocrx_word' id='word_1_601' title='bbox 3384 3807 3657 3863; x_wconf 80' lang='lat' dir='ltr'><strong>Barom&#39;us</strong></span> <span class='ocrx_word' id='word_1_602' title='bbox 3681 3806 3784 3880; x_wconf 83' lang='lat' dir='ltr'><strong>ob-</strong></span> 
     </span>
    </p>
   </div>
   <div class='ocr_carea' id='block_1_87' title="bbox 2264 3877 3785 3951">
    <p class='ocr_par' dir='ltr' id='par_1_87' title="bbox 2264 3877 3785 3951">
     <span class='ocr_line' id='line_1_87' title="bbox 2264 3877 3785 3951; baseline -0.005 -12"><span class='ocrx_word' id='word_1_603' title='bbox 2264 3891 2441 3939; x_wconf 81' lang='lat' dir='ltr'><strong>servat</strong></span> <span class='ocrx_word' id='word_1_604' title='bbox 2487 3885 2544 3938; x_wconf 76' lang='lat' dir='ltr'><strong>in</strong></span> <span class='ocrx_word' id='word_1_605' title='bbox 2590 3882 2739 3939; x_wconf 78' lang='lat' dir='ltr'><strong>Notis</strong></span> <span class='ocrx_word' id='word_1_606' title='bbox 2797 3877 2908 3936; x_wconf 69' lang='lat' dir='ltr'><strong>suis</strong></span> <span class='ocrx_word' id='word_1_607' title='bbox 2937 3883 3072 3936; x_wconf 85' lang='lat' dir='ltr'><strong>hunc</strong></span> <span class='ocrx_word' id='word_1_608' title='bbox 3116 3881 3290 3951; x_wconf 78' lang='lat' dir='ltr'><strong>ipsum</strong></span> <span class='ocrx_word' id='word_1_609' title='bbox 3335 3895 3624 3951; x_wconf 78' lang='lat' dir='ltr'><strong>sermonem</strong></span> <span class='ocrx_word' id='word_1_610' title='bbox 3662 3877 3785 3951; x_wconf 66' lang='lat' dir='ltr'><strong>Amo</strong></span> 
     </span>
    </p>
   </div>
   <div class='ocr_carea' id='block_1_88' title="bbox 2265 3948 3785 4025">
    <p class='ocr_par' dir='ltr' id='par_1_88' title="bbox 2265 3948 3785 4025">
     <span class='ocr_line' id='line_1_88' title="bbox 2265 3948 3785 4025; baseline -0.005 -15"><span class='ocrx_word' id='word_1_611' title='bbox 2265 3956 2439 4010; x_wconf 77' lang='lat' dir='ltr'><strong>brosio</strong></span> <span class='ocrx_word' id='word_1_612' title='bbox 2515 3970 2795 4025; x_wconf 80' lang='lat' dir='ltr'><strong>perperam</strong></span> <span class='ocrx_word' id='word_1_613' title='bbox 2859 3948 3192 4019; x_wconf 74' lang='lat' dir='ltr'><strong>attributum,</strong></span> <span class='ocrx_word' id='word_1_614' title='bbox 3251 3967 3364 4025; x_wconf 73' lang='lat' dir='ltr'><strong>cum</strong></span> <span class='ocrx_word' id='word_1_615' title='bbox 3417 3949 3486 4004; x_wconf 74' lang='lat' dir='ltr'><strong>sit</strong></span> 
     </span>
    </p>
   </div>
   <div class='ocr_carea' id='block_1_89' title="bbox 2263 4020 3787 4096">
    <p class='ocr_par' dir='ltr' id='par_1_89' title="bbox 2263 4020 3787 4096">
     <span class='ocr_line' id='line_1_89' title="bbox 2263 4020 3787 4096; baseline -0.006 -14"><span class='ocrx_word' id='word_1_616' title='bbox 2263 4028 2348 4082; x_wconf 82' lang='lat' dir='ltr'><strong>cui</strong></span> <span class='ocrx_word' id='word_1_617' title='bbox 2385 4020 2910 4096; x_wconf 49' lang='lat' dir='ltr'><strong>judicio-calculum</strong></span> <span class='ocrx_word' id='word_1_618' title='bbox 2973 4030 3212 4079; x_wconf 82' lang='lat' dir='ltr'><strong>nostrum</strong></span> <span class='ocrx_word' id='word_1_619' title='bbox 3272 4022 3497 4078; x_wconf 72' lang='lat' dir='ltr'><strong>labentes</strong></span> <span class='ocrx_word' id='word_1_620' title='bbox 3525 4020 3787 4092; x_wconf 84' lang='lat' dir='ltr'><strong>adjungi-</strong></span> 
     </span>
    </p>
   </div>
   <div class='ocr_carea' id='block_1_90' title="bbox 2261 4115 2398 4154">
    <p class='ocr_par' dir='ltr' id='par_1_90' title="bbox 2261 4115 2398 4154">
     <span class='ocr_line' id='line_1_90' title="bbox 2261 4115 2398 4154; baseline 0.015 -2"><span class='ocrx_word' id='word_1_621' title='bbox 2261 4115 2379 4154; x_wconf 80' lang='lat' dir='ltr'><strong>mus</strong></span> <span class='ocrx_word' id='word_1_622' title='bbox 2385 4141 2398 4154; x_wconf 87' lang='lat'><strong>.</strong></span> 
     </span>
    </p>
   </div>
   <div class='ocr_carea' id='block_1_91' title="bbox 2264 4219 3785 4292">
    <p class='ocr_par' dir='ltr' id='par_1_91' title="bbox 2264 4219 3785 4292">
     <span class='ocr_line' id='line_1_91' title="bbox 2264 4219 3785 4292; baseline -0.006 -10"><span class='ocrx_word' id='word_1_623' title='bbox 2264 4227 2313 4282; x_wconf 85' lang='lat' dir='ltr'><strong>I.</strong></span> <span class='ocrx_word' id='word_1_624' title='bbox 2347 4223 2523 4282; x_wconf 90' lang='lat' dir='ltr'><strong>Hodie</strong></span> <span class='ocrx_word' id='word_1_625' title='bbox 2563 4221 3007 4280; x_wconf 88' lang='lat' dir='ltr'><strong>beatissimorum</strong></span> <span class='ocrx_word' id='word_1_626' title='bbox 3050 4219 3232 4280; x_wconf 89' lang='lat' dir='ltr'><strong>Cantii</strong></span> <span class='ocrx_word' id='word_1_627' title='bbox 3267 4221 3410 4292; x_wconf 79' lang='lat'><strong>(.58),</strong></span> <span class='ocrx_word' id='word_1_628' title='bbox 3443 4219 3702 4278; x_wconf 89' lang='lat' dir='ltr'><strong>Cantiani</strong></span> <span class='ocrx_word' id='word_1_629' title='bbox 3731 4227 3785 4274; x_wconf 86' lang='lat' dir='ltr'><strong>et</strong></span> 
     </span>
    </p>
   </div>
   <div class='ocr_carea' id='block_1_92' title="bbox 2190 4307 3788 4380">
    <p class='ocr_par' dir='ltr' id='par_1_92' title="bbox 2190 4307 3788 4380">
     <span class='ocr_line' id='line_1_92' title="bbox 2190 4307 3788 4380; baseline -0.006 -8"><span class='ocrx_word' id='word_1_630' title='bbox 2190 4313 2535 4374; x_wconf 77' lang='lat' dir='ltr'><strong>Cautianillae</strong></span> <span class='ocrx_word' id='word_1_631' title='bbox 2566 4312 2763 4368; x_wconf 89' lang='lat' dir='ltr'><strong>natalis</strong></span> <span class='ocrx_word' id='word_1_632' title='bbox 2793 4319 2894 4368; x_wconf 90' lang='lat' dir='ltr'><strong>est.</strong></span> <span class='ocrx_word' id='word_1_633' title='bbox 2937 4311 3109 4380; x_wconf 89' lang='lat' dir='ltr'><strong>Quam</strong></span> <span class='ocrx_word' id='word_1_634' title='bbox 3143 4310 3280 4366; x_wconf 90' lang='lat' dir='ltr'><strong>bene</strong></span> <span class='ocrx_word' id='word_1_635' title='bbox 3325 4317 3377 4364; x_wconf 93' lang='lat' dir='ltr'><strong>et</strong></span> <span class='ocrx_word' id='word_1_636' title='bbox 3402 4307 3646 4380; x_wconf 89' lang='lat' dir='ltr'><strong>jucunde</strong></span> <span class='ocrx_word' id='word_1_637' title='bbox 3675 4314 3788 4363; x_wconf 84' lang='lat' dir='ltr'><strong>tres</strong></span> 
     </span>
    </p>
   </div>
   <div class='ocr_carea' id='block_1_93' title="bbox 2191 4397 3787 4476">
    <p class='ocr_par' dir='ltr' id='par_1_93' title="bbox 2191 4397 3787 4476">
     <span class='ocr_line' id='line_1_93' title="bbox 2191 4397 3787 4476; baseline -0.004 -16"><span class='ocrx_word' id='word_1_638' title='bbox 2191 4412 2461 4476; x_wconf 90' lang='lat' dir='ltr'><strong>martyres</strong></span> <span class='ocrx_word' id='word_1_639' title='bbox 2515 4419 2627 4458; x_wconf 92' lang='lat' dir='ltr'><strong>uno</strong></span> <span class='ocrx_word' id='word_1_640' title='bbox 2683 4417 2820 4473; x_wconf 92' lang='lat' dir='ltr'><strong>pene</strong></span> <span class='ocrx_word' id='word_1_641' title='bbox 2857 4399 3128 4458; x_wconf 87' lang='lat' dir='ltr'><strong>vocabulo</strong></span> <span class='ocrx_word' id='word_1_642' title='bbox 3181 4399 3617 4472; x_wconf 86' lang='lat' dir='ltr'><strong>nuncupantur!</strong></span> <span class='ocrx_word' id='word_1_643' title='bbox 3675 4397 3787 4453; x_wconf 85' lang='lat' dir='ltr'><strong>Nec</strong></span> 
     </span>
    </p>
   </div>
   <div class='ocr_carea' id='block_1_94' title="bbox 2190 4486 3787 4562">
    <p class='ocr_par' dir='ltr' id='par_1_94' title="bbox 2190 4486 3787 4562">
     <span class='ocr_line' id='line_1_94' title="bbox 2190 4486 3787 4562; baseline -0.005 -14"><span class='ocrx_word' id='word_1_644' title='bbox 2190 4492 2390 4548; x_wconf 91' lang='lat' dir='ltr'><strong>mirum</strong></span> <span class='ocrx_word' id='word_1_645' title='bbox 2423 4491 2470 4548; x_wconf 92' lang='lat' dir='ltr'><strong>si</strong></span> <span class='ocrx_word' id='word_1_646' title='bbox 2501 4491 2711 4548; x_wconf 91' lang='lat' dir='ltr'><strong>similes</strong></span> <span class='ocrx_word' id='word_1_647' title='bbox 2741 4498 2870 4547; x_wconf 91' lang='lat' dir='ltr'><strong>sunt</strong></span> <span class='ocrx_word' id='word_1_648' title='bbox 2900 4490 3123 4546; x_wconf 91' lang='lat' dir='ltr'><strong>nomine</strong></span> <span class='ocrx_word' id='word_1_649' title='bbox 3150 4488 3243 4562; x_wconf 94' lang='lat' dir='ltr'><strong>qui</strong></span> <span class='ocrx_word' id='word_1_650' title='bbox 3265 4495 3395 4544; x_wconf 90' lang='lat' dir='ltr'><strong>sunt</strong></span> <span class='ocrx_word' id='word_1_651' title='bbox 3426 4486 3636 4543; x_wconf 89' lang='lat' dir='ltr'><strong>similes</strong></span> <span class='ocrx_word' id='word_1_652' title='bbox 3666 4502 3787 4558; x_wconf 61' lang='lat' dir='ltr'><strong>pas-</strong></span> 
     </span>
    </p>
   </div>
   <div class='ocr_carea' id='block_1_95' title="bbox 484 4544 2081 4652">
    <p class='ocr_par' dir='ltr' id='par_1_95' title="bbox 484 4567 2073 4641">
     <span class='ocr_line' id='line_1_95' title="bbox 484 4567 2073 4641; baseline 0 -17"><span class='ocrx_word' id='word_1_653' title='bbox 484 4575 574 4624; x_wconf 89' lang='lat' dir='ltr'><strong>tus</strong></span> <span class='ocrx_word' id='word_1_654' title='bbox 603 4567 661 4624; x_wconf 92' lang='lat' dir='ltr'><strong>in</strong></span> <span class='ocrx_word' id='word_1_655' title='bbox 687 4569 922 4626; x_wconf 89' lang='lat' dir='ltr'><strong>luctum.</strong></span> <span class='ocrx_word' id='word_1_656' title='bbox 971 4569 1106 4624; x_wconf 89' lang='lat' dir='ltr'><strong>Nam</strong></span> <span class='ocrx_word' id='word_1_657' title='bbox 1157 4569 1250 4641; x_wconf 92' lang='lat' dir='ltr'><strong>qui</strong></span> <span class='ocrx_word' id='word_1_658' title='bbox 1302 4569 1543 4626; x_wconf 92' lang='lat' dir='ltr'><strong>incestus</strong></span> <span class='ocrx_word' id='word_1_659' title='bbox 1593 4567 1771 4624; x_wconf 90' lang='lat' dir='ltr'><strong>fuerat</strong></span> <span class='ocrx_word' id='word_1_660' title='bbox 1803 4575 2073 4639; x_wconf 91' lang='lat' dir='ltr'><strong>mortuus,</strong></span> 
     </span>
    </p>
   </div>
   <div class='ocr_carea' id='block_1_96' title="bbox 2205 4544 3786 4652">
    <p class='ocr_par' dir='ltr' id='par_1_96' title="bbox 2205 4544 3786 4652">
     <span class='ocr_line' id='line_1_96' title="bbox 2205 4544 3786 4652; baseline -0.006 -14"><span class='ocrx_word' id='word_1_661' title='bbox 2841 4544 2984 4652; x_wconf 79' lang='lat' dir='ltr'><strong>apud</strong></span> <span class='ocrx_word' id='word_1_662' title='bbox 2999 4544 3258 4634; x_wconf 71' lang='lat' dir='ltr'><strong>homines</strong></span> <span class='ocrx_word' id='word_1_663' title='bbox 3273 4576 3568 4650; x_wconf 88' lang='lat' dir='ltr'><strong>appellatio</strong></span> <span class='ocrx_word' id='word_1_664' title='bbox 3583 4544 3786 4648; x_wconf 73' lang='lat' dir='ltr'><strong>quibus</strong></span> 
     </span>
    </p>
   </div>
   <div class='ocr_carea' id='block_1_97' title="bbox 481 4654 2074 4728">
    <p class='ocr_par' dir='ltr' id='par_1_97' title="bbox 481 4654 2074 4728">
     <span class='ocr_line' id='line_1_97' title="bbox 481 4654 2074 4728; baseline -0.001 -14"><span class='ocrx_word' id='word_1_665' title='bbox 481 4663 664 4714; x_wconf 76' lang='lat' dir='ltr'><strong>castus</strong></span> <span class='ocrx_word' id='word_1_666' title='bbox 689 4661 837 4720; x_wconf 70' lang='lat'><strong>458</strong></span> <span class='ocrx_word' id='word_1_667' title='bbox 862 4654 1148 4728; x_wconf 89' lang='lat' dir='ltr'><strong>exsurgit;</strong></span> <span class='ocrx_word' id='word_1_668' title='bbox 1179 4665 1234 4712; x_wconf 93' lang='lat' dir='ltr'><strong>et</strong></span> <span class='ocrx_word' id='word_1_669' title='bbox 1283 4655 1347 4712; x_wconf 90' lang='lat' dir='ltr'><strong>ﬁt</strong></span> <span class='ocrx_word' id='word_1_670' title='bbox 1387 4657 1715 4728; x_wconf 69' lang='lat' dir='ltr'><strong>praedicator</strong></span> <span class='ocrx_word' id='word_1_671' title='bbox 1740 4657 2074 4726; x_wconf 88' lang='lat' dir='ltr'><strong>castimonii,</strong></span> 
     </span>
    </p>
   </div>
   <div class='ocr_carea' id='block_1_98' title="bbox 481 4752 1559 4826">
    <p class='ocr_par' dir='ltr' id='par_1_98' title="bbox 481 4752 1559 4826">
     <span class='ocr_line' id='line_1_98' title="bbox 481 4752 1559 4826; baseline 0.003 -19"><span class='ocrx_word' id='word_1_672' title='bbox 481 4752 577 4826; x_wconf 89' lang='lat' dir='ltr'><strong>qui</strong></span> <span class='ocrx_word' id='word_1_673' title='bbox 603 4762 922 4825; x_wconf 87' lang='lat' dir='ltr'><strong>persecutor</strong></span> <span class='ocrx_word' id='word_1_674' title='bbox 946 4754 1236 4812; x_wconf 89' lang='lat' dir='ltr'><strong>exstiterat</strong></span> <span class='ocrx_word' id='word_1_675' title='bbox 1271 4753 1559 4810; x_wconf 90' lang='lat' dir='ltr'><strong>castitatis.</strong></span> 
     </span>
    </p>
   </div>
   <div class='ocr_carea' id='block_1_99' title="bbox 552 4841 2077 4917">
    <p class='ocr_par' dir='ltr' id='par_1_99' title="bbox 552 4841 2077 4917">
     <span class='ocr_line' id='line_1_99' title="bbox 552 4841 2077 4917; baseline 0.001 -19"><span class='ocrx_word' id='word_1_676' title='bbox 552 4841 605 4897; x_wconf 91' lang='lat'><strong>9.</strong></span> <span class='ocrx_word' id='word_1_677' title='bbox 652 4843 739 4899; x_wconf 88' lang='lat' dir='ltr'><strong>Ad</strong></span> <span class='ocrx_word' id='word_1_678' title='bbox 797 4842 916 4899; x_wconf 70' lang='lat' dir='ltr'><strong>haec</strong></span> <span class='ocrx_word' id='word_1_679' title='bbox 955 4842 1205 4916; x_wconf 88' lang='lat' dir='ltr'><strong>sacrilegi</strong></span> <span class='ocrx_word' id='word_1_680' title='bbox 1235 4843 1636 4900; x_wconf 86' lang='lat' dir='ltr'><strong>conturbantur</strong></span> <span class='ocrx_word' id='word_1_681' title='bbox 1665 4842 1721 4898; x_wconf 92' lang='lat' dir='ltr'><strong>in</strong></span> <span class='ocrx_word' id='word_1_682' title='bbox 1749 4843 1991 4917; x_wconf 91' lang='lat' dir='ltr'><strong>templis,</strong></span> <span class='ocrx_word' id='word_1_683' title='bbox 2023 4852 2077 4900; x_wconf 92' lang='lat' dir='ltr'><strong>et</strong></span> 
     </span>
    </p>
   </div>
   <div class='ocr_carea' id='block_1_100' title="bbox 479 4931 2073 5002">
    <p class='ocr_par' dir='ltr' id='par_1_100' title="bbox 479 4931 2073 5002">
     <span class='ocr_line' id='line_1_100' title="bbox 479 4931 2073 5002; baseline -0.001 -11"><span class='ocrx_word' id='word_1_684' title='bbox 479 4931 766 4991; x_wconf 89' lang='lat' dir='ltr'><strong>Christum</strong></span> <span class='ocrx_word' id='word_1_685' title='bbox 797 4932 902 4992; x_wconf 89' lang='lat' dir='ltr'><strong>ista</strong></span> <span class='ocrx_word' id='word_1_686' title='bbox 931 4933 1195 4989; x_wconf 90' lang='lat' dir='ltr'><strong>miracula</strong></span> <span class='ocrx_word' id='word_1_687' title='bbox 1214 4933 1504 4991; x_wconf 88' lang='lat' dir='ltr'><strong>facientem</strong></span> <span class='ocrx_word' id='word_1_688' title='bbox 1538 4950 1648 4990; x_wconf 91' lang='lat' dir='ltr'><strong>non</strong></span> <span class='ocrx_word' id='word_1_689' title='bbox 1677 4934 1950 5002; x_wconf 85' lang='lat' dir='ltr'><strong>timentes,</strong></span> <span class='ocrx_word' id='word_1_690' title='bbox 1982 4949 2073 4989; x_wconf 87' lang='lat' dir='ltr'><strong>ex-</strong></span> 
     </span>
    </p>
   </div>
   <div class='ocr_carea' id='block_1_101' title="bbox 475 5020 2072 5096">
    <p class='ocr_par' dir='ltr' id='par_1_101' title="bbox 475 5020 2072 5096">
     <span class='ocr_line' id='line_1_101' title="bbox 475 5020 2072 5096; baseline 0.001 -17"><span class='ocrx_word' id='word_1_691' title='bbox 475 5020 651 5079; x_wconf 88' lang='lat' dir='ltr'><strong>citant</strong></span> <span class='ocrx_word' id='word_1_692' title='bbox 676 5022 1004 5081; x_wconf 88' lang='lat' dir='ltr'><strong>seditionem</strong></span> <span class='ocrx_word' id='word_1_693' title='bbox 1035 5022 1295 5095; x_wconf 89' lang='lat' dir='ltr'><strong>ignobilis</strong></span> <span class='ocrx_word' id='word_1_694' title='bbox 1321 5022 1472 5096; x_wconf 91' lang='lat' dir='ltr'><strong>vulgi</strong></span> <span class='ocrx_word' id='word_1_695' title='bbox 1498 5041 1512 5090; x_wconf 90' lang='lat'><strong>;</strong></span> <span class='ocrx_word' id='word_1_696' title='bbox 1546 5032 1606 5079; x_wconf 92' lang='lat' dir='ltr'><strong>ut</strong></span> <span class='ocrx_word' id='word_1_697' title='bbox 1634 5025 1774 5080; x_wconf 93' lang='lat' dir='ltr'><strong>ratio</strong></span> <span class='ocrx_word' id='word_1_698' title='bbox 1802 5040 1922 5096; x_wconf 81' lang='lat' dir='ltr'><strong>quae</strong></span> <span class='ocrx_word' id='word_1_699' title='bbox 1951 5039 2072 5080; x_wconf 50' lang='lat' dir='ltr'><strong>suav</strong></span> 
     </span>
    </p>
   </div>
   <div class='ocr_carea' id='block_1_102' title="bbox 476 5109 2073 5186">
    <p class='ocr_par' dir='ltr' id='par_1_102' title="bbox 476 5109 2073 5186">
     <span class='ocr_line' id='line_1_102' title="bbox 476 5109 2073 5186; baseline -0.001 -17"><span class='ocrx_word' id='word_1_700' title='bbox 476 5109 643 5170; x_wconf 89' lang='lat' dir='ltr'><strong>debat</strong></span> <span class='ocrx_word' id='word_1_701' title='bbox 668 5112 835 5170; x_wconf 87' lang='lat' dir='ltr'><strong>ﬁnem</strong></span> <span class='ocrx_word' id='word_1_702' title='bbox 867 5112 1220 5180; x_wconf 89' lang='lat' dir='ltr'><strong>seditionum,</strong></span> <span class='ocrx_word' id='word_1_703' title='bbox 1253 5112 1587 5168; x_wconf 88' lang='lat' dir='ltr'><strong>clamoribus</strong></span> <span class='ocrx_word' id='word_1_704' title='bbox 1601 5114 1778 5186; x_wconf 86' lang='lat' dir='ltr'><strong>pulsa,</strong></span> <span class='ocrx_word' id='word_1_705' title='bbox 1802 5113 1984 5170; x_wconf 91' lang='lat' dir='ltr'><strong>locum</strong></span> <span class='ocrx_word' id='word_1_706' title='bbox 2015 5112 2073 5169; x_wconf 92' lang='lat' dir='ltr'><strong>in</strong></span> 
     </span>
    </p>
   </div>
   <div class='ocr_carea' id='block_1_103' title="bbox 479 5199 2074 5273">
    <p class='ocr_par' dir='ltr' id='par_1_103' title="bbox 479 5199 2074 5273">
     <span class='ocr_line' id='line_1_103' title="bbox 479 5199 2074 5273; baseline -0.001 -15"><span class='ocrx_word' id='word_1_707' title='bbox 479 5201 758 5258; x_wconf 88' lang='lat' dir='ltr'><strong>mentibus</strong></span> <span class='ocrx_word' id='word_1_708' title='bbox 785 5200 1076 5259; x_wconf 88' lang='lat' dir='ltr'><strong>hominum</strong></span> <span class='ocrx_word' id='word_1_709' title='bbox 1109 5199 1358 5258; x_wconf 92' lang='lat' dir='ltr'><strong>invenire</strong></span> <span class='ocrx_word' id='word_1_710' title='bbox 1378 5216 1490 5257; x_wconf 93' lang='lat' dir='ltr'><strong>non</strong></span> <span class='ocrx_word' id='word_1_711' title='bbox 1512 5207 1717 5273; x_wconf 91' lang='lat' dir='ltr'><strong>posset.</strong></span> <span class='ocrx_word' id='word_1_712' title='bbox 1756 5199 1916 5255; x_wconf 90' lang='lat' dir='ltr'><strong>Pater</strong></span> <span class='ocrx_word' id='word_1_713' title='bbox 1940 5216 2074 5256; x_wconf 92' lang='lat' dir='ltr'><strong>vero</strong></span> 
     </span>
    </p>
   </div>
   <div class='ocr_carea' id='block_1_104' title="bbox 477 5287 2074 5363">
    <p class='ocr_par' dir='ltr' id='par_1_104' title="bbox 477 5287 2074 5363">
     <span class='ocr_line' id='line_1_104' title="bbox 477 5287 2074 5363; baseline -0.003 -13"><span class='ocrx_word' id='word_1_714' title='bbox 477 5289 728 5350; x_wconf 83' lang='lat' dir='ltr'><strong>suscitati</strong></span> <span class='ocrx_word' id='word_1_715' title='bbox 769 5289 873 5350; x_wconf 88' lang='lat' dir='ltr'><strong>ﬁlii</strong></span> <span class='ocrx_word' id='word_1_716' title='bbox 920 5289 1097 5349; x_wconf 87' lang='lat' dir='ltr'><strong>tristis</strong></span> <span class='ocrx_word' id='word_1_717' title='bbox 1151 5289 1414 5349; x_wconf 85' lang='lat' dir='ltr'><strong>abscessit</strong></span> <span class='ocrx_word' id='word_1_718' title='bbox 1440 5297 1514 5358; x_wconf 91' lang='lat' dir='ltr'><strong>et,</strong></span> <span class='ocrx_word' id='word_1_719' title='bbox 1545 5298 1609 5348; x_wconf 88' lang='lat' dir='ltr'><strong>ut</strong></span> <span class='ocrx_word' id='word_1_720' title='bbox 1637 5287 1857 5363; x_wconf 91' lang='lat' dir='ltr'><strong>legitur,</strong></span> <span class='ocrx_word' id='word_1_721' title='bbox 1895 5287 2074 5346; x_wconf 89' lang='lat' dir='ltr'><strong>turbis</strong></span> 
     </span>
    </p>
   </div>
   <div class='ocr_carea' id='block_1_105' title="bbox 540 5477 2065 5554">
    <p class='ocr_par' dir='ltr' id='par_1_105' title="bbox 540 5477 2065 5554">
     <span class='ocr_line' id='line_1_105' title="bbox 540 5477 2065 5554; baseline -0.001 -15"><span class='ocrx_word' id='word_1_722' title='bbox 540 5480 658 5554; x_wconf 82' lang='grc'>(56)</span> <span class='ocrx_word' id='word_1_723' title='bbox 693 5481 1010 5554; x_wconf 63' lang='lat' dir='ltr'><strong>sustinebat,</strong></span> <span class='ocrx_word' id='word_1_724' title='bbox 1041 5481 1099 5536; x_wconf 91' lang='lat' dir='ltr'><strong>id</strong></span> <span class='ocrx_word' id='word_1_725' title='bbox 1137 5486 1240 5546; x_wconf 88' lang='lat' dir='ltr'><strong>est,</strong></span> <span class='ocrx_word' id='word_1_726' title='bbox 1273 5477 1388 5535; x_wconf 86' lang='lat' dir='ltr'><strong>ﬁxo</strong></span> <span class='ocrx_word' id='word_1_727' title='bbox 1435 5478 1667 5552; x_wconf 89' lang='lat' dir='ltr'><strong>vestigio</strong></span> <span class='ocrx_word' id='word_1_728' title='bbox 1703 5478 1980 5549; x_wconf 87' lang='lat' dir='ltr'><strong>manebat,</strong></span> <span class='ocrx_word' id='word_1_729' title='bbox 2010 5490 2065 5539; x_wconf 87' lang='lat' dir='ltr'><strong>et</strong></span> 
     </span>
    </p>
   </div>
   <div class='ocr_carea' id='block_1_106' title="bbox 467 5552 2065 5705">
    <p class='ocr_par' dir='ltr' id='par_1_106' title="bbox 467 5552 2065 5705">
     <span class='ocr_line' id='line_1_106' title="bbox 467 5552 843 5609; baseline 0.008 -3"><span class='ocrx_word' id='word_1_730' title='bbox 467 5565 566 5606; x_wconf 88' lang='lat' dir='ltr'><strong>exs</strong></span> <span class='ocrx_word' id='word_1_731' title='bbox 603 5552 843 5609; x_wconf 77' lang='lat' dir='ltr'><strong>eetabat.</strong></span> 
     </span>
     <span class='ocr_line' id='line_1_107' title="bbox 510 5569 2065 5705; baseline 0.002 -28"><span class='ocrx_word' id='word_1_732' title='bbox 510 5569 664 5703; x_wconf 41' lang='grc'>,(57)</span> <span class='ocrx_word' id='word_1_733' title='bbox 701 5625 914 5705; x_wconf 74' lang='lat' dir='ltr'><strong>Desunt</strong></span> <span class='ocrx_word' id='word_1_734' title='bbox 963 5623 1021 5678; x_wconf 90' lang='lat' dir='ltr'><strong>in</strong></span> <span class='ocrx_word' id='word_1_735' title='bbox 1056 5619 1180 5681; x_wconf 85' lang='lat' dir='ltr'><strong>cod.</strong></span> <span class='ocrx_word' id='word_1_736' title='bbox 1213 5620 1455 5697; x_wconf 83' lang='lat' dir='ltr'><strong>Remig.,</strong></span> <span class='ocrx_word' id='word_1_737' title='bbox 1495 5629 1543 5682; x_wconf 87' lang='lat' dir='ltr'><strong>et</strong></span> <span class='ocrx_word' id='word_1_738' title='bbox 1579 5630 1652 5682; x_wconf 88' lang='lat' dir='ltr'><strong>tot</strong></span> <span class='ocrx_word' id='word_1_739' title='bbox 1686 5624 1818 5699; x_wconf 81' lang='lat' dir='ltr'><strong>facti</strong></span> <span class='ocrx_word' id='word_1_740' title='bbox 1853 5629 2065 5693; x_wconf 59' lang='grc' dir='ltr'><strong>κωπίω,</strong></span> 
     </span>
    </p>
   </div>
   <div class='ocr_carea' id='block_1_107' title="bbox 467 5708 989 5763">
    <p class='ocr_par' dir='ltr' id='par_1_107' title="bbox 467 5708 989 5763">
     <span class='ocr_line' id='line_1_108' title="bbox 467 5708 989 5763; baseline 0.011 -18"><span class='ocrx_word' id='word_1_741' title='bbox 467 5708 690 5763; x_wconf 62' lang='lat' dir='ltr'><strong>virginis</strong></span> <span class='ocrx_word' id='word_1_742' title='bbox 714 5711 989 5751; x_wconf 63' lang='lat' dir='ltr'><strong>invenisse.</strong></span> 
     </span>
    </p>
   </div>
   <div class='ocr_carea' id='block_1_108' title="bbox 2186 4663 3785 4744">
    <p class='ocr_par' dir='ltr' id='par_1_108' title="bbox 2186 4663 3785 4744">
     <span class='ocr_line' id='line_1_109' title="bbox 2186 4663 3785 4744; baseline -0.005 -17"><span class='ocrx_word' id='word_1_743' title='bbox 2186 4672 2332 4744; x_wconf 90' lang='lat' dir='ltr'><strong>apud</strong></span> <span class='ocrx_word' id='word_1_744' title='bbox 2358 4672 2533 4726; x_wconf 90' lang='lat' dir='ltr'><strong>Deum</strong></span> <span class='ocrx_word' id='word_1_745' title='bbox 2565 4677 2644 4725; x_wconf 92' lang='lat' dir='ltr'><strong>est</strong></span> <span class='ocrx_word' id='word_1_746' title='bbox 2665 4685 2775 4725; x_wconf 86' lang='lat' dir='ltr'><strong>una</strong></span> <span class='ocrx_word' id='word_1_747' title='bbox 2802 4669 3018 4726; x_wconf 88' lang='lat' dir='ltr'><strong>vocatio</strong></span> <span class='ocrx_word' id='word_1_748' title='bbox 3055 4670 3204 4741; x_wconf 80' lang='lat'><strong>(59);</strong></span> <span class='ocrx_word' id='word_1_749' title='bbox 3230 4667 3416 4723; x_wconf 91' lang='lat' dir='ltr'><strong>uniter</strong></span> <span class='ocrx_word' id='word_1_750' title='bbox 3430 4665 3579 4722; x_wconf 90' lang='lat' dir='ltr'><strong>enim</strong></span> <span class='ocrx_word' id='word_1_751' title='bbox 3602 4663 3785 4721; x_wconf 86' lang='lat' dir='ltr'><strong>vocati</strong></span> 
     </span>
    </p>
   </div>
   <div class='ocr_carea' id='block_1_109' title="bbox 2184 4754 3783 4832">
    <p class='ocr_par' dir='ltr' id='par_1_109' title="bbox 2184 4754 3783 4832">
     <span class='ocr_line' id='line_1_110' title="bbox 2184 4754 3783 4832; baseline -0.006 -14"><span class='ocrx_word' id='word_1_752' title='bbox 2184 4769 2313 4818; x_wconf 90' lang='lat' dir='ltr'><strong>sunt</strong></span> <span class='ocrx_word' id='word_1_753' title='bbox 2335 4777 2366 4815; x_wconf 90' lang='lat' dir='ltr'><strong>a</strong></span> <span class='ocrx_word' id='word_1_754' title='bbox 2391 4759 2648 4830; x_wconf 91' lang='lat' dir='ltr'><strong>Domino,</strong></span> <span class='ocrx_word' id='word_1_755' title='bbox 2681 4776 2791 4814; x_wconf 89' lang='lat' dir='ltr'><strong>non</strong></span> <span class='ocrx_word' id='word_1_756' title='bbox 2825 4759 3148 4832; x_wconf 87' lang='lat' dir='ltr'><strong>interposito</strong></span> <span class='ocrx_word' id='word_1_757' title='bbox 3171 4766 3415 4830; x_wconf 86' lang='lat' dir='ltr'><strong>tempore</strong></span> <span class='ocrx_word' id='word_1_758' title='bbox 3437 4757 3596 4812; x_wconf 87' lang='lat' dir='ltr'><strong>aliter</strong></span> <span class='ocrx_word' id='word_1_759' title='bbox 3610 4762 3664 4810; x_wconf 86' lang='lat' dir='ltr'><strong>et</strong></span> <span class='ocrx_word' id='word_1_760' title='bbox 3685 4754 3783 4810; x_wconf 85' lang='lat' dir='ltr'><strong>ali-</strong></span> 
     </span>
    </p>
   </div>
   <div class='ocr_carea' id='block_1_110' title="bbox 2186 4843 3778 4922">
    <p class='ocr_par' dir='ltr' id='par_1_110' title="bbox 2186 4843 3778 4922">
     <span class='ocr_line' id='line_1_111' title="bbox 2186 4843 3778 4922; baseline -0.006 -16"><span class='ocrx_word' id='word_1_761' title='bbox 2186 4859 2267 4906; x_wconf 92' lang='lat' dir='ltr'><strong>ter</strong></span> <span class='ocrx_word' id='word_1_762' title='bbox 2294 4849 2457 4922; x_wconf 90' lang='lat' dir='ltr'><strong>passi,</strong></span> <span class='ocrx_word' id='word_1_763' title='bbox 2489 4848 2585 4906; x_wconf 91' lang='lat' dir='ltr'><strong>sed</strong></span> <span class='ocrx_word' id='word_1_764' title='bbox 2614 4865 2804 4905; x_wconf 92' lang='lat' dir='ltr'><strong>omnes</strong></span> <span class='ocrx_word' id='word_1_765' title='bbox 2833 4849 3030 4906; x_wconf 91' lang='lat' dir='ltr'><strong>eodem</strong></span> <span class='ocrx_word' id='word_1_766' title='bbox 3063 4848 3178 4905; x_wconf 89' lang='lat' dir='ltr'><strong>ictu</strong></span> <span class='ocrx_word' id='word_1_767' title='bbox 3209 4846 3414 4919; x_wconf 91' lang='lat' dir='ltr'><strong>pariter</strong></span> <span class='ocrx_word' id='word_1_768' title='bbox 3443 4843 3778 4916; x_wconf 88' lang='lat' dir='ltr'><strong>martyrium</strong></span> 
     </span>
    </p>
   </div>
   <div class='ocr_carea' id='block_1_111' title="bbox 2185 4933 3783 5012">
    <p class='ocr_par' dir='ltr' id='par_1_111' title="bbox 2185 4933 3783 5012">
     <span class='ocr_line' id='line_1_112' title="bbox 2185 4933 3783 5012; baseline -0.005 -16"><span class='ocrx_word' id='word_1_769' title='bbox 2185 4940 2549 5012; x_wconf 89' lang='lat' dir='ltr'><strong>pertulerunt.</strong></span> <span class='ocrx_word' id='word_1_770' title='bbox 2587 4938 2746 5006; x_wconf 88' lang='lat' dir='ltr'><strong>Quod</strong></span> <span class='ocrx_word' id='word_1_771' title='bbox 2775 4937 2996 5011; x_wconf 90' lang='lat' dir='ltr'><strong>quidem</strong></span> <span class='ocrx_word' id='word_1_772' title='bbox 3026 4938 3140 4993; x_wconf 90' lang='lat' dir='ltr'><strong>illis</strong></span> <span class='ocrx_word' id='word_1_773' title='bbox 3170 4935 3454 5009; x_wconf 88' lang='lat' dir='ltr'><strong>parentiva</strong></span> <span class='ocrx_word' id='word_1_774' title='bbox 3484 4933 3718 5006; x_wconf 89' lang='lat' dir='ltr'><strong>quadam</strong></span> <span class='ocrx_word' id='word_1_775' title='bbox 3748 4950 3783 4989; x_wconf 83' lang='lat' dir='ltr'><strong>a</strong></span> 
     </span>
    </p>
   </div>
   <div class='ocr_carea' id='block_1_112' title="bbox 2185 5025 3780 5095">
    <p class='ocr_par' dir='ltr' id='par_1_112' title="bbox 2185 5025 3780 5095">
     <span class='ocr_line' id='line_1_113' title="bbox 2185 5025 3780 5095; baseline -0.006 -11"><span class='ocrx_word' id='word_1_776' title='bbox 2185 5026 2405 5084; x_wconf 86' lang='lat' dir='ltr'><strong>Christo</strong></span> <span class='ocrx_word' id='word_1_777' title='bbox 2442 5025 2730 5083; x_wconf 76' lang='lat' dir='ltr'><strong>affectione</strong></span> <span class='ocrx_word' id='word_1_778' title='bbox 2778 5043 3096 5083; x_wconf 89' lang='lat' dir='ltr'><strong>concessum</strong></span> <span class='ocrx_word' id='word_1_779' title='bbox 3130 5036 3248 5092; x_wconf 90' lang='lat' dir='ltr'><strong>est;</strong></span> <span class='ocrx_word' id='word_1_780' title='bbox 3303 5032 3366 5080; x_wconf 89' lang='lat' dir='ltr'><strong>ut</strong></span> <span class='ocrx_word' id='word_1_781' title='bbox 3413 5029 3780 5095; x_wconf 88' lang='lat' dir='ltr'><strong>congruerent</strong></span> 
     </span>
    </p>
   </div>
   <div class='ocr_carea' id='block_1_113' title="bbox 2185 5113 3779 5188">
    <p class='ocr_par' dir='ltr' id='par_1_113' title="bbox 2185 5113 3779 5188">
     <span class='ocr_line' id='line_1_114' title="bbox 2185 5113 3779 5188; baseline -0.004 -17"><span class='ocrx_word' id='word_1_782' title='bbox 2185 5115 2417 5183; x_wconf 90' lang='lat' dir='ltr'><strong>meritis,</strong></span> <span class='ocrx_word' id='word_1_783' title='bbox 2456 5114 2547 5188; x_wconf 93' lang='lat' dir='ltr'><strong>qui</strong></span> <span class='ocrx_word' id='word_1_784' title='bbox 2577 5113 2864 5172; x_wconf 79' lang='lat' dir='ltr'><strong>vocabulis</strong></span> <span class='ocrx_word' id='word_1_785' title='bbox 2899 5113 3306 5171; x_wconf 88' lang='lat' dir='ltr'><strong>concordabant</strong></span> <span class='ocrx_word' id='word_1_786' title='bbox 3339 5131 3349 5168; x_wconf 94' lang='lat'><strong>:</strong></span> <span class='ocrx_word' id='word_1_787' title='bbox 3384 5119 3438 5168; x_wconf 90' lang='lat' dir='ltr'><strong>et</strong></span> <span class='ocrx_word' id='word_1_788' title='bbox 3470 5113 3565 5186; x_wconf 91' lang='lat' dir='ltr'><strong>qui</strong></span> <span class='ocrx_word' id='word_1_789' title='bbox 3624 5116 3779 5166; x_wconf 87' lang='lat' dir='ltr'><strong>erant</strong></span> 
     </span>
    </p>
   </div>
   <div class='ocr_carea' id='block_1_114' title="bbox 2183 5201 3776 5277">
    <p class='ocr_par' dir='ltr' id='par_1_114' title="bbox 2183 5201 3776 5277">
     <span class='ocr_line' id='line_1_115' title="bbox 2183 5201 3776 5277; baseline -0.006 -13"><span class='ocrx_word' id='word_1_790' title='bbox 2183 5205 2659 5277; x_wconf 87' lang='lat' dir='ltr'><strong>consanguinitate</strong></span> <span class='ocrx_word' id='word_1_791' title='bbox 2714 5205 2928 5274; x_wconf 84' lang='lat' dir='ltr'><strong>fratres,</strong></span> <span class='ocrx_word' id='word_1_792' title='bbox 2991 5205 3185 5262; x_wconf 87' lang='lat' dir='ltr'><strong>ﬁerent</strong></span> <span class='ocrx_word' id='word_1_793' title='bbox 3262 5203 3428 5260; x_wconf 88' lang='lat' dir='ltr'><strong>etiam</strong></span> <span class='ocrx_word' id='word_1_794' title='bbox 3486 5201 3776 5258; x_wconf 86' lang='lat' dir='ltr'><strong>sanctitate</strong></span> 
     </span>
    </p>
   </div>
   <div class='ocr_carea' id='block_1_115' title="bbox 2181 5291 3774 5370">
    <p class='ocr_par' dir='ltr' id='par_1_115' title="bbox 2181 5291 3774 5370">
     <span class='ocr_line' id='line_1_116' title="bbox 2181 5291 3774 5370; baseline -0.004 -16"><span class='ocrx_word' id='word_1_795' title='bbox 2181 5299 2457 5370; x_wconf 89' lang='lat' dir='ltr'><strong>germani;</strong></span> <span class='ocrx_word' id='word_1_796' title='bbox 2514 5304 2569 5352; x_wconf 91' lang='lat' dir='ltr'><strong>et</strong></span> <span class='ocrx_word' id='word_1_797' title='bbox 2611 5313 2845 5368; x_wconf 90' lang='lat' dir='ltr'><strong>quorum</strong></span> <span class='ocrx_word' id='word_1_798' title='bbox 2899 5295 3144 5352; x_wconf 91' lang='lat' dir='ltr'><strong>membra</strong></span> <span class='ocrx_word' id='word_1_799' title='bbox 3173 5294 3339 5350; x_wconf 89' lang='lat' dir='ltr'><strong>unius</strong></span> <span class='ocrx_word' id='word_1_800' title='bbox 3372 5292 3622 5366; x_wconf 91' lang='lat' dir='ltr'><strong>corporis</strong></span> <span class='ocrx_word' id='word_1_801' title='bbox 3650 5291 3774 5348; x_wconf 82' lang='lat' dir='ltr'><strong>sub-</strong></span> 
     </span>
    </p>
   </div>
   <div class='ocr_carea' id='block_1_116' title="bbox 2252 5478 3772 5555">
    <p class='ocr_par' dir='ltr' id='par_1_116' title="bbox 2252 5478 3772 5555">
     <span class='ocr_line' id='line_1_117' title="bbox 2252 5478 3772 5555; baseline -0.005 -16"><span class='ocrx_word' id='word_1_802' title='bbox 2252 5483 2368 5555; x_wconf 82' lang='lat'><strong>(58)</strong></span> <span class='ocrx_word' id='word_1_803' title='bbox 2387 5482 2583 5555; x_wconf 86' lang='lat' dir='ltr'><strong>Codex</strong></span> <span class='ocrx_word' id='word_1_804' title='bbox 2611 5483 2777 5552; x_wconf 89' lang='lat' dir='ltr'><strong>Gall.,</strong></span> <span class='ocrx_word' id='word_1_805' title='bbox 2807 5483 3228 5540; x_wconf 81' lang='lat' dir='ltr'><strong>beatissimorum</strong></span> <span class='ocrx_word' id='word_1_806' title='bbox 3247 5481 3452 5540; x_wconf 71' lang='lat' dir='ltr'><strong>Caballi</strong></span> <span class='ocrx_word' id='word_1_807' title='bbox 3468 5497 3586 5536; x_wconf 82' lang='lat' dir='ltr'><strong>cum</strong></span> <span class='ocrx_word' id='word_1_808' title='bbox 3605 5478 3772 5535; x_wconf 77' lang='lat' dir='ltr'><strong>tribus</strong></span> 
     </span>
    </p>
   </div>
   <div class='ocr_carea' id='block_1_117' title="bbox 2173 5554 2758 5627">
    <p class='ocr_par' dir='ltr' id='par_1_117' title="bbox 2173 5554 2758 5627">
     <span class='ocr_line' id='line_1_118' title="bbox 2173 5554 2758 5627; baseline 0.005 -17"><span class='ocrx_word' id='word_1_809' title='bbox 2173 5554 2420 5627; x_wconf 78' lang='lat' dir='ltr'><strong>parvulis</strong></span> <span class='ocrx_word' id='word_1_810' title='bbox 2442 5554 2625 5627; x_wconf 56' lang='lat' dir='ltr'><strong>ﬂanti,</strong></span> <span class='ocrx_word' id='word_1_811' title='bbox 2654 5564 2758 5612; x_wconf 89' lang='lat' dir='ltr'><strong>etc.</strong></span> 
     </span>
    </p>
   </div>
   <div class='ocr_carea' id='block_1_118' title="bbox 2251 5625 3396 5700">
    <p class='ocr_par' dir='ltr' id='par_1_118' title="bbox 2251 5625 3396 5700">
     <span class='ocr_line' id='line_1_119' title="bbox 2251 5625 3396 5700; baseline -0.003 -16"><span class='ocrx_word' id='word_1_812' title='bbox 2251 5626 2368 5699; x_wconf 89' lang='grc'>(59)</span> <span class='ocrx_word' id='word_1_813' title='bbox 2403 5625 2552 5684; x_wconf 91' lang='lat' dir='ltr'><strong>Idem</strong></span> <span class='ocrx_word' id='word_1_814' title='bbox 2579 5628 2754 5686; x_wconf 88' lang='lat' dir='ltr'><strong>codex</strong></span> <span class='ocrx_word' id='word_1_815' title='bbox 2783 5626 2952 5695; x_wconf 88' lang='lat' dir='ltr'><strong>Gall.,</strong></span> <span class='ocrx_word' id='word_1_816' title='bbox 2974 5643 3082 5684; x_wconf 79' lang='lat' dir='ltr'><strong>una</strong></span> <span class='ocrx_word' id='word_1_817' title='bbox 3107 5625 3396 5700; x_wconf 81' lang='lat' dir='ltr'><strong>professio.</strong></span> 
     </span>
    </p>
   </div>
  </div>
