4020 6200
245 374 342 432 729
1053 373 1421 431 SERMONES
1457 374 1511 431 S.
1554 375 1910 433 AMBROSIO
1951 375 2320 433 HACTENUS
2359 376 2695 434 ASCRIPTI.

3427 377 3530 435 730

241 501 433 560 stantia
459 501 765 572 vegetabat,
795 517 985 558 eorum
1016 499 1226 557 animas
1255 499 1498 574 ejusdem
1520 500 1649 558 ﬁdei
1677 519 1822 558 con-
1848 504 1898 563 A
2001 521 2138 570 rum,
2190 503 2316 558 satis
2349 510 2517 557 tamen
2547 503 2598 556 in
2632 521 2686 556 eo
2714 502 3036 574 discriminis
3084 503 3364 558 observare
3419 519 3530 557 no-

239 591 397 648 fessio
428 599 741 648 coronaret.

306 697 356 754 2.
399 699 583 756 Refert
624 707 806 757 autem
855 699 922 757 de
968 699 1144 756 beatis
1192 699 1522 773 supradictis
1569 700 1822 770 historia,

234 786 378 860 quod
404 795 648 860 tempore
678 789 968 862 passionis,
1008 806 1138 845 cum
1169 806 1262 845 eos
1289 797 1601 862 persecutor
1631 790 1828 864 inqui-

233 882 394 942 reret,
454 892 678 931 ascenso
707 877 987 946 vehiculo,
1032 878 1243 950 junctis
1274 879 1548 946 mulabus,
1612 896 1705 936 eos
1733 897 1828 935 se-

231 964 421 1020 cedere
469 965 748 1022 voluisse:
799 976 853 1023 et
881 985 1005 1024 cum
1039 985 1151 1023 non
1182 969 1344 1040 longe
1381 967 1450 1024 ab
1494 969 1648 1025 urbis
1679 989 1827 1026 moe-

231 1053 397 1110 nibus
424 1055 528 1110 iter
554 1063 774 1126 agerent
807 1057 946 1128 (60),
981 1074 1154 1113 unum
1193 1059 1397 1114 animal
1422 1059 1490 1114 de
1519 1059 1827 1132 subjunctis

231 1142 416 1200 subito
445 1147 736 1215 corruisse,
784 1155 949 1221 atque
996 1147 1073 1204 ita
1117 1149 1242 1203 illos
1297 1165 1327 1203 a
1384 1150 1826 1220 persecutoribus

229 1233 674 1305 comprehensos,
708 1243 887 1293 tentos
915 1237 982 1293 ad
1016 1254 1229 1310 panam
1267 1237 1406 1309 (61).

301 1339 353 1394 3.
397 1340 554 1408 Quod
579 1342 783 1398 factum
815 1361 976 1416 quam
1011 1344 1310 1416 gloriosum
1341 1344 1435 1414 sit,
1480 1353 1534 1401 et
1561 1363 1592 1401 a
1622 1345 1824 1402 divini-

227 1435 337 1483 tate
367 1429 722 1502 dispositum,
777 1433 1040 1488 debemus
1069 1433 1372 1489 advertere.
1421 1435 1648 1508 Semper
1674 1437 1820 1492 enim

225 1518 390 1586 Deus,
423 1535 562 1591 quos
591 1521 776 1593 elegit,
808 1521 909 1578 hos
939 1522 1177 1578 victores
1207 1522 1564 1579 subvectione
1593 1525 1823 1580 sublimi

226 1606 284 1663 in
333 1607 512 1662 aulam
555 1608 708 1681 regni
754 1609 996 1666 calestis
1047 1610 1280 1666 inducit.
1335 1611 1469 1667 Nam
1501 1611 1646 1668 sicut
1674 1613 1825 1668 Elias

226 1717 392 1758 curru
420 1702 690 1774 applicito
737 1705 890 1776 quasi
922 1705 1168 1762 ascendit
1209 1707 1275 1762 ad
1306 1707 1506 1763 calum
1551 1707 1661 1778 (IV
1696 1710 1820 1781 Reg.

225 1806 287 1858 ιι,
324 1790 440 1862 11),
487 1791 564 1846 ita
595 1798 648 1847 et
672 1793 787 1860 isti,
838 1793 1098 1850 vehiculo
1126 1795 1350 1850 admoto
1397 1797 1463 1850 ad
1494 1797 1823 1868 martyrium

225 1889 634 1953 pervenerunt:
681 1888 735 1936 et
783 1881 1048 1954 quadriga
1100 1884 1243 1939 sicut
1301 1884 1461 1940 illum
1516 1886 1702 1942 evexit
1755 1871 1899 1943 adB

225 1973 498 2047 requiem,
548 1975 624 2030 ita
653 1975 755 2032 hos
783 1977 1028 2049 portavit
1061 1978 1126 2034 ad
1158 1979 1408 2050 gloriam.
1459 1981 1530 2036 Et
1572 1981 1825 2053 quamvis

225 2064 326 2121 illa
352 2064 516 2137 ignea
543 2067 805 2140 quadriga
836 2067 1023 2136 fuerit,
1077 2068 1194 2126 hac
1220 2077 1401 2126 tamen
1431 2070 1665 2127 inferior
1712 2087 1824 2128 non

224 2151 480 2209 habenda
513 2162 614 2223 est,
673 2157 802 2227 quia
838 2156 938 2212 illa
967 2174 1139 2213 unum
1192 2159 1426 2230 gestavit
1476 2159 1821 2232 prophetam,

224 2239 342 2298 hac
375 2249 486 2298 tres
515 2253 785 2317 martyres
813 2247 1162 2303 sustentavit.

301 2356 449 2414 459
482 2351 534 2407 4.
580 2352 684 2409 Sed
743 2353 880 2410 dicit
939 2355 1177 2430 aliquis:
1225 2358 1534 2417 Gloriosius
1589 2361 1823 2433 gestavit

223 2452 493 2525 quadriga
518 2456 678 2526 ignea
707 2471 871 2528 quam
900 2464 1136 2512 terrena.
1182 2458 1294 2514 Nec
1321 2459 1427 2515 hoc
1455 2461 1618 2532 plane
1645 2460 1823 2516 defuit

222 2543 428 2597 sanctis
456 2541 628 2610 viris;
661 2558 787 2598 nam
811 2544 954 2601 sicut
983 2545 1164 2600 Eliam
1200 2546 1357 2618 ignea
1384 2548 1648 2621 quadriga
1685 2566 1823 2620 por-

221 2630 393 2699 tabat,
445 2629 524 2686 ita
558 2639 611 2688 et
642 2641 912 2705 martyres
942 2632 1077 2690 ﬁdes
1107 2634 1266 2708 ignea
1283 2635 1397 2707 jam
1429 2637 1657 2693 ferebat.
1709 2640 1822 2694 Fe—

230 2721 402 2789 rebat,
449 2723 698 2796 inquam,
747 2722 871 2780 illos
899 2723 1151 2782 Christus
1203 2725 1299 2798 qui
1344 2725 1531 2782 lumen
1574 2733 1677 2795 est,
1727 2726 1821 2800 qui

229 2808 372 2882 ignis
401 2818 506 2878 est,
559 2811 629 2867 de
671 2827 779 2883 quo
819 2814 1086 2885 scriptum
1125 2823 1236 2871 est:
1302 2839 1320 2863 ε
1360 2816 1632 2873 Dominus
1678 2815 1822 2888 ignis

228 2913 559 2955 consumens
585 2909 666 2956 est
697 2902 881 2974 (Hebr.
912 2919 1012 2970 xu,
1047 2903 1162 2975 29).
1196 2926 1214 2950 ι

298 3006 351 3062 5.
393 3007 540 3079 Ergo
564 3025 687 3064 cum
723 3008 933 3078 beatos,
964 3011 1032 3066 de
1062 3011 1263 3082 quibus
1295 3011 1598 3083 loquimur,
1629 3028 1823 3084 perse-

227 3101 386 3150 cutor
413 3106 650 3168 urgeret,
669 3098 985 3153 vehiculum
1011 3099 1467 3156 conscenderunt.
1491 3100 1609 3167 Qua
1629 3103 1822 3160 causa?

231 3182 297 3238 Ut
328 3185 850 3284 ingerentihbsit.
901 3188 1123 3284 Non-ut
1152 3189 1442 3260 fugerent;
1495 3191 1589 3246 sed
1639 3201 1700 3247 ut
1753 3192 1820 3248 ad
1854 3225 1896 3284 Ο

226 3273 559 3344 martyrium
609 3274 776 3330 citius
822 3276 1218 3346 pervenirent;
1270 3295 1379 3333 non
1427 3289 1489 3336 ut
1517 3281 1817 3349 latitarent,

225 3361 320 3416 sed
352 3367 415 3414 ut
444 3360 788 3420 Christianos
817 3380 874 3420 se
897 3366 1114 3421 cunctis
1145 3369 1562 3425 transeuntibus
1594 3371 1818 3427 manife-

226 3449 370 3504 stius
424 3451 806 3522 approbarent.
866 3452 1135 3510 Caeterum
1184 3457 1454 3513 occultius
1499 3459 1642 3514 inter
1687 3460 1821 3531 plu-

228 3553 315 3592 res
362 3537 418 3592 in
461 3539 687 3596 civitate
718 3542 884 3599 latere
916 3550 1230 3613 potuerant,
1281 3545 1453 3602 tutius
1478 3564 1575 3619 per
1601 3549 1820 3605 diversa

221 3625 431 3698 singuli
463 3628 604 3700 fuga
633 3630 949 3702 prasidium
979 3635 1384 3691 commendare.
1431 3638 1504 3693 At
1547 3655 1680 3696 vero
1724 3639 1818 3695 ubi

223 3716 348 3788 quis
375 3719 795 3791 congregatione
825 3720 1032 3791 habita,
1091 3724 1274 3780 stratis
1304 3724 1597 3794 vehiculis,
1645 3744 1821 3800 appa-

218 3818 341 3867 ratu
398 3813 670 3885 disposito
721 3832 819 3889 per
875 3834 1119 3891 aggerem
1170 3819 1454 3893 publicum
1506 3823 1814 3895 egreditur:

222 3899 340 3957 illic
366 3919 478 3958 non
507 3904 635 3977 fuga
663 3906 898 3963 dicenda
927 3917 1028 3975 est,
1063 3910 1156 3966 sed
1188 3912 1466 3983 profectus
1493 3920 1594 3968 est.
1631 3913 1817 3970 Sancti

221 3992 365 4046 enim
400 3993 510 4049 viri
544 3994 651 4052 hoc
679 3995 826 4054 facto
851 3999 1004 4054 velut
1035 3999 1092 4054 in
1116 4000 1440 4073 triumphali
1477 4019 1645 4058 curru
1676 4003 1816 4076 posi-

220 4080 262 4136 ti
299 4083 753 4140 contestabantur
795 4086 1076 4144 dicentes:
1133 4090 1275 4146 Ecce
1301 4100 1638 4162 persecutor,
1692 4109 1816 4151 ecce

221 4171 644 4243 proﬁciscimur,
681 4191 804 4231 ecce
834 4177 1227 4247 praecedimus;
1261 4179 1395 4252 quid
1422 4181 1628 4237 resides
1647 4182 1764 4253 (62)
1788 4185 1816 4240 ?

219 4260 349 4332 quid
379 4263 615 4318 moraris
637 4264 666 4319 (ἲ
710 4264 1051 4336 Subsequere
1100 4276 1286 4324 nostra
1316 4269 1588 4340 vestigia;
1642 4274 1816 4328 nolu—

219 4363 338 4404 mus
369 4349 522 4405 enim
559 4350 737 4407 videri
767 4352 931 4408 inviti
951 4354 1112 4430 ~ducti
1145 4355 1213 4410 ad
1241 4373 1480 4427 poenam,
1529 4360 1623 4432 qui
1666 4378 1816 4434 pra-

219 4437 406 4496 cedere
439 4456 540 4496 nos
571 4441 893 4513 proﬁtemur
919 4442 988 4498 ad
1017 4445 1269 4516 gloriam.

847 4595 1081 4654 SERMO
1120 4597 1182 4653 L.

489 4691 552 4746 In
584 4693 758 4751 Natali
787 4695 961 4751 sancti
990 4695 1219 4753 Joannis
1245 4696 1528 4770 Baptista.

221 4796 651 4878 Compar-attonat;
675 4800 732 4854 in
759 4801 852 4878 hoc
879 4818 1115 4878 sermone
1142 4805 1284 4878 inter
1311 4805 1515 4862 Christi
1561 4822 1624 4878 ac
1659 4823 1816 4876 pra:-

287 4874 526 4941 cursoris
553 4874 665 4938 ejus
691 4874 921 4936 natalem
948 4874 1219 4941 instituta,
1267 4876 1324 4930 in
1370 4874 1814 4933 nonnullis—Au-

285 4940 487 5016 gustini
514 4945 837 4999 sermonibus
868 4946 1224 5016 reperi-untur,
1270 4948 1406 5002 unde
1432 4949 1556 5003 illas
1596 4948 1653 5002 in
1679 4950 1814 5004 hunc

289 5011 586 5085 transferre
627 5016 797 5085 potuit
839 5011 1041 5072 auctor.
1106 5011 1356 5084 Quamvis
1406 5036 1526 5072 vero
1569 5020 1705 5075 idem
1747 5021 1812 5076 ab

286 5082 559 5139 Ambrosii
584 5082 718 5157 style
743 5104 850 5142 non
876 5093 982 5143 tam
1009 5082 1280 5160 discrepet,
1303 5105 1463 5160 quam
1479 5091 1662 5161 plures
1680 5094 1812 5147 alio-

290 5303 405 5378 (60)
448 5305 590 5363 Gali.
615 5306 761 5376 cod.,
792 5306 1089 5363 antecedere
1116 5307 1360 5377 voluisse,
1393 5314 1439 5363 et
1471 5325 1588 5364 cum
1618 5310 1810 5366 voluis-

219 5378 424 5450 sentad
449 5379 598 5450 urbis
625 5380 821 5434 mania
846 5379 948 5434 iter
975 5395 1145 5450 agere.

290 5448 406 5522 (61)
447 5449 596 5522 Idem
629 5450 825 5518 codex,
857 5448 1248 5522 comprehensos
1275 5452 1347 5506 ad
1371 5467 1600 5522 partam.

423 5521 636 5638 6,Codex
666 5522 834 5589 Gall.,
854 5519 1107 5577 dicentes:
1141 5523 1273 5578 Ecce
1289 5519 1654 5594 priscedimus,
1680 5525 1813 5596 quid

221 5603 410 5647 resides
423 5603 434 5650 ἒ

221 5662 407 5789 θεοξὲἒῖ)
449 5665 634 5727 Codex
655 5667 864 5735 Germ.,
881 5666 1116 5722 omnium
1136 5667 1462 5724 nativitatem
1484 5685 1550 5724 ea:
1564 5668 1811 5742 promis-

1845 4585 1894 4642 D

2007 575 2083 630 bis
2111 575 2370 642 videmur,
2397 582 2453 629 ut
2477 575 2646 645 ipsum
2675 580 2852 630 sancto
2881 573 3109 629 antistiti
3141 573 3526 643 abjudicemus.

2006 665 2056 720 1.
2097 667 2159 720 In
2189 664 2362 721 sancti
2393 682 2454 720 ac
2484 664 2786 719 beatissimi
2828 663 3055 719 Joannis
3095 663 3352 735 Baptista
3402 665 3530 720 lau-

1936 755 2118 824 dibus,
2159 755 2316 827 cujus
2346 756 2582 812 natalem
2614 755 2779 812 hodie
2808 754 3166 822 celebramus,
3200 753 3336 825 quid
3362 754 3528 824 potis-

1935 845 2138 902 simum
2169 845 2478 917 pradicem,
2528 845 2746 901 nescio:
2795 853 2981 900 utrum
3013 843 3161 916 quod
3200 841 3531 898 mirabiliter

1937 944 2096 993 natus
2127 937 2219 1004 sit,
2266 951 2335 990 an
2379 935 2525 1008 quod
2581 934 2893 990 mirabilius
2931 932 3004 988 sit
3053 932 3312 989 occisus?
3360 931 3532 987 Natus

1935 1026 2084 1080 enim
2133 1034 2214 1080 est
2256 1024 2314 1079 in
2346 1025 2651 1096 prophetia,
2703 1024 2759 1078 in
2806 1023 3038 1078 veritate
3067 1029 3382 1094 peremptus
3409 1027 3525 1077 est:

1936 1113 2207 1169 nascendo
2227 1114 2580 1169 annuntiavit
2600 1112 2903 1168 Salvatoris
2919 1109 3532 1178 adventum,moriendo

1934 1203 2324 1260 condemnavit
2357 1202 2589 1259 Herodis
2619 1203 2912 1257 incestum.
2937 1200 3040 1258 Vir
3069 1201 3215 1256 enim
3239 1208 3460 1257 sanctus
3475 1205 3530 1254 et

1929 1293 2131 1365 justus,
2179 1301 2234 1350 et
2263 1294 2358 1367 qui
2389 1300 2584 1366 prater
2612 1308 2962 1349 communem
2991 1290 3282 1345 hominum
3313 1290 3532 1346 nativi-

1933 1393 2103 1441 tatem
2136 1402 2204 1442 ex
2239 1386 2660 1457 repromissione
2704 1384 2822 1456 (63)
2872 1390 3161 1455 generatus
3191 1383 3390 1449 fuerat,
3425 1381 3532 1438 hoc

1934 1475 2002 1531 de
2031 1478 2143 1531 Deo
2173 1476 2391 1543 meruit,
2416 1491 2484 1530 ne
2513 1475 2795 1531 communi
2822 1490 2947 1530 cum
2985 1473 3200 1530 caeteris
3229 1472 3298 1528 de
3329 1473 3530 1529 saculo

1935 1574 2109 1621 morte
2139 1565 2479 1621 discederet:
2541 1565 2635 1620 sed
2679 1580 2878 1635 corpus
2915 1564 3081 1636 quod,
3131 1561 3370 1618 Domino
3417 1559 3529 1616 do-

1934 1663 2119 1723 nante,
2150 1662 2481 1725 susceperat,
2528 1655 2829 1710 Dominum
2860 1653 3178 1711 conﬁtendo
3207 1654 3527 1726 deponeret.

2010 1745 2063 1801 2.
2105 1747 2250 1817 Ergo
2278 1747 2514 1802 Joannes
2543 1760 2637 1818 per
2665 1746 2854 1800 omnia
2882 1747 3224 1800 voluntatem
3252 1744 3353 1800 Dei
3376 1742 3526 1810 fecit;

1935 1835 2064 1908 quia
2112 1843 2333 1907 propter
2379 1851 2516 1906 opus
2558 1833 2783 1890 Domini
2833 1841 2888 1888 et
2933 1841 3094 1889 natus
3119 1841 3200 1889 est
3242 1843 3296 1889 et
3319 1832 3530 1888 defun-

1934 1931 2075 1980 ctus.
2126 1925 2258 1980 Nam
2294 1931 2356 1979 ut
2385 1923 2697 1980 nativitatis
2724 1923 2841 1996 ejus
2867 1923 3063 1980 seriem
3093 1923 3336 1978 breviter
3365 1938 3532 1994 repe-

1934 2020 2134 2080 tamus,
2191 2029 2316 2068 cum
2362 2020 2543 2068 essent
2572 2022 2724 2084 pater
2749 2011 2867 2084 ejus
2907 2012 3196 2068 Zacharias
3248 2019 3304 2067 et
3356 2018 3530 2067 mater

1934 2100 2050 2173 ejus
2081 2101 2362 2157 Elisabeth
2392 2103 2568 2158 atatis
2593 2109 2873 2159 senectute
2901 2100 3121 2169 defessi,
3170 2109 3223 2156 et
3252 2101 3408 2156 nulla
3453 2101 3533 2156 ﬁ-

1935 2190 2137 2246 liorum
2168 2193 2321 2263 prole
2351 2190 2680 2264 gauderent;
2731 2190 3057 2262 procreandi
3087 2191 3254 2245 etiam
3285 2191 3400 2246 illis
3449 2189 3533 2245 li-

1933 2281 2092 2339 beros
2122 2292 2339 2355 tempus
2369 2283 2822 2339 ﬂorentissimum
2854 2284 3228 2356 prateriisset,
3268 2283 3345 2340 ita
3372 2289 3434 2338 ut
3463 2281 3531 2338 de

1932 2373 2282 2444 suscipienda
2305 2372 2418 2444 jam
2452 2373 2638 2430 sobole
2668 2374 2784 2445 ipsa
2813 2373 2979 2429 etiam
3029 2389 3120 2429 eos
3163 2381 3292 2429 vota
3319 2371 3532 2428 deﬁce-

1933 2473 2075 2534 rent,
2125 2465 2308 2521 subita
2338 2482 2436 2537 per
2463 2466 2716 2537 angelum
2757 2465 3182 2537 repromissione
3224 2463 3529 2532 donantur,

1933 2562 1988 2610 et
2017 2555 2166 2611 nasci
2195 2556 2462 2610 Joannem
2495 2555 2715 2611 Gabriel
2746 2562 2968 2611 sanctus
2993 2553 3289 2608 annuntiat
3314 2553 3524 2608 dicens:

1945 2667 1964 2691 ι
1994 2645 2070 2700 Ne
2105 2646 2321 2711 timeas,
2348 2645 2630 2712 Zacharia,
2659 2659 2785 2700 ecce
2814 2644 3077 2700 exaudita
3105 2650 3187 2698 est
3216 2641 3530 2713 deprecatio

1932 2741 2046 2801 tua,
2072 2741 2126 2790 et
2156 2751 2298 2789 uxor
2329 2742 2422 2789 tua
2449 2733 2736 2788 Elisabeth
2766 2732 3044 2804 concipiet
3067 2738 3124 2787 et
3153 2730 3328 2802 pariet
3347 2729 3527 2788 ﬁlium

1936 2821 2088 2892 (Luc.
2120 2840 2159 2890 ι,
2194 2821 2307 2894 13).
2341 2846 2360 2870 ι

2007 2911 2058 2967 3.
2101 2912 2376 2968 Exaudite
2407 2920 2508 2980 est,
2541 2911 2746 2984 inquit,
2781 2911 2959 2967 oratio
2986 2917 3103 2977 tua,
3146 2908 3291 2965 unde
3319 2907 3525 2965 intelli-

1933 3000 2111 3072 gimus
2134 3001 2281 3073 quod
2305 3001 2572 3059 Joannem
2595 3000 2870 3057 Zacharia
2889 2999 3108 3072 justitia
3126 2999 3300 3071 magis
3319 2997 3526 3054 orando

1932 3091 2202 3161 genuerit,
2243 3107 2408 3164 quam
2437 3089 2724 3146 Elisabeth
2755 3097 3008 3146 senectus
3038 3091 3377 3160 procreando
3412 3106 3528 3145 sus-

1929 3178 2138 3249 ceperit
2201 3180 2341 3251 (64).
2429 3179 2590 3247 Hinc,
2652 3179 2899 3252 inquam,
2955 3178 3323 3250 intelligimus
3377 3179 3527 3251 quod

1929 3268 2196 3324 Joannem
2239 3269 2546 3326 obsecratio
2576 3269 2866 3336 creaverit,
2914 3285 3025 3324 non
3056 3269 3330 3339 voluptas.
3383 3269 3522 3326 Cum

1930 3357 2076 3411 enim
2105 3358 2340 3412 materni
2372 3358 2516 3413 uteri
2561 3357 2770 3413 viscera
2815 3355 2992 3412 atatis
3017 3363 3298 3412 senectute
3345 3355 3525 3428 frige-

1929 3456 2164 3512 scerent,
2207 3453 2262 3502 et
2292 3445 2431 3502 fessa
2454 3445 2570 3518 jam
2599 3446 2846 3519 corporis
2876 3445 3122 3502 membra
3167 3444 3524 3501 fecunditatis

1930 3536 2158 3608 gratiam
2194 3535 2582 3607 perdidissent,
2629 3543 2822 3592 contra
2851 3532 3350 3607 impossibilitatem
3400 3549 3523 3590 cor-

1927 3626 2096 3697 poris,
2129 3633 2322 3681 contra
2351 3626 2702 3682 sterilitatem
2733 3625 3031 3692 viscerum,
3079 3623 3358 3680 Zacharia
3387 3638 3523 3694 pre—

1927 3715 2084 3771 cibus
2111 3713 2397 3772 Elisabeth
2423 3723 2610 3771 uterus
2637 3714 2980 3782 intumescit,
3002 3721 3056 3770 et
3083 3713 3338 3785 concepit
3357 3713 3521 3769 Joan-

1927 3827 2050 3867 nem
2112 3828 2223 3867 non
2279 3819 2496 3879 natura,
2545 3809 2639 3866 sed
2687 3809 2878 3881 gratia.
2924 3809 3082 3866 Unde
3134 3823 3354 3864 necesse
3405 3815 3524 3863 erat

1927 3913 2176 3961 sanctum
2221 3905 2374 3962 nasci
2405 3905 2606 3972 ﬁlium,
2658 3903 2752 3976 qui
2791 3919 2904 3958 non
2952 3909 3066 3956 tam
3114 3899 3520 3972 complexibus,

1926 4011 2090 4068 quam
2121 3994 2461 4051 orationibus
2492 3995 2803 4066 gigneretur
2838 3992 2980 4063 (65).

1996 4082 2049 4138 4.
2091 4083 2276 4138 Minus
2320 4090 2501 4138 autem
2551 4082 2740 4137 mirari
2788 4080 3053 4137 debemus
3109 4077 3259 4150 quod
3312 4082 3520 4132 tantam

1924 4170 2161 4227 Joannes
2190 4170 2418 4244 gratiam
2452 4170 2508 4225 in
2539 4169 2812 4226 nascendo
2833 4166 3098 4223 meruerit
3121 4184 3134 4232 ;
3157 4163 3351 4221 debuit
3369 4161 3518 4220 enim

1925 4277 2229 4332 pracursor
2253 4270 2306 4318 et
2336 4262 2574 4334 pravius
2604 4259 2811 4316 Christi
2841 4254 3053 4328 aliquid
3097 4252 3278 4309 simile
3320 4251 3520 4308 habere

1924 4355 2204 4410 nativitati
2232 4356 2459 4412 Domini
2490 4352 2808 4411 Salvatoris.
2841 4348 3125 4422 Siquidem
3153 4349 3424 4404 Dominus
3450 4345 3519 4402 de

1925 4443 2154 4514 Virgine
2199 4442 2465 4515 gignitur,
2526 4443 2764 4498 Joannes
2817 4439 2886 4495 de
2935 4438 3109 4494 sterili
3156 4443 3516 4508 procreatur:

1925 4531 2018 4587 ille
2065 4532 2133 4588 de
2175 4532 2584 4588 adolescentula
2612 4529 2966 4586 immaculata
3011 4525 3374 4598 depromitur,
3423 4524 3517 4582 hic

1923 4622 1990 4678 de
2020 4623 2206 4677 vetula
2227 4621 2342 4693 jam
2373 4621 2515 4678 fessa
2544 4627 2834 4693 generatur
2886 4618 3027 4688 (66).
3079 4615 3254 4672 Habet
3291 4631 3420 4685 ergo
3462 4623 3518 4671 et

1924 4711 2090 4784 hujus
2110 4713 2372 4770 nativitas
2391 4712 2605 4786 aliquid
2626 4711 2812 4785 gloria
2832 4718 2997 4784 atque
3018 4708 3292 4767 miraculi.
3316 4707 3514 4777 Quam-

1922 4811 2008 4867 vis
2036 4811 2182 4867 enim
2213 4812 2382 4867 vilior
2412 4817 2602 4882 partus
2632 4808 2883 4865 mulieris
2912 4807 3166 4864 videatur
3207 4821 3323 4862 esse
3351 4822 3514 4878 quam

1922 4906 2067 4964 460
2109 4899 2376 4972 virginis;
2436 4907 2624 4954 tamen
2681 4897 2826 4954 sicut
2874 4897 3103 4953 Mariam
3156 4897 3513 4969 suspicimus,

1922 4998 2069 5070 quod
2095 4998 2250 5071 virgo
2279 4995 2577 5070 pepererit,
2619 4994 2698 5050 ita
2723 4993 3006 5052 Elisabeth
3041 4994 3328 5064 miramur,
3367 4990 3517 5066 quod

1921 5087 2141 5145 anicula
2169 5085 2559 5160 procreaverit.

1995 5307 2111 5379 (64)
2153 5307 2356 5363 Omnes
2383 5303 2517 5379 edit.
2559 5319 2684 5379 cum
2717 5318 2864 5379 mss._
2886 5299 3123 5368 duobus,
3168 5295 3512 5379 procurando

1920 5369 2242 5460 susceperit;
2310 5377 2508 5434 melius
2561 5374 2665 5432 cod
2717 5373 2915 5448 Lugd,
2956 5369 3288 5446 procreanda
3333 5383 3514 5422 susce-

1915 5458 2110 5593 Ρθῖἕὲ)
2157 5521 2300 5578 Unde
2353 5537 2550 5578 necesse
2594 5525 2822 5577 erat.....
2869 5519 3189 5590 gigneretur,
3248 5511 3400 5569 deest
3453 5510 3512 5568 in

1920 5610 2050 5650 mss.
2086 5594 2269 5649 Germ.

1993 5664 2109 5736 (66)
2152 5665 2276 5721 Vet.
2309 5663 2441 5722 edit.
2453 5707 2467 5734 ,
2516 5663 2607 5720 ille
2640 5663 2701 5718 de
2729 5659 3156 5719 adolescentula:
3197 5656 3292 5714 ista
3313 5655 3512 5730 dejam
