4020 6200
541 309 641 367 731

1547 309 1644 364 ΑΙ)
1683 309 1917 365 OPERA
1955 309 2012 365 S.
2052 308 2387 368 AMBROSII
2411 310 2806 368 .APPENDIX.

3736 308 3841 368 732

605 439 661 498 5.
697 437 858 508 Quod
886 435 1108 512 quidem
1139 437 1345 494 factum
1375 437 1704 510 mysterium
1725 437 1952 513 aliquod
1982 438 2129 496 arbi-
2158 443 2210 503 Α
2239 458 2276 510 r,
2307 440 2430 512 64):
2459 449 2662 513 quanto
2686 440 2858 513 magis
2876 454 3004 497 cum
3024 436 3314 496 laudamus
3332 437 3517 509 illum,
3539 439 3839 514 eloquium

537 541 657 590 tror
683 529 986 598 continere,
1031 537 1093 584 ut
1122 530 1380 597 Joannes,
1431 531 1526 602 qui
1566 531 1766 586 veteris
1793 531 2131 588 Testamenti

539 623 768 696 ﬁguram
798 621 1035 692 gerebat,
1067 621 1214 677 senis
1250 621 1593 679 mulierculae
1622 624 1828 696 frigido
1847 625 1960 696 jam
1995 642 2133 682 san-

539 711 703 784 guine
731 720 1046 768 nasceretur
1069 729 1080 766 :
1101 711 1371 768 Dominus
1391 723 1576 768 autem
1605 715 1699 786 qui
1722 715 1874 787 regni
1896 716 2134 772 caelestis

533 805 896 878 Evangelium
926 795 1271 877 praedicaret,
1325 805 1593 861 ferventis
1635 806 1953 877 juvenculae
1997 808 2130 864 ﬂore

534 895 970 969 progrederetur.
997 895 1167 951 Maria
1188 894 1360 963 enim,
1386 896 1608 952 conscia
1636 896 1995 968 virginitatis,
2030 898 2130 953 mi-

537 992 690 1041 ratur
716 985 890 1042 fetum
911 983 1216 1041 visceribus
1238 984 1554 1041 involutum
1581 1004 1592 1041 :
1617 986 1905 1042 Elizabeth
1923 995 2126 1055 autem,

537 1076 756 1133 conscia
806 1076 1123 1142 senectutis,
1175 1075 1445 1131 erubescit
1498 1083 1658 1147 partu
1712 1085 1930 1134 uterum
1998 1094 2128 1148 prm-

537 1174 820 1237 gravatum
856 1165 972 1236 (67)
1001 1183 1013 1231 ;
1055 1164 1191 1220 dicit
1222 1166 1367 1219 enim
1405 1167 1775 1237 evangelista:
1830 1191 1846 1213 ι
1879 1166 2129 1224 Occulta-

534 1253 629 1311 bat
657 1270 714 1309 se
743 1253 1025 1308 mensibus
1054 1252 1300 1325 quinque
1335 1253 1485 1324 (Luc.
1523 1272 1558 1322 ι,
1593 1255 1706 1325 24).
1741 1279 1760 1302 ι

604 1343 656 1398 6.
694 1341 839 1398 Illud
868 1349 1049 1399 autem
1081 1358 1243 1414 quam
1277 1343 1618 1409 mirandum,
1654 1345 1798 1417 quod
1832 1343 1977 1401 idem
2011 1344 2128 1400 Ga-

532 1430 673 1488 briel
702 1431 1060 1503 archangelus
1088 1433 1375 1504 utriusque
1405 1432 1718 1489 nativitatis
1749 1434 1995 1490 ofﬁcium
2033 1452 2129 1489 re-

534 1523 874 1596 praesentat?
919 1522 1237 1578 Zachariam
1286 1524 1496 1578 solatur
1545 1523 1914 1592 incredulum,
1944 1525 2129 1580 conﬁ—

533 1613 752 1670 dentem
808 1613 1039 1670 Mariam
1091 1613 1434 1671 cohortatur.
1487 1615 1586 1670 Ille
1638 1615 1766 1686 quia
1824 1613 2124 1684 dubitavit,

530 1717 724 1760 vocem
755 1702 994 1774 perdidit
1020 1722 1030 1759 :
1066 1703 1184 1758 haec
1212 1703 1342 1775 quia
1370 1703 1555 1759 statim
1589 1703 1844 1771 credidit,
1879 1703 2123 1761 Verbum

528 1791 767 1848 salutare
793 1791 1066 1863 concepit.

605 1881 654 1937 7.
697 1880 812 1937 Hoc
841 1881 1003 1937 etiam
1037 1879 1095 1936 in
1122 1878 1382 1952 laudibus
1409 1879 1637 1937 Joannis
1673 1881 1903 1938 minime
1930 1889 2128 1939 tacen—

529 1969 662 2026 dum
692 1969 934 2039 videtur,
985 1969 1132 2043 quod
1180 1969 1429 2028 nondum
1463 1979 1626 2028 natus
1667 1971 1782 2043 jam
1811 1971 2124 2044 prophetat,

527 2067 584 2117 et
609 2060 792 2118 adhuc
828 2061 886 2116 in
916 2062 1149 2117 materni
1193 2062 1338 2117 uteri
1369 2061 1585 2118 sinibus
1613 2063 1970 2129 constitutus,
2017 2063 2127 2118 ad-

528 2157 755 2206 ventum
787 2150 1016 2221 Christi,
1043 2151 1174 2225 quia
1194 2169 1327 2208 voce
1359 2169 1470 2208 non
1493 2160 1725 2225 poterat,
1762 2151 1976 2224 gaudiis
1995 2168 2122 2208 con-

529 2239 734 2298 ﬁtetur.
788 2243 937 2300 Dicit
963 2243 1112 2298 enim
1143 2242 1436 2299 Elizabeth
1473 2243 1542 2300 ad
1581 2250 1824 2299 sanctam
1843 2242 2074 2298 Mariam
2101 2259 2113 2298 :

542 2351 561 2375 ι
592 2329 768 2385 Simul
799 2338 862 2386 ut
890 2331 1033 2388 facta
1057 2340 1140 2387 est
1169 2348 1279 2387 vox
1309 2331 1656 2387 salutationis
1687 2338 1793 2386 tuae
1815 2331 1872 2386 in
1893 2330 2122 2386 auribus

527 2418 686 2488 meis,
707 2419 1011 2476 exsultavit
1038 2419 1096 2474 in
1127 2421 1326 2492 gaudio
1357 2421 1617 2477 infansin
1643 2429 1799 2478 utero
1816 2437 1936 2478 meo
1955 2421 2116 2491 (Ibid.

526 2507 654 2580 44);
695 2534 713 2558 ι
771 2511 1015 2566 exsultat
1043 2511 1191 2567 enim
1220 2511 1458 2568 Joannes
1504 2520 1796 2584 antequam
1840 2519 2118 2579 nascatur,

525 2605 580 2654 et
621 2598 939 2672 priusquam
983 2600 1180 2657 mundi
1228 2601 1405 2658 oculis
1444 2601 1697 2657 habitum
1744 2610 2114 2674 recognoscat,

516 2687 632 2760 jam
661 2688 865 2761 spiritu
891 2689 1088 2746 mundi
1123 2690 1425 2746 Dominum
1474 2689 1838 2762 recognoscit.
1886 2691 1950 2747 In
2005 2706 2116 2762 quo

522 2779 760 2836 arbitror
817 2781 1194 2855 pr0pheticam
1241 2781 1539 2839 convenire
1585 2781 1936 2850 sententiam,
1994 2799 2114 2855 quae

521 2869 692 2928 dicit:
735 2895 755 2919 ι
783 2871 1108 2944 Priusquam
1139 2881 1193 2930 te
1219 2873 1516 2930 formarem
1547 2873 1607 2928 in
1635 2883 1813 2942 utero,
1858 2873 1990 2930 novi
2020 2882 2108 2940 te;

521 2969 578 3017 et
605 2961 923 3034 priusquam
950 2964 1131 3019 exires
1149 2963 1218 3019 de
1242 2965 1427 3032 vulva,
1453 2964 1796 3020 sanctiﬁcavi
1816 2973 1869 3020 te
1893 2963 2108 3034 (Jerem.

523 3067 564 3119 ι,
591 3051 675 3121 5).
707 3074 726 3100 ι
785 3051 938 3107 Unde
967 3051 1157 3107 mirari
1187 3069 1300 3108 non
1329 3052 1594 3110 debemus
1623 3055 1770 3126 quod
1797 3053 1866 3109 ab
1897 3053 2111 3110 Herode

521 3138 580 3194 in
609 3154 824 3195 carcere
851 3139 1070 3196 clausus
1124 3140 1266 3213 (68),
1310 3141 1594 3200 Christum
1623 3159 1839 3215 semper
1867 3142 1982 3200 suis
2013 3142 2112 3198 di-

519 3228 749 3303 scipulis
775 3229 1057 3288 intimavit
1078 3250 1092 3301 ;
1112 3249 1238 3289 cum
1269 3233 1435 3290 etiam
1467 3235 1689 3292 clausus
1707 3234 1767 3291 in
1784 3242 1942 3292 utero
1962 3251 2112 3292 eum-

520 3318 646 3378 dem
674 3320 972 3378 Dominum
1003 3321 1244 3396 gestibus
1275 3324 1608 3398 praedicarit.

1135 3469 1370 3527 SERMO
1410 3469 1499 3526 LI.

615 3573 694 3629 De
723 3577 1082 3648 praerogativa
1111 3575 1357 3648 ejusdem
1388 3577 1444 3633 S.
1473 3577 1702 3635 Joannis
1730 3576 2010 3650 Baptistae.

518 3684 773 3768 Ejusdem
799 3692 1034 3746 auctoris
1058 3693 1193 3768 hunc
1219 3710 1506 3768 sermonem
1533 3711 1659 3763 esse,
1685 3693 1836 3763 cujus
1865 3701 1916 3768 et
1943 3711 2111 3765 supe-

585 3765 785 3815 riorem
807 3777 928 3836 cum
971 3781 1036 3818 ea;
1081 3767 1218 3834 stle
1244 3765 1435 3836 conjici
1462 3773 1646 3834 potest,
1703 3773 1811 3820 tum
1849 3767 2013 3821 etiam
2043 3783 2108 3821 ea:

586 3847 642 3887 eo
680 3833 832 3908 ququ
848 3835 1011 3890 eidem
1035 3833 1280 3908 proxime
1305 3833 1585 3906 subjicitur
1631 3833 1687 3894 in
1720 3845 1818 3893 vet.
1868 3838 1994 3893 edit.
2045 3855 2107 3893 ac

584 3920 723 3980 mss;
760 3904 908 3980 Illud
931 3904 1098 3978 porro
1120 3910 1267 3980 (quod
1303 3929 1336 3965 a
1368 3904 1515 3964 num.
1566 3909 1600 3966 5
1653 3926 1814 3980 usque
1851 3911 1924 3964 ad
1951 3910 2108 3980 ﬁnem

583 3975 646 4051 de
685 3975 1308 4051 Joannis—magnitudine
1348 3981 1565 4049 dicitur,
1612 3999 1677 4037 ea:
1721 3975 2002 4037 Ambrosio
2050 3981 2109 4037 in

582 4045 786 4103 Lucam
820 4049 911 4106 lib.
939 4068 1002 4117 II,
1030 4045 1176 4125 imm.
1202 4053 1324 4121 110,
1349 4045 1632 4108 ἱιηίωνὶἀσ
1651 4054 1877 4125 proprio
1898 4053 2104 4124 ingenio

617 4125 908 4200 ertroctare
945 4124 1120 4195 potuit
1146 4125 1404 4200 sermonis
1445 4124 1666 4181 auctor:
1711 4143 1895 4200 (ξς-θα
1926 4132 2103 4200 autem

561 4197 674 4268 .h_oc
725 4197 922 4268 ipsum
948 4197 1208 4268 mutuari,
1251 4197 1342 4267 qui
1379 4214 1667 4252 sermonem
1712 4197 1810 4254 197
1860 4197 2103 4268 Append.

579 4261 805 4344 August.
835 4265 924 4344 tibi
951 4267 1044 4322 hoc
1071 4261 1428 4344 fragmentum
1458 4269 1718 4344 integrum
1753 4261 1961 4334 exstat;
1988 4285 2107 4323 con-

575 4337 867 4416 sarcinauit
887 4355 904 4416 ;ί
935 4356 1041 4394 non
1070 4337 1208 4416 enim
1234 4348 1451 4416 uterque
1479 4342 1544 4398 ab
1564 4337 1750 4416 eadem
1782 4356 1958 4396 manu'
1980 4357 2106 4412 pr0~

582 4402 745 4473 fectus
771 4402 998 4484 videtur,
1031 4417 1078 4465 et
1104 4415 1280 4469 minus
1309 4402 1391 4469 hic
1422 4419 1600 4470 noster
1626 4412 1793 4484 refert
1820 4402 2102 4481 centonem,

582 4491 742 4547 quam
770 4481 1131 4550 supradictus.

584 4606 634 4662 1.
674 4606 858 4663 Sancti
914 4608 1140 4666 Joannis
1185 4609 1444 4684 Baptistae
1502 4612 1737 4670 natalem
1769 4611 1935 4670 hodie
1966 4627 2104 4686 pro-

511 4702 800 4754 secuturus
829 4705 1008 4756 tacere
1038 4699 1257 4768 vellem,
1305 4709 1358 4757 et
1383 4700 1626 4758 laborem
1656 4710 1819 4776 atque
1867 4701 2105 4775 imperi-

509 4783 644 4841 tiam
674 4801 850 4843 meam
881 4788 1104 4846 silentio
1129 4806 1377 4848 coercere
1402 4809 1412 4848 :
1464 4791 1560 4848 sed
1589 4792 1705 4866 ipsa
1743 4792 1829 4848 vis
1859 4789 2104 4848 nominis

508 4873 626 4947 ejus
654 4878 884 4936 minime
931 4897 1018 4938 me
1048 4882 1208 4939 silere
1239 4883 1544 4955 permittit:
1595 4901 1722 4941 nam
1762 4881 2102 4955 nuncupatio

507 4967 764 5024 vocabuli
814 4969 1004 5043 ipsius,
1061 4975 1297 5046 pectoris
1341 4976 1515 5032 nostri
1559 4984 1715 5049 urget
1757 4982 1982 5042 secreta,
2031 4975 2099 5029 si-

507 5057 666 5115 lentii
700 5062 874 5118 nostri
906 5064 1132 5120 resolvit
1158 5082 1373 5135 arcana,
1398 5075 1450 5122 et
1477 5067 1624 5140 quod
1654 5064 2100 5123 dissimulatione

503 5149 788 5220 reticetur,
839 5151 1204 5209 admiratione
1235 5155 1607 5228 compellitur.
1664 5155 1719 5210 Si
1759 5153 1905 5209 enim
1943 5162 2101 5225 pater

501 5238 793 5298 Zacharias
822 5257 948 5299 cum
980 5258 1103 5302 eum
1136 5245 1469 5314 nominavit,
1491 5261 1682 5302 vocem
1713 5243 1917 5316 recepit
1941 5244 2095 5315 (Luc.

499 5405 640 5480 [essa
663 5413 946 5479 generatur
968 5425 999 5480 ;g
1037 5410 1193 5480 Rom.
1226 5416 1281 5464 et
1309 5407 1432 5480 cod.
1465 5407 1640 5480 Lugd.
1675 5425 1736 5464 ac
1769 5407 1979 5465 Theod.
2033 5417 2099 5464 ut

501 5477 572 5553 ing
588 5477 874 5553 contextu,
895 5479 1004 5535 nisi
1033 5479 1180 5553 quod
1210 5480 1308 5536 illa
1326 5477 1574 5553 exhibet,
1596 5480 1945 5553 inimaculata
1971 5498 2096 5551 pro-

503 5549 665 5604 mitur
698 5551 810 5618 iste,
845 5558 985 5616 etc.;
1040 5549 1141 5608 fus.
1175 5567 1306 5606 vero
1335 5551 1519 5607 Germ.
1548 5569 1580 5606 a
1609 5552 1816 5608 Theod.
1868 5569 1933 5608 eo
1965 5549 2099 5608 tan-

501 5627 619 5697 tum
661 5621 913 5690 dissidet,
947 5621 1094 5696 quod
1140 5638 1239 5695 pro
1284 5623 1673 5682 adolescentulo
1719 5625 1938 5698 praefert
1988 5625 2094 5681 vir-

499 5705 636 5760 gnte.

2131 4559 2180 4618 D

2244 546 2620 602 promeremur
2638 531 2732 586 ?et
2761 531 2806 586 si
2835 530 2988 585 illius
3015 546 3076 586 os
3105 545 3232 586 cum
3263 529 3321 586 in
3353 529 3559 587 saeculo
3588 545 3844 588 nascere-

2243 628 2334 675 tur
2361 621 2612 693 aperuit,
2633 629 2837 689 quanto
2867 620 3039 692 magis
3067 636 3196 677 cum
3227 635 3326 693 pro
3355 619 3579 677 Christo
3602 621 3840 694 patitur,

2244 727 2339 766 ora
2365 719 2553 766 nostra
2581 709 2839 766 fecundat
2867 711 2894 766 εἰ

2315 801 2368 857 2.
2409 801 2546 857 Cum
2578 801 2723 856 enim
2765 798 3056 856 Zacharias
3103 807 3258 873 pater
3301 798 3420 873 ejus
3467 809 3695 876 propter
3752 803 3842 861 in-

2243 888 2623 947 credulitatem
2669 889 2976 945 nativitatis
3020 889 3174 946 illius
3222 890 3289 946 ab
3339 891 3534 963 angelo
3583 892 3842 950 Gabriele

2242 979 2449 1036 silentii
2479 989 2622 1036 esset
2671 979 3046 1036 taciturnitate
3077 981 3346 1036 multatus
3401 980 3566 1052 (Ibid.
3611 981 3731 1054 20),
3785 991 3840 1040 et

2235 1068 2350 1141 jam
2380 1069 2475 1124 diu
2525 1078 2710 1125 mutus
2739 1069 3033 1125 verborum
3064 1068 3356 1141 dispendio
3389 1068 3595 1126 mentis
3629 1081 3838 1129 secreta

2242 1161 2465 1228 velaret,
2513 1159 2695 1215 subito
2724 1166 2852 1214 nato
2881 1159 3091 1214 Joanne
3122 1156 3264 1226 ﬁlio,
3315 1175 3440 1214 cum
3473 1160 3620 1232 apud
3652 1161 3835 1232 proxi-

2240 1266 2358 1305 mos
2387 1257 2525 1306 esset
2553 1249 2834 1306 contentio
2864 1264 2972 1321 quo
3003 1248 3228 1304 nomine
3256 1257 3569 1318 vocaretur,
3597 1250 3832 1306 offerun-

2239 1345 2330 1394 tur
2347 1339 2486 1410 patri
2511 1339 2707 1395 tabulae
2733 1359 2745 1407 ;
2771 1348 2831 1395 ut
2849 1337 3182 1394 vocabulum
3207 1337 3325 1411 ejus
3357 1356 3456 1411 pro
3479 1356 3582 1396 suo
3603 1339 3832 1396 arbitrio

2241 1428 2354 1501 ipse
2379 1429 2730 1499 describeret,
2781 1437 2835 1485 et
2864 1427 3010 1502 quod
3043 1444 3296 1485 sermone
3329 1445 3439 1484 non
3469 1438 3703 1501 poterat,
3747 1430 3831 1486 lito

2239 1519 2370 1575 teris
2398 1519 2751 1592 loqueretur:
2807 1527 2940 1576 tunc
2970 1517 3172 1574 mirum
3223 1519 3282 1574 in
3327 1519 3553 1576 modum
3596 1521 3833 1593 acceptis

2237 1612 2598 1684 pugillaribus
2627 1620 2688 1668 ut
2718 1612 2931 1684 stylum
2959 1611 3167 1684 ﬁgeret,
3203 1611 3450 1684 linguam
3487 1613 3729 1681 resolvit,
3769 1629 3832 1671 ac

2237 1703 2446 1758 litteras
2475 1718 2728 1758 sermone
2757 1701 3046 1777 praevenit,
3077 1711 3130 1760 et
3159 1702 3428 1758 Joannem
3458 1719 3559 1759 non
3593 1710 3830 1761 testatus

2155 1813 2202 1874 Β
2236 1799 2336 1859 est,
2369 1791 2461 1848 sed
2489 1794 2728 1848 locutus.

2310 1884 2362 1940 3.
2399 1882 2597 1941 Videte
2624 1883 2793 1956 igitur
2821 1881 2998 1939 sancti
3028 1882 3289 1955 Baptista
3321 1882 3601 1952 meritum,
3630 1899 3826 1941 vocem

2236 1973 2378 2046 patri
2414 1973 2674 2043 reddidit,
2707 1972 2977 2030 sacerdoti
3009 1971 3382 2046 eloquentiam
3412 1972 3708 2046 reparavit.
3733 1973 3823 2031 Vi-

2235 2063 2378 2130 dete,
2402 2063 2647 2136 inquam,
2672 2063 2932 2119 meritum
2957 2080 3045 2119 :os
3066 2062 3214 2135 quod
3238 2063 3464 2136 angelus
3483 2063 3822 2136 alligaverat,

2235 2153 2470 2208 Joannes
2493 2153 2766 2208 absolvit:
2793 2151 2941 2225 quod
2970 2152 3196 2209 Gabriel
3229 2152 3599 2221 obstruxerat,
3629 2169 3822 2225 parvu-

2237 2243 2320 2298 lus
2347 2243 2634 2297 reseravit:
2687 2258 3000 2316 quanquam
3043 2250 3097 2298 et
3122 2243 3238 2315 ipse
3277 2242 3350 2299 sit
3386 2243 3633 2314 angelus,
3683 2243 3821 2298 sicut

2233 2331 2497 2403 scriptum
2543 2340 2623 2387 est
2657 2331 2724 2386 de
2762 2347 2859 2386 eo:
2926 2355 2945 2378 ι
2973 2331 3117 2388 Ecce
3148 2331 3312 2387 mitto
3341 2332 3596 2404 angelum
3643 2347 3822 2388 meum

2231 2428 2358 2476 ante
2385 2421 2581 2477 faciem
2612 2427 2763 2476 tuam
2791 2420 3049 2491 (Malach.
3072 2437 3155 2489 III,
3183 2422 3260 2492 1).
3290 2445 3310 2468 ι
3353 2419 3628 2492 Respicite
3659 2419 3822 2492 igitur

2227 2510 2514 2579 Joannem,
2559 2515 2698 2574 461
2735 2517 2938 2583 quanta
2969 2510 3054 2566 vis
3082 2509 3155 2567 sit
3188 2509 3308 2582 ejus
3340 2509 3618 2579 vocabuli,
3662 2509 3821 2581 cujus

2229 2611 2569 2682 nuncupatio
2611 2608 2854 2666 reddidit
2901 2617 3057 2666 muto
3100 2625 3315 2678 vocem,
3366 2609 3509 2682 patri
3537 2609 3816 2680 pietatem,

2227 2701 2428 2773 populo
2458 2699 2815 2757 sacerdotem.
2848 2700 3006 2756 Prius
3036 2700 3186 2756 enim
3227 2707 3343 2756 erat
3387 2707 3574 2756 tacens
3618 2699 3823 2770 lingua,

2226 2789 2431 2845 sterilis
2459 2789 2595 2856 ﬁlio,
2628 2789 2877 2860 privatus
2901 2789 3120 2847 oﬂicio:
3150 2797 3206 2845 at
3235 2788 3331 2846 ubi
3360 2789 3610 2844 Joannes
3636 2785 3824 2843 nasci-

2225 2888 2338 2950 tur,
2370 2881 2432 2938 ﬁt
2480 2890 2702 2954 repente
2748 2889 2920 2954 pater,
2969 2881 3256 2954 propheta,
3289 2881 3376 2938 vel
3411 2881 3711 2954 pontifex;
3747 2881 3822 2937 lo-

2224 2972 2385 3045 quela
2413 2988 2573 3028 usum
2604 2971 2821 3044 recipit,
2852 2973 3062 3044 prolem
3100 2971 3318 3028 affectio
3360 2971 3610 3044 suscipit,
3640 2986 3825 3029 sacer-

2223 3061 2408 3118 dotem
2437 3061 2652 3119 functio
2679 3062 3042 3133 recognoscit.

2291 3151 2344 3206 4.
2377 3151 2515 3209 Cum
2544 3167 2672 3224 ergo
2710 3159 2864 3208 tanta
2900 3149 2986 3206 vis
3038 3149 3112 3207 sit
3155 3149 3275 3222 ejus
3304 3148 3581 3219 vocabuli,
3615 3149 3822 3208 dicturi

2223 3243 2290 3302 de
2320 3261 2406 3314 eo,
2447 3244 2550 3300 etsi
2601 3251 2782 3302 tacere
2828 3243 3106 3311 volumus,
3159 3242 3322 3299 silere
3351 3259 3464 3298 non
3495 3258 3818 3314 possumus;

2223 3334 2339 3406 ipse
2367 3335 2516 3392 enim
2546 3335 2781 3390 Joannes
2818 3349 2930 3389 vox
2959 3332 3252 3390 clamantis
3287 3333 3512 3390 dicitur.
3545 3332 3686 3401 Quis
3715 3332 3822 3406 igi-

2221 3433 2333 3494 tur,
2367 3426 2463 3499 qui
2492 3440 2684 3482 vocem
2714 3425 2919 3492 laudet,
2953 3431 3008 3480 et
3037 3431 3210 3480 taceat
3235 3423 3263 3480 ?
3307 3423 3603 3482 clamorem
3633 3423 3822 3482 admi-

2223 3524 2393 3584 retur,
2427 3524 2480 3572 et
2507 3523 2694 3572 mutus
2717 3514 2830 3571 sit?
2859 3512 2960 3570 Ait
3000 3513 3148 3569 enim
3199 3512 3314 3585 ipse
3359 3512 3429 3570 de
3472 3529 3530 3569 se
3563 3530 3576 3568 :
3630 3537 3649 3560 ι
3707 3514 3821 3587 Ego

2222 3622 2343 3662 sum
2372 3623 2484 3662 vox
2533 3603 2822 3662 clamantis
2869 3603 2928 3659 in
2957 3601 3173 3659 deserto
3204 3603 3400 3673 (Joan.
3431 3619 3472 3670 ι,
3503 3602 3620 3674 23).
3650 3626 3671 3649 ι
3716 3602 3822 3659 Vi-

2220 3693 2342 3750 dete
2372 3695 2506 3768 quid
2535 3694 2777 3760 dixerit;
2814 3708 2927 3750 non
2957 3691 3104 3748 enim
3135 3692 3214 3749 ait
3242 3698 3458 3747 tantum
3497 3709 3511 3747 :
3553 3692 3672 3764 Ego
3701 3709 3817 3749 sum

2221 3801 2352 3852 vox,
2400 3783 2495 3840 sed
2539 3793 2594 3840 et
2633 3781 2924 3842 clamantis
2962 3797 3120 3838 vox:
3177 3778 3390 3838 scilicet
3428 3788 3492 3837 ut
3540 3780 3613 3838 ad
3656 3781 3812 3838 ﬁdem

2219 3871 2659 3946 consequendam
2715 3888 2826 3927 vox
2873 3887 3030 3928 aures
3078 3877 3348 3943 penetret,
3401 3870 3613 3928 clamor
3658 3869 3818 3928 corda

2219 3963 2498 4021 concutiat
2531 3982 2542 4020 :
2587 3979 2698 4018 vox
2727 3978 2957 4035 regnum
2986 3960 3264 4034 praedicet,
3301 3960 3514 4018 clamor
3541 3959 3815 4033 judicium

2218 4054 2606 4110 comminetur.

2288 4145 2341 4200 5.
2366 4143 2594 4216 Magnus
2613 4141 2784 4214 igitur
2803 4142 3061 4208 Joannes,
3079 4139 3242 4214 cujus
3263 4139 3635 4212 magnitudini
3653 4142 3816 4199 etiam

2217 4234 2468 4292 Salvator
2493 4232 2875 4291 testimonium
2910 4231 3182 4306 perhibet,
3213 4229 3406 4288 dicens
3440 4249 3453 4286 :
3497 4253 3516 4278 ι
3544 4232 3696 4288 Inter
3723 4247 3813 4288 na-

2220 4333 2300 4383 tos
2342 4325 2638 4382 mulierum
2666 4322 2841 4396 major
2869 4339 2982 4380 non
3013 4329 3095 4379 est
3126 4322 3335 4378 Joanne
3369 4321 3617 4395 Baptista
3665 4322 3813 4394 (Luc.

2215 4432 2317 4481 vn,
2347 4415 2463 4486 28).
2494 4441 2512 4464 ι
2564 4414 2835 4473 Ρτωοθιιίῑ
2863 4411 3097 4480 cunctis,
3130 4411 3340 4467 eminet
3383 4410 3683 4481 universis,
3712 4428 3816 4470 au-

2213 4509 2414 4566 tecedit
2470 4510 2780 4583 prophetas,
2832 4507 3245 4582 supergreditur
3319 4503 3687 4581 patriarchas,
3763 4508 3815 4557 et

2211 4598 2462 4672 quisquis
2486 4598 2555 4654 de
2583 4599 2813 4654 muliere
2841 4597 3106 4664 nascitur,
3131 4594 3369 4652 inferior
3399 4601 3489 4652 est
3516 4593 3742 4650 Joanne.

2283 4698 2336 4754 6.
2365 4696 2471 4754 Sed
2495 4696 2756 4753 debemus
2783 4695 3079 4769 diligenter
3106 4693 3416 4769 inquirere,
3448 4709 3548 4750 cur
3591 4691 3669 4748 ita
3696 4692 3816 4748 Do-

2214 4786 2398 4844 minus
2439 4787 2667 4853 dixerit,
2698 4785 2804 4842 hoc
2832 4795 2914 4844 est
2943 4804 2953 4843 :
3003 4811 3021 4835 ι
3063 4787 3213 4842 Inter
3242 4793 3402 4841 natos
3434 4781 3751 4851 mulierum,
3781 4804 3800 4830 ι

2211 4883 2264 4932 et
2293 4893 2404 4932 non
2432 4875 2616 4948 potius
2644 4875 2850 4934 dixerit
2891 4895 2904 4935 :
2953 4877 3103 4933 Inter
3128 4874 3272 4931 ﬁlios
3304 4874 3556 4931 virorum
3588 4889 3703 4930 non
3733 4879 3811 4930 est

2212 4964 2384 5037 major
2403 4967 2630 5036 Joanne,
2663 4984 2787 5024 cum
2818 4967 3012 5042 utique
3039 4967 3299 5024 mulieres
3331 4975 3492 5022 natos
3520 4964 3642 5022 sine
3671 4963 3811 5020 viris

2211 5057 2409 5117 habere
2435 5075 2547 5115 non
2576 5059 2805 5132 possint.
2836 5059 2952 5117 Hoc
2970 5065 3152 5116 autem
3182 5058 3347 5127 dixit,
3381 5057 3514 5132 quia
3541 5071 3772 5113 numero
3793 5081 3815 5096 -

2209 5149 2321 5207 sior
2349 5160 2432 5209 est
2459 5153 2637 5224 proles
2677 5151 2976 5209 mulierum
3007 5167 3172 5226 quam
3203 5151 3455 5208 virorum
3481 5167 3495 5217 ;
3542 5156 3626 5206 est
3657 5147 3808 5204 enim

2209 5241 2457 5297 mulieris
2483 5240 2652 5310 ﬁlius,
2675 5242 2769 5314 qui
2794 5242 2903 5298 viri
2920 5241 3069 5298 ﬁlius
3090 5257 3202 5298 non
3219 5249 3326 5300 est.
3349 5239 3602 5314 Denique
3625 5243 3811 5296 sancta

2283 5409 2398 5480 (67)
2432 5407 2604 5478 Edit.,
2618 5413 2838 5480 partum
2859 5415 3006 5464 utero
3023 5413 3364 5480 prwgravato
3387 5425 3399 5475 ;
3431 5409 3635 5466 melius
3654 5424 3806 5474 mss.,

2203 5486 2367 5552 partu
2382 5487 2602 5552 (uterum
2625 5487 2966 5552 praegravata
2973 5499 3041 5537 in.

2281 5551 2397 5621 (68)
2418 5553 2497 5608 Ita
2526 5551 2689 5621 mssl;
2722 5551 2777 5609 at
2805 5552 2937 5609 edit.
2970 5567 3182 5620 omnes,
3211 5551 3400 5607 missus
3433 5552 3491 5607 in
3521 5565 3801 5616 carcerem,

2206 5625 2439 5692 clausus,
2472 5630 2578 5682 etc.
