4064 6178
225 307 316 366 733

1033 303 1407 362 SERMONES
1440 303 1496 360 S.
1536 303 1894 361 AMBROSIO
1935 303 2307 361 HACTENUS
2345 305 2681 362 ASCRIPTI.

3410 308 3515 366 734

222 431 379 492 Maria
405 428 595 504 genuit
622 427 827 498 filium,
872 428 968 503 qui
999 436 1209 502 patrem
1239 428 1519 485 hominem
1558 445 1671 486 non
1700 429 1810 486 ha—
1837 432 1887 492 A
1923 438 2034 500 tur,
2093 447 2203 487 non
2233 438 2410 504 potest
2461 430 2732 487 excusari.
2767 431 3118 488 Conscientia
3181 432 3330 489 enim
3361 447 3516 490 reum

223 526 396 592 heret;
445 521 721 579 Dominus
771 521 919 578 enim
971 531 1051 579 est
1094 521 1345 578 mulieris
1394 520 1564 591 ﬁlius,
1607 529 1660 576 et
1702 521 1812 578 viri

221 615 356 673 ﬁlius
385 629 497 669 non
545 619 649 682 est,
691 612 836 669 sicut
864 611 1002 669 dicit
1030 612 1368 685 Apostolus:
1419 634 1437 659 ι
1483 611 1714 668 Factum
1743 610 1814 668 de

221 708 437 765 muliere
487 705 631 779 (69),
672 704 877 761 factum
906 703 1009 761 sub
1041 706 1156 778 lege
1201 705 1410 776 (Galat.
1446 723 1524 774 ιγ,
1555 706 1651 777 li);
1683 730 1702 755 ι
1753 714 1815 764 ut

219 799 304 876 qui
335 805 565 855 matrem
593 795 650 851 in
673 795 834 852 terris
850 795 1036 864 habet,
1062 797 1276 852 Patrem
1301 795 1524 856 haberet
1549 797 1607 853 in
1636 797 1810 855 coelis.

179 936 184 940 ~
217 896 351 967 Ergo
379 893 439 949 in
483 891 700 948 laudem
743 890 974 948 Joannis
1015 890 1354 949 fecundioris
1383 909 1548 949 sexus
1577 909 1812 964 genera-

219 985 290 1042 tio
313 982 561 1058 ponitur,
593 990 654 1037 ut
683 981 896 1038 nullius
924 981 992 1037 ab
1024 998 1087 1038 eo
1119 983 1380 1039 nativitas
1409 992 1707 1055 separetur.

285 1077 332 1132 7.
368 1073 518 1132 Dicit
564 1074 705 1130 forte
753 1073 955 1147 aliquis
988 1092 1000 1130 :
1048 1073 1104 1130 Si
1134 1073 1279 1130 inter
1325 1083 1483 1131 natos
1513 1075 1809 1130 mulierum

219 1165 385 1238 major
413 1171 494 1221 est
539 1164 796 1231 Joannes,
839 1161 1111 1235 numquid
1158 1163 1324 1219 etiam
1372 1162 1546 1234 major
1573 1171 1654 1220 est
1683 1163 1814 1220 Sal-

219 1263 399 1310 vatore
419 1253 447 1309 ‘l
477 1251 635 1309 Absit
669 1271 681 1320 ;
715 1253 951 1308 Joannes
977 1253 1124 1308 enim
1154 1259 1314 1308 natus
1344 1252 1617 1322 mulieris,
1649 1253 1811 1310 Chri-

223 1354 334 1402 stus
389 1351 567 1399 autem
615 1343 849 1416 virginis
899 1350 1062 1399 natus
1118 1350 1244 1398 est:
1309 1341 1402 1398 ille
1433 1344 1813 1416 corruptibilis

223 1435 357 1492 uteri
386 1433 603 1490 sinibus
634 1423 840 1490 effusus
863 1442 965 1501 est,
998 1434 1101 1490 iste
1134 1433 1437 1506 impollutae
1469 1435 1650 1489 vulvae
1681 1433 1813 1491 ﬂore

222 1525 550 1601 progenitus.
579 1524 708 1581 Ideo
745 1533 927 1581 autem
966 1542 1093 1582 cum
1121 1524 1346 1582 Joannis
1377 1524 1664 1580 nativitate
1692 1527 1813 1581 Do-

220 1615 348 1673 mini
386 1615 667 1690 generatio
697 1615 1016 1688 deputatur,
1061 1631 1130 1671 ne
1166 1615 1436 1672 Dominus
1466 1623 1624 1671 extra
1656 1614 1812 1671 veri-

221 1718 378 1770 tatem
414 1710 532 1785 (70)
563 1709 846 1766 videretur
871 1726 984 1766 esse
1005 1709 1341 1765 conditionis
1367 1708 1642 1766 humanae.

830 1835 1065 1893 SERMO
1103 1835 1217 1892 LII.

379 1939 461 1993 De
489 1936 606 1993 vita
633 1934 873 2008 ejusdem
913 1935 1087 1992 sancti
1116 1935 1342 1992 Joannis
1375 1935 1652 2008 Baptistae.

225 2055 322 2113 Hic
367 2072 538 2110 sermo
581 2056 776 2110 tametsi
822 2072 856 2109 a
900 2054 1160 2110 Gratiano
1201 2061 1248 2108 et
1297 2056 1453 2111 Ivone
1491 2053 1585 2108 sub
1613 2051 1822 2107 nomine

290 2127 562 2184 Ambrosii
615 2127 803 2181 citatus
853 2124 1034 2195 fuerit,
1093 2126 1230 2182 nihil
1273 2133 1443 2180 tamen
1474 2143 1591 2196 pra:
1619 2142 1671 2179 se
1715 2123 1822 2194 fert

288 2198 564 2255 Ambrosii
597 2215 614 2253 :
645 2198 732 2252 sed
778 2215 867 2252 nec
899 2198 1190 2268 quidquam
1236 2197 1506 2270 afﬁnitatis
1531 2197 1683 2270 habet
1706 2211 1822 2250 cum

285 2270 672 2342 superioribus,
717 2269 1152 2342 quemadmodum
1177 2287 1242 2342 ea:
1271 2268 1394 2342 'ejus
1440 2268 1680 2342 exordio,
1734 2284 1824 2342 nec

281 2339 392 2398 non
435 2359 500 2397 ea:
545 2359 601 2396 eo
629 2339 770 2412 quod
815 2341 1113 2412 longissime
1161 2341 1226 2396 ab
1275 2341 1384 2396 illis
1415 2342 1471 2395 in
1515 2340 1658 2396 Gall.
1707 2339 1820 2412 cod.

285 2411 655 2486 disiungatur,
717 2419 880 2484 patet.
909 2411 917 2412 ί
942 2414 1080 2486 Quin
1119 2413 1274 2468 etiam
1314 2413 1365 2486 si
1412 2411 1823 2486 quisattentius

287 2486 451 2542 illum
478 2483 810 2554 'discusserit,
863 2485 1098 2540 eumdem
1141 2483 1431 2555 comperiet
1450 2483 1658 2540 laciniis
1690 2500 1825 2537 con—

285 2564 436 2613 stare
481 2558 599 2613 hinc
636 2557 756 2611 inde
798 2556 1056 2627 sumptis;
1100 2557 1524 2626 quandoquidem
1581 2555 1720 2627 quod
1770 2571 1825 2608 eo

292 2630 491 2702 legitur
527 2630 588 2685 de
627 2628 880 2702 sanguine
915 2626 1047 2684 Abel
1093 2629 1371 2702 cla-mante,
1414 2627 1576 2702 infra
1622 2626 1683 2702 in_
1705 2642 1827 2702 ser-

289 2697 448 2757 mbne
500 2702 570 2758 59
618 2697 903 2772 reperitur,
958 2707 1015 2772 et
1065 2701 1205 2770 quod
1255 2700 1336 2754 hic
1391 2701 1452 2754 de
1502 2697 1825 2772 concubinis,

287 2773 567 2829 monachis
610 2770 914 2842 cléricisque
932 2770 1261 2843 disputatur,
1279 2773 1500 2843 petitum
1527 2771 1736 2843 videtur
1763 2787 1828 2824 ea:

293 2844 632 2918 sermonibus
677 2842 1026 2918 Caesarianis
1049 2843 1154 2901 292
1187 2849 1234 2899 et
1276 2842 1379 2901 293
1423 2843 1666 2918 Append.
1700 2842 1826 2898 Au-

289 2922 440 2990 gust.
473 2916 703 2988 aliisque
729 2915 1022 2971 nonnullis.

293 3037 350 3094 1.
399 3036 658 3093 Diximus
690 3035 960 3108 superiori
990 3033 1300 3104 Dominica,
1337 3051 1462 3093 cum
1494 3034 1701 3092 silentii
1732 3050 1827 3090 no-

220 3127 318 3184 stri
384 3126 601 3182 veniam
634 3133 963 3199 peteremus,
1009 3125 1155 3198 quod
1186 3141 1284 3198 pro
1317 3125 1492 3181 salute
1523 3125 1825 3194 communi,

220 3216 610 3279 sacerdotibus
639 3217 802 3274 etiam
845 3215 1174 3285 tacentibus,
1219 3215 1472 3272 doctrina
1517 3214 1832 3288 evangelica

221 3325 336 3367 non
377 3316 568 3377 taceat,
601 3315 654 3364 et
707 3307 853 3381 quod
881 3307 1164 3364 silentium
1210 3322 1399 3365 eorum
1434 3305 1710 3378 suppleret
1737 3304 1835 3361 di-

222 3400 366 3457 vina
396 3397 667 3456 sententia
699 3417 713 3467 ;
761 3415 974 3471 semper
1019 3397 1168 3454 enim
1214 3397 1407 3454 divina
1435 3396 1715 3470 Scriptura
1745 3397 1837 3452 lo-

225 3489 428 3563 quitur
457 3496 510 3544 et
567 3489 789 3556 clamat,
839 3487 983 3544 sicut
1032 3486 1298 3559 scriptum
1351 3493 1433 3542 est
1479 3485 1546 3542 de
1587 3486 1832 3542 Joanne:

238 3601 258 3625 ι
292 3580 420 3650 Ego
457 3593 577 3633 sum
610 3594 720 3633 vox
750 3576 1038 3633 clamantis
1066 3577 1125 3633 in
1159 3576 1374 3634 deserto
1399 3577 1626 3648 (10am,
1661 3576 1775 3648 23).
1809 3602 1826 3626 ι

225 3665 356 3724 Non
391 3665 538 3721 enim
569 3672 781 3722 tantum
802 3664 860 3721 in
880 3665 977 3720 illo
1007 3674 1256 3738 tempore
1285 3666 1548 3724 clamavit
1577 3667 1838 3734 Joannes,

225 3772 343 3830 quo
413 3755 694 3827 pharisaeis
748 3755 1085 3813 annuntians
1133 3757 1435 3814 Dominum
1479 3758 1842 3827 Salvatorem,

226 3845 424 3903 dixit:
471 3872 489 3894 ι
523 3846 711 3902 Parate
762 3845 911 3902 viam
942 3848 1189 3918 Domini,
1225 3857 1401 3906 rectas
1429 3848 1593 3906 facite
1622 3847 1844 3906 semitas

228 3937 365 4011 ejus
395 3939 604 4007 (Matth.
637 3955 722 4006 ιιι,
745 3939 802 4010 3)
829 3957 842 4006 ;
877 3963 895 3986 ι
940 3939 1032 3996 sed
1061 3948 1116 3996 et
1144 3940 1308 3998 hodie
1338 3941 1541 3999 clamat
1567 3941 1625 3997 in
1661 3941 1842 4009 nobis,

234 4037 298 4083 et.
344 4027 498 4083 vocis
541 4043 651 4083 suae
698 4028 946 4085 tonitruo
999 4030 1214 4089 deserta
1243 4039 1559 4089 nostrorum
1600 4029 1847 4088 concutit

233 4129 620 4200 peccatorum.
652 4125 736 4180 Ac
758 4123 884 4179 licet
909 4133 1096 4184 sancta
1119 4130 1368 4202 martyrii
1399 4137 1574 4186 morte
1613 4127 1847 4185 dormie-

232 4213 343 4280 rit,
381 4227 494 4267 vox
519 4219 699 4269 tamen
719 4211 838 4285 ejus
865 4213 1041 4283 vivit;
1069 4216 1204 4275 dicit
1225 4220 1372 4275 enim
1393 4231 1446 4278 et
1474 4221 1636 4278 nobis
1659 4221 1844 4278 hodie:

236 4327 269 4360 ‹‹
308 4305 508 4362 Parate
535 4305 680 4362 viam
708 4305 954 4372 Domini,
982 4316 1159 4365 rectas
1199 4309 1362 4367 facite
1395 4315 1613 4370 semitas
1646 4313 1792 4386 ejus;
1818 4339 1834 4361 ι

232 4411 462 4468 semper
498 4394 645 4450 enim
696 4393 983 4467 Scriptura
1020 4396 1212 4454 divina
1249 4399 1445 4456 clamat
1488 4410 1542 4458 et
1582 4403 1848 4475 loquitur.

316 4493 374 4549 2.
419 4492 570 4548 Unde
608 4499 662 4549 et
691 4492 758 4548 ad
799 4491 936 4550 Cain
967 4493 1108 4552 dicit
1135 4496 1324 4552 Deus:
1370 4518 1387 4541 ι
1420 4495 1544 4552 Vox
1574 4497 1854 4570 sanguinis

236 4581 438 4640 fratris
465 4580 547 4637 tui
577 4582 777 4638 clamat
799 4582 870 4640 ad
892 4600 977 4640 me
1001 4589 1018 4653 (
1032 4584 1159 4641 Gen.
1185 4602 1264 4654 ιν,
1287 4584 1400 4655 10).
1425 4611 1444 4635 ι
1470 4585 1636 4642 Nulla
1664 4586 1852 4660 utique

236 4669 534 4744 sanguinis
565 4686 673 4726 vox
701 4677 804 4740 est,
837 4673 931 4730 sed
976 4674 1214 4731 clamare
1243 4675 1453 4734 dicitur
1481 4675 1720 4750 sanguis,
1755 4675 1850 4748 qui

238 4765 521 4822 innocens
565 4763 768 4820 effusus
820 4773 920 4835 est,
972 4783 1084 4824 non
1132 4777 1244 4825 tam
1289 4786 1424 4827 voce
1453 4785 1617 4843 quam
1649 4785 1846 4836 causa;

237 4869 300 4916 et
331 4856 686 4928 interpellare
716 4858 1014 4916 Dominum
1058 4875 1171 4918 non
1201 4861 1588 4934 persecutione
1619 4861 1846 4934 eloquii,

239 4947 346 5005 sed
377 4945 758 5017 indignatione
785 4949 1095 5017 commissi;
1119 4966 1182 5007 ac
1202 4958 1413 5006 reatum
1427 4967 1586 5006 suum
1610 4967 1721 5006 non
1739 4958 1849 5005 tam

241 5040 552 5099 verborum
597 5055 852 5097 accusare
899 5042 1268 5110 sermonibus,
1299 5058 1464 5116 quam
1503 5041 1851 5100 conscientiae

241 5132 436 5207 ipsius
481 5132 628 5192 482
689 5130 1080 5190 criminatione
1149 5130 1546 5205 constringere.
1592 5130 1855 5199 Quamvis

242 5229 406 5287 enim
437 5229 645 5287 malum
671 5229 879 5286 factum
909 5228 956 5285 si
993 5227 1052 5283 in
1083 5228 1253 5285 verbo
1281 5227 1637 5300 producatur,
1677 5243 1856 5284 excu—

243 5319 529 5376 sationem
585 5319 814 5376 fortasse
862 5317 1078 5390 recipit,
1112 5315 1221 5374 nisi
1272 5317 1611 5376 conscientia
1638 5333 1854 5374 revoce-

330 5497 426 5564 (69
493 5497 681 5555 Codex
711 5497 943 5562 Theod.,
971 5497 1171 5550 Natum
1199 5497 1261 5550 de
1284 5497 1523 5551 muliere.

331 5569 427 5640 (70
493 5567 641 5625 Idem
667 5566 864 5634 codex,
895 5583 959 5621 ne
986 5566 1250 5622 Dominus
1279 5574 1429 5622 extra
1455 5575 1725 5624 naturam.

333 5502 454 5712 (71)
495 5639 699 5712 Omnes
725 5637 888 5708 edit.,
923 5639 1258 5695 Conscientia
1287 5639 1422 5694 enim
1449 5648 1652 5698 reatum
1679 5657 1725 5698 st

365 5637 454 5708 71)
495 5639 699 5696 Omnes
725 5637 888 5708 edit.,
923 5639 1258 5695 Conscientia
1287 5639 1422 5694 enim
1449 5648 1652 5698 reatum
1679 5656 1854 5698 suum:

251 5711 440 5769 codex
470 5711 714 5785 Lugd....
745 5727 894 5768 reum
930 5727 1106 5768 suum.

493 5494 681 5555 Codex
711 5493 943 5562 Theod.,
971 5495 1171 5550 Natum
1199 5494 1261 5550 de
1284 5494 1523 5551 muliere.

1923 537 2083 576 suum
2117 521 2233 593 (71)
2297 537 2509 593 semper
2566 521 2736 578 tacita
2766 521 2885 578 sine
2913 521 3358 580 contradictione
3385 539 3516 580 con-

1923 611 2098 668 vincit
2127 621 2181 668 et
2199 609 2432 684 judicat.

1994 704 2046 760 3.
2079 705 2360 777 Hodieque
2389 721 2516 778 ergo
2564 705 2800 762 Joannes
2829 707 3029 763 clamat
3056 713 3110 764 et
3135 705 3308 763 dicit:
3355 729 3374 753 σ
3403 707 3517 763 Pa-

1921 801 2035 849 rate
2065 794 2211 848 viam
2233 794 2478 862 Domini,
2517 803 2695 851 rectas
2732 796 2896 852 facite
2933 797 3158 852 semitas
3188 795 3327 868 ejus.
3359 822 3377 845 ι
3419 798 3517 854 Pa-

1921 901 2040 940 rare
2068 901 2195 956 ergo
2219 884 2485 956 jubemur
2514 885 2660 942 viam
2691 886 2938 955 Domini,
2967 885 3180 942 scilicet
3217 903 3329 942 non
3364 903 3518 962 agge-

1922 991 2035 1030 rem
2089 973 2324 1040 itineris,
2377 974 2471 1030 sed
2523 975 2651 1031 ﬁdei
2682 975 3014 1049 puritatem;
3077 976 3347 1032 Dominus
3368 975 3516 1034 enim

1920 1067 2189 1118 terrenam
2249 1062 2498 1118 semitam
2558 1064 2753 1134 carpit,
2814 1065 2907 1120 sed
2946 1080 3042 1136 per
3084 1073 3290 1120 secreta
3319 1063 3520 1121 mentis

1921 1152 2146 1207 incedit.
2197 1151 2254 1207 Si
2305 1153 2436 1225 quid
2468 1152 2637 1224 igitur
2692 1153 2749 1208 in
2799 1153 2901 1208 hac
2929 1153 3020 1207 via
3069 1153 3236 1210 fuerit
3275 1155 3522 1211 moribus

1920 1241 2523 1313 asperum,crudclitate
2543 1242 3198 1310 durum,conversatione
3221 1244 3518 1314 pollutum,

1915 1328 2176 1401 jubemur
2233 1331 2516 1399 mundare,
2549 1347 2858 1404 exaequare,
2893 1348 3264 1404 componere;
3325 1340 3388 1387 ut
3417 1349 3522 1388 su-

1922 1419 2245 1491 perveniens
2302 1420 2574 1476 Dominus
2617 1437 2732 1476 non
2781 1421 3026 1476 oﬁ‘endat
3085 1422 3142 1475 in
3200 1420 3380 1490 nobis,
3429 1420 3523 1478 sed

1922 1509 2095 1580 magis
2122 1508 2362 1580 reperiat
2378 1510 2524 1565 viam
2556 1510 2804 1566 castitate
2832 1526 3048 1582 puram,
3071 1510 3371 1581 proclivem
3393 1509 3521 1580 ﬁde,

1923 1599 2292 1672 eleemosynis
2350 1601 2706 1657 eminentem.
2741 1601 2898 1668 Quod
2955 1608 3139 1657 autem
3196 1601 3292 1658 tali
3327 1601 3526 1657 itinere

1923 1688 2178 1746 incedere
2235 1691 2409 1745 soleat
2464 1689 2755 1758 Dominus,
2811 1691 3083 1762 Propheta
3119 1690 3402 1759 describit,
3435 1689 3519 1747 di-

1842 1805 1889 1866 Β
1926 1795 2090 1835 cens:
2145 1803 2164 1826 ε
2191 1780 2301 1835 Iter
2353 1778 2516 1835 facite
2546 1779 2594 1834 ei
2626 1779 2719 1851 qui
2750 1779 2994 1836 ascendit
3040 1797 3204 1854 super
3247 1797 3524 1849 occasum,

1927 1867 2198 1924 Dominus
2228 1884 2429 1924 nomen
2454 1876 2538 1924 est
2575 1868 2624 1925 ei
2656 1869 2830 1940 (Psal.
2862 1885 3037 1938 van,
3057 1869 3138 1941 5).
3175 1894 3196 1920 ι

1998 1957 2052 2013 [ι.
2084 1957 2189 2014 Sed
2241 1957 2548 2026 videamus,
2581 1958 2698 2029 ipse
2730 1959 2968 2016 Joannes
3018 1961 3113 2033 qui
3146 1975 3337 2032 parare
3375 1959 3526 2016 viam

1929 2047 2150 2103 Domini
2177 2046 2356 2119 jubet,
2414 2063 2576 2120 quam
2608 2048 2723 2120 ipse
2753 2049 2900 2105 viam
2932 2051 3206 2122 paraverit
3233 2050 3528 2108 Salvatori.

1929 2138 2032 2194 Per
2087 2137 2273 2192 omnia
2329 2138 2511 2211 plane,
2582 2137 2914 2194 adveniente
2977 2139 3218 2204 Christo,
3249 2139 3529 2198 tramitem

1931 2230 2036 2286 viae
2067 2246 2178 2286 suae
2223 2230 2532 2303 composuit
2559 2238 2619 2287 et
2643 2231 2870 2288 direxit.
2930 2234 3068 2290 Nam
3099 2234 3208 2290 fuit
3233 2235 3428 2308 utique
3454 2233 3533 2306 je-

1925 2320 2118 2392 junus,
2175 2319 2428 2388 humilis,
2486 2336 2682 2393 parcus
2712 2329 2768 2376 et
2798 2322 2956 2394 virgo
2983 2341 2997 2390 ;
3030 2339 3222 2380 omnes
3253 2323 3402 2380 enim
3434 2322 3534 2380 has

1933 2411 2166 2468 virtutes
2218 2410 2337 2482 ejus
2387 2410 2724 2483 evangelista
2786 2411 3113 2469 describens
3185 2413 3299 2470 ait:
3359 2437 3377 2461 ι
3411 2415 3533 2486 Ipse

1934 2512 2115 2559 autem
2133 2503 2368 2559 Joannes
2385 2503 2646 2558 vestitum
2669 2503 2904 2560 habebat
2924 2504 2991 2560 de
3029 2505 3157 2578 pilis
3172 2505 3532 2574 camelorum,

1937 2601 1988 2648 et
2017 2609 2153 2648 zona
2183 2592 2412 2664 pellicea
2437 2592 2585 2649 circa
2611 2593 2829 2648 lumbos
2858 2592 2993 2664 ejus.
3026 2595 3165 2649 Esca
3192 2603 3374 2649 autem
3414 2592 3533 2664 ejus

1935 2691 2090 2738 erant
2147 2683 2391 2750 locustae,
2443 2690 2497 2737 et
2528 2683 2634 2738 mel
2691 2683 2946 2738 silvestre
3006 2683 3219 2754 (Matth.
3252 2700 3337 2750 ιιι,
3382 2681 3464 2753 4).
3500 2707 3518 2730 ι

1935 2771 2066 2839 Quae
2096 2771 2266 2843 igitur
2294 2769 2468 2841 major
2496 2771 2786 2826 humilitas
2813 2772 2870 2827 in
2901 2771 3167 2844 propheta
3199 2773 3342 2844 (72),
3366 2787 3531 2846 quam

1935 2861 2268 2933 contemptis
2295 2861 2555 2917 mollibus
2572 2861 2936 2930 indumentis,
2968 2861 3210 2933 pilorum
3227 2862 3529 2934 asperitate

1937 2952 2129 3009 vestiri
2152 2953 2180 3009 ‘i
2209 2952 2341 3020 Quae
2372 2950 2624 3007 devotior
2643 2951 2798 3018 ﬁdes,
2831 2967 2992 3025 quam
3018 2952 3376 3024 praecinctum
3398 2968 3537 3009 zona

1938 3049 2188 3113 paratum
2219 3055 2334 3096 esse
2349 3055 2562 3112 semper
2591 3037 2659 3095 ad
2675 3054 2838 3095 omne
2863 3039 3148 3095 servitutis
3173 3038 3536 3112 obsequium?

1944 3133 2074 3202 Quae
2109 3132 2422 3206 praeclarior
2469 3132 2822 3202 abstinentia,
2855 3148 3017 3206 quam
3047 3131 3247 3205 spretis
3275 3131 3406 3188 vitae
3437 3130 3536 3187 hu-

1937 3223 2029 3296 jus
2090 3224 2327 3292 deliciis,
2385 3223 2636 3280 stridulis
2665 3223 2814 3280 vesci
2862 3222 3089 3279 locustis
3113 3238 3175 3279 ac
3231 3222 3394 3278 melle
3446 3221 3540 3278 sil-

1946 3314 2115 3372 vestri
2132 3315 2160 3371 ‘l

2015 3414 2069 3471 5.
2097 3412 2228 3480 Quae
2256 3409 2444 3466 omnia
2473 3407 2591 3466 haec
2619 3407 2881 3483 quoniam
2911 3408 3191 3482 prophetae
3207 3407 3331 3463 usui
3360 3412 3537 3475 erant,

1947 3503 2186 3561 arbitror
2213 3501 2270 3556 in
2301 3499 2390 3556 his
2417 3499 2552 3572 ipsis
2595 3497 2942 3571 prophetiam
2976 3498 3164 3554 fuisse.
3195 3497 3328 3554 Nam
3348 3495 3542 3568 utique

1949 3609 2074 3651 cum
2106 3588 2450 3664 praenuntius
2470 3586 2674 3644 Christi
2690 3587 3082 3644 vestimentum
3113 3586 3350 3643 habebat
3365 3601 3542 3642 came-

1952 3684 2132 3740 lorum
2187 3679 2477 3753 asperitate
2504 3686 2850 3747 contextum,
2899 3677 3033 3752 quid
3061 3675 3217 3732 aliud
3245 3674 3544 3749 signiﬁcat,

1953 3773 2062 3830 nisi
2091 3771 2236 3846 quod
2267 3773 2383 3844 ipse
2406 3769 2658 3828 Christus
2673 3767 2974 3825 adveniens
2991 3784 3191 3825 usurus
3210 3774 3351 3824 esset
3383 3765 3544 3822 indu-

1955 3872 2142 3922 mento
2197 3860 2428 3919 humani
2485 3860 2748 3932 corporis,
2810 3858 2958 3932 quod
3036 3866 3152 3915 erat
3201 3865 3547 3930 peccatorum

1955 3953 2246 4027 asperitate
2273 3952 2562 4008 densatum
2587 3968 2599 4006 :
2633 3957 2688 4006 et
2711 3949 2858 4023 quod
2902 3948 3055 4004 velut
3083 3946 3545 4004 immundissimis

1959 4045 2164 4114 bestiae,
2215 4044 2319 4100 hoc
2363 4050 2445 4100 est
2477 4041 2699 4115 gentilis
2747 4039 2959 4114 populi,
2993 4037 3365 4095 circumdatus
3416 4051 3547 4092 exu-

1957 4135 2088 4202 viis,
2127 4132 2533 4191 deformitatem
2591 4131 2710 4204 ejus
2757 4131 2872 4203 ipse
2901 4128 3185 4200 gestaret?
3239 4129 3388 4184 Zona
3415 4141 3547 4182 vero

1958 4226 2186 4301 pellicea
2228 4225 2362 4298 quid
2389 4222 2541 4280 aliud
2594 4221 2952 4287 demonstrat,
2983 4217 3092 4274 nisi
3123 4217 3265 4273 hanc
3294 4215 3548 4289 fragilem

1959 4332 2179 4376 carnem
2218 4323 2481 4381 nostram,
2523 4329 2643 4385 quae
2690 4317 2816 4366 ante
2869 4308 3168 4365 adventum
3219 4305 3427 4366 Christi
3455 4306 3550 4363 do-

1961 4407 2276 4465 minabatur
2301 4404 2367 4461 ad
2389 4403 2545 4472 vitia,
2591 4408 2712 4476 post
2739 4399 3040 4456 adventum
3069 4397 3188 4469 ejus
3242 4397 3550 4455 restrictam

1962 4515 2076 4557 esse
2103 4497 2172 4553 ad
2206 4495 2492 4562 virtutem,
2524 4501 2587 4550 ut
2617 4508 2735 4566 quae
2765 4497 2892 4547 ante
2922 4486 3257 4546 luxuriando
3289 4486 3553 4545 dilataba-

1957 4597 2050 4647 tur
2078 4588 2136 4644 in
2167 4583 2574 4661 pinguedinem,
2615 4598 2764 4640 nunc
2792 4578 3120 4638 abstinendo
3179 4585 3556 4636 attenuaretur

1959 4679 2017 4736 in
2047 4678 2245 4752 pellem
2269 4676 2297 4732 ‘l

2030 4773 2082 4830 6.
2117 4772 2347 4828 Exitum
2375 4785 2506 4826 vero
2527 4768 2646 4842 ejus
2675 4782 2838 4841 quam
2867 4765 3090 4824 beatum
3122 4764 3379 4839 legimus,
3405 4763 3554 4822 scili-

1959 4871 2044 4921 cet
2077 4862 2224 4936 quod
2278 4860 2504 4935 psaltria
2532 4858 2674 4932 regis
2726 4857 2842 4914 ﬁlia
2898 4865 3020 4930 post
3072 4856 3225 4912 illam
3271 4855 3557 4913 mimicam

1961 4955 2299 5027 voluptatem
2335 4951 2450 5024 (73)
2479 4959 2643 5024 caput
2670 4947 2788 5021 ejus
2817 4946 3086 5021 petierit?
3114 4945 3260 5015 Quid
3290 4947 3494 5003 mirum
3510 4944 3557 5001 si

1962 5044 2187 5120 psaltria
2215 5041 2420 5101 occidit
2445 5040 2768 5114 prophetam
2800 5039 2999 5112 (Marc.
3031 5056 3109 5107 vr,
3143 5037 3284 5107 27)?
3340 5037 3556 5094 Scimus

1963 5135 2092 5209 quia
2112 5132 2333 5190 luxuria
2361 5147 2573 5205 semper
2592 5139 2673 5187 est
2685 5129 2912 5188 inimica
2921 5129 3178 5203 justitias,
3209 5135 3262 5184 et
3292 5125 3556 5200 iniquitas

1964 5225 2081 5282 sine
2121 5222 2422 5282 cessatione
2451 5219 2797 5295 persequitur
2839 5220 3148 5277 veritatem.
3180 5218 3242 5274 In
3273 5232 3384 5290 quo
3412 5214 3557 5270 facto

1965 5313 2165 5388 grande
2211 5311 2541 5385 mysterium
2595 5311 2948 5378 continetur;
3011 5323 3136 5364 nam
3197 5305 3392 5378 utique
3438 5301 3558 5375 ipsa

2040 5495 2157 5624 (72L)
2188 5495 2311 5552 Vet.
2351 5493 2723 5575 edit.,.major
2773 5507 2942 5575 causa
2995 5482 3347 5549 humilitatis;
3393 5483 3552 5540 Rom.

2050 5585 2114 5624 co
2161 5612 2171 5623 .
2205 5566 2402 5624 Luud..
2432 5583 2610 5624 maior
2637 5565 2927 5620 humilitas.

1967 5575 2020 5624 et
2050 5565 2171 5624 Cod.
2205 5566 2402 5638 Lugd.,
2432 5565 2610 5636 major
2637 5565 2927 5638 humilitas.
3008 5631 3016 5638 _
3064 5627 3074 5638 ,
3139 5626 3149 5636 ,

1971 5717 2017 5766 ω
2042 5639 2158 5710 (73)
2191 5628 2400 5698 Οοᾶθχ’
2423 5628 2624 5711 Lugd,
2649 5643 2770 5710 post
2817 5635 2966 5690 illam
2999 5628 3267 5686 inimicam
3294 5628 3560 5704 volupta-

2021 5728 2089 5766 m.
