  <div class='ocr_page' id='page_1' title='image "/cluster/home/n/w/nwhite01/storage/ocr_20150623/17/hvd.32044096580436/373.png"; bbox 0 0 4064 6178; ppageno 0'>
   <div class='ocr_carea' id='block_1_1' title="bbox 557 328 660 389">
    <p class='ocr_par' dir='ltr' id='par_1_1' title="bbox 557 328 660 389">
     <span class='ocr_line' id='line_1_1' title="bbox 557 328 660 389; baseline 0.049 -4"><span class='ocrx_word' id='word_1_1' title='bbox 557 328 660 389; x_wconf 79' lang='lat'>735</span> 
     </span>
    </p>
   </div>
   <div class='ocr_carea' id='block_1_2' title="bbox 1638 343 2877 404">
    <p class='ocr_par' dir='ltr' id='par_1_2' title="bbox 1638 343 2877 404">
     <span class='ocr_line' id='line_1_2' title="bbox 1638 343 2877 404; baseline 0.006 -8"><span class='ocrx_word' id='word_1_2' title='bbox 1638 343 1732 397; x_wconf 83' lang='lat' dir='ltr'>AI)</span> <span class='ocrx_word' id='word_1_3' title='bbox 1773 343 2002 400; x_wconf 78' lang='lat' dir='ltr'>OPEBA</span> <span class='ocrx_word' id='word_1_4' title='bbox 2044 343 2098 400; x_wconf 90' lang='lat' dir='ltr'>S.</span> <span class='ocrx_word' id='word_1_5' title='bbox 2139 343 2473 401; x_wconf 81' lang='lat' dir='ltr'>AMBROSII</span> <span class='ocrx_word' id='word_1_6' title='bbox 2499 346 2877 404; x_wconf 83' lang='lat' dir='ltr'>APPENDIX.</span> 
     </span>
    </p>
   </div>
   <div class='ocr_carea' id='block_1_3' title="bbox 3773 355 3870 414">
    <p class='ocr_par' dir='ltr' id='par_1_3' title="bbox 3773 355 3870 414">
     <span class='ocr_line' id='line_1_3' title="bbox 3773 355 3870 414; baseline 0 0"><span class='ocrx_word' id='word_1_7' title='bbox 3773 355 3870 414; x_wconf 80' lang='lat'>736</span> 
     </span>
    </p>
   </div>
   <div class='ocr_carea' id='block_1_4' title="bbox 551 453 3873 555">
    <p class='ocr_par' dir='ltr' id='par_1_4' title="bbox 551 453 3873 555">
     <span class='ocr_line' id='line_1_4' title="bbox 551 453 3873 555; baseline 0.01 -47"><span class='ocrx_word' id='word_1_8' title='bbox 551 453 1085 529; x_wconf 68' lang='lat' dir='ltr'>psaltriaSynagogaa</span> <span class='ocrx_word' id='word_1_9' title='bbox 1119 466 1201 514; x_wconf 90' lang='lat' dir='ltr'>est</span> <span class='ocrx_word' id='word_1_10' title='bbox 1234 463 1623 533; x_wconf 87' lang='lat' dir='ltr'>comparanda,</span> <span class='ocrx_word' id='word_1_11' title='bbox 1662 481 1784 537; x_wconf 86' lang='lat' dir='ltr'>quae</span> <span class='ocrx_word' id='word_1_12' title='bbox 1842 466 2147 536; x_wconf 83' lang='lat' dir='ltr'>Christum,</span> <span class='ocrx_word' id='word_1_13' title='bbox 2180 465 2232 529; x_wconf 83' lang='lat' dir='ltr'>A</span> <span class='ocrx_word' id='word_1_14' title='bbox 2258 467 2376 540; x_wconf 87' lang='lat' dir='ltr'>ejus</span> <span class='ocrx_word' id='word_1_15' title='bbox 2419 468 2521 525; x_wconf 86' lang='lat' dir='ltr'>etsi</span> <span class='ocrx_word' id='word_1_16' title='bbox 2563 469 2836 528; x_wconf 90' lang='lat' dir='ltr'>sincerum</span> <span class='ocrx_word' id='word_1_17' title='bbox 2884 489 3086 547; x_wconf 91' lang='lat' dir='ltr'>corpus</span> <span class='ocrx_word' id='word_1_18' title='bbox 3149 475 3241 546; x_wconf 91' lang='lat' dir='ltr'>sit,</span> <span class='ocrx_word' id='word_1_19' title='bbox 3306 477 3506 534; x_wconf 88' lang='lat' dir='ltr'>anima</span> <span class='ocrx_word' id='word_1_20' title='bbox 3556 494 3669 536; x_wconf 88' lang='lat' dir='ltr'>non</span> <span class='ocrx_word' id='word_1_21' title='bbox 3722 490 3873 555; x_wconf 82' lang='lat' dir='ltr'>potes</span> 
     </span>
    </p>
   </div>
   <div class='ocr_carea' id='block_1_5' title="bbox 550 541 2148 628">
    <p class='ocr_par' dir='ltr' id='par_1_5' title="bbox 550 541 2148 628">
     <span class='ocr_line' id='line_1_5' title="bbox 550 541 2148 628; baseline 0.009 -29"><span class='ocrx_word' id='word_1_22' title='bbox 550 541 682 600; x_wconf 90' lang='lat' dir='ltr'>dum</span> <span class='ocrx_word' id='word_1_23' title='bbox 708 545 1044 614; x_wconf 82' lang='lat' dir='ltr'>luxuriatur,</span> <span class='ocrx_word' id='word_1_24' title='bbox 1085 548 1308 604; x_wconf 91' lang='lat' dir='ltr'>occidit.</span> <span class='ocrx_word' id='word_1_25' title='bbox 1354 551 1511 617; x_wconf 88' lang='lat' dir='ltr'>Quod</span> <span class='ocrx_word' id='word_1_26' title='bbox 1541 561 1728 609; x_wconf 92' lang='lat' dir='ltr'>autem</span> <span class='ocrx_word' id='word_1_27' title='bbox 1784 554 1887 610; x_wconf 90' lang='lat' dir='ltr'>ista</span> <span class='ocrx_word' id='word_1_28' title='bbox 1918 558 2148 628; x_wconf 82' lang='lat' dir='ltr'>psaltria</span> 
     </span>
    </p>
   </div>
   <div class='ocr_carea' id='block_1_6' title="bbox 550 633 2236 704">
    <p class='ocr_par' dir='ltr' id='par_1_6' title="bbox 550 633 2236 704">
     <span class='ocr_line' id='line_1_6' title="bbox 550 633 2236 704; baseline 0.01 -18"><span class='ocrx_word' id='word_1_29' title='bbox 550 633 837 704; x_wconf 82' lang='lat' dir='ltr'>Synagoga</span> <span class='ocrx_word' id='word_1_30' title='bbox 863 634 957 701; x_wconf 84' lang='lat' dir='ltr'>sit,</span> <span class='ocrx_word' id='word_1_31' title='bbox 988 634 1126 691; x_wconf 83' lang='lat' dir='ltr'>dicit</span> <span class='ocrx_word' id='word_1_32' title='bbox 1169 639 1436 695; x_wconf 89' lang='lat' dir='ltr'>Dominus</span> <span class='ocrx_word' id='word_1_33' title='bbox 1481 641 1549 696; x_wconf 90' lang='lat' dir='ltr'>ad</span> <span class='ocrx_word' id='word_1_34' title='bbox 1596 643 1850 700; x_wconf 61' lang='lat' dir='ltr'>Iudaeos:</span> <span class='ocrx_word' id='word_1_35' title='bbox 1895 669 1913 692; x_wconf 75' lang='grc' dir='ltr'><strong><em>ι</em></strong></span> <span class='ocrx_word' id='word_1_36' title='bbox 1953 645 2147 703; x_wconf 89' lang='lat' dir='ltr'>Canta-</span> <span class='ocrx_word' id='word_1_37' title='bbox 2225 687 2236 697; x_wconf 63' lang='grc' dir='ltr'><em>ι</em></span> 
     </span>
    </p>
   </div>
   <div class='ocr_carea' id='block_1_7' title="bbox 550 721 1972 802">
    <p class='ocr_par' dir='ltr' id='par_1_7' title="bbox 550 721 1972 802">
     <span class='ocr_line' id='line_1_7' title="bbox 550 721 1972 802; baseline 0.009 -26"><span class='ocrx_word' id='word_1_38' title='bbox 550 722 733 777; x_wconf 81' lang='lat' dir='ltr'>vimus</span> <span class='ocrx_word' id='word_1_39' title='bbox 754 721 933 790; x_wconf 83' lang='lat' dir='ltr'>vobis,</span> <span class='ocrx_word' id='word_1_40' title='bbox 963 733 1018 780; x_wconf 92' lang='lat' dir='ltr'>et</span> <span class='ocrx_word' id='word_1_41' title='bbox 1047 741 1157 780; x_wconf 90' lang='lat' dir='ltr'>non</span> <span class='ocrx_word' id='word_1_42' title='bbox 1189 728 1426 783; x_wconf 91' lang='lat' dir='ltr'>saltastis</span> <span class='ocrx_word' id='word_1_43' title='bbox 1450 730 1662 798; x_wconf 80' lang='lat' dir='ltr'>(Matth.</span> <span class='ocrx_word' id='word_1_44' title='bbox 1693 748 1774 800; x_wconf 72' lang='grc' dir='ltr'>χι,</span> <span class='ocrx_word' id='word_1_45' title='bbox 1809 734 1920 802; x_wconf 81' lang='grc'>17).</span> <span class='ocrx_word' id='word_1_46' title='bbox 1955 759 1972 781; x_wconf 75' lang='grc' dir='ltr'><strong><em>ι</em></strong></span> 
     </span>
    </p>
   </div>
   <div class='ocr_carea' id='block_1_8' title="bbox 622 838 2142 921">
    <p class='ocr_par' dir='ltr' id='par_1_8' title="bbox 622 838 2142 921">
     <span class='ocr_line' id='line_1_8' title="bbox 622 838 2142 921; baseline 0.008 -27"><span class='ocrx_word' id='word_1_47' title='bbox 622 839 672 895; x_wconf 93' lang='grc'>7.</span> <span class='ocrx_word' id='word_1_48' title='bbox 704 838 817 897; x_wconf 93' lang='lat' dir='ltr'>Cur</span> <span class='ocrx_word' id='word_1_49' title='bbox 867 849 1049 897; x_wconf 92' lang='lat' dir='ltr'>autem</span> <span class='ocrx_word' id='word_1_50' title='bbox 1081 859 1111 897; x_wconf 88' lang='lat' dir='ltr'>a</span> <span class='ocrx_word' id='word_1_51' title='bbox 1156 843 1390 900; x_wconf 81' lang='lat' dir='ltr'>Joannis</span> <span class='ocrx_word' id='word_1_52' title='bbox 1421 861 1647 918; x_wconf 93' lang='lat' dir='ltr'>corpore</span> <span class='ocrx_word' id='word_1_53' title='bbox 1690 857 1854 921; x_wconf 90' lang='lat' dir='ltr'>caput</span> <span class='ocrx_word' id='word_1_54' title='bbox 1902 849 2142 906; x_wconf 87' lang='lat' dir='ltr'>ablatum</span> 
     </span>
    </p>
   </div>
   <div class='ocr_carea' id='block_1_9' title="bbox 547 927 2144 1010">
    <p class='ocr_par' dir='ltr' id='par_1_9' title="bbox 547 927 2144 1010">
     <span class='ocr_line' id='line_1_9' title="bbox 547 927 2144 1010; baseline 0.008 -27"><span class='ocrx_word' id='word_1_55' title='bbox 547 927 638 995; x_wconf 92' lang='lat' dir='ltr'>sit,</span> <span class='ocrx_word' id='word_1_56' title='bbox 681 929 972 986; x_wconf 86' lang='lat' dir='ltr'>manifesta</span> <span class='ocrx_word' id='word_1_57' title='bbox 1027 949 1112 987; x_wconf 90' lang='lat' dir='ltr'>res</span> <span class='ocrx_word' id='word_1_58' title='bbox 1160 941 1256 989; x_wconf 82' lang='lat' dir='ltr'>est.</span> <span class='ocrx_word' id='word_1_59' title='bbox 1320 934 1573 1004; x_wconf 85' lang='lat' dir='ltr'>Joannes,</span> <span class='ocrx_word' id='word_1_60' title='bbox 1647 937 1791 993; x_wconf 90' lang='lat' dir='ltr'>sicut</span> <span class='ocrx_word' id='word_1_61' title='bbox 1846 938 2144 1010; x_wconf 87' lang='lat' dir='ltr'>Scripturis</span> 
     </span>
    </p>
   </div>
   <div class='ocr_carea' id='block_1_10' title="bbox 545 1017 2139 1094">
    <p class='ocr_par' dir='ltr' id='par_1_10' title="bbox 545 1017 2139 1094">
     <span class='ocr_line' id='line_1_10' title="bbox 545 1017 2139 1094; baseline 0.007 -21"><span class='ocrx_word' id='word_1_62' title='bbox 545 1017 833 1085; x_wconf 91' lang='lat' dir='ltr'>astruitur,</span> <span class='ocrx_word' id='word_1_63' title='bbox 871 1025 1065 1090; x_wconf 89' lang='lat' dir='ltr'>typum</span> <span class='ocrx_word' id='word_1_64' title='bbox 1107 1021 1264 1092; x_wconf 89' lang='lat' dir='ltr'>Legis</span> <span class='ocrx_word' id='word_1_65' title='bbox 1297 1023 1554 1094; x_wconf 76' lang='lat' dir='ltr'>gerebat:</span> <span class='ocrx_word' id='word_1_66' title='bbox 1597 1023 1663 1079; x_wconf 93' lang='lat' dir='ltr'>de</span> <span class='ocrx_word' id='word_1_67' title='bbox 1695 1027 1930 1082; x_wconf 90' lang='lat' dir='ltr'>Domino</span> <span class='ocrx_word' id='word_1_68' title='bbox 1960 1031 2139 1084; x_wconf 85' lang='lat' dir='ltr'>autem</span> 
     </span>
    </p>
   </div>
   <div class='ocr_carea' id='block_1_11' title="bbox 546 1105 2140 1188">
    <p class='ocr_par' dir='ltr' id='par_1_11' title="bbox 546 1105 2140 1188">
     <span class='ocr_line' id='line_1_11' title="bbox 546 1105 2140 1188; baseline 0.008 -28"><span class='ocrx_word' id='word_1_69' title='bbox 546 1105 799 1178; x_wconf 81' lang='lat' dir='ltr'>legimus,</span> <span class='ocrx_word' id='word_1_70' title='bbox 844 1107 979 1180; x_wconf 84' lang='lat' dir='ltr'>quia</span> <span class='ocrx_word' id='word_1_71' title='bbox 1024 1109 1132 1163; x_wconf 91' lang='lat' dir='ltr'>viri</span> <span class='ocrx_word' id='word_1_72' title='bbox 1189 1119 1351 1182; x_wconf 87' lang='lat' dir='ltr'>caput</span> <span class='ocrx_word' id='word_1_73' title='bbox 1382 1110 1635 1168; x_wconf 82' lang='lat' dir='ltr'>Christus</span> <span class='ocrx_word' id='word_1_74' title='bbox 1689 1123 1770 1169; x_wconf 88' lang='lat' dir='ltr'>est</span> <span class='ocrx_word' id='word_1_75' title='bbox 1802 1116 1858 1187; x_wconf 90' lang='grc' dir='ltr'>(Ι</span> <span class='ocrx_word' id='word_1_76' title='bbox 1890 1117 2014 1177; x_wconf 86' lang='lat' dir='ltr'>Cor.</span> <span class='ocrx_word' id='word_1_77' title='bbox 2058 1135 2140 1188; x_wconf 81' lang='lat' dir='ltr'>xr,</span> 
     </span>
    </p>
   </div>
   <div class='ocr_carea' id='block_1_12' title="bbox 543 1198 2138 1280">
    <p class='ocr_par' dir='ltr' id='par_1_12' title="bbox 543 1198 2138 1280">
     <span class='ocr_line' id='line_1_12' title="bbox 543 1198 2138 1280; baseline 0.007 -27"><span class='ocrx_word' id='word_1_78' title='bbox 543 1198 623 1268; x_wconf 90' lang='lat'>3).</span> <span class='ocrx_word' id='word_1_79' title='bbox 656 1199 802 1269; x_wconf 86' lang='lat' dir='ltr'>Ergo</span> <span class='ocrx_word' id='word_1_80' title='bbox 821 1215 945 1254; x_wconf 92' lang='lat' dir='ltr'>cum</span> <span class='ocrx_word' id='word_1_81' title='bbox 977 1200 1250 1256; x_wconf 88' lang='lat' dir='ltr'>aJoannis</span> <span class='ocrx_word' id='word_1_82' title='bbox 1279 1219 1505 1275; x_wconf 91' lang='lat' dir='ltr'>corpore</span> <span class='ocrx_word' id='word_1_83' title='bbox 1534 1213 1696 1277; x_wconf 89' lang='lat' dir='ltr'>caput</span> <span class='ocrx_word' id='word_1_84' title='bbox 1725 1206 1844 1277; x_wconf 86' lang='lat' dir='ltr'>ejus</span> <span class='ocrx_word' id='word_1_85' title='bbox 1872 1208 2138 1280; x_wconf 83' lang='lat' dir='ltr'>aufertur,</span> 
     </span>
    </p>
   </div>
   <div class='ocr_carea' id='block_1_13' title="bbox 545 1286 2140 1366">
    <p class='ocr_par' dir='ltr' id='par_1_13' title="bbox 545 1286 2140 1366">
     <span class='ocr_line' id='line_1_13' title="bbox 545 1286 2140 1366; baseline 0.008 -22"><span class='ocrx_word' id='word_1_86' title='bbox 545 1286 798 1344; x_wconf 88' lang='lat' dir='ltr'>Christus</span> <span class='ocrx_word' id='word_1_87' title='bbox 863 1287 1332 1360; x_wconf 88' lang='lat' dir='ltr'>quodammodoa</span> <span class='ocrx_word' id='word_1_88' title='bbox 1387 1292 1590 1348; x_wconf 66' lang='lat' dir='ltr'>Judmis</span> <span class='ocrx_word' id='word_1_89' title='bbox 1653 1295 1788 1366; x_wconf 81' lang='lat' dir='ltr'>legis</span> <span class='ocrx_word' id='word_1_90' title='bbox 1833 1298 2140 1356; x_wconf 87' lang='lat' dir='ltr'>cultoribus</span> 
     </span>
    </p>
   </div>
   <div class='ocr_carea' id='block_1_14' title="bbox 542 1378 2138 1449">
    <p class='ocr_par' dir='ltr' id='par_1_14' title="bbox 542 1378 2138 1449">
     <span class='ocr_line' id='line_1_14' title="bbox 542 1378 2138 1449; baseline 0.006 -16"><span class='ocrx_word' id='word_1_91' title='bbox 542 1384 842 1449; x_wconf 83' lang='lat' dir='ltr'>separatur.</span> <span class='ocrx_word' id='word_1_92' title='bbox 905 1378 1186 1434; x_wconf 82' lang='lat' dir='ltr'>Bemansit</span> <span class='ocrx_word' id='word_1_93' title='bbox 1242 1378 1389 1434; x_wconf 92' lang='lat' dir='ltr'>enim</span> <span class='ocrx_word' id='word_1_94' title='bbox 1427 1380 1540 1436; x_wconf 92' lang='lat' dir='ltr'>illis</span> <span class='ocrx_word' id='word_1_95' title='bbox 1587 1383 1706 1438; x_wconf 89' lang='lat' dir='ltr'>sine</span> <span class='ocrx_word' id='word_1_96' title='bbox 1737 1384 2018 1441; x_wconf 88' lang='lat' dir='ltr'>Salvatore</span> <span class='ocrx_word' id='word_1_97' title='bbox 2049 1388 2138 1444; x_wconf 84' lang='lat' dir='ltr'>lex</span> 
     </span>
    </p>
   </div>
   <div class='ocr_carea' id='block_1_15' title="bbox 542 1473 2138 1554">
    <p class='ocr_par' dir='ltr' id='par_1_15' title="bbox 542 1473 2138 1554">
     <span class='ocr_line' id='line_1_15' title="bbox 542 1473 2138 1554; baseline 0.008 -24"><span class='ocrx_word' id='word_1_98' title='bbox 542 1473 816 1539; x_wconf 82' lang='lat' dir='ltr'>exanimis</span> <span class='ocrx_word' id='word_1_99' title='bbox 833 1482 884 1532; x_wconf 91' lang='lat' dir='ltr'>et</span> <span class='ocrx_word' id='word_1_100' title='bbox 909 1482 1180 1545; x_wconf 89' lang='lat' dir='ltr'>truncata;</span> <span class='ocrx_word' id='word_1_101' title='bbox 1208 1494 1333 1533; x_wconf 90' lang='lat' dir='ltr'>nam</span> <span class='ocrx_word' id='word_1_102' title='bbox 1365 1495 1432 1534; x_wconf 87' lang='lat' dir='ltr'>ex</span> <span class='ocrx_word' id='word_1_103' title='bbox 1453 1495 1518 1535; x_wconf 91' lang='lat' dir='ltr'>eo</span> <span class='ocrx_word' id='word_1_104' title='bbox 1534 1481 1724 1554; x_wconf 85' lang='lat' dir='ltr'>utique</span> <span class='ocrx_word' id='word_1_105' title='bbox 1752 1483 1924 1540; x_wconf 84' lang='lat' dir='ltr'>Judaei</span> <span class='ocrx_word' id='word_1_106' title='bbox 1945 1485 2138 1542; x_wconf 91' lang='lat' dir='ltr'>divina</span> 
     </span>
    </p>
   </div>
   <div class='ocr_carea' id='block_1_16' title="bbox 541 1565 1990 1647">
    <p class='ocr_par' dir='ltr' id='par_1_16' title="bbox 541 1565 1990 1647">
     <span class='ocr_line' id='line_1_16' title="bbox 541 1565 1990 1647; baseline 0.009 -26"><span class='ocrx_word' id='word_1_107' title='bbox 541 1579 651 1621; x_wconf 89' lang='lat' dir='ltr'>non</span> <span class='ocrx_word' id='word_1_108' title='bbox 682 1565 926 1638; x_wconf 87' lang='lat' dir='ltr'>sapiunt,</span> <span class='ocrx_word' id='word_1_109' title='bbox 956 1583 1025 1623; x_wconf 89' lang='lat' dir='ltr'>ex</span> <span class='ocrx_word' id='word_1_110' title='bbox 1057 1585 1164 1642; x_wconf 91' lang='lat' dir='ltr'>quo</span> <span class='ocrx_word' id='word_1_111' title='bbox 1187 1569 1304 1625; x_wconf 89' lang='lat' dir='ltr'>sine</span> <span class='ocrx_word' id='word_1_112' title='bbox 1333 1572 1510 1644; x_wconf 86' lang='lat' dir='ltr'>capite</span> <span class='ocrx_word' id='word_1_113' title='bbox 1541 1589 1655 1630; x_wconf 88' lang='lat' dir='ltr'>esse</span> <span class='ocrx_word' id='word_1_114' title='bbox 1685 1585 1990 1647; x_wconf 88' lang='lat' dir='ltr'>coeperunt.</span> 
     </span>
    </p>
   </div>
   <div class='ocr_carea' id='block_1_17' title="bbox 610 1673 2134 1754">
    <p class='ocr_par' dir='ltr' id='par_1_17' title="bbox 610 1673 2134 1754">
     <span class='ocr_line' id='line_1_17' title="bbox 610 1673 2134 1754; baseline 0.009 -24"><span class='ocrx_word' id='word_1_115' title='bbox 610 1673 664 1730; x_wconf 93' lang='lat'><strong><em>8.</em></strong></span> <span class='ocrx_word' id='word_1_116' title='bbox 699 1675 806 1731; x_wconf 86' lang='lat' dir='ltr'>lter</span> <span class='ocrx_word' id='word_1_117' title='bbox 859 1675 1030 1747; x_wconf 85' lang='lat' dir='ltr'>igitur</span> <span class='ocrx_word' id='word_1_118' title='bbox 1058 1675 1193 1733; x_wconf 91' lang='lat' dir='ltr'>facit</span> <span class='ocrx_word' id='word_1_119' title='bbox 1245 1679 1502 1749; x_wconf 91' lang='lat' dir='ltr'>Domino,</span> <span class='ocrx_word' id='word_1_120' title='bbox 1563 1681 1659 1754; x_wconf 89' lang='lat' dir='ltr'>qui</span> <span class='ocrx_word' id='word_1_121' title='bbox 1712 1683 1856 1744; x_wconf 87' lang='lat' dir='ltr'>inter</span> <span class='ocrx_word' id='word_1_122' title='bbox 1913 1694 2134 1743; x_wconf 65' lang='lat' dir='ltr'>caeteras</span> 
     </span>
    </p>
   </div>
   <div class='ocr_carea' id='block_1_18' title="bbox 537 1763 2134 1833">
    <p class='ocr_par' dir='ltr' id='par_1_18' title="bbox 537 1763 2134 1833">
     <span class='ocr_line' id='line_1_18' title="bbox 537 1763 2134 1833; baseline 0.009 -15"><span class='ocrx_word' id='word_1_123' title='bbox 537 1763 894 1819; x_wconf 70' lang='lat' dir='ltr'>continentiae</span> <span class='ocrx_word' id='word_1_124' title='bbox 921 1763 1152 1820; x_wconf 80' lang='lat' dir='ltr'>virtutes</span> <span class='ocrx_word' id='word_1_125' title='bbox 1180 1766 1520 1824; x_wconf 89' lang='lat' dir='ltr'>matrimonii</span> <span class='ocrx_word' id='word_1_126' title='bbox 1550 1771 1783 1829; x_wconf 89' lang='lat' dir='ltr'>limitem</span> <span class='ocrx_word' id='word_1_127' title='bbox 1841 1791 1951 1831; x_wconf 90' lang='lat' dir='ltr'>non</span> <span class='ocrx_word' id='word_1_128' title='bbox 1981 1793 2134 1833; x_wconf 83' lang='lat' dir='ltr'>exce-</span> 
     </span>
    </p>
   </div>
   <div class='ocr_carea' id='block_1_19' title="bbox 537 1849 2133 1928">
    <p class='ocr_par' dir='ltr' id='par_1_19' title="bbox 537 1849 2133 1928">
     <span class='ocr_line' id='line_1_19' title="bbox 537 1849 2133 1928; baseline 0.012 -24"><span class='ocrx_word' id='word_1_129' title='bbox 537 1849 641 1919; x_wconf 89' lang='lat' dir='ltr'>dit,</span> <span class='ocrx_word' id='word_1_130' title='bbox 700 1867 802 1907; x_wconf 90' lang='lat' dir='ltr'>nec</span> <span class='ocrx_word' id='word_1_131' title='bbox 835 1851 1079 1924; x_wconf 87' lang='lat' dir='ltr'>conjugii</span> <span class='ocrx_word' id='word_1_132' title='bbox 1132 1857 1516 1928; x_wconf 81' lang='lat' dir='ltr'>praescriptum</span> <span class='ocrx_word' id='word_1_133' title='bbox 1571 1862 1872 1919; x_wconf 86' lang='lat' dir='ltr'>terminum</span> <span class='ocrx_word' id='word_1_134' title='bbox 1925 1864 2133 1923; x_wconf 90' lang='lat' dir='ltr'>adulte-</span> 
     </span>
    </p>
   </div>
   <div class='ocr_carea' id='block_1_20' title="bbox 537 1939 2136 2012">
    <p class='ocr_par' dir='ltr' id='par_1_20' title="bbox 537 1939 2136 2012">
     <span class='ocr_line' id='line_1_20' title="bbox 537 1939 2136 2012; baseline 0.011 -17"><span class='ocrx_word' id='word_1_135' title='bbox 537 1939 659 1996; x_wconf 89' lang='lat' dir='ltr'>rina</span> <span class='ocrx_word' id='word_1_136' title='bbox 688 1940 1046 2011; x_wconf 88' lang='lat' dir='ltr'>permistione</span> <span class='ocrx_word' id='word_1_137' title='bbox 1107 1949 1492 2006; x_wconf 88' lang='lat' dir='ltr'>commaculat.</span> <span class='ocrx_word' id='word_1_138' title='bbox 1525 1949 1666 2007; x_wconf 90' lang='lat' dir='ltr'>Sunt</span> <span class='ocrx_word' id='word_1_139' title='bbox 1697 1953 1846 2010; x_wconf 93' lang='lat' dir='ltr'>enim</span> <span class='ocrx_word' id='word_1_140' title='bbox 1877 1957 2136 2012; x_wconf 89' lang='lat' dir='ltr'>nonnulli</span> 
     </span>
    </p>
   </div>
   <div class='ocr_carea' id='block_1_21' title="bbox 536 2031 2134 2109">
    <p class='ocr_par' dir='ltr' id='par_1_21' title="bbox 536 2031 2134 2109">
     <span class='ocr_line' id='line_1_21' title="bbox 536 2031 2134 2109; baseline 0.013 -23"><span class='ocrx_word' id='word_1_141' title='bbox 536 2031 632 2105; x_wconf 88' lang='lat' dir='ltr'>qui</span> <span class='ocrx_word' id='word_1_142' title='bbox 666 2049 792 2090; x_wconf 91' lang='lat' dir='ltr'>cum</span> <span class='ocrx_word' id='word_1_143' title='bbox 844 2034 1055 2107; x_wconf 85' lang='lat' dir='ltr'>legibus</span> <span class='ocrx_word' id='word_1_144' title='bbox 1084 2053 1283 2094; x_wconf 86' lang='lat' dir='ltr'>uxores</span> <span class='ocrx_word' id='word_1_145' title='bbox 1313 2040 1598 2109; x_wconf 81' lang='lat' dir='ltr'>duxerint,</span> <span class='ocrx_word' id='word_1_146' title='bbox 1639 2054 1831 2102; x_wconf 88' lang='lat' dir='ltr'>contra</span> <span class='ocrx_word' id='word_1_147' title='bbox 1861 2049 2134 2107; x_wconf 81' lang='lat' dir='ltr'>Divinila-</span> 
     </span>
    </p>
   </div>
   <div class='ocr_carea' id='block_1_22' title="bbox 483 2121 2134 2211">
    <p class='ocr_par' dir='ltr' id='par_1_22' title="bbox 483 2121 2134 2211">
     <span class='ocr_line' id='line_1_22' title="bbox 483 2121 2134 2211; baseline 0.013 -36"><span class='ocrx_word' id='word_1_148' title='bbox 483 2153 492 2159; x_wconf 92' lang='lat'><strong>-</strong></span> <span class='ocrx_word' id='word_1_149' title='bbox 533 2121 606 2177; x_wconf 90' lang='lat' dir='ltr'>tis</span> <span class='ocrx_word' id='word_1_150' title='bbox 639 2123 810 2195; x_wconf 85' lang='lat' dir='ltr'>legem</span> <span class='ocrx_word' id='word_1_151' title='bbox 840 2125 946 2180; x_wconf 92' lang='lat' dir='ltr'>sibi</span> <span class='ocrx_word' id='word_1_152' title='bbox 967 2127 1179 2184; x_wconf 89' lang='lat' dir='ltr'>sociant</span> <span class='ocrx_word' id='word_1_153' title='bbox 1209 2131 1570 2202; x_wconf 87' lang='lat' dir='ltr'>concubinas,</span> <span class='ocrx_word' id='word_1_154' title='bbox 1621 2152 1731 2190; x_wconf 90' lang='lat' dir='ltr'>non</span> <span class='ocrx_word' id='word_1_155' title='bbox 1763 2136 2134 2211; x_wconf 84' lang='lat' dir='ltr'>intelligentes</span> 
     </span>
    </p>
   </div>
   <div class='ocr_carea' id='block_1_23' title="bbox 534 2211 2134 2295">
    <p class='ocr_par' dir='ltr' id='par_1_23' title="bbox 534 2211 2134 2295">
     <span class='ocr_line' id='line_1_23' title="bbox 534 2211 2134 2295; baseline 0.012 -29"><span class='ocrx_word' id='word_1_156' title='bbox 534 2211 682 2284; x_wconf 92' lang='lat' dir='ltr'>quod</span> <span class='ocrx_word' id='word_1_157' title='bbox 710 2214 1085 2272; x_wconf 90' lang='lat' dir='ltr'>contrahendo</span> <span class='ocrx_word' id='word_1_158' title='bbox 1117 2219 1492 2289; x_wconf 89' lang='lat' dir='ltr'>matrimonia,</span> <span class='ocrx_word' id='word_1_159' title='bbox 1524 2223 1764 2295; x_wconf 86' lang='lat' dir='ltr'>propriis</span> <span class='ocrx_word' id='word_1_160' title='bbox 1793 2241 1850 2282; x_wconf 90' lang='lat' dir='ltr'>se</span> <span class='ocrx_word' id='word_1_161' title='bbox 1889 2227 2134 2285; x_wconf 90' lang='lat' dir='ltr'>vinculis</span> 
     </span>
    </p>
   </div>
   <div class='ocr_carea' id='block_1_24' title="bbox 532 2303 2128 2388">
    <p class='ocr_par' dir='ltr' id='par_1_24' title="bbox 532 2303 2128 2388">
     <span class='ocr_line' id='line_1_24' title="bbox 532 2303 2128 2388; baseline 0.011 -31"><span class='ocrx_word' id='word_1_162' title='bbox 532 2303 1028 2362; x_wconf 88' lang='lat' dir='ltr'>constrinxerunt:</span> <span class='ocrx_word' id='word_1_163' title='bbox 1080 2309 1175 2381; x_wconf 91' lang='lat' dir='ltr'>qui</span> <span class='ocrx_word' id='word_1_164' title='bbox 1206 2310 1355 2365; x_wconf 91' lang='lat' dir='ltr'>enim</span> <span class='ocrx_word' id='word_1_165' title='bbox 1416 2312 1627 2385; x_wconf 87' lang='lat' dir='ltr'>legibus</span> <span class='ocrx_word' id='word_1_166' title='bbox 1662 2314 1826 2372; x_wconf 87' lang='lat' dir='ltr'>duxit</span> <span class='ocrx_word' id='word_1_167' title='bbox 1874 2334 2128 2388; x_wconf 86' lang='lat' dir='ltr'>uxorem,</span> 
     </span>
    </p>
   </div>
   <div class='ocr_carea' id='block_1_25' title="bbox 531 2392 2126 2470">
    <p class='ocr_par' dir='ltr' id='par_1_25' title="bbox 531 2392 2126 2470">
     <span class='ocr_line' id='line_1_25' title="bbox 531 2392 2126 2470; baseline 0.011 -23"><span class='ocrx_word' id='word_1_168' title='bbox 531 2392 820 2464; x_wconf 88' lang='lat' dir='ltr'>proﬁtetur</span> <span class='ocrx_word' id='word_1_169' title='bbox 848 2411 905 2450; x_wconf 90' lang='lat' dir='ltr'>se</span> <span class='ocrx_word' id='word_1_170' title='bbox 934 2404 1125 2452; x_wconf 88' lang='lat' dir='ltr'>contra</span> <span class='ocrx_word' id='word_1_171' title='bbox 1150 2399 1320 2470; x_wconf 83' lang='lat' dir='ltr'>legem</span> <span class='ocrx_word' id='word_1_172' title='bbox 1353 2417 1465 2456; x_wconf 90' lang='lat' dir='ltr'>non</span> <span class='ocrx_word' id='word_1_173' title='bbox 1489 2418 1604 2458; x_wconf 90' lang='lat' dir='ltr'>esse</span> <span class='ocrx_word' id='word_1_174' title='bbox 1632 2403 1929 2462; x_wconf 90' lang='lat' dir='ltr'>facturum.</span> <span class='ocrx_word' id='word_1_175' title='bbox 1958 2409 2126 2464; x_wconf 84' lang='lat' dir='ltr'>Reum</span> 
     </span>
    </p>
   </div>
   <div class='ocr_carea' id='block_1_26' title="bbox 529 2482 2126 2565">
    <p class='ocr_par' dir='ltr' id='par_1_26' title="bbox 529 2482 2126 2565">
     <span class='ocr_line' id='line_1_26' title="bbox 529 2482 2126 2565; baseline 0.009 -28"><span class='ocrx_word' id='word_1_176' title='bbox 529 2497 658 2553; x_wconf 89' lang='lat' dir='ltr'>ergo</span> <span class='ocrx_word' id='word_1_177' title='bbox 689 2482 804 2555; x_wconf 90' lang='lat' dir='ltr'>ipse</span> <span class='ocrx_word' id='word_1_178' title='bbox 835 2500 892 2540; x_wconf 92' lang='lat' dir='ltr'>se</span> <span class='ocrx_word' id='word_1_179' title='bbox 919 2484 1132 2554; x_wconf 88' lang='lat' dir='ltr'>statuit,</span> <span class='ocrx_word' id='word_1_180' title='bbox 1186 2489 1280 2560; x_wconf 88' lang='lat' dir='ltr'>qui</span> <span class='ocrx_word' id='word_1_181' title='bbox 1310 2488 1627 2548; x_wconf 90' lang='lat' dir='ltr'>adhibendo</span> <span class='ocrx_word' id='word_1_182' title='bbox 1659 2492 1766 2549; x_wconf 87' lang='lat' dir='ltr'>sibi</span> <span class='ocrx_word' id='word_1_183' title='bbox 1799 2494 2126 2565; x_wconf 89' lang='lat' dir='ltr'>adulteram,</span> 
     </span>
    </p>
   </div>
   <div class='ocr_carea' id='block_1_27' title="bbox 519 2569 1328 2642">
    <p class='ocr_par' dir='ltr' id='par_1_27' title="bbox 519 2569 1328 2642">
     <span class='ocr_line' id='line_1_27' title="bbox 519 2569 1328 2642; baseline 0.009 -16"><span class='ocrx_word' id='word_1_184' title='bbox 519 2569 614 2641; x_wconf 89' lang='lat' dir='ltr'>jus</span> <span class='ocrx_word' id='word_1_185' title='bbox 644 2571 1062 2642; x_wconf 85' lang='lat' dir='ltr'>pollicitationis</span> <span class='ocrx_word' id='word_1_186' title='bbox 1091 2577 1328 2633; x_wconf 80' lang='lat' dir='ltr'>excedit.</span> 
     </span>
    </p>
   </div>
   <div class='ocr_carea' id='block_1_28' title="bbox 598 2677 2125 2761">
    <p class='ocr_par' dir='ltr' id='par_1_28' title="bbox 598 2677 2125 2761">
     <span class='ocr_line' id='line_1_28' title="bbox 598 2677 2125 2761; baseline 0.014 -27"><span class='ocrx_word' id='word_1_187' title='bbox 598 2677 652 2734; x_wconf 88' lang='lat'>9.</span> <span class='ocrx_word' id='word_1_188' title='bbox 685 2677 789 2734; x_wconf 90' lang='lat' dir='ltr'>Sed</span> <span class='ocrx_word' id='word_1_189' title='bbox 824 2679 963 2736; x_wconf 87' lang='lat' dir='ltr'>dicit</span> <span class='ocrx_word' id='word_1_190' title='bbox 1010 2681 1247 2754; x_wconf 89' lang='lat' dir='ltr'>aliquis:</span> <span class='ocrx_word' id='word_1_191' title='bbox 1283 2683 1520 2741; x_wconf 82' lang='lat' dir='ltr'>Uxorem</span> <span class='ocrx_word' id='word_1_192' title='bbox 1552 2703 1662 2745; x_wconf 89' lang='lat' dir='ltr'>non</span> <span class='ocrx_word' id='word_1_193' title='bbox 1693 2689 1888 2761; x_wconf 88' lang='lat' dir='ltr'>habeo,</span> <span class='ocrx_word' id='word_1_194' title='bbox 1918 2705 1972 2752; x_wconf 89' lang='lat' dir='ltr'>et</span> <span class='ocrx_word' id='word_1_195' title='bbox 2001 2698 2125 2755; x_wconf 91' lang='lat' dir='ltr'>ideo</span> 
     </span>
    </p>
   </div>
   <div class='ocr_carea' id='block_1_29' title="bbox 526 2765 2124 2858">
    <p class='ocr_par' dir='ltr' id='par_1_29' title="bbox 526 2765 2124 2858">
     <span class='ocr_line' id='line_1_29' title="bbox 526 2765 2124 2858; baseline 0.014 -37"><span class='ocrx_word' id='word_1_196' title='bbox 526 2765 665 2822; x_wconf 87' lang='lat' dir='ltr'>mihi</span> <span class='ocrx_word' id='word_1_197' title='bbox 710 2767 1030 2858; x_wconf 83' lang='lat' dir='ltr'>ancillulam</span> <span class='ocrx_word' id='word_1_198' title='bbox 1082 2771 1309 2828; x_wconf 87' lang='lat' dir='ltr'>sociavi.</span> <span class='ocrx_word' id='word_1_199' title='bbox 1338 2775 1486 2832; x_wconf 82' lang='lat' dir='ltr'>Audi</span> <span class='ocrx_word' id='word_1_200' title='bbox 1516 2779 1650 2849; x_wconf 91' lang='lat' dir='ltr'>quid</span> <span class='ocrx_word' id='word_1_201' title='bbox 1676 2780 1814 2837; x_wconf 88' lang='lat' dir='ltr'>dicit</span> <span class='ocrx_word' id='word_1_202' title='bbox 1836 2783 2124 2858; x_wconf 89' lang='lat' dir='ltr'>Scriptura</span> 
     </span>
    </p>
   </div>
   <div class='ocr_carea' id='block_1_30' title="bbox 522 2854 2120 2944">
    <p class='ocr_par' dir='ltr' id='par_1_30' title="bbox 522 2854 2120 2944">
     <span class='ocr_line' id='line_1_30' title="bbox 522 2854 2120 2944; baseline 0.014 -34"><span class='ocrx_word' id='word_1_203' title='bbox 522 2854 594 2911; x_wconf 89' lang='lat' dir='ltr'>ad</span> <span class='ocrx_word' id='word_1_204' title='bbox 623 2855 920 2914; x_wconf 80' lang='lat' dir='ltr'>Abraham:</span> <span class='ocrx_word' id='word_1_205' title='bbox 983 2859 1170 2931; x_wconf 67' lang='lat' dir='ltr'>cEjice</span> <span class='ocrx_word' id='word_1_206' title='bbox 1197 2863 1477 2931; x_wconf 86' lang='lat' dir='ltr'>ancillam,</span> <span class='ocrx_word' id='word_1_207' title='bbox 1517 2875 1571 2922; x_wconf 91' lang='lat' dir='ltr'>et</span> <span class='ocrx_word' id='word_1_208' title='bbox 1608 2867 1784 2926; x_wconf 90' lang='lat' dir='ltr'>ﬁlium</span> <span class='ocrx_word' id='word_1_209' title='bbox 1823 2854 1976 2944; x_wconf 66' lang='lat' dir='ltr'>ejus;</span> <span class='ocrx_word' id='word_1_210' title='bbox 2011 2893 2120 2933; x_wconf 93' lang='lat' dir='ltr'>non</span> 
     </span>
    </p>
   </div>
   <div class='ocr_carea' id='block_1_31' title="bbox 523 2945 2116 3036">
    <p class='ocr_par' dir='ltr' id='par_1_31' title="bbox 523 2945 2116 3036">
     <span class='ocr_line' id='line_1_31' title="bbox 523 2945 2116 3036; baseline 0.016 -38"><span class='ocrx_word' id='word_1_211' title='bbox 523 2945 671 3000; x_wconf 89' lang='lat' dir='ltr'>enim</span> <span class='ocrx_word' id='word_1_212' title='bbox 703 2945 877 3036; x_wconf 69' lang='lat' dir='ltr'>haeres</span> <span class='ocrx_word' id='word_1_213' title='bbox 900 2947 1010 3036; x_wconf 82' lang='lat' dir='ltr'>erit</span> <span class='ocrx_word' id='word_1_214' title='bbox 1041 2947 1192 3006; x_wconf 87' lang='lat' dir='ltr'>ﬁlius</span> <span class='ocrx_word' id='word_1_215' title='bbox 1219 2950 1434 3008; x_wconf 63' lang='lat' dir='ltr'>ancilla;</span> <span class='ocrx_word' id='word_1_216' title='bbox 1453 2971 1580 3010; x_wconf 90' lang='lat' dir='ltr'>cum</span> <span class='ocrx_word' id='word_1_217' title='bbox 1612 2956 1933 3018; x_wconf 76' lang='lat' dir='ltr'>ﬁlioliberze</span> <span class='ocrx_word' id='word_1_218' title='bbox 1961 2965 2116 3036; x_wconf 85' lang='lat' dir='ltr'>(Gen.</span> 
     </span>
    </p>
   </div>
   <div class='ocr_carea' id='block_1_32' title="bbox 522 3033 2118 3122">
    <p class='ocr_par' dir='ltr' id='par_1_32' title="bbox 522 3033 2118 3122">
     <span class='ocr_line' id='line_1_32' title="bbox 522 3033 2118 3122; baseline 0.014 -34"><span class='ocrx_word' id='word_1_219' title='bbox 522 3048 644 3122; x_wconf 78' lang='lat' dir='ltr'>xxi,</span> <span class='ocrx_word' id='word_1_220' title='bbox 681 3033 794 3122; x_wconf 78' lang='lat' dir='ltr'>ill),</span> <span class='ocrx_word' id='word_1_221' title='bbox 828 3035 947 3104; x_wconf 84' lang='lat'>(32,</span> <span class='ocrx_word' id='word_1_222' title='bbox 977 3052 1030 3110; x_wconf 91' lang='lat' dir='ltr'>q.</span> <span class='ocrx_word' id='word_1_223' title='bbox 1063 3036 1117 3105; x_wconf 81' lang='grc'>4,</span> <span class='ocrx_word' id='word_1_224' title='bbox 1144 3055 1194 3094; x_wconf 92' lang='lat' dir='ltr'>c.</span> <span class='ocrx_word' id='word_1_225' title='bbox 1229 3040 1381 3096; x_wconf 84' lang='lat' dir='ltr'>Dicat</span> <span class='ocrx_word' id='word_1_226' title='bbox 1408 3043 1654 3116; x_wconf 76' lang='lat' dir='ltr'>aliquis).</span> <span class='ocrx_word' id='word_1_227' title='bbox 1690 3071 1707 3094; x_wconf 77' lang='grc' dir='ltr'>ι</span> <span class='ocrx_word' id='word_1_228' title='bbox 1743 3049 1797 3103; x_wconf 92' lang='lat' dir='ltr'>Si</span> <span class='ocrx_word' id='word_1_229' title='bbox 1831 3033 2004 3122; x_wconf 87' lang='lat' dir='ltr'>igitur</span> <span class='ocrx_word' id='word_1_230' title='bbox 2025 3071 2118 3111; x_wconf 86' lang='lat' dir='ltr'>an-</span> 
     </span>
    </p>
   </div>
   <div class='ocr_carea' id='block_1_33' title="bbox 523 3120 2117 3204">
    <p class='ocr_par' dir='ltr' id='par_1_33' title="bbox 523 3120 2117 3204">
     <span class='ocr_line' id='line_1_33' title="bbox 523 3120 2117 3204; baseline 0.014 -25"><span class='ocrx_word' id='word_1_231' title='bbox 523 3120 668 3179; x_wconf 63' lang='lat' dir='ltr'>cillas</span> <span class='ocrx_word' id='word_1_232' title='bbox 698 3121 850 3180; x_wconf 89' lang='lat' dir='ltr'>ﬁlius</span> <span class='ocrx_word' id='word_1_233' title='bbox 906 3123 1080 3182; x_wconf 63' lang='lat' dir='ltr'>haeres</span> <span class='ocrx_word' id='word_1_234' title='bbox 1107 3143 1219 3183; x_wconf 88' lang='lat' dir='ltr'>non</span> <span class='ocrx_word' id='word_1_235' title='bbox 1249 3137 1349 3185; x_wconf 90' lang='lat' dir='ltr'>est.</span> <span class='ocrx_word' id='word_1_236' title='bbox 1396 3147 1524 3203; x_wconf 91' lang='lat' dir='ltr'>ergo</span> <span class='ocrx_word' id='word_1_237' title='bbox 1553 3151 1655 3192; x_wconf 90' lang='lat' dir='ltr'>nec</span> <span class='ocrx_word' id='word_1_238' title='bbox 1692 3137 1843 3196; x_wconf 88' lang='lat' dir='ltr'>ﬁlius</span> <span class='ocrx_word' id='word_1_239' title='bbox 1859 3120 1972 3198; x_wconf 73' lang='lat' dir='ltr'>est.</span> <span class='ocrx_word' id='word_1_240' title='bbox 2006 3146 2117 3204; x_wconf 91' lang='lat' dir='ltr'>Cur</span> 
     </span>
    </p>
   </div>
   <div class='ocr_carea' id='block_1_34' title="bbox 519 3214 2114 3306">
    <p class='ocr_par' dir='ltr' id='par_1_34' title="bbox 519 3214 2114 3306">
     <span class='ocr_line' id='line_1_34' title="bbox 519 3214 2114 3306; baseline 0.016 -39"><span class='ocrx_word' id='word_1_241' title='bbox 519 3226 648 3284; x_wconf 85' lang='lat' dir='ltr'>ergo</span> <span class='ocrx_word' id='word_1_242' title='bbox 676 3214 944 3286; x_wconf 87' lang='lat' dir='ltr'>quaeritur</span> <span class='ocrx_word' id='word_1_243' title='bbox 1002 3217 1109 3272; x_wconf 86' lang='lat' dir='ltr'>tale</span> <span class='ocrx_word' id='word_1_244' title='bbox 1161 3218 1504 3292; x_wconf 85' lang='lat' dir='ltr'>conjugium,</span> <span class='ocrx_word' id='word_1_245' title='bbox 1564 3224 1632 3281; x_wconf 93' lang='lat' dir='ltr'>de</span> <span class='ocrx_word' id='word_1_246' title='bbox 1665 3244 1774 3298; x_wconf 90' lang='lat' dir='ltr'>quo</span> <span class='ocrx_word' id='word_1_247' title='bbox 1829 3243 2114 3306; x_wconf 87' lang='lat' dir='ltr'>susceptus</span> 
     </span>
    </p>
   </div>
   <div class='ocr_carea' id='block_1_35' title="bbox 517 3299 2113 3390">
    <p class='ocr_par' dir='ltr' id='par_1_35' title="bbox 517 3299 2113 3390">
     <span class='ocr_line' id='line_1_35' title="bbox 517 3299 2113 3390; baseline 0.016 -34"><span class='ocrx_word' id='word_1_248' title='bbox 517 3299 669 3358; x_wconf 87' lang='lat' dir='ltr'>ﬁlius</span> <span class='ocrx_word' id='word_1_249' title='bbox 710 3318 814 3360; x_wconf 87' lang='lat' dir='ltr'>nec</span> <span class='ocrx_word' id='word_1_250' title='bbox 854 3307 1217 3363; x_wconf 78' lang='lat' dir='ltr'>successionis</span> <span class='ocrx_word' id='word_1_251' title='bbox 1257 3311 1428 3381; x_wconf 88' lang='lat' dir='ltr'>possit</span> <span class='ocrx_word' id='word_1_252' title='bbox 1465 3313 1639 3371; x_wconf 67' lang='lat' dir='ltr'>haeres</span> <span class='ocrx_word' id='word_1_253' title='bbox 1687 3333 1803 3376; x_wconf 85' lang='lat' dir='ltr'>esse</span> <span class='ocrx_word' id='word_1_254' title='bbox 1836 3336 1938 3380; x_wconf 90' lang='lat' dir='ltr'>nec</span> <span class='ocrx_word' id='word_1_255' title='bbox 1967 3299 2113 3390; x_wconf 58' lang='lat'>463</span> 
     </span>
    </p>
   </div>
   <div class='ocr_carea' id='block_1_36' title="bbox 515 3400 2112 3483">
    <p class='ocr_par' dir='ltr' id='par_1_36' title="bbox 515 3400 2112 3483">
     <span class='ocr_line' id='line_1_36' title="bbox 515 3400 2112 3483; baseline 0.018 -29"><span class='ocrx_word' id='word_1_256' title='bbox 515 3400 802 3473; x_wconf 73' lang='lat' dir='ltr'>sanguinis</span> <span class='ocrx_word' id='word_1_257' title='bbox 822 3403 849 3458; x_wconf 77' lang='lat'><strong>?</strong></span> <span class='ocrx_word' id='word_1_258' title='bbox 868 3405 980 3461; x_wconf 89' lang='lat' dir='ltr'>Nec</span> <span class='ocrx_word' id='word_1_259' title='bbox 1005 3407 1153 3462; x_wconf 89' lang='lat' dir='ltr'>enim</span> <span class='ocrx_word' id='word_1_260' title='bbox 1185 3406 1387 3465; x_wconf 91' lang='lat' dir='ltr'>habere</span> <span class='ocrx_word' id='word_1_261' title='bbox 1408 3421 1585 3483; x_wconf 89' lang='lat' dir='ltr'>potest</span> <span class='ocrx_word' id='word_1_262' title='bbox 1605 3415 1945 3478; x_wconf 66' lang='lat' dir='ltr'>haereditatis</span> <span class='ocrx_word' id='word_1_263' title='bbox 1983 3441 2112 3481; x_wconf 90' lang='lat' dir='ltr'>cou-</span> 
     </span>
    </p>
   </div>
   <div class='ocr_carea' id='block_1_37' title="bbox 513 3488 2109 3584">
    <p class='ocr_par' dir='ltr' id='par_1_37' title="bbox 513 3488 2109 3584">
     <span class='ocr_line' id='line_1_37' title="bbox 513 3488 2109 3584; baseline 0.017 -42"><span class='ocrx_word' id='word_1_264' title='bbox 513 3488 769 3558; x_wconf 88' lang='lat' dir='ltr'>sortium,</span> <span class='ocrx_word' id='word_1_265' title='bbox 802 3491 898 3564; x_wconf 92' lang='lat' dir='ltr'>qui</span> <span class='ocrx_word' id='word_1_266' title='bbox 928 3509 1040 3549; x_wconf 91' lang='lat' dir='ltr'>non</span> <span class='ocrx_word' id='word_1_267' title='bbox 1088 3494 1253 3551; x_wconf 90' lang='lat' dir='ltr'>habet</span> <span class='ocrx_word' id='word_1_268' title='bbox 1282 3497 1510 3569; x_wconf 83' lang='lat' dir='ltr'>originis</span> <span class='ocrx_word' id='word_1_269' title='bbox 1566 3503 1941 3580; x_wconf 88' lang='lat' dir='ltr'>privilegium.</span> <span class='ocrx_word' id='word_1_270' title='bbox 1977 3513 2109 3584; x_wconf 89' lang='lat' dir='ltr'>Cur,</span> 
     </span>
    </p>
   </div>
   <div class='ocr_carea' id='block_1_38' title="bbox 515 3573 2108 3671">
    <p class='ocr_par' dir='ltr' id='par_1_38' title="bbox 515 3573 2108 3671">
     <span class='ocr_line' id='line_1_38' title="bbox 515 3573 2108 3671; baseline 0.019 -42"><span class='ocrx_word' id='word_1_271' title='bbox 515 3573 764 3648; x_wconf 88' lang='lat' dir='ltr'>inquam,</span> <span class='ocrx_word' id='word_1_272' title='bbox 807 3581 1076 3650; x_wconf 66' lang='lat' dir='ltr'>quaeritur</span> <span class='ocrx_word' id='word_1_273' title='bbox 1129 3586 1239 3641; x_wconf 90' lang='lat' dir='ltr'>tale</span> <span class='ocrx_word' id='word_1_274' title='bbox 1269 3573 1716 3663; x_wconf 88' lang='lat' dir='ltr'>contubernium,</span> <span class='ocrx_word' id='word_1_275' title='bbox 1749 3573 1817 3652; x_wconf 79' lang='lat' dir='ltr'>de</span> <span class='ocrx_word' id='word_1_276' title='bbox 1848 3617 1956 3671; x_wconf 87' lang='lat' dir='ltr'>quo</span> <span class='ocrx_word' id='word_1_277' title='bbox 1994 3573 2108 3660; x_wconf 82' lang='lat' dir='ltr'>nati</span> 
     </span>
    </p>
   </div>
   <div class='ocr_carea' id='block_1_39' title="bbox 513 3662 2110 3751">
    <p class='ocr_par' dir='ltr' id='par_1_39' title="bbox 513 3662 2110 3751">
     <span class='ocr_line' id='line_1_39' title="bbox 513 3662 2110 3751; baseline 0.022 -35"><span class='ocrx_word' id='word_1_278' title='bbox 513 3662 615 3751; x_wconf 76' lang='lat' dir='ltr'>filii</span> <span class='ocrx_word' id='word_1_279' title='bbox 643 3681 754 3720; x_wconf 90' lang='lat' dir='ltr'>non</span> <span class='ocrx_word' id='word_1_280' title='bbox 796 3670 1160 3738; x_wconf 84' lang='lat' dir='ltr'>matrimonii,</span> <span class='ocrx_word' id='word_1_281' title='bbox 1191 3675 1286 3730; x_wconf 91' lang='lat' dir='ltr'>sed</span> <span class='ocrx_word' id='word_1_282' title='bbox 1333 3684 1496 3734; x_wconf 89' lang='lat' dir='ltr'>testes</span> <span class='ocrx_word' id='word_1_283' title='bbox 1523 3681 1636 3736; x_wconf 88' lang='lat' dir='ltr'>sint</span> <span class='ocrx_word' id='word_1_284' title='bbox 1653 3662 1911 3744; x_wconf 42' lang='lat' dir='ltr'>adulter-ii</span> <span class='ocrx_word' id='word_1_285' title='bbox 1935 3692 1963 3746; x_wconf 82' lang='lat' dir='ltr'>‘l</span> <span class='ocrx_word' id='word_1_286' title='bbox 1999 3693 2110 3751; x_wconf 91' lang='lat' dir='ltr'>Cur</span> 
     </span>
    </p>
   </div>
   <div class='ocr_carea' id='block_1_40' title="bbox 513 3749 2104 3852">
    <p class='ocr_par' dir='ltr' id='par_1_40' title="bbox 513 3749 2104 3852">
     <span class='ocr_line' id='line_1_40' title="bbox 513 3749 2104 3852; baseline 0.023 -47"><span class='ocrx_word' id='word_1_287' title='bbox 513 3749 835 3850; x_wconf 73' lang='lat' dir='ltr'>bujusmodi</span> <span class='ocrx_word' id='word_1_288' title='bbox 858 3759 1239 3831; x_wconf 90' lang='lat' dir='ltr'>suscipiuntur</span> <span class='ocrx_word' id='word_1_289' title='bbox 1253 3764 1574 3836; x_wconf 86' lang='lat' dir='ltr'>adulterini,</span> <span class='ocrx_word' id='word_1_290' title='bbox 1608 3774 1703 3844; x_wconf 91' lang='lat' dir='ltr'>qui</span> <span class='ocrx_word' id='word_1_291' title='bbox 1734 3779 1875 3848; x_wconf 89' lang='lat' dir='ltr'>patri</span> <span class='ocrx_word' id='word_1_292' title='bbox 1909 3749 2104 3852; x_wconf 79' lang='lat' dir='ltr'>pudori</span> 
     </span>
    </p>
   </div>
   <div class='ocr_carea' id='block_1_41' title="bbox 511 3840 2103 3931">
    <p class='ocr_par' dir='ltr' id='par_1_41' title="bbox 511 3840 2103 3931">
     <span class='ocr_line' id='line_1_41' title="bbox 511 3840 2103 3931; baseline 0.024 -38"><span class='ocrx_word' id='word_1_293' title='bbox 511 3840 642 3931; x_wconf 84' lang='lat' dir='ltr'>sint,</span> <span class='ocrx_word' id='word_1_294' title='bbox 676 3859 785 3899; x_wconf 91' lang='lat' dir='ltr'>non</span> <span class='ocrx_word' id='word_1_295' title='bbox 829 3845 1077 3904; x_wconf 75' lang='lat' dir='ltr'>honori?</span> <span class='ocrx_word' id='word_1_296' title='bbox 1108 3851 1254 3909; x_wconf 91' lang='lat' dir='ltr'>Dicit</span> <span class='ocrx_word' id='word_1_297' title='bbox 1281 3854 1565 3928; x_wconf 83' lang='lat' dir='ltr'>Scriptura</span> <span class='ocrx_word' id='word_1_298' title='bbox 1593 3840 1639 3916; x_wconf 47' lang='grc' dir='ltr'>ε-</span> <span class='ocrx_word' id='word_1_299' title='bbox 1675 3840 2103 3931; x_wconf 70' lang='lat' dir='ltr'>«Adulterorum</span> 
     </span>
    </p>
   </div>
   <div class='ocr_carea' id='block_1_42' title="bbox 507 3930 2102 4023">
    <p class='ocr_par' dir='ltr' id='par_1_42' title="bbox 507 3930 2102 4023">
     <span class='ocr_line' id='line_1_42' title="bbox 507 3930 2102 4023; baseline 0.022 -39"><span class='ocrx_word' id='word_1_300' title='bbox 507 3930 607 3986; x_wconf 89' lang='lat' dir='ltr'>alii</span> <span class='ocrx_word' id='word_1_301' title='bbox 633 3948 744 3988; x_wconf 91' lang='lat' dir='ltr'>non</span> <span class='ocrx_word' id='word_1_302' title='bbox 806 3934 1010 3992; x_wconf 88' lang='lat' dir='ltr'>initiati</span> <span class='ocrx_word' id='word_1_303' title='bbox 1043 3949 1226 4008; x_wconf 88' lang='lat' dir='ltr'>erunt,</span> <span class='ocrx_word' id='word_1_304' title='bbox 1265 3951 1319 3999; x_wconf 89' lang='lat' dir='ltr'>et</span> <span class='ocrx_word' id='word_1_305' title='bbox 1344 3946 1412 4001; x_wconf 89' lang='lat' dir='ltr'>ab</span> <span class='ocrx_word' id='word_1_306' title='bbox 1469 3947 1664 4023; x_wconf 90' lang='lat' dir='ltr'>iniquo</span> <span class='ocrx_word' id='word_1_307' title='bbox 1704 3953 1868 4012; x_wconf 89' lang='lat' dir='ltr'>thoro</span> <span class='ocrx_word' id='word_1_308' title='bbox 1914 3930 2102 4020; x_wconf 88' lang='lat' dir='ltr'>semen</span> 
     </span>
    </p>
   </div>
   <div class='ocr_carea' id='block_1_43' title="bbox 506 4023 2102 4116">
    <p class='ocr_par' dir='ltr' id='par_1_43' title="bbox 506 4023 2102 4116">
     <span class='ocr_line' id='line_1_43' title="bbox 506 4023 2102 4116; baseline 0.021 -40"><span class='ocrx_word' id='word_1_309' title='bbox 506 4023 969 4116; x_wconf 66' lang='lat' dir='ltr'>exterminabitur</span> <span class='ocrx_word' id='word_1_310' title='bbox 992 4030 1144 4102; x_wconf 89' lang='lat' dir='ltr'>(Sap.</span> <span class='ocrx_word' id='word_1_311' title='bbox 1182 4050 1266 4101; x_wconf 84' lang='lat' dir='ltr'>Ill,</span> <span class='ocrx_word' id='word_1_312' title='bbox 1310 4037 1424 4105; x_wconf 81' lang='grc'><strong>16).</strong></span> <span class='ocrx_word' id='word_1_313' title='bbox 1460 4064 1478 4087; x_wconf 79' lang='grc' dir='ltr'><strong><em>ι</em></strong></span> <span class='ocrx_word' id='word_1_314' title='bbox 1519 4041 1721 4099; x_wconf 84' lang='lat' dir='ltr'>Mulier</span> <span class='ocrx_word' id='word_1_315' title='bbox 1744 4045 1912 4116; x_wconf 86' lang='lat' dir='ltr'>igitur</span> <span class='ocrx_word' id='word_1_316' title='bbox 1941 4059 2033 4107; x_wconf 88' lang='lat' dir='ltr'>tua</span> <span class='ocrx_word' id='word_1_317' title='bbox 2056 4054 2102 4109; x_wconf 90' lang='lat' dir='ltr'>si</span> 
     </span>
    </p>
   </div>
   <div class='ocr_carea' id='block_1_44' title="bbox 507 4111 2095 4211">
    <p class='ocr_par' dir='ltr' id='par_1_44' title="bbox 507 4111 2095 4211">
     <span class='ocr_line' id='line_1_44' title="bbox 507 4111 2095 4211; baseline 0.019 -45"><span class='ocrx_word' id='word_1_318' title='bbox 507 4111 710 4170; x_wconf 83' lang='lat' dir='ltr'>talibus</span> <span class='ocrx_word' id='word_1_319' title='bbox 729 4115 976 4174; x_wconf 90' lang='lat' dir='ltr'>moribus</span> <span class='ocrx_word' id='word_1_320' title='bbox 993 4119 1222 4192; x_wconf 61' lang='lat' dir='ltr'>praedita</span> <span class='ocrx_word' id='word_1_321' title='bbox 1238 4130 1340 4191; x_wconf 90' lang='lat' dir='ltr'>est,</span> <span class='ocrx_word' id='word_1_322' title='bbox 1360 4133 1420 4180; x_wconf 89' lang='lat' dir='ltr'>ut</span> <span class='ocrx_word' id='word_1_323' title='bbox 1440 4138 1714 4187; x_wconf 89' lang='lat' dir='ltr'>mereatur</span> <span class='ocrx_word' id='word_1_324' title='bbox 1734 4111 2095 4211; x_wconf 73' lang='lat' dir='ltr'>consortium,</span> 
     </span>
    </p>
   </div>
   <div class='ocr_carea' id='block_1_45' title="bbox 505 4212 2099 4288">
    <p class='ocr_par' dir='ltr' id='par_1_45' title="bbox 505 4212 2099 4288">
     <span class='ocr_line' id='line_1_45' title="bbox 505 4212 2099 4288; baseline 0.018 -30"><span class='ocrx_word' id='word_1_325' title='bbox 505 4212 781 4260; x_wconf 90' lang='lat' dir='ltr'>mereatur</span> <span class='ocrx_word' id='word_1_326' title='bbox 806 4214 860 4262; x_wconf 92' lang='lat' dir='ltr'>et</span> <span class='ocrx_word' id='word_1_327' title='bbox 920 4225 1120 4266; x_wconf 90' lang='lat' dir='ltr'>nomen</span> <span class='ocrx_word' id='word_1_328' title='bbox 1150 4214 1373 4270; x_wconf 87' lang='lat' dir='ltr'>uxoris:</span> <span class='ocrx_word' id='word_1_329' title='bbox 1407 4224 1604 4288; x_wconf 61' lang='lat' dir='ltr'>praesta</span> <span class='ocrx_word' id='word_1_330' title='bbox 1634 4224 1960 4283; x_wconf 73' lang='lat' dir='ltr'>concubinze</span> <span class='ocrx_word' id='word_1_331' title='bbox 1993 4238 2099 4287; x_wconf 59' lang='lat' dir='ltr'>tua?</span> 
     </span>
    </p>
   </div>
   <div class='ocr_carea' id='block_1_46' title="bbox 503 4291 2100 4389">
    <p class='ocr_par' dir='ltr' id='par_1_46' title="bbox 503 4291 2100 4389">
     <span class='ocr_line' id='line_1_46' title="bbox 503 4291 2100 4389; baseline 0.02 -42"><span class='ocrx_word' id='word_1_332' title='bbox 503 4291 811 4351; x_wconf 87' lang='lat' dir='ltr'>libertatem</span> <span class='ocrx_word' id='word_1_333' title='bbox 845 4305 899 4353; x_wconf 93' lang='lat' dir='ltr'>et</span> <span class='ocrx_word' id='word_1_334' title='bbox 919 4314 1117 4356; x_wconf 91' lang='lat' dir='ltr'>nomen</span> <span class='ocrx_word' id='word_1_335' title='bbox 1137 4304 1359 4372; x_wconf 83' lang='lat' dir='ltr'>uxoris;</span> <span class='ocrx_word' id='word_1_336' title='bbox 1385 4321 1453 4363; x_wconf 91' lang='lat' dir='ltr'>ne</span> <span class='ocrx_word' id='word_1_337' title='bbox 1483 4315 1544 4365; x_wconf 92' lang='lat' dir='ltr'>tu</span> <span class='ocrx_word' id='word_1_338' title='bbox 1573 4309 1792 4369; x_wconf 87' lang='lat' dir='ltr'>adulter</span> <span class='ocrx_word' id='word_1_339' title='bbox 1820 4316 1894 4372; x_wconf 91' lang='lat' dir='ltr'>sis</span> <span class='ocrx_word' id='word_1_340' title='bbox 1914 4321 2100 4389; x_wconf 89' lang='lat' dir='ltr'>potius</span> 
     </span>
    </p>
   </div>
   <div class='ocr_carea' id='block_1_47' title="bbox 501 4384 948 4452">
    <p class='ocr_par' dir='ltr' id='par_1_47' title="bbox 501 4384 948 4452">
     <span class='ocr_line' id='line_1_47' title="bbox 501 4384 948 4452; baseline 0.016 -17"><span class='ocrx_word' id='word_1_341' title='bbox 501 4395 665 4452; x_wconf 85' lang='lat' dir='ltr'>quam</span> <span class='ocrx_word' id='word_1_342' title='bbox 696 4384 948 4442; x_wconf 86' lang='lat' dir='ltr'>maritus.</span> 
     </span>
    </p>
   </div>
   <div class='ocr_carea' id='block_1_48' title="bbox 2259 561 2633 620">
    <p class='ocr_par' dir='ltr' id='par_1_48' title="bbox 2259 561 2633 620">
     <span class='ocr_line' id='line_1_48' title="bbox 2259 561 2633 620; baseline 0.011 -4"><span class='ocrx_word' id='word_1_343' title='bbox 2259 577 2372 617; x_wconf 89' lang='lat' dir='ltr'>esse</span> <span class='ocrx_word' id='word_1_344' title='bbox 2403 561 2633 620; x_wconf 90' lang='lat' dir='ltr'>sincera.</span> 
     </span>
    </p>
   </div>
   <div class='ocr_carea' id='block_1_49' title="bbox 2333 652 3870 734">
    <p class='ocr_par' dir='ltr' id='par_1_49' title="bbox 2333 652 3870 734">
     <span class='ocr_line' id='line_1_49' title="bbox 2333 652 3870 734; baseline 0.008 -28"><span class='ocrx_word' id='word_1_345' title='bbox 2333 652 2418 706; x_wconf 89' lang='grc'><strong>11.</strong></span> <span class='ocrx_word' id='word_1_346' title='bbox 2478 652 2583 708; x_wconf 91' lang='lat' dir='ltr'>Sed</span> <span class='ocrx_word' id='word_1_347' title='bbox 2643 663 2696 711; x_wconf 86' lang='lat' dir='ltr'>et</span> <span class='ocrx_word' id='word_1_348' title='bbox 2754 656 2847 711; x_wconf 91' lang='lat' dir='ltr'>ille</span> <span class='ocrx_word' id='word_1_349' title='bbox 2892 656 3126 713; x_wconf 91' lang='lat' dir='ltr'>clericus</span> <span class='ocrx_word' id='word_1_350' title='bbox 3186 656 3295 713; x_wconf 89' lang='lat' dir='ltr'>iter</span> <span class='ocrx_word' id='word_1_351' title='bbox 3323 658 3562 714; x_wconf 91' lang='lat' dir='ltr'>Domino</span> <span class='ocrx_word' id='word_1_352' title='bbox 3592 658 3748 729; x_wconf 84' lang='lat' dir='ltr'>facit,</span> <span class='ocrx_word' id='word_1_353' title='bbox 3780 663 3870 734; x_wconf 89' lang='lat' dir='ltr'>qui</span> 
     </span>
    </p>
   </div>
   <div class='ocr_carea' id='block_1_50' title="bbox 2258 743 3870 822">
    <p class='ocr_par' dir='ltr' id='par_1_50' title="bbox 2258 743 3870 822">
     <span class='ocr_line' id='line_1_50' title="bbox 2258 743 3870 822; baseline 0.009 -25"><span class='ocrx_word' id='word_1_354' title='bbox 2258 743 2559 800; x_wconf 89' lang='lat' dir='ltr'>secundum</span> <span class='ocrx_word' id='word_1_355' title='bbox 2616 745 2984 818; x_wconf 87' lang='lat' dir='ltr'>Evangelium</span> <span class='ocrx_word' id='word_1_356' title='bbox 3015 747 3180 817; x_wconf 86' lang='lat' dir='ltr'>vivit,</span> <span class='ocrx_word' id='word_1_357' title='bbox 3220 758 3276 805; x_wconf 91' lang='lat' dir='ltr'>et</span> <span class='ocrx_word' id='word_1_358' title='bbox 3307 766 3403 822; x_wconf 91' lang='lat' dir='ltr'>per</span> <span class='ocrx_word' id='word_1_359' title='bbox 3429 751 3618 807; x_wconf 89' lang='lat' dir='ltr'>omnia</span> <span class='ocrx_word' id='word_1_360' title='bbox 3645 751 3870 811; x_wconf 89' lang='lat' dir='ltr'>obtem-</span> 
     </span>
    </p>
   </div>
   <div class='ocr_carea' id='block_1_51' title="bbox 2256 834 3868 909">
    <p class='ocr_par' dir='ltr' id='par_1_51' title="bbox 2256 834 3868 909">
     <span class='ocr_line' id='line_1_51' title="bbox 2256 834 3868 909; baseline 0.007 -22"><span class='ocrx_word' id='word_1_361' title='bbox 2256 840 2408 904; x_wconf 85' lang='lat' dir='ltr'>perat</span> <span class='ocrx_word' id='word_1_362' title='bbox 2459 834 2774 901; x_wconf 84' lang='lat' dir='ltr'>sacerdoti;</span> <span class='ocrx_word' id='word_1_363' title='bbox 2827 836 3096 909; x_wconf 87' lang='lat' dir='ltr'>aliquanti</span> <span class='ocrx_word' id='word_1_364' title='bbox 3150 838 3300 895; x_wconf 89' lang='lat' dir='ltr'>enim</span> <span class='ocrx_word' id='word_1_365' title='bbox 3353 855 3479 894; x_wconf 88' lang='lat' dir='ltr'>cum</span> <span class='ocrx_word' id='word_1_366' title='bbox 3529 840 3642 896; x_wconf 88' lang='lat' dir='ltr'>sint</span> <span class='ocrx_word' id='word_1_367' title='bbox 3686 842 3868 900; x_wconf 90' lang='lat' dir='ltr'>minus</span> 
     </span>
    </p>
   </div>
   <div class='ocr_carea' id='block_1_52' title="bbox 2255 923 3863 1001">
    <p class='ocr_par' dir='ltr' id='par_1_52' title="bbox 2255 923 3863 1001">
     <span class='ocr_line' id='line_1_52' title="bbox 2255 923 3863 1001; baseline 0.007 -24"><span class='ocrx_word' id='word_1_368' title='bbox 2255 923 2489 990; x_wconf 89' lang='lat' dir='ltr'>subditi,</span> <span class='ocrx_word' id='word_1_369' title='bbox 2528 925 2756 979; x_wconf 90' lang='lat' dir='ltr'>moleste</span> <span class='ocrx_word' id='word_1_370' title='bbox 2789 924 2992 993; x_wconf 87' lang='lat' dir='ltr'>ferunt,</span> <span class='ocrx_word' id='word_1_371' title='bbox 3011 942 3136 981; x_wconf 92' lang='lat' dir='ltr'>cum</span> <span class='ocrx_word' id='word_1_372' title='bbox 3155 943 3186 981; x_wconf 90' lang='lat' dir='ltr'>a</span> <span class='ocrx_word' id='word_1_373' title='bbox 3205 926 3518 983; x_wconf 91' lang='lat' dir='ltr'>senioribus</span> <span class='ocrx_word' id='word_1_374' title='bbox 3538 937 3863 1001; x_wconf 88' lang='lat' dir='ltr'>arguuntur.</span> 
     </span>
    </p>
   </div>
   <div class='ocr_carea' id='block_1_53' title="bbox 2253 1015 3871 1094">
    <p class='ocr_par' dir='ltr' id='par_1_53' title="bbox 2253 1015 3871 1094">
     <span class='ocr_line' id='line_1_53' title="bbox 2253 1015 3871 1094; baseline 0.005 -24"><span class='ocrx_word' id='word_1_375' title='bbox 2253 1015 2470 1071; x_wconf 89' lang='lat' dir='ltr'>Dicunt</span> <span class='ocrx_word' id='word_1_376' title='bbox 2526 1034 2538 1070; x_wconf 89' lang='lat'>:</span> <span class='ocrx_word' id='word_1_377' title='bbox 2593 1015 2860 1072; x_wconf 82' lang='lat' dir='ltr'>Graviter</span> <span class='ocrx_word' id='word_1_378' title='bbox 2922 1017 3183 1074; x_wconf 87' lang='lat' dir='ltr'>irascitur</span> <span class='ocrx_word' id='word_1_379' title='bbox 3238 1019 3548 1091; x_wconf 84' lang='lat' dir='ltr'>episcopus,</span> <span class='ocrx_word' id='word_1_380' title='bbox 3605 1021 3871 1094; x_wconf 89' lang='lat' dir='ltr'>patientio</span> 
     </span>
    </p>
   </div>
   <div class='ocr_carea' id='block_1_54' title="bbox 2253 1104 3865 1180">
    <p class='ocr_par' dir='ltr' id='par_1_54' title="bbox 2253 1104 3865 1180">
     <span class='ocr_line' id='line_1_54' title="bbox 2253 1104 3865 1180; baseline 0.006 -21"><span class='ocrx_word' id='word_1_381' title='bbox 2253 1121 2370 1160; x_wconf 88' lang='lat' dir='ltr'>esse</span> <span class='ocrx_word' id='word_1_382' title='bbox 2407 1104 2658 1162; x_wconf 90' lang='lat' dir='ltr'>deberet.</span> <span class='ocrx_word' id='word_1_383' title='bbox 2691 1107 2838 1163; x_wconf 84' lang='lat' dir='ltr'>Audi</span> <span class='ocrx_word' id='word_1_384' title='bbox 2894 1125 3041 1180; x_wconf 80' lang='lat' dir='ltr'>ergo,</span> <span class='ocrx_word' id='word_1_385' title='bbox 3075 1109 3280 1180; x_wconf 87' lang='lat' dir='ltr'>optime</span> <span class='ocrx_word' id='word_1_386' title='bbox 3309 1109 3505 1164; x_wconf 88' lang='lat' dir='ltr'>clerice</span> <span class='ocrx_word' id='word_1_387' title='bbox 3539 1129 3550 1166; x_wconf 88' lang='lat'>:</span> <span class='ocrx_word' id='word_1_388' title='bbox 3593 1110 3865 1170; x_wconf 86' lang='lat' dir='ltr'>Sacerdo-</span> 
     </span>
    </p>
   </div>
   <div class='ocr_carea' id='block_1_55' title="bbox 2251 1195 3862 1273">
    <p class='ocr_par' dir='ltr' id='par_1_55' title="bbox 2251 1195 3862 1273">
     <span class='ocr_line' id='line_1_55' title="bbox 2251 1195 3862 1273; baseline 0.006 -24"><span class='ocrx_word' id='word_1_389' title='bbox 2251 1195 2325 1250; x_wconf 87' lang='lat' dir='ltr'>tis</span> <span class='ocrx_word' id='word_1_390' title='bbox 2370 1195 2545 1267; x_wconf 85' lang='lat' dir='ltr'>exigis</span> <span class='ocrx_word' id='word_1_391' title='bbox 2584 1197 2930 1268; x_wconf 88' lang='lat' dir='ltr'>patientiam,</span> <span class='ocrx_word' id='word_1_392' title='bbox 2962 1206 3016 1253; x_wconf 92' lang='lat' dir='ltr'>et</span> <span class='ocrx_word' id='word_1_393' title='bbox 3062 1199 3143 1254; x_wconf 86' lang='lat' dir='ltr'>tui</span> <span class='ocrx_word' id='word_1_394' title='bbox 3203 1214 3313 1253; x_wconf 92' lang='lat' dir='ltr'>non</span> <span class='ocrx_word' id='word_1_395' title='bbox 3343 1198 3522 1271; x_wconf 82' lang='lat' dir='ltr'>exigis</span> <span class='ocrx_word' id='word_1_396' title='bbox 3553 1200 3670 1273; x_wconf 83' lang='lat'><strong>(75)</strong></span> <span class='ocrx_word' id='word_1_397' title='bbox 3704 1201 3862 1260; x_wconf 90' lang='lat' dir='ltr'>disci-</span> 
     </span>
    </p>
   </div>
   <div class='ocr_carea' id='block_1_56' title="bbox 2250 1283 3862 1366">
    <p class='ocr_par' dir='ltr' id='par_1_56' title="bbox 2250 1283 3862 1366">
     <span class='ocr_line' id='line_1_56' title="bbox 2250 1283 3862 1366; baseline 0.008 -29"><span class='ocrx_word' id='word_1_398' title='bbox 2250 1283 2511 1356; x_wconf 78' lang='lat' dir='ltr'>plinam?</span> <span class='ocrx_word' id='word_1_399' title='bbox 2562 1286 2748 1342; x_wconf 85' lang='lat' dir='ltr'>Nescis</span> <span class='ocrx_word' id='word_1_400' title='bbox 2795 1287 2925 1361; x_wconf 88' lang='lat' dir='ltr'>quia</span> <span class='ocrx_word' id='word_1_401' title='bbox 2980 1286 3118 1342; x_wconf 90' lang='lat' dir='ltr'>mihi</span> <span class='ocrx_word' id='word_1_402' title='bbox 3168 1287 3360 1344; x_wconf 90' lang='lat' dir='ltr'>salutis</span> <span class='ocrx_word' id='word_1_403' title='bbox 3405 1305 3570 1350; x_wconf 82' lang='lat' dir='ltr'>causa</span> <span class='ocrx_word' id='word_1_404' title='bbox 3637 1308 3862 1366; x_wconf 86' lang='lat' dir='ltr'>arguere</span> 
     </span>
    </p>
   </div>
   <div class='ocr_carea' id='block_1_57' title="bbox 2250 1374 3862 1455">
    <p class='ocr_par' dir='ltr' id='par_1_57' title="bbox 2250 1374 3862 1455">
     <span class='ocr_line' id='line_1_57' title="bbox 2250 1374 3862 1455; baseline 0.007 -26"><span class='ocrx_word' id='word_1_405' title='bbox 2250 1374 2546 1446; x_wconf 88' lang='lat' dir='ltr'>aliquando</span> <span class='ocrx_word' id='word_1_406' title='bbox 2600 1377 2928 1447; x_wconf 90' lang='lat' dir='ltr'>permissum</span> <span class='ocrx_word' id='word_1_407' title='bbox 2977 1387 3080 1446; x_wconf 89' lang='lat' dir='ltr'>est,</span> <span class='ocrx_word' id='word_1_408' title='bbox 3147 1377 3252 1433; x_wconf 91' lang='lat' dir='ltr'>tibi</span> <span class='ocrx_word' id='word_1_409' title='bbox 3306 1394 3587 1452; x_wconf 89' lang='lat' dir='ltr'>nunquam</span> <span class='ocrx_word' id='word_1_410' title='bbox 3639 1399 3862 1455; x_wconf 84' lang='lat' dir='ltr'>peccare</span> 
     </span>
    </p>
   </div>
   <div class='ocr_carea' id='block_1_58' title="bbox 2248 1467 3862 1546">
    <p class='ocr_par' dir='ltr' id='par_1_58' title="bbox 2248 1467 3862 1546">
     <span class='ocr_line' id='line_1_58' title="bbox 2248 1467 3862 1546; baseline 0.005 -25"><span class='ocrx_word' id='word_1_411' title='bbox 2248 1479 2567 1521; x_wconf 91' lang='lat' dir='ltr'>concessum</span> <span class='ocrx_word' id='word_1_412' title='bbox 2616 1467 2753 1522; x_wconf 80' lang='lat' dir='ltr'>est?</span> <span class='ocrx_word' id='word_1_413' title='bbox 2781 1467 2918 1524; x_wconf 91' lang='lat' dir='ltr'>dicit</span> <span class='ocrx_word' id='word_1_414' title='bbox 2963 1469 3112 1525; x_wconf 89' lang='lat' dir='ltr'>enim</span> <span class='ocrx_word' id='word_1_415' title='bbox 3170 1469 3470 1542; x_wconf 84' lang='lat' dir='ltr'>Apostolus</span> <span class='ocrx_word' id='word_1_416' title='bbox 3507 1487 3518 1525; x_wconf 91' lang='lat'>:</span> <span class='ocrx_word' id='word_1_417' title='bbox 3583 1494 3603 1517; x_wconf 88' lang='grc'><em>‹</em></span> <span class='ocrx_word' id='word_1_418' title='bbox 3633 1473 3862 1546; x_wconf 81' lang='lat' dir='ltr'>Increpa</span> 
     </span>
    </p>
   </div>
   <div class='ocr_carea' id='block_1_59' title="bbox 2249 1555 3859 1633">
    <p class='ocr_par' dir='ltr' id='par_1_59' title="bbox 2249 1555 3859 1633">
     <span class='ocr_line' id='line_1_59' title="bbox 2249 1555 3859 1633; baseline 0.008 -26"><span class='ocrx_word' id='word_1_419' title='bbox 2249 1561 2573 1625; x_wconf 91' lang='lat' dir='ltr'>opportune,</span> <span class='ocrx_word' id='word_1_420' title='bbox 2606 1555 2918 1629; x_wconf 88' lang='lat' dir='ltr'>importune</span> <span class='ocrx_word' id='word_1_421' title='bbox 2955 1575 3118 1631; x_wconf 89' lang='lat' dir='ltr'>argue</span> <span class='ocrx_word' id='word_1_422' title='bbox 3147 1557 3235 1631; x_wconf 91' lang='lat' dir='ltr'>(II</span> <span class='ocrx_word' id='word_1_423' title='bbox 3267 1559 3404 1615; x_wconf 88' lang='lat' dir='ltr'>Tim.</span> <span class='ocrx_word' id='word_1_424' title='bbox 3440 1577 3516 1630; x_wconf 78' lang='lat' dir='ltr'>1v,</span> <span class='ocrx_word' id='word_1_425' title='bbox 3549 1559 3629 1633; x_wconf 77' lang='lat'>2).</span> <span class='ocrx_word' id='word_1_426' title='bbox 3664 1586 3683 1609; x_wconf 71' lang='grc' dir='ltr'><strong><em>ι</em></strong></span> <span class='ocrx_word' id='word_1_427' title='bbox 3727 1563 3859 1620; x_wconf 86' lang='lat' dir='ltr'>Esto</span> 
     </span>
    </p>
   </div>
   <div class='ocr_carea' id='block_1_60' title="bbox 2247 1645 3856 1719">
    <p class='ocr_par' dir='ltr' id='par_1_60' title="bbox 2247 1645 3856 1719">
     <span class='ocr_line' id='line_1_60' title="bbox 2247 1645 3856 1719; baseline 0.006 -20"><span class='ocrx_word' id='word_1_428' title='bbox 2247 1660 2374 1717; x_wconf 87' lang='lat' dir='ltr'>ergo</span> <span class='ocrx_word' id='word_1_429' title='bbox 2433 1645 2491 1699; x_wconf 90' lang='lat' dir='ltr'>in</span> <span class='ocrx_word' id='word_1_430' title='bbox 2547 1646 2806 1703; x_wconf 92' lang='lat' dir='ltr'>omnibus</span> <span class='ocrx_word' id='word_1_431' title='bbox 2863 1648 3118 1704; x_wconf 90' lang='lat' dir='ltr'>subditus</span> <span class='ocrx_word' id='word_1_432' title='bbox 3166 1649 3461 1719; x_wconf 89' lang='lat' dir='ltr'>sacerdoti,</span> <span class='ocrx_word' id='word_1_433' title='bbox 3506 1651 3549 1707; x_wconf 89' lang='lat' dir='ltr'>si</span> <span class='ocrx_word' id='word_1_434' title='bbox 3606 1650 3694 1707; x_wconf 86' lang='lat' dir='ltr'>vis</span> <span class='ocrx_word' id='word_1_435' title='bbox 3724 1667 3856 1709; x_wconf 87' lang='lat' dir='ltr'>eum</span> 
     </span>
    </p>
   </div>
   <div class='ocr_carea' id='block_1_61' title="bbox 2245 1743 2774 1792">
    <p class='ocr_par' dir='ltr' id='par_1_61' title="bbox 2245 1743 2774 1792">
     <span class='ocr_line' id='line_1_61' title="bbox 2245 1743 2774 1792; baseline 0.004 -2"><span class='ocrx_word' id='word_1_436' title='bbox 2245 1749 2362 1790; x_wconf 88' lang='lat' dir='ltr'>esse</span> <span class='ocrx_word' id='word_1_437' title='bbox 2404 1743 2774 1792; x_wconf 89' lang='lat' dir='ltr'>mansuetum.</span> 
     </span>
    </p>
   </div>
   <div class='ocr_carea' id='block_1_62' title="bbox 2839 1826 3254 1885">
    <p class='ocr_par' dir='ltr' id='par_1_62' title="bbox 2839 1826 3254 1885">
     <span class='ocr_line' id='line_1_62' title="bbox 2839 1826 3254 1885; baseline 0.002 -1"><span class='ocrx_word' id='word_1_438' title='bbox 2839 1826 3075 1884; x_wconf 85' lang='lat' dir='ltr'>SERMO</span> <span class='ocrx_word' id='word_1_439' title='bbox 3113 1827 3254 1885; x_wconf 92' lang='lat' dir='ltr'><strong>LIII.</strong></span> 
     </span>
    </p>
   </div>
   <div class='ocr_carea' id='block_1_63' title="bbox 2317 1913 3778 1990">
    <p class='ocr_par' dir='ltr' id='par_1_63' title="bbox 2317 1913 3778 1990">
     <span class='ocr_line' id='line_1_63' title="bbox 2317 1913 3778 1990; baseline 0.006 -21"><span class='ocrx_word' id='word_1_440' title='bbox 2317 1913 2378 1969; x_wconf 92' lang='lat' dir='ltr'>In</span> <span class='ocrx_word' id='word_1_441' title='bbox 2410 1915 2577 1970; x_wconf 88' lang='lat' dir='ltr'>natali</span> <span class='ocrx_word' id='word_1_442' title='bbox 2610 1925 2924 1973; x_wconf 89' lang='lat' dir='ltr'>sanctorum</span> <span class='ocrx_word' id='word_1_443' title='bbox 2945 1917 3319 1990; x_wconf 87' lang='lat' dir='ltr'>apostolorum</span> <span class='ocrx_word' id='word_1_444' title='bbox 3342 1918 3488 1975; x_wconf 91' lang='lat' dir='ltr'>Petri</span> <span class='ocrx_word' id='word_1_445' title='bbox 3509 1928 3564 1976; x_wconf 90' lang='lat' dir='ltr'>et</span> <span class='ocrx_word' id='word_1_446' title='bbox 3592 1916 3778 1978; x_wconf 91' lang='lat' dir='ltr'>Pauli.</span> 
     </span>
    </p>
   </div>
   <div class='ocr_carea' id='block_1_64' title="bbox 2243 2002 3851 2083">
    <p class='ocr_par' dir='ltr' id='par_1_64' title="bbox 2243 2002 3851 2083">
     <span class='ocr_line' id='line_1_64' title="bbox 2243 2002 3851 2083; baseline 0.006 -26"><span class='ocrx_word' id='word_1_447' title='bbox 2243 2002 2381 2083; x_wconf 76' lang='lat' dir='ltr'>Huic</span> <span class='ocrx_word' id='word_1_448' title='bbox 2422 2007 2674 2083; x_wconf 57' lang='lat' dir='ltr'>sermoni</span> <span class='ocrx_word' id='word_1_449' title='bbox 2730 2008 2866 2083; x_wconf 70' lang='lat' dir='ltr'>nihil</span> <span class='ocrx_word' id='word_1_450' title='bbox 2908 2008 3121 2063; x_wconf 78' lang='lat' dir='ltr'>omnino</span> <span class='ocrx_word' id='word_1_451' title='bbox 3191 2009 3354 2065; x_wconf 82' lang='lat' dir='ltr'>inesse</span> <span class='ocrx_word' id='word_1_452' title='bbox 3419 2011 3851 2083; x_wconf 77' lang='lat' dir='ltr'>deprehendimus</span> 
     </span>
    </p>
   </div>
   <div class='ocr_carea' id='block_1_65' title="bbox 2314 2076 3848 2153">
    <p class='ocr_par' dir='ltr' id='par_1_65' title="bbox 2314 2076 3848 2153">
     <span class='ocr_line' id='line_1_65' title="bbox 2314 2076 3848 2153; baseline 0.006 -25"><span class='ocrx_word' id='word_1_453' title='bbox 2314 2076 2656 2153; x_wconf 51' lang='lat' dir='ltr'>Ambrosiani</span> <span class='ocrx_word' id='word_1_454' title='bbox 2704 2079 2836 2153; x_wconf 80' lang='lat' dir='ltr'>styli</span> <span class='ocrx_word' id='word_1_455' title='bbox 2892 2095 2914 2153; x_wconf 90' lang='lat'>;_</span> <span class='ocrx_word' id='word_1_456' title='bbox 2950 2086 2998 2133; x_wconf 86' lang='lat' dir='ltr'>et</span> <span class='ocrx_word' id='word_1_457' title='bbox 3052 2083 3294 2153; x_wconf 77' lang='lat' dir='ltr'>quamvis</span> <span class='ocrx_word' id='word_1_458' title='bbox 3344 2083 3402 2136; x_wconf 85' lang='lat' dir='ltr'>in</span> <span class='ocrx_word' id='word_1_459' title='bbox 3448 2076 3575 2138; x_wconf 75' lang='lat' dir='ltr'>mss.</span> <span class='ocrx_word' id='word_1_460' title='bbox 3631 2083 3848 2153; x_wconf 78' lang='lat' dir='ltr'>quibus-</span> 
     </span>
    </p>
   </div>
   <div class='ocr_carea' id='block_1_66' title="bbox 2313 2147 3846 2222">
    <p class='ocr_par' dir='ltr' id='par_1_66' title="bbox 2313 2147 3846 2222">
     <span class='ocr_line' id='line_1_66' title="bbox 2313 2147 3846 2222; baseline 0.007 -22"><span class='ocrx_word' id='word_1_461' title='bbox 2313 2147 2436 2222; x_wconf 82' lang='lat' dir='ltr'>dam</span> <span class='ocrx_word' id='word_1_462' title='bbox 2464 2150 2632 2222; x_wconf 85' lang='lat' dir='ltr'>sancti</span> <span class='ocrx_word' id='word_1_463' title='bbox 2672 2147 2940 2205; x_wconf 77' lang='lat' dir='ltr'>Antistitis</span> <span class='ocrx_word' id='word_1_464' title='bbox 2972 2147 3178 2206; x_wconf 79' lang='lat' dir='ltr'>nomine</span> <span class='ocrx_word' id='word_1_465' title='bbox 3211 2154 3559 2222; x_wconf 86' lang='lat' dir='ltr'>inscribatur,</span> <span class='ocrx_word' id='word_1_466' title='bbox 3593 2147 3655 2209; x_wconf 64' lang='lat' dir='ltr'>ei</span> <span class='ocrx_word' id='word_1_467' title='bbox 3692 2157 3846 2210; x_wconf 81' lang='lat' dir='ltr'>anti-</span> 
     </span>
    </p>
   </div>
   <div class='ocr_carea' id='block_1_67' title="bbox 2311 2219 3851 2295">
    <p class='ocr_par' dir='ltr' id='par_1_67' title="bbox 2311 2219 3851 2295">
     <span class='ocr_line' id='line_1_67' title="bbox 2311 2219 3851 2295; baseline 0.007 -24"><span class='ocrx_word' id='word_1_468' title='bbox 2311 2219 2584 2295; x_wconf 78' lang='lat' dir='ltr'>quioribus</span> <span class='ocrx_word' id='word_1_469' title='bbox 2632 2229 2802 2295; x_wconf 79' lang='lat' dir='ltr'>tamen</span> <span class='ocrx_word' id='word_1_470' title='bbox 2833 2223 3037 2295; x_wconf 84' lang='lat' dir='ltr'>nemini</span> <span class='ocrx_word' id='word_1_471' title='bbox 3080 2225 3350 2280; x_wconf 79' lang='lat' dir='ltr'>tribuitur.</span> <span class='ocrx_word' id='word_1_472' title='bbox 3402 2219 3588 2282; x_wconf 80' lang='lat' dir='ltr'>Posset</span> <span class='ocrx_word' id='word_1_473' title='bbox 3613 2225 3760 2295; x_wconf 79' lang='lat' dir='ltr'>forte</span> <span class='ocrx_word' id='word_1_474' title='bbox 3783 2245 3851 2282; x_wconf 78' lang='lat' dir='ltr'>an</span> 
     </span>
    </p>
   </div>
   <div class='ocr_carea' id='block_1_68' title="bbox 2312 2291 3843 2370">
    <p class='ocr_par' dir='ltr' id='par_1_68' title="bbox 2312 2291 3843 2370">
     <span class='ocr_line' id='line_1_68' title="bbox 2312 2291 3843 2370; baseline 0.008 -28"><span class='ocrx_word' id='word_1_475' title='bbox 2312 2291 2494 2344; x_wconf 76' lang='lat' dir='ltr'>veteris</span> <span class='ocrx_word' id='word_1_476' title='bbox 2543 2294 2775 2348; x_wconf 79' lang='lat' dir='ltr'>auctoris</span> <span class='ocrx_word' id='word_1_477' title='bbox 2821 2294 2941 2370; x_wconf 79' lang='lat' dir='ltr'>inde</span> <span class='ocrx_word' id='word_1_478' title='bbox 2972 2296 3183 2370; x_wconf 75' lang='lat' dir='ltr'>putari,</span> <span class='ocrx_word' id='word_1_479' title='bbox 3239 2298 3378 2370; x_wconf 78' lang='lat' dir='ltr'>quod</span> <span class='ocrx_word' id='word_1_480' title='bbox 3422 2291 3729 2353; x_wconf 62' lang='lat' dir='ltr'>numerosa</span> <span class='ocrx_word' id='word_1_481' title='bbox 3752 2317 3843 2370; x_wconf 86' lang='lat' dir='ltr'>pa-</span> 
     </span>
    </p>
   </div>
   <div class='ocr_carea' id='block_1_69' title="bbox 2309 2366 3849 2438">
    <p class='ocr_par' dir='ltr' id='par_1_69' title="bbox 2309 2366 3849 2438">
     <span class='ocr_line' id='line_1_69' title="bbox 2309 2366 3849 2438; baseline 0.006 -23"><span class='ocrx_word' id='word_1_482' title='bbox 2309 2377 2570 2438; x_wconf 77' lang='lat' dir='ltr'>ganorum</span> <span class='ocrx_word' id='word_1_483' title='bbox 2606 2366 2966 2438; x_wconf 78' lang='lat' dir='ltr'>conversiones</span> <span class='ocrx_word' id='word_1_484' title='bbox 3027 2366 3276 2422; x_wconf 79' lang='lat' dir='ltr'>dicantur</span> <span class='ocrx_word' id='word_1_485' title='bbox 3321 2368 3493 2438; x_wconf 63' lang='lat' dir='ltr'>facta,</span> <span class='ocrx_word' id='word_1_486' title='bbox 3549 2371 3663 2424; x_wconf 83' lang='lat' dir='ltr'>nisi</span> <span class='ocrx_word' id='word_1_487' title='bbox 3720 2366 3849 2425; x_wconf 79' lang='lat' dir='ltr'>com-</span> 
     </span>
    </p>
   </div>
   <div class='ocr_carea' id='block_1_70' title="bbox 2309 2434 3846 2513">
    <p class='ocr_par' dir='ltr' id='par_1_70' title="bbox 2309 2434 3846 2513">
     <span class='ocr_line' id='line_1_70' title="bbox 2309 2434 3846 2513; baseline 0.008 -29"><span class='ocrx_word' id='word_1_488' title='bbox 2309 2434 2514 2513; x_wconf 72' lang='lat' dir='ltr'>modius</span> <span class='ocrx_word' id='word_1_489' title='bbox 2569 2437 2642 2490; x_wconf 84' lang='lat' dir='ltr'>ad</span> <span class='ocrx_word' id='word_1_490' title='bbox 2687 2439 3047 2508; x_wconf 83' lang='lat' dir='ltr'>apostolorum</span> <span class='ocrx_word' id='word_1_491' title='bbox 3088 2434 3523 2510; x_wconf 72' lang='lat' dir='ltr'>praedicationem</span> <span class='ocrx_word' id='word_1_492' title='bbox 3572 2443 3654 2498; x_wconf 69' lang='lat' dir='ltr'>hae</span> <span class='ocrx_word' id='word_1_493' title='bbox 3681 2441 3846 2513; x_wconf 79' lang='lat' dir='ltr'>refer-</span> 
     </span>
    </p>
   </div>
   <div class='ocr_carea' id='block_1_71' title="bbox 2309 2511 2516 2561">
    <p class='ocr_par' dir='ltr' id='par_1_71' title="bbox 2309 2511 2516 2561">
     <span class='ocr_line' id='line_1_71' title="bbox 2309 2511 2516 2561; baseline 0.019 -4"><span class='ocrx_word' id='word_1_494' title='bbox 2309 2511 2516 2561; x_wconf 88' lang='lat' dir='ltr'>rentur.</span> 
     </span>
    </p>
   </div>
   <div class='ocr_carea' id='block_1_72' title="bbox 2311 2604 3847 2684">
    <p class='ocr_par' dir='ltr' id='par_1_72' title="bbox 2311 2604 3847 2684">
     <span class='ocr_line' id='line_1_72' title="bbox 2311 2604 3847 2684; baseline 0.007 -26"><span class='ocrx_word' id='word_1_495' title='bbox 2311 2604 2359 2658; x_wconf 91' lang='grc'><strong>1.</strong></span> <span class='ocrx_word' id='word_1_496' title='bbox 2395 2604 2644 2661; x_wconf 85' lang='lat' dir='ltr'>Natalem</span> <span class='ocrx_word' id='word_1_497' title='bbox 2686 2606 3133 2667; x_wconf 88' lang='lat' dir='ltr'>beatissimorum</span> <span class='ocrx_word' id='word_1_498' title='bbox 3181 2612 3562 2684; x_wconf 88' lang='lat' dir='ltr'>apostolorum</span> <span class='ocrx_word' id='word_1_499' title='bbox 3616 2612 3772 2668; x_wconf 89' lang='lat' dir='ltr'>Petri</span> <span class='ocrx_word' id='word_1_500' title='bbox 3799 2619 3847 2668; x_wconf 85' lang='lat' dir='ltr'>et</span> 
     </span>
    </p>
   </div>
   <div class='ocr_carea' id='block_1_73' title="bbox 2233 2690 3849 2768">
    <p class='ocr_par' dir='ltr' id='par_1_73' title="bbox 2233 2690 3849 2768">
     <span class='ocr_line' id='line_1_73' title="bbox 2233 2690 3849 2768; baseline 0.009 -23"><span class='ocrx_word' id='word_1_501' title='bbox 2233 2690 2391 2746; x_wconf 90' lang='lat' dir='ltr'>Pauli</span> <span class='ocrx_word' id='word_1_502' title='bbox 2414 2692 2583 2750; x_wconf 89' lang='lat' dir='ltr'>hodie</span> <span class='ocrx_word' id='word_1_503' title='bbox 2616 2695 2974 2767; x_wconf 90' lang='lat' dir='ltr'>celebrantes,</span> <span class='ocrx_word' id='word_1_504' title='bbox 3008 2700 3204 2757; x_wconf 89' lang='lat' dir='ltr'>fratres</span> <span class='ocrx_word' id='word_1_505' title='bbox 3242 2701 3578 2768; x_wconf 89' lang='lat' dir='ltr'>charissimi,</span> <span class='ocrx_word' id='word_1_506' title='bbox 3611 2701 3849 2759; x_wconf 87' lang='lat' dir='ltr'>diversis</span> 
     </span>
    </p>
   </div>
   <div class='ocr_carea' id='block_1_74' title="bbox 2232 2781 3843 2858">
    <p class='ocr_par' dir='ltr' id='par_1_74' title="bbox 2232 2781 3843 2858">
     <span class='ocr_line' id='line_1_74' title="bbox 2232 2781 3843 2858; baseline 0.008 -22"><span class='ocrx_word' id='word_1_507' title='bbox 2232 2781 2410 2852; x_wconf 92' lang='lat' dir='ltr'>epulis</span> <span class='ocrx_word' id='word_1_508' title='bbox 2439 2800 2537 2838; x_wconf 91' lang='lat' dir='ltr'>nos</span> <span class='ocrx_word' id='word_1_509' title='bbox 2567 2784 2788 2843; x_wconf 90' lang='lat' dir='ltr'>reﬁcere</span> <span class='ocrx_word' id='word_1_510' title='bbox 2820 2787 3102 2858; x_wconf 91' lang='lat' dir='ltr'>debemus,</span> <span class='ocrx_word' id='word_1_511' title='bbox 3153 2799 3206 2846; x_wconf 92' lang='lat' dir='ltr'>et</span> <span class='ocrx_word' id='word_1_512' title='bbox 3232 2799 3445 2848; x_wconf 87' lang='lat' dir='ltr'>tantam</span> <span class='ocrx_word' id='word_1_513' title='bbox 3483 2792 3843 2848; x_wconf 83' lang='lat' dir='ltr'>festivitatem</span> 
     </span>
    </p>
   </div>
   <div class='ocr_carea' id='block_1_75' title="bbox 2232 2882 3846 2954">
    <p class='ocr_par' dir='ltr' id='par_1_75' title="bbox 2232 2882 3846 2954">
     <span class='ocr_line' id='line_1_75' title="bbox 2232 2882 3846 2954; baseline 0.008 -24"><span class='ocrx_word' id='word_1_514' title='bbox 2232 2893 2429 2950; x_wconf 89' lang='lat' dir='ltr'>magna</span> <span class='ocrx_word' id='word_1_515' title='bbox 2462 2896 2588 2934; x_wconf 92' lang='lat' dir='ltr'>cum</span> <span class='ocrx_word' id='word_1_516' title='bbox 2629 2882 2821 2939; x_wconf 83' lang='lat' dir='ltr'>laetitia</span> <span class='ocrx_word' id='word_1_517' title='bbox 2848 2885 3140 2942; x_wconf 88' lang='lat' dir='ltr'>celebrare.</span> <span class='ocrx_word' id='word_1_518' title='bbox 3192 2887 3327 2954; x_wconf 90' lang='lat' dir='ltr'>Quis</span> <span class='ocrx_word' id='word_1_519' title='bbox 3353 2888 3501 2945; x_wconf 89' lang='lat' dir='ltr'>enim</span> <span class='ocrx_word' id='word_1_520' title='bbox 3529 2887 3738 2944; x_wconf 86' lang='lat' dir='ltr'>talium</span> <span class='ocrx_word' id='word_1_521' title='bbox 3767 2887 3846 2943; x_wconf 83' lang='lat' dir='ltr'>vi-</span> 
     </span>
    </p>
   </div>
   <div class='ocr_carea' id='block_1_76' title="bbox 2233 2973 3844 3051">
    <p class='ocr_par' dir='ltr' id='par_1_76' title="bbox 2233 2973 3844 3051">
     <span class='ocr_line' id='line_1_76' title="bbox 2233 2973 3844 3051; baseline 0.009 -28"><span class='ocrx_word' id='word_1_522' title='bbox 2233 2985 2419 3025; x_wconf 92' lang='lat' dir='ltr'>rorum</span> <span class='ocrx_word' id='word_1_523' title='bbox 2469 2973 2873 3030; x_wconf 88' lang='lat' dir='ltr'>solemnitatem</span> <span class='ocrx_word' id='word_1_524' title='bbox 2907 2993 3016 3032; x_wconf 92' lang='lat' dir='ltr'>non</span> <span class='ocrx_word' id='word_1_525' title='bbox 3066 2995 3267 3051; x_wconf 88' lang='lat' dir='ltr'>magna</span> <span class='ocrx_word' id='word_1_526' title='bbox 3298 2997 3423 3036; x_wconf 92' lang='lat' dir='ltr'>cum</span> <span class='ocrx_word' id='word_1_527' title='bbox 3457 2981 3650 3036; x_wconf 69' lang='lat' dir='ltr'>laetitia</span> <span class='ocrx_word' id='word_1_528' title='bbox 3679 2979 3844 3037; x_wconf 85' lang='lat' dir='ltr'>debet</span> 
     </span>
    </p>
   </div>
   <div class='ocr_carea' id='block_1_77' title="bbox 2231 3061 3841 3135">
    <p class='ocr_par' dir='ltr' id='par_1_77' title="bbox 2231 3061 3841 3135">
     <span class='ocr_line' id='line_1_77' title="bbox 2231 3061 3841 3135; baseline 0.007 -19"><span class='ocrx_word' id='word_1_529' title='bbox 2231 3061 2505 3118; x_wconf 81' lang='lat' dir='ltr'>celebrare</span> <span class='ocrx_word' id='word_1_530' title='bbox 2535 3064 2652 3135; x_wconf 89' lang='lat'><strong>(76)</strong></span> <span class='ocrx_word' id='word_1_531' title='bbox 2679 3065 2707 3119; x_wconf 76' lang='lat' dir='ltr'>‘l</span> <span class='ocrx_word' id='word_1_532' title='bbox 2736 3064 2871 3131; x_wconf 89' lang='lat' dir='ltr'>Quis</span> <span class='ocrx_word' id='word_1_533' title='bbox 2891 3068 3038 3123; x_wconf 90' lang='lat' dir='ltr'>enim</span> <span class='ocrx_word' id='word_1_534' title='bbox 3069 3069 3264 3125; x_wconf 91' lang='lat' dir='ltr'>talium</span> <span class='ocrx_word' id='word_1_535' title='bbox 3295 3070 3543 3127; x_wconf 87' lang='lat' dir='ltr'>virorum</span> <span class='ocrx_word' id='word_1_536' title='bbox 3573 3069 3841 3128; x_wconf 85' lang='lat' dir='ltr'>solemni-</span> 
     </span>
    </p>
   </div>
   <div class='ocr_carea' id='block_1_78' title="bbox 2227 3153 3840 3232">
    <p class='ocr_par' dir='ltr' id='par_1_78' title="bbox 2227 3153 3840 3232">
     <span class='ocr_line' id='line_1_78' title="bbox 2227 3153 3840 3232; baseline 0.006 -28"><span class='ocrx_word' id='word_1_537' title='bbox 2227 3155 2337 3205; x_wconf 87' lang='lat' dir='ltr'>tate</span> <span class='ocrx_word' id='word_1_538' title='bbox 2365 3167 2479 3206; x_wconf 91' lang='lat' dir='ltr'>non</span> <span class='ocrx_word' id='word_1_539' title='bbox 2528 3168 2756 3224; x_wconf 87' lang='lat' dir='ltr'>magnos</span> <span class='ocrx_word' id='word_1_540' title='bbox 2784 3153 2890 3210; x_wconf 89' lang='lat' dir='ltr'>sibi</span> <span class='ocrx_word' id='word_1_541' title='bbox 2940 3156 3200 3214; x_wconf 83' lang='lat' dir='ltr'>exhibeat</span> <span class='ocrx_word' id='word_1_542' title='bbox 3243 3170 3572 3232; x_wconf 88' lang='lat' dir='ltr'>apparatus;</span> <span class='ocrx_word' id='word_1_543' title='bbox 3619 3169 3686 3216; x_wconf 88' lang='lat' dir='ltr'>ut</span> <span class='ocrx_word' id='word_1_544' title='bbox 3733 3174 3840 3232; x_wconf 89' lang='lat' dir='ltr'>quo</span> 
     </span>
    </p>
   </div>
   <div class='ocr_carea' id='block_1_79' title="bbox 2223 3239 3830 3319">
    <p class='ocr_par' dir='ltr' id='par_1_79' title="bbox 2223 3239 3830 3319">
     <span class='ocr_line' id='line_1_79' title="bbox 2223 3239 3830 3319; baseline 0.008 -27"><span class='ocrx_word' id='word_1_545' title='bbox 2223 3239 2348 3311; x_wconf 92' lang='lat' dir='ltr'>plus</span> <span class='ocrx_word' id='word_1_546' title='bbox 2375 3241 2714 3312; x_wconf 86' lang='lat' dir='ltr'>expenderit,</span> <span class='ocrx_word' id='word_1_547' title='bbox 2748 3244 2872 3314; x_wconf 89' lang='lat' dir='ltr'>plus</span> <span class='ocrx_word' id='word_1_548' title='bbox 2902 3263 2958 3302; x_wconf 90' lang='lat' dir='ltr'>se</span> <span class='ocrx_word' id='word_1_549' title='bbox 2986 3249 3261 3319; x_wconf 88' lang='lat' dir='ltr'>apostolos</span> <span class='ocrx_word' id='word_1_550' title='bbox 3293 3249 3583 3306; x_wconf 90' lang='lat' dir='ltr'>conﬁrmet</span> <span class='ocrx_word' id='word_1_551' title='bbox 3613 3246 3830 3305; x_wconf 76' lang='lat' dir='ltr'>amare?</span> 
     </span>
    </p>
   </div>
   <div class='ocr_carea' id='block_1_80' title="bbox 2295 3331 3827 3413">
    <p class='ocr_par' dir='ltr' id='par_1_80' title="bbox 2295 3331 3827 3413">
     <span class='ocr_line' id='line_1_80' title="bbox 2295 3331 3827 3413; baseline 0.007 -27"><span class='ocrx_word' id='word_1_552' title='bbox 2295 3331 2345 3386; x_wconf 78' lang='grc'><strong>2.</strong></span> <span class='ocrx_word' id='word_1_553' title='bbox 2392 3333 2782 3389; x_wconf 88' lang='lat' dir='ltr'>Verumtamen</span> <span class='ocrx_word' id='word_1_554' title='bbox 2812 3352 2921 3392; x_wconf 91' lang='lat' dir='ltr'>non</span> <span class='ocrx_word' id='word_1_555' title='bbox 2957 3355 3094 3410; x_wconf 89' lang='lat' dir='ltr'>opus</span> <span class='ocrx_word' id='word_1_556' title='bbox 3122 3348 3204 3396; x_wconf 92' lang='lat' dir='ltr'>est</span> <span class='ocrx_word' id='word_1_557' title='bbox 3234 3340 3457 3413; x_wconf 90' lang='lat' dir='ltr'>proprio</span> <span class='ocrx_word' id='word_1_558' title='bbox 3499 3349 3734 3413; x_wconf 89' lang='lat' dir='ltr'>sumptu</span> <span class='ocrx_word' id='word_1_559' title='bbox 3762 3340 3827 3396; x_wconf 85' lang='lat' dir='ltr'>ad</span> 
     </span>
    </p>
   </div>
   <div class='ocr_carea' id='block_1_81' title="bbox 2221 3424 3828 3487">
    <p class='ocr_par' dir='ltr' id='par_1_81' title="bbox 2221 3424 3828 3487">
     <span class='ocr_line' id='line_1_81' title="bbox 2221 3424 3828 3487; baseline 0.005 -9"><span class='ocrx_word' id='word_1_560' title='bbox 2221 3424 2575 3481; x_wconf 90' lang='lat' dir='ltr'>refectionem</span> <span class='ocrx_word' id='word_1_561' title='bbox 2609 3435 2853 3483; x_wconf 89' lang='lat' dir='ltr'>nostram</span> <span class='ocrx_word' id='word_1_562' title='bbox 2880 3445 2892 3482; x_wconf 87' lang='lat'><em>:</em></span> <span class='ocrx_word' id='word_1_563' title='bbox 2923 3446 3048 3484; x_wconf 91' lang='lat' dir='ltr'>nam</span> <span class='ocrx_word' id='word_1_564' title='bbox 3072 3432 3238 3487; x_wconf 87' lang='lat' dir='ltr'>natali</span> <span class='ocrx_word' id='word_1_565' title='bbox 3267 3449 3366 3487; x_wconf 91' lang='lat' dir='ltr'>suo</span> <span class='ocrx_word' id='word_1_566' title='bbox 3381 3439 3606 3486; x_wconf 90' lang='lat' dir='ltr'>sanctus</span> <span class='ocrx_word' id='word_1_567' title='bbox 3634 3431 3828 3487; x_wconf 84' lang='lat' dir='ltr'>Petrus</span> 
     </span>
    </p>
   </div>
   <div class='ocr_carea' id='block_1_82' title="bbox 2219 3515 3826 3594">
    <p class='ocr_par' dir='ltr' id='par_1_82' title="bbox 2219 3515 3826 3594">
     <span class='ocr_line' id='line_1_82' title="bbox 2219 3515 3826 3594; baseline 0.006 -25"><span class='ocrx_word' id='word_1_568' title='bbox 2219 3515 2335 3587; x_wconf 91' lang='lat' dir='ltr'>ipse</span> <span class='ocrx_word' id='word_1_569' title='bbox 2367 3533 2467 3572; x_wconf 91' lang='lat' dir='ltr'>nos</span> <span class='ocrx_word' id='word_1_570' title='bbox 2516 3517 2736 3586; x_wconf 88' lang='lat' dir='ltr'>reﬁcit;</span> <span class='ocrx_word' id='word_1_571' title='bbox 2770 3529 2851 3575; x_wconf 89' lang='lat' dir='ltr'>est</span> <span class='ocrx_word' id='word_1_572' title='bbox 2878 3520 3026 3575; x_wconf 91' lang='lat' dir='ltr'>enim</span> <span class='ocrx_word' id='word_1_573' title='bbox 3065 3521 3324 3577; x_wconf 90' lang='lat' dir='ltr'>omnibus</span> <span class='ocrx_word' id='word_1_574' title='bbox 3351 3521 3524 3594; x_wconf 90' lang='lat' dir='ltr'>copiis</span> <span class='ocrx_word' id='word_1_575' title='bbox 3555 3522 3826 3578; x_wconf 82' lang='lat' dir='ltr'>refertum</span> 
     </span>
    </p>
   </div>
   <div class='ocr_carea' id='block_1_83' title="bbox 2220 3609 3822 3684">
    <p class='ocr_par' dir='ltr' id='par_1_83' title="bbox 2220 3609 3822 3684">
     <span class='ocr_line' id='line_1_83' title="bbox 2220 3609 3822 3684; baseline 0.005 -20"><span class='ocrx_word' id='word_1_576' title='bbox 2220 3624 2316 3664; x_wconf 81' lang='lat' dir='ltr'>vas</span> <span class='ocrx_word' id='word_1_577' title='bbox 2345 3609 2486 3681; x_wconf 92' lang='lat' dir='ltr'>ejus,</span> <span class='ocrx_word' id='word_1_578' title='bbox 2533 3612 2682 3684; x_wconf 91' lang='lat' dir='ltr'>quod</span> <span class='ocrx_word' id='word_1_579' title='bbox 2730 3613 2812 3668; x_wconf 91' lang='lat' dir='ltr'>illi</span> <span class='ocrx_word' id='word_1_580' title='bbox 2849 3613 2915 3668; x_wconf 93' lang='lat' dir='ltr'>de</span> <span class='ocrx_word' id='word_1_581' title='bbox 2949 3613 3087 3669; x_wconf 61' lang='lat' dir='ltr'>caelo</span> <span class='ocrx_word' id='word_1_582' title='bbox 3135 3614 3398 3671; x_wconf 86' lang='lat' dir='ltr'>esurienti</span> <span class='ocrx_word' id='word_1_583' title='bbox 3442 3613 3692 3671; x_wconf 86' lang='lat' dir='ltr'>delatum</span> <span class='ocrx_word' id='word_1_584' title='bbox 3723 3625 3822 3672; x_wconf 86' lang='lat' dir='ltr'>est.</span> 
     </span>
    </p>
   </div>
   <div class='ocr_carea' id='block_1_84' title="bbox 2217 3698 3820 3777">
    <p class='ocr_par' dir='ltr' id='par_1_84' title="bbox 2217 3698 3820 3777">
     <span class='ocr_line' id='line_1_84' title="bbox 2217 3698 3820 3777; baseline 0.005 -25"><span class='ocrx_word' id='word_1_585' title='bbox 2217 3698 2391 3770; x_wconf 89' lang='lat' dir='ltr'>Igitur</span> <span class='ocrx_word' id='word_1_586' title='bbox 2433 3700 2526 3772; x_wconf 89' lang='lat' dir='ltr'>qui</span> <span class='ocrx_word' id='word_1_587' title='bbox 2567 3702 2760 3770; x_wconf 91' lang='lat' dir='ltr'>esurit,</span> <span class='ocrx_word' id='word_1_588' title='bbox 2807 3703 2950 3759; x_wconf 91' lang='lat' dir='ltr'>sicut</span> <span class='ocrx_word' id='word_1_589' title='bbox 2996 3703 3209 3772; x_wconf 88' lang='lat' dir='ltr'>Petrus,</span> <span class='ocrx_word' id='word_1_590' title='bbox 3254 3703 3500 3760; x_wconf 88' lang='lat' dir='ltr'>reﬁcitur</span> <span class='ocrx_word' id='word_1_591' title='bbox 3545 3704 3668 3777; x_wconf 88' lang='lat' dir='ltr'>ipse</span> <span class='ocrx_word' id='word_1_592' title='bbox 3696 3722 3820 3762; x_wconf 90' lang='lat' dir='ltr'>cum</span> 
     </span>
    </p>
   </div>
   <div class='ocr_carea' id='block_1_85' title="bbox 2215 3788 3820 3867">
    <p class='ocr_par' dir='ltr' id='par_1_85' title="bbox 2215 3788 3820 3867">
     <span class='ocr_line' id='line_1_85' title="bbox 2215 3788 3820 3867; baseline 0.006 -25"><span class='ocrx_word' id='word_1_593' title='bbox 2215 3788 2395 3844; x_wconf 90' lang='lat' dir='ltr'>Petro.</span> <span class='ocrx_word' id='word_1_594' title='bbox 2447 3791 2518 3846; x_wconf 90' lang='lat' dir='ltr'>Ut</span> <span class='ocrx_word' id='word_1_595' title='bbox 2562 3791 2696 3863; x_wconf 92' lang='lat' dir='ltr'>quid</span> <span class='ocrx_word' id='word_1_596' title='bbox 2744 3808 2872 3864; x_wconf 91' lang='lat' dir='ltr'>ergo</span> <span class='ocrx_word' id='word_1_597' title='bbox 2910 3809 3279 3866; x_wconf 82' lang='lat' dir='ltr'>praeparemus</span> <span class='ocrx_word' id='word_1_598' title='bbox 3321 3793 3482 3850; x_wconf 91' lang='lat' dir='ltr'>nobis</span> <span class='ocrx_word' id='word_1_599' title='bbox 3529 3795 3820 3867; x_wconf 90' lang='lat' dir='ltr'>proprium</span> 
     </span>
    </p>
   </div>
   <div class='ocr_carea' id='block_1_86' title="bbox 2214 3879 3822 3957">
    <p class='ocr_par' dir='ltr' id='par_1_86' title="bbox 2214 3879 3822 3957">
     <span class='ocr_line' id='line_1_86' title="bbox 2214 3879 3822 3957; baseline 0.004 -24"><span class='ocrx_word' id='word_1_600' title='bbox 2214 3879 2528 3950; x_wconf 84' lang='lat' dir='ltr'>prandium,</span> <span class='ocrx_word' id='word_1_601' title='bbox 2570 3898 2693 3937; x_wconf 92' lang='lat' dir='ltr'>cum</span> <span class='ocrx_word' id='word_1_602' title='bbox 2727 3884 3030 3955; x_wconf 91' lang='lat' dir='ltr'>apostolico</span> <span class='ocrx_word' id='word_1_603' title='bbox 3080 3885 3290 3942; x_wconf 88' lang='lat' dir='ltr'>ferculo</span> <span class='ocrx_word' id='word_1_604' title='bbox 3316 3884 3634 3957; x_wconf 88' lang='lat' dir='ltr'>saginemur</span> <span class='ocrx_word' id='word_1_605' title='bbox 3666 3886 3696 3940; x_wconf 66' lang='grc' dir='ltr'>’ἲ</span> <span class='ocrx_word' id='word_1_606' title='bbox 3725 3901 3822 3940; x_wconf 91' lang='lat' dir='ltr'>cur</span> 
     </span>
    </p>
   </div>
   <div class='ocr_carea' id='block_1_87' title="bbox 2213 3971 3969 4046">
    <p class='ocr_par' dir='ltr' id='par_1_87' title="bbox 2213 3971 3969 4046">
     <span class='ocr_line' id='line_1_87' title="bbox 2213 3971 3969 4046; baseline 0.003 -20"><span class='ocrx_word' id='word_1_607' title='bbox 2213 3971 2372 4027; x_wconf 92' lang='lat' dir='ltr'>nobis</span> <span class='ocrx_word' id='word_1_608' title='bbox 2434 3973 2780 4046; x_wconf 87' lang='lat' dir='ltr'>inquiramus</span> <span class='ocrx_word' id='word_1_609' title='bbox 2825 3982 3068 4031; x_wconf 90' lang='lat' dir='ltr'>terrenas</span> <span class='ocrx_word' id='word_1_610' title='bbox 3111 3977 3320 4046; x_wconf 87' lang='lat' dir='ltr'>epulas,</span> <span class='ocrx_word' id='word_1_611' title='bbox 3381 3992 3508 4031; x_wconf 90' lang='lat' dir='ltr'>cum</span> <span class='ocrx_word' id='word_1_612' title='bbox 3568 3977 3822 4032; x_wconf 76' lang='lat' dir='ltr'>ccelestes</span> <span class='ocrx_word' id='word_1_613' title='bbox 3920 4010 3969 4023; x_wconf 64' lang='grc' dir='ltr'><em>π</em></span> 
     </span>
    </p>
   </div>
   <div class='ocr_carea' id='block_1_88' title="bbox 2211 4061 3820 4132">
    <p class='ocr_par' dir='ltr' id='par_1_88' title="bbox 2211 4061 3820 4132">
     <span class='ocr_line' id='line_1_88' title="bbox 2211 4061 3820 4132; baseline 0.002 -15"><span class='ocrx_word' id='word_1_614' title='bbox 2211 4061 2396 4132; x_wconf 89' lang='lat' dir='ltr'>copias</span> <span class='ocrx_word' id='word_1_615' title='bbox 2472 4063 2771 4119; x_wconf 90' lang='lat' dir='ltr'>habeamus</span> <span class='ocrx_word' id='word_1_616' title='bbox 2800 4064 2828 4120; x_wconf 80' lang='lat' dir='ltr'>‘l</span> <span class='ocrx_word' id='word_1_617' title='bbox 2875 4065 3023 4122; x_wconf 91' lang='lat' dir='ltr'>Dicit</span> <span class='ocrx_word' id='word_1_618' title='bbox 3067 4065 3215 4122; x_wconf 92' lang='lat' dir='ltr'>enim</span> <span class='ocrx_word' id='word_1_619' title='bbox 3263 4073 3482 4122; x_wconf 88' lang='lat' dir='ltr'>sanctus</span> <span class='ocrx_word' id='word_1_620' title='bbox 3527 4065 3710 4122; x_wconf 88' lang='lat' dir='ltr'>Lucas</span> <span class='ocrx_word' id='word_1_621' title='bbox 3762 4065 3820 4120; x_wconf 88' lang='lat' dir='ltr'>in</span> 
     </span>
    </p>
   </div>
   <div class='ocr_carea' id='block_1_89' title="bbox 2210 4150 3819 4225">
    <p class='ocr_par' dir='ltr' id='par_1_89' title="bbox 2210 4150 3819 4225">
     <span class='ocr_line' id='line_1_89' title="bbox 2210 4150 3819 4225; baseline 0.004 -21"><span class='ocrx_word' id='word_1_622' title='bbox 2210 4150 2442 4206; x_wconf 83' lang='lat' dir='ltr'>Actibus</span> <span class='ocrx_word' id='word_1_623' title='bbox 2472 4154 2843 4224; x_wconf 88' lang='lat' dir='ltr'>apostolorum</span> <span class='ocrx_word' id='word_1_624' title='bbox 2877 4163 3000 4225; x_wconf 92' lang='lat' dir='ltr'>post</span> <span class='ocrx_word' id='word_1_625' title='bbox 3025 4155 3328 4210; x_wconf 90' lang='lat' dir='ltr'>orationem</span> <span class='ocrx_word' id='word_1_626' title='bbox 3357 4154 3624 4210; x_wconf 90' lang='lat' dir='ltr'>esurienti</span> <span class='ocrx_word' id='word_1_627' title='bbox 3657 4155 3819 4211; x_wconf 90' lang='lat' dir='ltr'>Petro</span> 
     </span>
    </p>
   </div>
   <div class='ocr_carea' id='block_1_90' title="bbox 2208 4241 3820 4321">
    <p class='ocr_par' dir='ltr' id='par_1_90' title="bbox 2208 4241 3820 4321">
     <span class='ocr_line' id='line_1_90' title="bbox 2208 4241 3820 4321; baseline 0.006 -26"><span class='ocrx_word' id='word_1_628' title='bbox 2208 4241 2354 4296; x_wconf 91' lang='lat' dir='ltr'>circa</span> <span class='ocrx_word' id='word_1_629' title='bbox 2383 4242 2572 4299; x_wconf 89' lang='lat' dir='ltr'>horam</span> <span class='ocrx_word' id='word_1_630' title='bbox 2603 4253 2814 4300; x_wconf 84' lang='lat' dir='ltr'>sextam</span> <span class='ocrx_word' id='word_1_631' title='bbox 2841 4254 3030 4318; x_wconf 89' lang='lat' dir='ltr'>aperto</span> <span class='ocrx_word' id='word_1_632' title='bbox 3055 4247 3193 4302; x_wconf 76' lang='lat' dir='ltr'>coelo</span> <span class='ocrx_word' id='word_1_633' title='bbox 3211 4263 3307 4303; x_wconf 91' lang='lat' dir='ltr'>vas</span> <span class='ocrx_word' id='word_1_634' title='bbox 3335 4245 3614 4321; x_wconf 89' lang='lat' dir='ltr'>quoddam</span> <span class='ocrx_word' id='word_1_635' title='bbox 3636 4248 3820 4321; x_wconf 85' lang='lat' dir='ltr'>splen-</span> 
     </span>
    </p>
   </div>
   <div class='ocr_carea' id='block_1_91' title="bbox 2208 4327 3816 4409">
    <p class='ocr_par' dir='ltr' id='par_1_91' title="bbox 2208 4327 3816 4409">
     <span class='ocr_line' id='line_1_91' title="bbox 2208 4327 3816 4409; baseline 0.006 -25"><span class='ocrx_word' id='word_1_636' title='bbox 2208 4327 2399 4385; x_wconf 91' lang='lat' dir='ltr'>didum</span> <span class='ocrx_word' id='word_1_637' title='bbox 2452 4334 2609 4388; x_wconf 86' lang='lat' dir='ltr'>velut</span> <span class='ocrx_word' id='word_1_638' title='bbox 2649 4333 2882 4390; x_wconf 90' lang='lat' dir='ltr'>linteum</span> <span class='ocrx_word' id='word_1_639' title='bbox 2916 4335 3084 4391; x_wconf 89' lang='lat' dir='ltr'>fuisse</span> <span class='ocrx_word' id='word_1_640' title='bbox 3125 4335 3388 4402; x_wconf 89' lang='lat' dir='ltr'>delatum,</span> <span class='ocrx_word' id='word_1_641' title='bbox 3431 4335 3491 4392; x_wconf 89' lang='lat' dir='ltr'>in</span> <span class='ocrx_word' id='word_1_642' title='bbox 3517 4352 3631 4409; x_wconf 91' lang='lat' dir='ltr'>quo</span> <span class='ocrx_word' id='word_1_643' title='bbox 3661 4347 3816 4393; x_wconf 87' lang='lat' dir='ltr'>erant</span> 
     </span>
    </p>
   </div>
   <div class='ocr_carea' id='block_1_92' title="bbox 2207 4419 3816 4496">
    <p class='ocr_par' dir='ltr' id='par_1_92' title="bbox 2207 4419 3816 4496">
     <span class='ocr_line' id='line_1_92' title="bbox 2207 4419 3816 4496; baseline 0.005 -25"><span class='ocrx_word' id='word_1_644' title='bbox 2207 4419 2392 4474; x_wconf 89' lang='lat' dir='ltr'>omnia</span> <span class='ocrx_word' id='word_1_645' title='bbox 2444 4420 2824 4494; x_wconf 88' lang='lat' dir='ltr'>quadrupedia</span> <span class='ocrx_word' id='word_1_646' title='bbox 2863 4431 2916 4480; x_wconf 88' lang='lat' dir='ltr'>et</span> <span class='ocrx_word' id='word_1_647' title='bbox 2965 4424 3212 4496; x_wconf 90' lang='lat' dir='ltr'>repentia</span> <span class='ocrx_word' id='word_1_648' title='bbox 3265 4433 3443 4491; x_wconf 59' lang='lat' dir='ltr'>terrai,</span> <span class='ocrx_word' id='word_1_649' title='bbox 3475 4433 3528 4480; x_wconf 89' lang='lat' dir='ltr'>et</span> <span class='ocrx_word' id='word_1_650' title='bbox 3559 4425 3816 4481; x_wconf 85' lang='lat' dir='ltr'>volatilia</span> 
     </span>
    </p>
   </div>
   <div class='ocr_carea' id='block_1_93' title="bbox 575 4489 2117 4597">
    <p class='ocr_par' dir='ltr' id='par_1_93' title="bbox 575 4489 2094 4597">
     <span class='ocr_line' id='line_1_93' title="bbox 575 4489 2094 4597; baseline 0.022 -54"><span class='ocrx_word' id='word_1_651' title='bbox 575 4489 660 4597; x_wconf 65' lang='lat'>19.</span> <span class='ocrx_word' id='word_1_652' title='bbox 683 4489 787 4591; x_wconf 82' lang='lat' dir='ltr'>Sed</span> <span class='ocrx_word' id='word_1_653' title='bbox 817 4499 871 4546; x_wconf 91' lang='lat' dir='ltr'>et</span> <span class='ocrx_word' id='word_1_654' title='bbox 902 4494 996 4550; x_wconf 90' lang='lat' dir='ltr'>ille</span> <span class='ocrx_word' id='word_1_655' title='bbox 1028 4495 1132 4552; x_wconf 89' lang='lat' dir='ltr'>iter</span> <span class='ocrx_word' id='word_1_656' title='bbox 1160 4500 1292 4558; x_wconf 87' lang='lat' dir='ltr'>facit</span> <span class='ocrx_word' id='word_1_657' title='bbox 1318 4505 1554 4563; x_wconf 85' lang='lat' dir='ltr'>Domino</span> <span class='ocrx_word' id='word_1_658' title='bbox 1585 4509 1943 4586; x_wconf 89' lang='lat' dir='ltr'>christianus,</span> <span class='ocrx_word' id='word_1_659' title='bbox 1998 4521 2094 4592; x_wconf 89' lang='lat' dir='ltr'>qui</span> 
     </span>
    </p>
   </div>
   <div class='ocr_carea' id='block_1_94' title="bbox 2242 4489 3810 4597">
    <p class='ocr_par' dir='ltr' id='par_1_94' title="bbox 2242 4509 3810 4588">
     <span class='ocr_line' id='line_1_94' title="bbox 2242 4509 3810 4588; baseline 0.006 -26"><span class='ocrx_word' id='word_1_660' title='bbox 2242 4509 2335 4563; x_wconf 84' lang='lat' dir='ltr'>celi</span> <span class='ocrx_word' id='word_1_661' title='bbox 2362 4527 2376 4576; x_wconf 89' lang='lat'>;</span> <span class='ocrx_word' id='word_1_662' title='bbox 2415 4519 2468 4565; x_wconf 90' lang='lat' dir='ltr'>et</span> <span class='ocrx_word' id='word_1_663' title='bbox 2495 4510 2703 4568; x_wconf 82' lang='lat' dir='ltr'>dixisse</span> <span class='ocrx_word' id='word_1_664' title='bbox 2731 4512 3027 4569; x_wconf 92' lang='lat' dir='ltr'>Dominum</span> <span class='ocrx_word' id='word_1_665' title='bbox 3057 4513 3123 4569; x_wconf 86' lang='lat' dir='ltr'>ad</span> <span class='ocrx_word' id='word_1_666' title='bbox 3154 4529 3277 4569; x_wconf 92' lang='lat' dir='ltr'>eum</span> <span class='ocrx_word' id='word_1_667' title='bbox 3305 4532 3316 4569; x_wconf 91' lang='lat'>:</span> <span class='ocrx_word' id='word_1_668' title='bbox 3365 4537 3383 4562; x_wconf 75' lang='grc' dir='ltr'><strong>ε</strong></span> <span class='ocrx_word' id='word_1_669' title='bbox 3410 4513 3593 4582; x_wconf 87' lang='lat' dir='ltr'>Petre,</span> <span class='ocrx_word' id='word_1_670' title='bbox 3625 4531 3810 4588; x_wconf 83' lang='lat' dir='ltr'>surge:</span> 
     </span>
    </p>
   </div>
   <div class='ocr_carea' id='block_1_95' title="bbox 499 4580 2099 4673">
    <p class='ocr_par' dir='ltr' id='par_1_95' title="bbox 499 4580 2099 4673">
     <span class='ocr_line' id='line_1_95' title="bbox 499 4580 2099 4673; baseline 0.023 -41"><span class='ocrx_word' id='word_1_671' title='bbox 499 4580 857 4650; x_wconf 81' lang='lat' dir='ltr'>professionis</span> <span class='ocrx_word' id='word_1_672' title='bbox 889 4601 998 4640; x_wconf 75' lang='lat' dir='ltr'>suae</span> <span class='ocrx_word' id='word_1_673' title='bbox 1029 4587 1259 4647; x_wconf 85' lang='lat' dir='ltr'>exhibet</span> <span class='ocrx_word' id='word_1_674' title='bbox 1279 4595 1326 4649; x_wconf 93' lang='lat' dir='ltr'>ei</span> <span class='ocrx_word' id='word_1_675' title='bbox 1359 4596 1519 4655; x_wconf 87' lang='lat' dir='ltr'>fidele</span> <span class='ocrx_word' id='word_1_676' title='bbox 1558 4603 1868 4673; x_wconf 90' lang='lat' dir='ltr'>servitium,</span> <span class='ocrx_word' id='word_1_677' title='bbox 1903 4580 1955 4664; x_wconf 72' lang='lat' dir='ltr'>et</span> <span class='ocrx_word' id='word_1_678' title='bbox 1985 4580 2099 4669; x_wconf 67' lang='lat' dir='ltr'>cas-</span> 
     </span>
    </p>
   </div>
   <div class='ocr_carea' id='block_1_96' title="bbox 500 4669 2096 4771">
    <p class='ocr_par' dir='ltr' id='par_1_96' title="bbox 500 4669 2096 4771">
     <span class='ocr_line' id='line_1_96' title="bbox 500 4669 2096 4771; baseline 0.023 -49"><span class='ocrx_word' id='word_1_679' title='bbox 500 4669 713 4726; x_wconf 87' lang='lat' dir='ltr'>titatem</span> <span class='ocrx_word' id='word_1_680' title='bbox 744 4688 905 4744; x_wconf 89' lang='lat' dir='ltr'>quam</span> <span class='ocrx_word' id='word_1_681' title='bbox 965 4679 1238 4749; x_wconf 87' lang='lat' dir='ltr'>promisit,</span> <span class='ocrx_word' id='word_1_682' title='bbox 1273 4687 1517 4762; x_wconf 85' lang='lat' dir='ltr'>custodit</span> <span class='ocrx_word' id='word_1_683' title='bbox 1545 4697 1654 4747; x_wconf 90' lang='lat' dir='ltr'>tam</span> <span class='ocrx_word' id='word_1_684' title='bbox 1702 4669 1907 4766; x_wconf 86' lang='lat' dir='ltr'>mente,</span> <span class='ocrx_word' id='word_1_685' title='bbox 1931 4714 2096 4771; x_wconf 88' lang='lat' dir='ltr'>quam</span> 
     </span>
    </p>
   </div>
   <div class='ocr_carea' id='block_1_97' title="bbox 497 4763 2092 4853">
    <p class='ocr_par' dir='ltr' id='par_1_97' title="bbox 497 4763 2092 4853">
     <span class='ocr_line' id='line_1_97' title="bbox 497 4763 2092 4853; baseline 0.021 -40"><span class='ocrx_word' id='word_1_686' title='bbox 497 4775 744 4832; x_wconf 89' lang='lat' dir='ltr'>corpore.</span> <span class='ocrx_word' id='word_1_687' title='bbox 777 4763 915 4820; x_wconf 91' lang='lat' dir='ltr'>Sunt</span> <span class='ocrx_word' id='word_1_688' title='bbox 943 4767 1090 4823; x_wconf 91' lang='lat' dir='ltr'>enim</span> <span class='ocrx_word' id='word_1_689' title='bbox 1123 4771 1369 4845; x_wconf 90' lang='lat' dir='ltr'>plerique</span> <span class='ocrx_word' id='word_1_690' title='bbox 1415 4779 1509 4850; x_wconf 90' lang='lat' dir='ltr'>qui</span> <span class='ocrx_word' id='word_1_691' title='bbox 1539 4780 1871 4853; x_wconf 89' lang='lat' dir='ltr'>singularem</span> <span class='ocrx_word' id='word_1_692' title='bbox 1892 4763 1901 4766; x_wconf 24' lang='grc' dir='ltr'><strong><em>ν</em></strong></span> <span class='ocrx_word' id='word_1_693' title='bbox 1923 4763 2092 4847; x_wconf 64' lang='lat' dir='ltr'>vitam</span> 
     </span>
    </p>
   </div>
   <div class='ocr_carea' id='block_1_98' title="bbox 497 4855 2094 4945">
    <p class='ocr_par' dir='ltr' id='par_1_98' title="bbox 497 4855 2094 4945">
     <span class='ocr_line' id='line_1_98' title="bbox 497 4855 2094 4945; baseline 0.021 -46"><span class='ocrx_word' id='word_1_694' title='bbox 497 4858 881 4920; x_wconf 85' lang='lat' dir='ltr'>proponentes,</span> <span class='ocrx_word' id='word_1_695' title='bbox 916 4855 1119 4928; x_wconf 88' lang='lat' dir='ltr'>singuli</span> <span class='ocrx_word' id='word_1_696' title='bbox 1141 4876 1257 4916; x_wconf 88' lang='lat' dir='ltr'>esse</span> <span class='ocrx_word' id='word_1_697' title='bbox 1285 4879 1397 4919; x_wconf 91' lang='lat' dir='ltr'>non</span> <span class='ocrx_word' id='word_1_698' title='bbox 1427 4877 1676 4936; x_wconf 84' lang='lat' dir='ltr'>possunt,</span> <span class='ocrx_word' id='word_1_699' title='bbox 1715 4871 1809 4927; x_wconf 91' lang='lat' dir='ltr'>sed</span> <span class='ocrx_word' id='word_1_700' title='bbox 1840 4883 2094 4945; x_wconf 79' lang='lat' dir='ltr'>quaerunt</span> 
     </span>
    </p>
   </div>
   <div class='ocr_carea' id='block_1_99' title="bbox 495 4937 2090 5021">
    <p class='ocr_par' dir='ltr' id='par_1_99' title="bbox 495 4937 2090 5021">
     <span class='ocr_line' id='line_1_99' title="bbox 495 4937 2090 5021; baseline 0.017 -27"><span class='ocrx_word' id='word_1_701' title='bbox 495 4937 600 4994; x_wconf 85' lang='lat' dir='ltr'>sibi</span> <span class='ocrx_word' id='word_1_702' title='bbox 627 4941 1008 5013; x_wconf 89' lang='lat' dir='ltr'>contubernia,</span> <span class='ocrx_word' id='word_1_703' title='bbox 1067 4957 1230 5021; x_wconf 88' lang='lat' dir='ltr'>atque</span> <span class='ocrx_word' id='word_1_704' title='bbox 1259 4952 1470 5010; x_wconf 88' lang='lat' dir='ltr'>utinam</span> <span class='ocrx_word' id='word_1_705' title='bbox 1519 4957 1780 5016; x_wconf 88' lang='lat' dir='ltr'>fratrum.</span> <span class='ocrx_word' id='word_1_706' title='bbox 1815 4937 2090 5021; x_wconf 81' lang='lat' dir='ltr'>Invenisti</span> 
     </span>
    </p>
   </div>
   <div class='ocr_carea' id='block_1_100' title="bbox 493 5027 2088 5113">
    <p class='ocr_par' dir='ltr' id='par_1_100' title="bbox 493 5027 2088 5113">
     <span class='ocr_line' id='line_1_100' title="bbox 493 5027 2088 5113; baseline 0.016 -27"><span class='ocrx_word' id='word_1_707' title='bbox 493 5027 868 5089; x_wconf 88' lang='lat' dir='ltr'>Christianum</span> <span class='ocrx_word' id='word_1_708' title='bbox 904 5035 1021 5109; x_wconf 77' lang='grc'>(74)</span> <span class='ocrx_word' id='word_1_709' title='bbox 1070 5042 1424 5113; x_wconf 89' lang='lat' dir='ltr'>monachum,</span> <span class='ocrx_word' id='word_1_710' title='bbox 1479 5048 1568 5104; x_wconf 91' lang='lat' dir='ltr'>cui</span> <span class='ocrx_word' id='word_1_711' title='bbox 1597 5066 1723 5105; x_wconf 90' lang='lat' dir='ltr'>cum</span> <span class='ocrx_word' id='word_1_712' title='bbox 1755 5053 1922 5110; x_wconf 88' lang='lat' dir='ltr'>fratre</span> <span class='ocrx_word' id='word_1_713' title='bbox 1977 5071 2088 5112; x_wconf 89' lang='lat' dir='ltr'>non</span> 
     </span>
    </p>
   </div>
   <div class='ocr_carea' id='block_1_101' title="bbox 491 5121 2086 5216">
    <p class='ocr_par' dir='ltr' id='par_1_101' title="bbox 491 5121 2086 5216">
     <span class='ocr_line' id='line_1_101' title="bbox 491 5121 2086 5216; baseline 0.016 -41"><span class='ocrx_word' id='word_1_714' title='bbox 491 5121 774 5190; x_wconf 87' lang='lat' dir='ltr'>convenit,</span> <span class='ocrx_word' id='word_1_715' title='bbox 807 5131 861 5179; x_wconf 90' lang='lat' dir='ltr'>et</span> <span class='ocrx_word' id='word_1_716' title='bbox 892 5123 1157 5184; x_wconf 90' lang='lat' dir='ltr'>libentius</span> <span class='ocrx_word' id='word_1_717' title='bbox 1185 5131 1236 5186; x_wconf 93' lang='lat' dir='ltr'>ei</span> <span class='ocrx_word' id='word_1_718' title='bbox 1275 5137 1536 5192; x_wconf 85' lang='lat' dir='ltr'>convenit</span> <span class='ocrx_word' id='word_1_719' title='bbox 1565 5155 1691 5194; x_wconf 90' lang='lat' dir='ltr'>cum</span> <span class='ocrx_word' id='word_1_720' title='bbox 1725 5157 1917 5198; x_wconf 90' lang='lat' dir='ltr'>sorore</span> <span class='ocrx_word' id='word_1_721' title='bbox 1943 5161 1954 5199; x_wconf 89' lang='lat'><strong>:</strong></span> <span class='ocrx_word' id='word_1_722' title='bbox 1985 5145 2086 5216; x_wconf 89' lang='lat' dir='ltr'>qui</span> 
     </span>
    </p>
   </div>
   <div class='ocr_carea' id='block_1_102' title="bbox 490 5215 2082 5302">
    <p class='ocr_par' dir='ltr' id='par_1_102' title="bbox 490 5215 2082 5302">
     <span class='ocr_line' id='line_1_102' title="bbox 490 5215 2082 5302; baseline 0.016 -35"><span class='ocrx_word' id='word_1_723' title='bbox 490 5226 602 5269; x_wconf 87' lang='lat' dir='ltr'>non</span> <span class='ocrx_word' id='word_1_724' title='bbox 629 5215 881 5288; x_wconf 84' lang='lat' dir='ltr'>sequitur</span> <span class='ocrx_word' id='word_1_725' title='bbox 908 5220 1177 5278; x_wconf 90' lang='lat' dir='ltr'>seniorem</span> <span class='ocrx_word' id='word_1_726' title='bbox 1213 5225 1374 5282; x_wconf 87' lang='lat' dir='ltr'>utilia</span> <span class='ocrx_word' id='word_1_727' title='bbox 1417 5240 1880 5302; x_wconf 90' lang='lat' dir='ltr'>commonentem,</span> <span class='ocrx_word' id='word_1_728' title='bbox 1911 5244 1966 5290; x_wconf 90' lang='lat' dir='ltr'>et</span> <span class='ocrx_word' id='word_1_729' title='bbox 1998 5215 2082 5293; x_wconf 85' lang='lat' dir='ltr'>se-</span> 
     </span>
    </p>
   </div>
   <div class='ocr_carea' id='block_1_103' title="bbox 487 5303 2082 5394">
    <p class='ocr_par' dir='ltr' id='par_1_103' title="bbox 487 5303 2082 5394">
     <span class='ocr_line' id='line_1_103' title="bbox 487 5303 2082 5394; baseline 0.014 -35"><span class='ocrx_word' id='word_1_730' title='bbox 487 5303 679 5375; x_wconf 84' lang='lat' dir='ltr'>quitur</span> <span class='ocrx_word' id='word_1_731' title='bbox 737 5305 1200 5370; x_wconf 88' lang='lat' dir='ltr'>adolescentulam</span> <span class='ocrx_word' id='word_1_732' title='bbox 1257 5315 1560 5389; x_wconf 87' lang='lat' dir='ltr'>incongrua</span> <span class='ocrx_word' id='word_1_733' title='bbox 1615 5321 2082 5394; x_wconf 87' lang='lat' dir='ltr'>cachinnantem;</span> 
     </span>
    </p>
   </div>
   <div class='ocr_carea' id='block_1_104' title="bbox 556 5476 2006 5561">
    <p class='ocr_par' dir='ltr' id='par_1_104' title="bbox 556 5476 2006 5561">
     <span class='ocr_line' id='line_1_104' title="bbox 556 5476 2006 5561; baseline 0.01 -27"><span class='ocrx_word' id='word_1_734' title='bbox 556 5476 674 5561; x_wconf 76' lang='grc'>(</span> <span class='ocrx_word' id='word_1_735' title='bbox 707 5479 881 5561; x_wconf 56' lang='lat' dir='ltr'>Eugd.</span> <span class='ocrx_word' id='word_1_736' title='bbox 911 5484 1058 5561; x_wconf 66' lang='lat'>0911.,</span> <span class='ocrx_word' id='word_1_737' title='bbox 1085 5487 1286 5561; x_wconf 62' lang='lat' dir='ltr'>juveni</span> <span class='ocrx_word' id='word_1_738' title='bbox 1311 5476 1470 5561; x_wconf 77' lang='lat' dir='ltr'>etiam</span> <span class='ocrx_word' id='word_1_739' title='bbox 1502 5489 1873 5561; x_wconf 82' lang='lat' dir='ltr'>christianum,</span> <span class='ocrx_word' id='word_1_740' title='bbox 1902 5502 2006 5550; x_wconf 88' lang='lat' dir='ltr'>etc.</span> 
     </span>
    </p>
   </div>
   <div class='ocr_carea' id='block_1_105' title="bbox 559 5498 2083 5635">
    <p class='ocr_par' dir='ltr' id='par_1_105' title="bbox 559 5498 2083 5635">
     <span class='ocr_line' id='line_1_105' title="bbox 559 5498 2006 5561; baseline 0.011 -29"><span class='ocrx_word' id='word_1_741' title='bbox 559 5498 674 5548; x_wconf 66' lang='grc' dir='ltr'>(ιιι)</span> <span class='ocrx_word' id='word_1_742' title='bbox 707 5498 787 5536; x_wconf 68' lang='lat' dir='ltr'>hu</span> <span class='ocrx_word' id='word_1_743' title='bbox 825 5498 881 5538; x_wconf 85' lang='grc' dir='ltr'>α.</span> <span class='ocrx_word' id='word_1_744' title='bbox 911 5498 1058 5551; x_wconf 79' lang='grc' dir='ltr'>οοα.,</span> <span class='ocrx_word' id='word_1_745' title='bbox 1101 5498 1286 5542; x_wconf 76' lang='lat' dir='ltr'>Inveni</span> <span class='ocrx_word' id='word_1_746' title='bbox 1311 5498 1470 5542; x_wconf 78' lang='lat' dir='ltr'>etiam</span> <span class='ocrx_word' id='word_1_747' title='bbox 1502 5498 1873 5561; x_wconf 82' lang='lat' dir='ltr'>christianum,</span> <span class='ocrx_word' id='word_1_748' title='bbox 1902 5502 2006 5550; x_wconf 89' lang='lat' dir='ltr'>etc.</span> 
     </span>
     <span class='ocr_line' id='line_1_106' title="bbox 559 5498 2083 5635; baseline 0.012 -32"><span class='ocrx_word' id='word_1_749' title='bbox 559 5498 896 5635; x_wconf 38' lang='lat' dir='ltr'>(75).C.o§ex</span> <span class='ocrx_word' id='word_1_750' title='bbox 953 5555 1151 5628; x_wconf 88' lang='lat' dir='ltr'>Lugd.,</span> <span class='ocrx_word' id='word_1_751' title='bbox 1207 5559 1525 5614; x_wconf 79' lang='lat' dir='ltr'>sacerdotem</span> <span class='ocrx_word' id='word_1_752' title='bbox 1570 5561 1738 5632; x_wconf 68' lang='lat' dir='ltr'>exigis</span> <span class='ocrx_word' id='word_1_753' title='bbox 1790 5571 1930 5635; x_wconf 82' lang='lat' dir='ltr'>pat.,</span> <span class='ocrx_word' id='word_1_754' title='bbox 1960 5571 2007 5620; x_wconf 85' lang='lat' dir='ltr'>et</span> <span class='ocrx_word' id='word_1_755' title='bbox 2038 5571 2083 5622; x_wconf 81' lang='lat' dir='ltr'>te</span> 
     </span>
    </p>
   </div>
   <div class='ocr_carea' id='block_1_106' title="bbox 486 5631 914 5691">
    <p class='ocr_par' dir='ltr' id='par_1_106' title="bbox 486 5631 914 5691">
     <span class='ocr_line' id='line_1_107' title="bbox 486 5631 914 5691; baseline 0.019 -23"><span class='ocrx_word' id='word_1_756' title='bbox 486 5633 590 5671; x_wconf 82' lang='lat' dir='ltr'>non</span> <span class='ocrx_word' id='word_1_757' title='bbox 615 5631 914 5691; x_wconf 68' lang='lat' dir='ltr'>exigis,etc.</span> 
     </span>
    </p>
   </div>
   <div class='ocr_carea' id='block_1_107' title="bbox 558 5691 2078 5775">
    <p class='ocr_par' dir='ltr' id='par_1_107' title="bbox 558 5691 2078 5775">
     <span class='ocr_line' id='line_1_108' title="bbox 558 5691 2078 5775; baseline 0.016 -30"><span class='ocrx_word' id='word_1_758' title='bbox 558 5691 675 5763; x_wconf 89' lang='lat'><strong>(76)</strong></span> <span class='ocrx_word' id='word_1_759' title='bbox 707 5694 836 5760; x_wconf 72' lang='lat' dir='ltr'>Qui:</span> <span class='ocrx_word' id='word_1_760' title='bbox 885 5698 1114 5757; x_wconf 66' lang='lat' dir='ltr'>enim...</span> <span class='ocrx_word' id='word_1_761' title='bbox 1146 5701 1292 5758; x_wconf 83' lang='lat' dir='ltr'>debet</span> <span class='ocrx_word' id='word_1_762' title='bbox 1332 5703 1610 5775; x_wconf 85' lang='lat' dir='ltr'>celebrare,</span> <span class='ocrx_word' id='word_1_763' title='bbox 1645 5707 1704 5766; x_wconf 89' lang='lat' dir='ltr'>in</span> <span class='ocrx_word' id='word_1_764' title='bbox 1735 5709 1938 5768; x_wconf 88' lang='lat' dir='ltr'>nostris</span> <span class='ocrx_word' id='word_1_765' title='bbox 1965 5726 2078 5768; x_wconf 86' lang='lat' dir='ltr'>om-</span> 
     </span>
    </p>
   </div>
   <div class='ocr_carea' id='block_1_108' title="bbox 2210 4597 3433 4674">
    <p class='ocr_par' dir='ltr' id='par_1_108' title="bbox 2210 4597 3433 4674">
     <span class='ocr_line' id='line_1_109' title="bbox 2210 4597 3433 4674; baseline 0.004 -22"><span class='ocrx_word' id='word_1_766' title='bbox 2210 4597 2456 4668; x_wconf 91' lang='lat' dir='ltr'>immola,</span> <span class='ocrx_word' id='word_1_767' title='bbox 2484 4607 2538 4654; x_wconf 93' lang='lat' dir='ltr'>et</span> <span class='ocrx_word' id='word_1_768' title='bbox 2561 4601 2830 4658; x_wconf 88' lang='lat' dir='ltr'>manduca</span> <span class='ocrx_word' id='word_1_769' title='bbox 2857 4603 2998 4672; x_wconf 84' lang='lat' dir='ltr'>(Act.</span> <span class='ocrx_word' id='word_1_770' title='bbox 3035 4619 3093 4670; x_wconf 85' lang='lat' dir='ltr'>x,</span> <span class='ocrx_word' id='word_1_771' title='bbox 3127 4602 3193 4658; x_wconf 87' lang='grc'><strong>13</strong></span> <span class='ocrx_word' id='word_1_772' title='bbox 3220 4601 3376 4674; x_wconf 82' lang='lat' dir='ltr'>seq.).</span> <span class='ocrx_word' id='word_1_773' title='bbox 3415 4628 3433 4651; x_wconf 77' lang='grc' dir='ltr'>ι</span> 
     </span>
    </p>
   </div>
   <div class='ocr_carea' id='block_1_109' title="bbox 2277 4687 3810 4766">
    <p class='ocr_par' dir='ltr' id='par_1_109' title="bbox 2277 4687 3810 4766">
     <span class='ocr_line' id='line_1_110' title="bbox 2277 4687 3810 4766; baseline 0.005 -24"><span class='ocrx_word' id='word_1_774' title='bbox 2277 4687 2329 4742; x_wconf 90' lang='grc'>3.</span> <span class='ocrx_word' id='word_1_775' title='bbox 2371 4689 2511 4745; x_wconf 92' lang='lat' dir='ltr'>Ecce</span> <span class='ocrx_word' id='word_1_776' title='bbox 2539 4690 2753 4758; x_wconf 88' lang='lat' dir='ltr'>Petrus,</span> <span class='ocrx_word' id='word_1_777' title='bbox 2788 4691 2882 4762; x_wconf 90' lang='lat' dir='ltr'>qui</span> <span class='ocrx_word' id='word_1_778' title='bbox 2915 4691 3052 4748; x_wconf 89' lang='lat' dir='ltr'>dicit</span> <span class='ocrx_word' id='word_1_779' title='bbox 3079 4691 3174 4747; x_wconf 90' lang='lat' dir='ltr'>alii</span> <span class='ocrx_word' id='word_1_780' title='bbox 3200 4707 3213 4746; x_wconf 92' lang='lat'>:</span> <span class='ocrx_word' id='word_1_781' title='bbox 3247 4715 3266 4739; x_wconf 79' lang='grc' dir='ltr'>ι</span> <span class='ocrx_word' id='word_1_782' title='bbox 3296 4693 3507 4748; x_wconf 85' lang='lat' dir='ltr'>Aurum</span> <span class='ocrx_word' id='word_1_783' title='bbox 3539 4701 3595 4749; x_wconf 91' lang='lat' dir='ltr'>et</span> <span class='ocrx_word' id='word_1_784' title='bbox 3618 4709 3810 4766; x_wconf 85' lang='lat' dir='ltr'>argen-</span> 
     </span>
    </p>
   </div>
   <div class='ocr_carea' id='block_1_110' title="bbox 2205 4779 3812 4856">
    <p class='ocr_par' dir='ltr' id='par_1_110' title="bbox 2205 4779 3812 4856">
     <span class='ocr_line' id='line_1_111' title="bbox 2205 4779 3812 4856; baseline 0.005 -24"><span class='ocrx_word' id='word_1_785' title='bbox 2205 4786 2320 4832; x_wconf 93' lang='lat' dir='ltr'>tum</span> <span class='ocrx_word' id='word_1_786' title='bbox 2353 4794 2464 4832; x_wconf 91' lang='lat' dir='ltr'>non</span> <span class='ocrx_word' id='word_1_787' title='bbox 2497 4779 2738 4833; x_wconf 85' lang='lat' dir='ltr'>estmihi</span> <span class='ocrx_word' id='word_1_788' title='bbox 2769 4782 2913 4848; x_wconf 85' lang='lat' dir='ltr'>(Act.</span> <span class='ocrx_word' id='word_1_789' title='bbox 2947 4798 3029 4849; x_wconf 83' lang='grc' dir='ltr'>ιιι,</span> <span class='ocrx_word' id='word_1_790' title='bbox 3053 4781 3111 4852; x_wconf 92' lang='lat'><strong>6)</strong></span> <span class='ocrx_word' id='word_1_791' title='bbox 3139 4799 3151 4847; x_wconf 93' lang='lat'>;</span> <span class='ocrx_word' id='word_1_792' title='bbox 3187 4808 3205 4829; x_wconf 76' lang='grc' dir='ltr'><strong>ι</strong></span> <span class='ocrx_word' id='word_1_793' title='bbox 3233 4798 3382 4838; x_wconf 90' lang='lat' dir='ltr'>nunc</span> <span class='ocrx_word' id='word_1_794' title='bbox 3407 4783 3657 4839; x_wconf 84' lang='lat' dir='ltr'>convivii</span> <span class='ocrx_word' id='word_1_795' title='bbox 3690 4783 3812 4856; x_wconf 84' lang='lat' dir='ltr'>ejus</span> 
     </span>
    </p>
   </div>
   <div class='ocr_carea' id='block_1_111' title="bbox 2205 4868 3811 4948">
    <p class='ocr_par' dir='ltr' id='par_1_111' title="bbox 2205 4868 3811 4948">
     <span class='ocr_line' id='line_1_112' title="bbox 2205 4868 3811 4948; baseline 0.006 -28"><span class='ocrx_word' id='word_1_796' title='bbox 2205 4868 2487 4922; x_wconf 83' lang='lat' dir='ltr'>\asculum</span> <span class='ocrx_word' id='word_1_797' title='bbox 2537 4868 2881 4939; x_wconf 88' lang='lat' dir='ltr'>splendidius</span> <span class='ocrx_word' id='word_1_798' title='bbox 2921 4877 3007 4926; x_wconf 89' lang='lat' dir='ltr'>est</span> <span class='ocrx_word' id='word_1_799' title='bbox 3044 4879 3310 4943; x_wconf 90' lang='lat' dir='ltr'>argento:</span> <span class='ocrx_word' id='word_1_800' title='bbox 3344 4879 3406 4928; x_wconf 88' lang='lat' dir='ltr'>ut</span> <span class='ocrx_word' id='word_1_801' title='bbox 3446 4873 3541 4946; x_wconf 87' lang='lat' dir='ltr'>qui</span> <span class='ocrx_word' id='word_1_802' title='bbox 3583 4881 3811 4948; x_wconf 85' lang='lat' dir='ltr'>propter</span> 
     </span>
    </p>
   </div>
   <div class='ocr_carea' id='block_1_112' title="bbox 2202 4956 3810 5036">
    <p class='ocr_par' dir='ltr' id='par_1_112' title="bbox 2202 4956 3810 5036">
     <span class='ocr_line' id='line_1_113' title="bbox 2202 4956 3810 5036; baseline 0.006 -24"><span class='ocrx_word' id='word_1_803' title='bbox 2202 4956 2481 5013; x_wconf 90' lang='lat' dir='ltr'>Christum</span> <span class='ocrx_word' id='word_1_804' title='bbox 2506 4960 2718 5030; x_wconf 88' lang='lat' dir='ltr'>argenti</span> <span class='ocrx_word' id='word_1_805' title='bbox 2750 4960 2988 5032; x_wconf 90' lang='lat' dir='ltr'>speciem</span> <span class='ocrx_word' id='word_1_806' title='bbox 3023 4963 3315 5019; x_wconf 87' lang='lat' dir='ltr'>refutasset</span> <span class='ocrx_word' id='word_1_807' title='bbox 3343 4964 3483 5034; x_wconf 93' lang='lat'><strong>(77),</strong></span> <span class='ocrx_word' id='word_1_808' title='bbox 3516 4981 3615 5036; x_wconf 88' lang='lat' dir='ltr'>per</span> <span class='ocrx_word' id='word_1_809' title='bbox 3646 4964 3810 5023; x_wconf 86' lang='lat' dir='ltr'>Chri-</span> 
     </span>
    </p>
   </div>
   <div class='ocr_carea' id='block_1_113' title="bbox 2199 5049 3806 5126">
    <p class='ocr_par' dir='ltr' id='par_1_113' title="bbox 2199 5049 3806 5126">
     <span class='ocr_line' id='line_1_114' title="bbox 2199 5049 3806 5126; baseline 0.007 -26"><span class='ocrx_word' id='word_1_810' title='bbox 2199 5053 2343 5101; x_wconf 88' lang='lat' dir='ltr'>stum</span> <span class='ocrx_word' id='word_1_811' title='bbox 2374 5049 2586 5119; x_wconf 89' lang='lat' dir='ltr'>argenti</span> <span class='ocrx_word' id='word_1_812' title='bbox 2613 5049 2793 5106; x_wconf 92' lang='lat' dir='ltr'>nitore</span> <span class='ocrx_word' id='word_1_813' title='bbox 2819 5049 3106 5107; x_wconf 89' lang='lat' dir='ltr'>ditaretur.</span> <span class='ocrx_word' id='word_1_814' title='bbox 3140 5053 3414 5110; x_wconf 90' lang='lat' dir='ltr'>Pransuro</span> <span class='ocrx_word' id='word_1_815' title='bbox 3440 5053 3613 5126; x_wconf 85' lang='lat' dir='ltr'>igitur</span> <span class='ocrx_word' id='word_1_816' title='bbox 3644 5055 3806 5112; x_wconf 84' lang='lat' dir='ltr'>Petro</span> 
     </span>
    </p>
   </div>
   <div class='ocr_carea' id='block_1_114' title="bbox 2197 5135 3806 5215">
    <p class='ocr_par' dir='ltr' id='par_1_114' title="bbox 2197 5135 3806 5215">
     <span class='ocr_line' id='line_1_115' title="bbox 2197 5135 3806 5215; baseline 0.006 -25"><span class='ocrx_word' id='word_1_817' title='bbox 2197 5135 2397 5192; x_wconf 89' lang='lat' dir='ltr'>desunt</span> <span class='ocrx_word' id='word_1_818' title='bbox 2427 5153 2729 5209; x_wconf 89' lang='lat' dir='ltr'>coquorum</span> <span class='ocrx_word' id='word_1_819' title='bbox 2759 5147 3072 5210; x_wconf 89' lang='lat' dir='ltr'>apparatus,</span> <span class='ocrx_word' id='word_1_820' title='bbox 3105 5139 3304 5197; x_wconf 90' lang='lat' dir='ltr'>desunt</span> <span class='ocrx_word' id='word_1_821' title='bbox 3333 5141 3599 5215; x_wconf 88' lang='lat' dir='ltr'>obsequia</span> <span class='ocrx_word' id='word_1_822' title='bbox 3627 5145 3806 5200; x_wconf 83' lang='lat' dir='ltr'>famu-</span> 
     </span>
    </p>
   </div>
   <div class='ocr_carea' id='block_1_115' title="bbox 2198 5225 3801 5300">
    <p class='ocr_par' dir='ltr' id='par_1_115' title="bbox 2198 5225 3801 5300">
     <span class='ocr_line' id='line_1_116' title="bbox 2198 5225 3801 5300; baseline 0.007 -21"><span class='ocrx_word' id='word_1_823' title='bbox 2198 5225 2376 5281; x_wconf 89' lang='lat' dir='ltr'>lorum</span> <span class='ocrx_word' id='word_1_824' title='bbox 2410 5243 2422 5280; x_wconf 93' lang='lat'>:</span> <span class='ocrx_word' id='word_1_825' title='bbox 2455 5227 2551 5282; x_wconf 89' lang='lat' dir='ltr'>sed</span> <span class='ocrx_word' id='word_1_826' title='bbox 2581 5227 2729 5300; x_wconf 90' lang='lat' dir='ltr'>quod</span> <span class='ocrx_word' id='word_1_827' title='bbox 2758 5237 2842 5284; x_wconf 92' lang='lat' dir='ltr'>est</span> <span class='ocrx_word' id='word_1_828' title='bbox 2869 5229 3089 5297; x_wconf 90' lang='lat' dir='ltr'>melius,</span> <span class='ocrx_word' id='word_1_829' title='bbox 3125 5231 3435 5288; x_wconf 88' lang='lat' dir='ltr'>ministeria</span> <span class='ocrx_word' id='word_1_830' title='bbox 3461 5231 3661 5288; x_wconf 84' lang='lat' dir='ltr'>divina</span> <span class='ocrx_word' id='word_1_831' title='bbox 3689 5250 3801 5290; x_wconf 91' lang='lat' dir='ltr'>non</span> 
     </span>
    </p>
   </div>
   <div class='ocr_carea' id='block_1_116' title="bbox 2194 5320 3797 5405">
    <p class='ocr_par' dir='ltr' id='par_1_116' title="bbox 2194 5320 3797 5405">
     <span class='ocr_line' id='line_1_117' title="bbox 2194 5320 3797 5405; baseline 0.007 -28"><span class='ocrx_word' id='word_1_832' title='bbox 2194 5320 2412 5392; x_wconf 88' lang='lat' dir='ltr'>desunt,</span> <span class='ocrx_word' id='word_1_833' title='bbox 2446 5331 2499 5379; x_wconf 88' lang='lat' dir='ltr'>et</span> <span class='ocrx_word' id='word_1_834' title='bbox 2530 5325 2742 5380; x_wconf 91' lang='lat' dir='ltr'>utiliori</span> <span class='ocrx_word' id='word_1_835' title='bbox 2773 5327 3208 5386; x_wconf 88' lang='lat' dir='ltr'>commutatione</span> <span class='ocrx_word' id='word_1_836' title='bbox 3237 5338 3428 5387; x_wconf 87' lang='lat' dir='ltr'>sancto</span> <span class='ocrx_word' id='word_1_837' title='bbox 3465 5330 3610 5399; x_wconf 88' lang='lat' dir='ltr'>viro,</span> <span class='ocrx_word' id='word_1_838' title='bbox 3651 5331 3797 5405; x_wconf 88' lang='lat' dir='ltr'>quod</span> 
     </span>
    </p>
   </div>
   <div class='ocr_carea' id='block_1_117' title="bbox 2191 5491 3323 5551">
    <p class='ocr_par' dir='ltr' id='par_1_117' title="bbox 2191 5491 3323 5551">
     <span class='ocr_line' id='line_1_118' title="bbox 2191 5491 3323 5551; baseline 0.005 -3"><span class='ocrx_word' id='word_1_839' title='bbox 2191 5491 2354 5549; x_wconf 90' lang='lat' dir='ltr'>nibus</span> <span class='ocrx_word' id='word_1_840' title='bbox 2385 5510 2512 5549; x_wconf 90' lang='lat' dir='ltr'>mss.</span> <span class='ocrx_word' id='word_1_841' title='bbox 2547 5493 2765 5551; x_wconf 89' lang='lat' dir='ltr'>desunt.</span> <span class='ocrx_word' id='word_1_842' title='bbox 3311 5504 3323 5514; x_wconf 90' lang='lat'>&#39;</span> 
     </span>
    </p>
   </div>
   <div class='ocr_carea' id='block_1_118' title="bbox 2190 5564 3798 5693">
    <p class='ocr_par' dir='ltr' id='par_1_118' title="bbox 2190 5564 3798 5693">
     <span class='ocr_line' id='line_1_119' title="bbox 2190 5564 3798 5693; baseline 0.008 -75"><span class='ocrx_word' id='word_1_843' title='bbox 2190 5565 2381 5693; x_wconf 55' lang='lat' dir='ltr'>tant?)</span> <span class='ocrx_word' id='word_1_844' title='bbox 2439 5564 2573 5622; x_wconf 90' lang='lat' dir='ltr'>Cod.</span> <span class='ocrx_word' id='word_1_845' title='bbox 2624 5566 2792 5623; x_wconf 85' lang='lat' dir='ltr'>Vind.</span> <span class='ocrx_word' id='word_1_846' title='bbox 2843 5583 2906 5625; x_wconf 89' lang='lat' dir='ltr'>ac</span> <span class='ocrx_word' id='word_1_847' title='bbox 2934 5569 3124 5638; x_wconf 91' lang='lat' dir='ltr'>Mich.,</span> <span class='ocrx_word' id='word_1_848' title='bbox 3166 5569 3374 5644; x_wconf 81' lang='lat' dir='ltr'>argenti</span> <span class='ocrx_word' id='word_1_849' title='bbox 3417 5570 3608 5644; x_wconf 75' lang='lat' dir='ltr'>stipem</span> <span class='ocrx_word' id='word_1_850' title='bbox 3653 5573 3798 5646; x_wconf 81' lang='lat' dir='ltr'>refu-</span> 
     </span>
     <span class='ocr_line' id='line_1_120' title="bbox 2245 5654 2362 5692; baseline -0.009 0"><span class='ocrx_word' id='word_1_851' title='bbox 2245 5654 2362 5692; x_wconf 87' lang='lat' dir='ltr'>sse.</span> 
     </span>
    </p>
   </div>
  </div>
