4020 6200
177 296 278 356 737

982 286 1354 344 SERMONES
1389 285 1446 342 S.
1485 282 1841 342 AMBROSIO
1881 279 2250 338 HACTENUS
2289 279 2628 338 ASCRIPTI.

3375 280 3480 338 738

173 423 325 481 deest
371 425 428 476 in
483 415 666 484 terris,
717 413 963 472 abundat
1011 414 1069 470 in
1109 415 1301 482 coalis;
1353 422 1414 470 ut
1456 430 1512 470 se
1557 411 1767 470 reﬁciat
1799 413 1851 472 Α
1878 415 2159 465 mortuum
2215 408 2452 475 socians,
2505 407 2722 464 lucrum
2769 405 2938 462 efﬁcit
2979 405 3290 471 morientis,
3333 405 3481 463 sicut

172 509 317 569 enim
349 506 564 573 Petrus,
611 521 722 560 non
753 503 1041 560 cellarium
1084 502 1323 559 sollicite
1352 508 1646 566 reseratur,
1678 498 1771 556 sed

169 596 367 654 caalum
395 591 578 664 ipsum
624 591 880 664 protinus
922 593 1186 665 aperitur.
1215 591 1474 663 Legimus
1504 589 1562 644 in
1593 588 1770 659 Scrip-

171 686 308 743 turis
338 683 458 756 (78)
491 690 744 739 sanctum
783 684 963 739 Eliam
1017 684 1074 739 in
1127 683 1343 740 deserto
1371 681 1555 738 corvis
1584 681 1773 736 minis-

169 775 447 834 trantibus
473 782 688 846 pastum
724 774 844 846 (III
871 776 996 846 Reg.
1031 792 1176 840 xvn,
1208 775 1304 846 6);
1339 783 1545 848 quanto
1578 774 1777 829 melius

168 854 508 934 Petrus,'cui
537 880 649 919 non
698 880 920 935 parvam
967 881 1143 920 escam
1194 872 1334 920 tetra
1372 864 1491 920 avis
1519 865 1774 936 porrigit,

167 957 260 1016 sed
291 958 567 1029 integrum
589 955 911 1012 convivium
955 955 1256 1012 multitudo
1285 955 1534 1029 angelica
1562 953 1774 1010 submi-

167 1049 370 1104 nistrat
398 1047 410 1101 l

248 1141 403 1200 464
443 1144 496 1200 4.
529 1143 658 1200 Post
686 1142 990 1200 orationem
1022 1159 1149 1216 ergo
1179 1144 1351 1200 esurit
1381 1144 1574 1199 Petrus
1631 1142 1773 1214 (Act.

166 1259 226 1311 ι,
263 1241 381 1310 10).
415 1239 728 1296 Mirandum
774 1256 876 1295 cur
917 1248 1171 1295 sanctum
1203 1239 1388 1293 virum
1421 1245 1544 1310 post
1574 1237 1779 1293 oratio-

168 1347 302 1386 nem
337 1328 510 1384 fames
536 1336 816 1402 sequatur,
847 1344 974 1384 cum
1007 1329 1178 1383 soleat
1209 1327 1381 1384 fames
1411 1329 1662 1384 oratione
1688 1328 1778 1384 de-

176 1421 331 1494 pelli,
357 1428 412 1477 et
443 1419 688 1475 esuriens
708 1419 893 1474 anima
923 1435 1032 1473 non
1060 1418 1167 1473 nisi
1197 1417 1672 1473 obsecrationibus
1698 1435 1778 1473 sa-

176 1516 377 1588 ginari.
402 1514 511 1571 Sed
543 1523 676 1586 puto
705 1515 927 1570 Petrum
958 1520 1082 1585 post
1110 1512 1416 1568 orationem
1448 1527 1560 1566 non
1591 1512 1778 1568 cibum

174 1607 414 1664 esurisse
458 1605 772 1674 hominum,
813 1605 908 1662 sed
937 1606 1205 1671 salutem;
1255 1619 1356 1659 nec
1398 1603 1586 1660 inedia
1617 1619 1779 1660 vexa-

175 1707 290 1753 tum
323 1713 446 1754 esse
469 1695 738 1768 corporis,
770 1696 864 1752 sed
893 1693 1081 1766 inopia
1108 1693 1451 1751 credentium
1481 1694 1776 1751 laborasse.

177 1791 316 1850 Cum
360 1790 517 1862 enim
554 1786 816 1844 Iudaicus
862 1787 1100 1858 populus
1129 1786 1371 1858 perﬁdus
1418 1795 1472 1843 et
1506 1787 1776 1858 ingratus,
1807 1781 1852 1842 Β

175 1886 273 1943 illo
302 1883 663 1958 praedicante,
711 1879 934 1938 Christo
963 1896 1076 1936 non
1107 1879 1372 1948 crederet,
1406 1881 1608 1937 famem
1655 1897 1786 1954 quo-

173 1977 479 2034 dammodo
502 1978 699 2034 Petrus
723 1975 810 2032 sui
840 1975 1008 2032 officii
1035 1975 1372 2043 sustinebat;
1408 1976 1608 2032 famem
1638 1976 1785 2032 enim

175 2066 409 2137 patitur,
443 2065 540 2138 qui
575 2063 806 2120 minime
859 2063 1105 2120 fructum
1163 2064 1250 2120 sui
1297 2063 1504 2122 laboris
1531 2064 1788 2136 assequi-

173 2159 289 2210 tur.

244 2253 299 2310 ὅ.
361 2253 426 2309 In
487 2253 834 2309 coanaculum
883 2251 1056 2324 igitur
1106 2250 1174 2307 ad
1208 2252 1512 2308 orationem
1553 2250 1787 2308 festinus

175 2339 425 2398 ascendit
457 2340 621 2412 (Ibid.
654 2340 734 2412 9).
774 2340 922 2396 Bene
963 2339 1042 2396 ait
1077 2340 1137 2399 in
1163 2342 1511 2398 caenaculum
1553 2340 1620 2396 ad
1651 2356 1789 2396 ora-

176 2427 385 2486 tionem
469 2429 779 2486 ascendisse
829 2430 1099 2497 Petrum;
1150 2431 1281 2503 quia
1326 2431 1507 2486 omnis
1567 2438 1787 2486 sanctus

178 2518 400 2590 quando
431 2526 574 2587 orat,
626 2519 944 2591 relinquens
1001 2517 1258 2588 humilia,
1290 2520 1378 2576 vel
1438 2528 1671 2586 terrena,
1727 2519 1786 2574 in

180 2605 353 2662 altum
391 2606 598 2663 mentis
654 2607 966 2674 extollitur,
1025 2615 1080 2664 et
1121 2607 1180 2662 in
1223 2607 1460 2663 sublime
1489 2621 1786 2678 suspensus

181 2694 415 2766 rapitur,
448 2703 504 2752 et
531 2696 864 2768 cogitatione
895 2703 1082 2753 sancta
1109 2697 1250 2754 coelo
1282 2698 1502 2754 vicinus
1529 2695 1784 2752 efﬁcitur.

184 2785 366 2856 Atque
409 2785 490 2840 ibi
522 2787 786 2843 esurienti
817 2786 924 2855 illi,
959 2786 1063 2844 hoc
1093 2796 1194 2857 est,
1221 2789 1486 2861 cogitanti
1516 2788 1574 2843 in
1605 2787 1789 2843 cordis

182 2875 269 2930 sui
304 2876 622 2933 sublimiori
647 2879 768 2934 loco
795 2894 896 2950 pro
925 2879 1101 2935 salute
1145 2879 1357 2935 Judaici
1390 2877 1598 2949 populi,
1631 2875 1788 2930 offer-

183 2976 278 3025 tur
328 2987 429 3026 vas
476 2969 821 3025 diversorum
869 2984 1129 3040 generum
1166 2966 1498 3023 animalibus
1541 2966 1786 3036 plenum,

191 3057 345 3113 velut
386 3059 685 3115 divinitate
733 3057 953 3114 dicente
1013 3056 1134 3111 illi:
1172 3057 1253 3111 Tu
1283 3055 1342 3111 in
1389 3053 1607 3110 Iudaeos
1644 3053 1789 3109 solos

1879 497 1957 555 ait
1985 498 2178 553 beatus
2204 496 2504 568 Apostolus
2536 511 2551 551 :
2599 519 2618 540 ι
2649 494 2787 551 Mihi
2822 494 2969 550 enim
2999 494 3187 550 vivere
3224 493 3480 552 Christus

1882 597 1982 656 est,
2032 597 2086 643 et
2123 586 2265 642 mori
2312 587 2528 641 lucrum
2575 583 2738 653 (Ibid.
2771 583 2934 654 21).»
2983 583 3083 638 Illa
3119 592 3301 638 autem
3347 600 3478 640 vera

1882 685 1965 732 est
2021 693 2188 743 mors,
2222 692 2342 748 quae
2374 674 2536 730 etiam
2567 671 2848 727 viventem
2896 670 3178 727 hominem
3236 681 3479 744 peccato-

1883 784 2006 823 rum
2035 773 2210 822 morte
2234 763 2593 834 constringit:
2631 762 2760 834 quia
2796 761 3048 833 quamvis
3077 761 3266 816 vivere
3297 761 3480 817 videa-

1883 870 1996 926 tur,
2045 857 2344 916 sceleribus
2369 864 2558 911 tamen
2609 854 2722 910 suis
2773 853 2936 909 morti
2987 852 3101 924 jam
3142 853 3365 909 videtur
3392 852 3485 908 ad-

1884 956 2087 1022 dictus,
2116 955 2259 1010 sicut
2290 953 2367 1007 ait
2398 952 2695 1022 Apostolus
2742 950 2809 1004 de
2849 951 2946 1004 illa
2979 948 3243 1004 deliciosa
3272 943 3440 1006 vidua
3470 967 3482 1004 :

1899 1067 1919 1092 ι
1944 1044 2072 1099 Haec
2099 1050 2281 1098 autem
2312 1041 2508 1096 vivens
2537 1049 2754 1095 mortua
2773 1047 2855 1095 est
2887 1040 2944 1109 (Ι
2976 1038 3110 1095 Tim.
3143 1056 3199 1107 v,
3225 1038 3331 1110 6).-

2483 1187 2718 1245 SERMO
2749 1186 2890 1244 LIV.

1959 1302 2037 1358 De
2066 1267 2316 1372 neglecta
2333 1296 2684 1372 solemnitate
2716 1297 3001 1372 beatorum
3033 1293 3414 1368 apostolorum

2458 1369 2603 1424 Petri
2649 1378 2702 1424 et
2740 1369 2917 1424 Pauli.

1889 1485 2038 1542 Edit.
2081 1483 2251 1554 antiq.
2306 1489 2352 1537 et
2397 1483 2560 1554 eodem:
2610 1481 2779 1552 Lugd.
2806 1481 2948 1554 ibuic
3001 1480 3490 1554 sermoni'titulum

1954 1550 2259 1628 prceﬁgwit
2290 1555 2401 1628 Ι)θῴ
2421 1550 2914 1628 Margarita.__Non
2944 1552 3171 1628 quidem
3199 1559 3370 1628 r_ecte,_
3401 1550 3491 1606 sed

1961 1623 2128 1706 inulto
2170 1625 2335 1706 pejus
2365 1626 2516 1681 Rom.
2549 1623 2689 1706 'edit.
2728 1624 3184 1706 -illum__inscribit_
3224 1623 3280 1679 in
3332 1623 3502 1698 Festo.

1961 1699 2016 1754 S.
2055 1694 2257 1764 Luciae,
2290 1702 2408 1763 etc.,
2439 1712 2553 1750 cum
2593 1696 2655 1750 de
2682 1702 2863 1750 sancta
2893 1696 2994 1750 illa
3025 1694 3095 1750 in"
3113 1702 3216 1750 toto
3253 1709 3490 1749 somnone

1961 1771 2172 1825 nullum
2214 1768 2283 1822 sit
2319 1768 2552 1822 verbum.
2608 1767 2793 1823 Veram
2832 1768 2997 1836 igitur
3043 1767 3440 1836 inscriptionem
3466 1781 3494 1818 e

1966 1841 2080 1896 cod.
2127 1840 2326 1910 Remig.
2383 1838 2728 1893 restituimus.
2773 1838 2925 1910 Quod
2973 1855 3147 1910 porro
3189 1838 3260 1910 ad
3303 1842 3496 1891 aucto—

1968 1930 2078 1967 rem
2135 1908 2294 1978 huius
2323 1910 2598 1977 sermonis,
2631 1915 2799 1980 potest
2827 1908 3036 1980 quidem
3091 1908 3174 1962 hic
3192 1908 3339 1980 idem
3365 1923 3492 1980 esse,

1968 1930 2078 1967 rem
2135 1927 2294 1978 huius
2323 1927 2598 1977 sermonis,
2631 1927 2799 1980 paces:
2867 1927 3036 1964 utaem
3091 1927 3174 1962 mc
3204 1927 3339 1963 idem
3365 1927 3492 1971 esse,

1967 1983 2060 2054 qui
2097 1989 2143 2036 et
2188 1981 2609 2054 sermonum“,
2648 1979 2715 2054 43
2744 1987 2791 2054 et
2820 1927 2886 2035 id.
2917 1999 2930 2047 ;
2980 1980 3069 2054 sed
3107 1979 3200 2054 qui
3252 1977 3496 2054 Ambro-

1969 2050 2047 2110 sio
2075 2054 2231 2108 illum
2259 2053 2550 2123 arrogabit,
2592 2053 2638 2106 is
2666 2052 2723 2105 in
2756 2051 3113 2107 Ambrosiam
3149 2050 3360 2107 lectione
3382 2065 3498 2122 pw-

1967 2143 2092 2181 rum
2120 2131 2387 2180 versatum
2418 2140 2469 2178 se
2498 2123 2808 2179 declarabit.

1971 2249 2020 2306 1.
2082 2248 2230 2305 Satis
2269 2247 2338 2303 ad
2371 2246 2770 2304 correctionem
2801 2255 3034 2304 vestram
3067 2246 3306 2304 arbitror
3333 2263 3491 2321 posse

1895 2339 2168 2404 sufﬁcere,
2221 2338 2416 2393 fratres
2445 2336 2657 2404 dilecti,
2705 2337 2851 2410 quod
2898 2337 3170 2394 anteriore
3198 2337 3493 2394 Dominica

1895 2430 2268 2502 profecturus,
2300 2429 2452 2484 nulla
2499 2427 2658 2484 vobis
2684 2444 2961 2484 sacrarum
2993 2428 3302 2484 litterarum
3334 2425 3491 2498 spiri-

1897 2520 2030 2574 talia
2063 2517 2207 2573 dona
2239 2518 2468 2590 largitus
2497 2518 2600 2572 sim
2636 2536 2646 2572 :
2690 2517 2784 2572 sed
2820 2525 3035 2573 tantum
3076 2533 3175 2571 vos
3205 2516 3495 2586 increpans

1896 2616 1950 2665 et
2004 2624 2238 2681 arguens
2285 2623 2383 2679 pro
2433 2614 2678 2678 peccato,
2726 2605 2846 2661 sine
2874 2607 3058 2677 aliqua
3084 2602 3493 2676 praedicationis

1896 2697 2272 2755 consolatione
2301 2694 2638 2750 dimiserim.
2680 2694 2847 2750 Volui
2878 2693 3025 2750 enim
3048 2709 3148 2748 vos
3174 2693 3280 2748 hoc
3311 2691 3490 2762 ipsum

1898 2788 2208 2859 intelligere
2264 2801 2426 2858 quam
2490 2783 2728 2856 graviter
2770 2783 3145 2856 peccaveritis,
3179 2783 3272 2856 qui
3301 2781 3494 2838 divina

1898 2876 2115 2948 eloquia
2149 2873 2339 2931 audire
2370 2873 2600 2930 minime
2633 2875 2930 2930 meruistis.
2953 2874 3079 2930 Haec
3107 2873 3256 2928 enim
3305 2887 3494 2929 sacer—

1898 2965 2090 3021 dotum
2152 2963 2450 3020 vehemens
2477 2970 2531 3019 et
2583 2963 2806 3035 copiosa
2836 2962 3084 3019 vindicta
3119 2970 3218 3031 est,
3251 2961 3496 3034 indignis

1898 3053 2209 3127 quibusque
2249 3053 2651 3124 Scripturarum
2681 3053 2985 3109 caelestium
3016 3059 3355 3108 sacramenta
3381 3067 3493 3107 non

188 3146 387 3216 esuris,
419 3164 544 3204 ecce
590 3147 792 3201 famem
841 3144 971 3200 ﬁdei
1013 3152 1123 3200 tuaa
1172 3151 1496 3202 cunctarum
1545 3142 1789 3216 gentium
1830 3145 1873 3205 Ο
1902 3142 2163 3210 credere;
2224 3159 2348 3210 nec,
2389 3143 2532 3199 sicut
2586 3143 2663 3198 ait
2704 3141 2992 3209 Dominus,
3041 3165 3058 3190 ι
3087 3140 3216 3198 dare
3243 3148 3494 3198 sanctum

188 3232 517 3292 diversitate
553 3234 760 3291 reﬁcio.
817 3233 954 3289 Nam
1007 3233 1198 3306 utique
1255 3233 1474 3298 diversa
1527 3233 1790 3288 animalia

180 3323 417 3378 collecta
449 3323 508 3378 in
562 3338 675 3377 uno
724 3322 948 3377 vasculo
986 3321 1328 3378 diversarum
1383 3322 1627 3395 gentium
1656 3340 1788 3380 con-

182 3411 432 3482 gregatio
448 3412 682 3468 collecta
701 3409 760 3465 in
783 3427 893 3467 una
917 3411 1161 3468 Ecclesia
1190 3411 1598 3468 demonstratur
1621 3431 1633 3469 :
1669 3428 1792 3486 qua)

185 3498 440 3555 Ecclesia
467 3499 524 3555 in
556 3500 710 3555 illius
737 3501 964 3557 vasculo
978 3500 1291 3573 splendido,
1312 3501 1443 3556 dum
1485 3518 1595 3557 non
1628 3501 1792 3558 habet

184 3590 463 3646 maculam
503 3605 681 3662 neque
711 3605 924 3661 rugam,
957 3590 1114 3646 lintei
1155 3591 1335 3646 nitore
1365 3592 1693 3663 resplendet.
1727 3593 1790 3648 In

184 3693 295 3751 qua
321 3679 566 3750 primum
598 3679 805 3734 animal
840 3680 954 3735 Deo
992 3695 1062 3736 ex
1091 3679 1345 3753 gentibus
1380 3681 1632 3737 centurio
1661 3680 1788 3739 Cor-

79 3763 82 3769 ’
186 3767 368 3824 nelius
398 3769 737 3825 immolatur.

256 3864 310 3922 6.
342 3867 421 3922 De
445 3864 551 3922 hoc
577 3883 704 3939 ergo
735 3866 962 3923 vasculo
1001 3882 1102 3922 suo
1131 3865 1299 3924 hodie
1331 3884 1435 3926 nos
1463 3867 1643 3926 reﬁcit
1694 3869 1790 3924 Pe-

119 3943 136 3965 ⁸
189 3958 342 4024 trus;
375 3973 504 4012 cum
535 3955 683 4012 enim
716 3955 972 4012 videmus
1001 3957 1293 4028 gentilium
1324 3958 1514 4014 turbas
1534 3958 1602 4014 ad
1625 3957 1789 4014 ﬁdem

188 4041 618 4100 christianitatis
662 4061 966 4114 accurrere,
997 4047 1162 4102 simul
1210 4064 1336 4104 cum
1383 4047 1644 4119 apostolis
1676 4064 1789 4120 gra-

191 4131 458 4190 tulamur.
487 4135 609 4190 Non
639 4133 785 4190 enim
830 4134 1036 4209 mortui
1084 4145 1235 4203 sunt,
1267 4152 1501 4207 quorum
1533 4151 1791 4192 curamus

189 4223 424 4281 natalem
461 4224 661 4281 hodie:
697 4223 791 4280 sed
823 4224 998 4280 renati
1031 4224 1227 4280 vivunt
1269 4225 1429 4296 plane
1474 4226 1631 4298 (79);
1664 4225 1794 4298 quia

191 4314 490 4388 participes
516 4313 696 4370 eﬁ'ecti
728 4321 858 4370 sunt
895 4312 1125 4381 Christi,
1145 4314 1237 4385 qui
1263 4314 1380 4369 vita
1407 4322 1488 4370 est
1518 4314 1790 4370 omnium.

189 4395 459 4466 Quamvis
485 4402 636 4458 enim
672 4418 906 4475 corpora
948 4401 1199 4474 passione
1227 4419 1364 4460 caesa
1392 4404 1526 4471 sint,
1558 4404 1792 4460 interru-

1899 3233 2154 3301 canibus,
2191 3249 2368 3305 neque
2416 3231 2738 3304 margaritas
2768 3231 3033 3304 projicere
3076 3248 3367 3304 porcorum
3399 3247 3487 3305 pe-

1902 3323 2068 3380 dibus
2099 3321 2501 3379 conculcandas
2532 3321 2750 3392 (Matth.
2784 3338 2885 3389 vn,
2927 3321 3008 3392 6).
3039 3345 3058 3370 ι

1973 3415 2026 3470 2.
2070 3411 2255 3469 Perdit
2284 3411 2430 3467 enim
2451 3411 2688 3467 caelestis
2718 3410 3024 3483 margarita
3047 3410 3297 3482 gratiam,
3332 3409 3494 3482 quis-

1903 3502 2028 3574 quis
2081 3517 2200 3558 eam
2259 3499 2564 3557 foedissimo
2596 3499 2866 3572 peccatori
2899 3499 3017 3572 (81)
3047 3497 3387 3556 circumdare
3411 3514 3499 3556 co-

1902 3599 2101 3657 natur;
2132 3606 2345 3662 gemma
2373 3590 2544 3657 enim,
2576 3589 2719 3646 sicut
2741 3589 2854 3668 ipsi
2884 3588 3059 3658 scitis,
3090 3589 3201 3645 nisi
3227 3605 3362 3646 auro
3386 3604 3500 3645 non

1903 3677 2186 3746 convenit,
2231 3677 2525 3750 margarita
2583 3676 2690 3732 nisi
2730 3676 2984 3748 pretiosis
3039 3675 3342 3732 monilibus
3386 3691 3499 3731 non

1901 3775 2138 3840 aptatur.
2198 3768 2390 3822 Estote
2423 3782 2551 3840 ergo
2606 3783 2801 3822 aurum
2831 3766 3123 3839 optimum,
3153 3771 3301 3829 465
3328 3771 3502 3822 estote

1903 3865 2114 3920 monile
2169 3863 2510 3937 pretiosum;
2569 3871 2631 3920 ut
2687 3863 2859 3936 possit
2915 3864 2974 3919 in
3013 3863 3172 3920 vobis
3206 3863 3504 3936 margarita

1901 3955 2171 4027 spiritalis
2228 3955 2462 4011 includi.
2503 3955 2797 4026 Margarita
2829 3955 2978 4010 enim
3009 3955 3261 4013 Christus
3286 3962 3368 4010 est
3395 3955 3501 4009 Do-

1904 4045 2109 4110 minus,
2165 4061 2327 4118 quam
2388 4045 2699 4116 negotiator
2770 4045 2864 4100 ille
2908 4044 3063 4100 dives
3091 4043 3149 4098 in
3179 4041 3501 4126 Evangelia”,

1903 4135 2146 4192 venditis
2177 4135 2437 4192 omnibus
2458 4135 2619 4192 rebus
2647 4135 2966 4204 suis,emere
2988 4127 3500 4202 festinavit(Matth.

1902 4225 2154 4300 3411,46),
2177 4234 2231 4282 et
2262 4227 2459 4282 maluit
2487 4242 2677 4282 omnes
2703 4243 2838 4298 quas
2863 4224 3115 4291 habebat,
3143 4221 3332 4278 saeculi
3359 4236 3503 4293 gem-

1907 4331 2022 4370 mas
2053 4315 2330 4384 amittere,
2355 4322 2570 4372 tantum
2598 4323 2659 4371 ut
2696 4329 2864 4369 unam
2898 4311 3103 4370 Christi
3128 4317 3332 4367 emeret
3365 4325 3502 4366 mar-

1907 4403 2137 4476 garitam
2149 4445 2160 4456 .

191 4497 311 4559 ptus
338 4500 530 4548 tamen
563 4507 674 4547 non
705 4501 785 4548 est
804 4491 940 4548 ordo
965 4491 1191 4547 vivendi
1227 4492 1342 4564 (80)
1369 4512 1382 4560 ;
1408 4491 1617 4566 jugiter
1645 4494 1794 4551 enim
1827 4510 1877 4568 D
1981 4494 2034 4548 3.
2097 4491 2250 4548 Unde
2305 4499 2358 4548 et
2415 4507 2534 4564 ego,
2591 4492 2805 4562 fratres,
2836 4507 2934 4564 pro
2964 4488 3361 4564 magnitudine,
3395 4505 3505 4564 quo

193 4587 244 4634 et
268 4581 379 4638 Deo
432 4581 636 4654 gratias
665 4590 852 4655 agunt,
903 4590 956 4638 et
985 4581 1175 4638 laudes
1205 4582 1480 4638 Salvatori
1512 4583 1755 4639 referunt
1780 4602 1793 4651 ;

195 4666 298 4724 nisi
329 4671 483 4744 quod
522 4672 764 4728 resoluta
810 4671 1184 4727 membrorum
1217 4671 1454 4740 sarcina,
1497 4673 1669 4744 magis
1707 4673 1796 4728 ad-

196 4750 401 4816 haarent
448 4759 693 4828 Christo,
725 4759 867 4817 sicut
897 4761 974 4816 ait
1020 4755 1221 4816 Paulus
1258 4762 1540 4832 apostolus
1571 4779 1580 4815 :
1631 4786 1648 4808 ε
1680 4762 1799 4818 Dis-

197 4845 354 4916 solvi,
401 4855 461 4904 et
499 4865 625 4904 cum
659 4848 879 4906 Christo
908 4866 1044 4917 esse,
1078 4851 1255 4906 multo
1300 4851 1500 4907 melius
1533 4851 1796 4922 (Philipp.

201 4948 241 5000 ι,
271 4935 384 5010 23).
427 4964 450 4990 ι
499 4939 620 4995 Non
651 4956 778 5013 ergo
809 4939 1042 5016 dicenda
1083 4949 1166 4997 est
1217 4957 1384 5008 mors,
1427 4958 1534 5013 qua
1564 4942 1798 4998 interve-

201 5025 402 5101 niente,
437 5049 690 5089 caremus
727 5034 1188 5106 persecutoribus,
1237 5041 1289 5089 et
1321 5033 1540 5090 Christo
1570 5052 1799 5092 connec-

203 5114 388 5179 timur.
420 5124 544 5181 Non
590 5131 673 5180 est
720 5124 881 5196 plane
911 5123 1145 5183 dicenda
1198 5141 1367 5194 mors,
1421 5141 1541 5198 quae
1581 5124 1801 5182 Christo

246 5279 388 5357 ,(78)
439 5283 626 5361 ΙίίίςξωΔ
804 5284 1070 5361 omittunt
1087 5301 1109 5361 _:
1161 5286 1403 5361 Legimus
1449 5288 1508 5343 in
1555 5289 1804 5361 Scriptu-

207 5356 394 5418 τίεν...
454 5356 842 5414 subministrat.
892 5358 966 5413 Et
1014 5357 1196 5414 infra:
1232 5356 1372 5415 Bene
1410 5361 1490 5416 ait
1515 5356 1806 5417 ascendisse

279 5470 826 5574 (76).:bmneseditq
884 5499 1269 5574 uiuuntipane;
1318 5519 1510 5560 omnes
1547 5521 1700 5574 mss.,
1730 5505 1804 5560 vi-

209 5573 334 5652 υξιηε
350 5571 535 5652 plane.
567 5571 718 5628 Infra
742 5587 875 5630 vero
906 5571 1044 5631 edit.
1075 5571 1234 5631 Rom.
1266 5574 1402 5644 sola,
1433 5576 1527 5648 qui
1549 5571 1710 5650 panis
1728 5577 1804 5632 vi-

212 5649 266 5705 ια
291 5645 364 5696 est
383 5645 635 5701 omnium.

1907 4581 2328 4650 commiseratis,
2367 4580 2581 4648 delicti,
2624 4582 2779 4638 nolui
2822 4581 2980 4640 vobis
3010 4581 3247 4655 pandere
3276 4595 3505 4652 evange-

1908 4673 2027 4728 licae
2085 4671 2406 4728 refectionis
2443 4671 2693 4744 eloquia;
2745 4671 2840 4727 sed
2897 4671 3070 4743 magis
3115 4671 3360 4742 ingerere
3389 4669 3505 4725 ani-

1910 4777 2075 4816 mosa:
2107 4760 2506 4832 indignationis
2537 4760 2820 4832 injuriam,
2853 4771 2905 4817 et
2942 4761 3096 4832 prius
3124 4777 3222 4816 vos
3254 4758 3508 4843 verberi-

1908 4852 2012 4908 bus
2053 4850 2396 4922 spiritalibus
2444 4850 2753 4918 emendare,
2785 4867 2847 4907 ac
2876 4851 2956 4906 sic
2986 4849 3294 4922 margaritas
3333 4848 3507 4904 ditam

1910 4944 2252 5001 muneribus.
2314 4944 2502 5012 Malui,
2538 4943 2782 5016 inquam,
2819 4949 3104 5014 peccatum
3133 4948 3380 4996 vestrum
3409 4940 3510 4996 in-

1911 5035 2154 5092 cusando
2203 5033 2402 5112 acriter
2457 5035 2758 5106 increpare,
2814 5048 2979 5106 quam
3027 5031 3222 5087 leniter
3252 5029 3509 5086 dissimu-

1911 5125 2074 5182 lando
2131 5125 2379 5193 nutrire;
2436 5124 2689 5196 quisquis
2735 5121 2883 5178 enim
2923 5122 3147 5179 fratrem
3189 5136 3300 5176 non
3330 5116 3512 5191 arguit

1985 5288 2103 5362 (80)
2137 5289 2286 5345 Edit.
2319 5305 2446 5362 cum
2479 5305 2581 5344 ms.
2614 5285 2986 5362 Lugd.,‘_ordo
3026 5283 3352 5348 viventium;
3383 5293 3512 5338 con-

1911 5360 2134 5418 cinnius
2164 5362 2260 5416 alii
2285 5361 2435 5429 cod.,
2464 5362 2598 5415 ordo
2636 5360 2865 5415 vivendi.

1986 5433 2117 5505 (81)Δ
2163 5434 2241 5489 Ita
2280 5442 2390 5489 vet.
2419 5420 2577 5488 'edit.
2608 5440 2737 5505 ;A_at
2791 5447 2944 5505 mss._
2970 5426 3143 5505 Lugd.
3207 5439 3269 5505 ac
3297 5420 3508 5505 Biantis.

1913 5493 2204 5576 foedissimo
2253 5505 2493 5576 pectori;
2550 5493 2748 5560 melius
2801 5499 2949 5558 haud
3006 5493 3194 5563 dubie,
3219 5493 3513 5564 fwdissimo

1909 5578 2116 5650 pecori.
