4064 6178
481 266 585 326 739

1503 259 1598 313 AD
1637 255 1870 313 OPERA
1909 255 1964 310 S.
2007 251 2341 312 AMBROSH
2377 249 2759 308 APPENDIX.

3676 246 3780 304 740

483 399 822 465 peccantem,
879 385 1286 461 quodammodo
1322 382 1576 440 hortatur
1607 389 1669 437 ut
1699 387 1902 453 peccet.
1935 378 2074 434 Nolo
2101 381 2153 440 Α
2185 375 2331 448 apud
2361 375 2693 432 domesticos
2722 374 2822 431 Dei
2871 380 3087 430 tantum
3118 371 3527 429 intercessionis
3554 387 3786 444 prome-

484 494 667 544 autem
726 483 932 556 putetis
963 479 1109 554 quod
1145 494 1257 535 non
1287 477 1355 534 de
1381 494 1567 534 amore
1600 475 1818 543 faciam,
1853 491 1952 530 vos
1979 489 2072 528 saa-

485 575 610 650 pius
635 570 1009 638 verberando;
1043 569 1193 626 ﬁlius
1232 569 1403 635 enim,
1438 566 1531 640 qui
1579 563 1935 636 castigatione
1979 561 2076 617 di—

487 683 625 738 gnus
681 671 782 732 est,
837 663 961 736 plus
1008 669 1244 728 amatur,
1272 659 1413 715 sicut
1443 657 1517 713 ait
1547 656 1829 728 Scriptura
1856 660 2072 709 sancta:

501 781 519 803 ‹
555 756 729 824 Quem
789 753 935 810 enim
991 752 1173 824 diligit
1223 750 1512 817 Dominus,
1546 747 1810 818 corripit:
1853 743 2080 815 castigat

486 853 671 902 autem
705 859 924 898 omnem
958 841 1137 896 ﬁlium
1170 856 1331 912 quem
1365 837 1560 909 recipit
1593 837 1744 907 (Heb.
1789 853 1894 902 x11,
1936 833 2015 904 6).
2048 857 2064 877 -

559 936 613 991 4.
648 934 825 991 Dicite
851 934 996 988 enim
1051 931 1187 986 mihi
1221 931 1264 986 si
1308 947 1417 987 non
1443 930 1741 986 dolendum
1772 927 1939 983 fuerit
1978 926 2083 983 hoc

488 1034 793 1100 peccatum,
844 1025 923 1081 sic
978 1041 1079 1079 vos
1126 1023 1318 1079 salutis
1348 1032 1541 1078 vestrae
1573 1021 1922 1075 immemores
1951 1026 2084 1073 tunc

492 1119 680 1187 fuisse,
724 1125 786 1172 ut
828 1114 1169 1172 beatissimis
1221 1113 1481 1185 apostolis
1511 1113 1670 1168 Petro
1699 1117 1753 1166 et
1782 1110 1950 1166 Paulo
1975 1108 2085 1164 ho-

490 1204 898 1263 noriﬁcentiam
970 1203 1200 1258 minime
1237 1200 1609 1268 reddideritis,
1639 1217 1764 1257 cum
1797 1199 1942 1270 ipsos
1971 1211 2086 1252 esse

491 1295 678 1352 sciatis
707 1294 958 1350 doctores
1006 1292 1272 1365 gentium,
1303 1300 1552 1348 auctores
1581 1298 1909 1361 martyrum,
1941 1285 2088 1358 prin-

493 1383 642 1456 cipes
687 1382 1064 1440 sacerdotum:
1121 1398 1219 1438 nec
1274 1380 1564 1437 volueritis
1618 1396 1807 1435 eorum
1850 1377 2089 1434 natalem

494 1471 784 1528 nobiscum
806 1470 1228 1528 festivissimum
1258 1470 1553 1536 celebrare,
1585 1476 1746 1540 atque
1770 1466 1853 1522 illi
1883 1462 2092 1522 caelesti

499 1561 766 1618 interesse
815 1560 1098 1628 convivio,
1151 1559 1209 1614 in
1265 1575 1375 1631 quo
1404 1574 1502 1630 pro
1527 1558 1833 1629 martyrum
1867 1567 2093 1610 suorum

500 1659 654 1708 tanta
683 1649 899 1718 laetitia,
927 1646 1292 1704 substantiam
1337 1646 1467 1702 vitae.
1497 1647 1611 1716 ipse
1640 1643 1800 1700 nobis
1828 1641 2096 1698 Dominus

496 1737 836 1796 ministravit
895 1737 1011 1808 (82)
1044 1737 1072 1792 ‘2
1094 1735 1280 1794 Vultis
1308 1741 1490 1790 autem
1521 1733 1660 1790 scire
1690 1733 1908 1806 quantis
1937 1728 2097 1786 bonis

495 1827 740 1884 fraudati
772 1823 1022 1880 fueritis?
1065 1825 1404 1896 Interrogate
1425 1824 1642 1892 fratres,
1674 1821 1767 1896 qui
1787 1837 1935 1877 nunc
1961 1827 2094 1875 tem-

497 1917 648 1992 poris
674 1932 891 1973 mecum
925 1914 1131 1987 pariter
1163 1915 1482 1984 adfuerunt,
1511 1930 1672 1988 quam
1709 1911 1899 1969 refecti
1923 1927 1954 1967 a
1973 1912 2095 1966 Do-

499 2006 706 2063 minica
735 2021 923 2062 mensa
951 2003 1297 2074 dicesserint,
1324 2006 1409 2060 vel
1441 2005 1628 2079 quales
1656 2019 1840 2063 secum
1870 2001 2095 2057 domum

501 2099 778 2173 spiritales
806 2097 1030 2154 divitias
1070 2095 1490 2169 reportaverint.

577 2191 632 2248 5.
668 2191 849 2246 Unum
895 2189 1029 2258 scio,
1090 2188 1238 2262 quod
1287 2187 1334 2243 si
1388 2187 1513 2259 quis
1557 2186 1654 2242 illa
1681 2184 1769 2242 die
1799 2183 2098 2240 honoratus

502 2289 599 2339 aut
639 2280 796 2338 dives
827 2280 898 2336 ob
945 2280 1183 2335 natalem
1231 2277 1334 2332 ﬁlii
1391 2276 1476 2332 sui
1507 2275 1574 2332 ad
1622 2274 1894 2330 decimum
1927 2286 2100 2343 usque

505 2371 832 2427 milliarium
864 2370 933 2426 ad
975 2367 1267 2442 prandium
1297 2366 1617 2438 rogavisset,
1647 2370 1867 2436 propter
1886 2377 2102 2419 accura-

509 2467 594 2517 tas
632 2460 907 2533 epulas,et
935 2459 1237 2531 inaequales
1267 2471 1551 2512 mensuras
1578 2453 1780 2526 absque
1807 2451 1978 2510 dubio
2004 2467 2104 2508 vos

505 2549 681 2606 ituros
737 2549 926 2606 fuisse.
987 2547 1180 2620 Igitur,
1223 2546 1437 2613 fratres,
1489 2543 1921 2617 quotiescunque
1965 2558 2104 2598 mar-

505 2647 692 2713 tyrum
758 2639 1083 2696 memoriam
1137 2637 1498 2703 celebramus,
1530 2632 1910 2707 praetermissis
1929 2631 2104 2688 omni-

506 2729 610 2786 bus
660 2729 848 2786 saeculi
906 2729 1140 2796 actibus,
1164 2727 1282 2784 sine
1313 2726 1498 2799 aliqua
1527 2724 1792 2781 dilatione
1825 2723 1941 2796 (83)
1969 2738 2104 2779 con-

508 2838 728 2879 currere
777 2821 1076 2885 debemus,
1139 2819 1366 2876 reddere
1429 2818 1541 2874 illis
1604 2815 2103 2883 honoriﬁcentiam,

512 2913 608 2984 qui
663 2911 822 2967 nobis
869 2913 1102 2968 salutem
1142 2909 1460 2980 profusione
1511 2907 1596 2962 sui
1651 2909 1933 2980 sanguinis
1953 2921 2108 2978 pepe-

518 3011 728 3070 rerunt,
790 3003 884 3075 qui
915 3010 1174 3073 tanquam
1205 3008 1414 3056 sacrata
1443 3000 1621 3055 hostia
1649 3017 1747 3072 pro
1777 3007 1964 3055 nostra
1988 3014 2107 3070 pro-

518 3092 812 3166 pitiatione
840 3091 1080 3148 Domino
1109 3098 1239 3148 sunt
1257 3090 1450 3159 oblati,
1486 3090 1786 3162 praisertim
1810 3106 1935 3146 cum
1964 3087 2113 3144 dicat

519 3189 588 3246 ad
611 3194 838 3262 sanctos
865 3203 997 3243 suos
1035 3186 1388 3259 omnipotens
1413 3189 1590 3243 Deus:
1638 3211 1655 3233 ι
1685 3185 1791 3252 Qui
1819 3201 1918 3241 vos
1942 3183 2112 3240 hono-

515 3289 620 3351 rat,
675 3298 763 3337 me
817 3280 1089 3336 honorat:
1151 3289 1205 3336 et
1261 3279 1353 3352 qui
1395 3296 1493 3336 vos
1530 3279 1758 3352 spernit,
1790 3294 1878 3334 me
1903 3276 2114 3350 spernit

517 3371 669 3444 (Luc.
702 3387 760 3440 x,
786 3370 899 3441 16).
930 3396 948 3421 ι
981 3370 1244 3444 Quisquis
1274 3388 1400 3445 ergo
1430 3371 1666 3426 honorat
1695 3375 1985 3442 martyres,
2017 3367 2113 3424 ho-

514 3467 674 3516 norat
729 3466 783 3516 et
812 3458 1102 3518 Christum
1127 3479 1139 3518 :
1193 3468 1249 3517 et
1277 3461 1374 3534 qui
1404 3460 1614 3534 spernit
1637 3466 1874 3528 sanctos,
1905 3457 2116 3530 spernit

515 3558 570 3607 et
600 3549 921 3609 Dominum.

1117 3695 1352 3755 SERMO
1393 3697 1508 3755 LV.

697 3795 760 3852 In
779 3794 960 3853 Natali
983 3795 1076 3852 SS.
1102 3795 1318 3854 Nazarii
1348 3804 1402 3852 et
1441 3795 1586 3855 Celsi
1616 3804 1945 3869 martyrum.

519 3916 620 3974 Hic
663 3933 834 3972 sermo
877 3933 985 3972 non
1030 3922 1203 3972 exstat
1231 3917 1285 3972 in
1317 3917 1440 3973 edit.
1481 3917 1694 3973 Amerb.
1737 3933 1900 3987 neque
1923 3917 2114 3981 Eras.,

589 3988 680 4045 sed
737 4004 827 4043 nec
867 3989 924 4042 in
975 3989 1104 4046 ullis
1127 4006 1252 4044 mss.
1286 4006 1416 4059 quos
1433 3989 1642 4059 quidem
1672 3989 1848 4043 videre
1880 3987 2028 4043 nobis
2057 3987 2120 4043 li-

589 4061 778 4130 cuerit,
800 4061 1090 4132 reperitur.
1129 4063 1190 4117 Ut
1217 4067 1393 4116 autem
1421 4077 1538 4115 eum
1581 4060 1850 4132 Ambrosii
1880 4076 1985 4132 non
2015 4075 2119 4114 esse

590 4132 765 4204 quivis
808 4130 1091 4204 intelligat,
1156 4149 1272 4187 cum
1327 4150 1384 4190 eo
1436 4138 1640 4187 tantum
1684 4130 2001 4201 conferenda
2046 4137 2121 4204 est

589 4202 816 4262 Paulini
860 4202 1130 4273 narratio,
1171 4221 1277 4276 qua
1331 4204 1571 4258 inventas
1601 4205 1790 4258 horum
1820 4202 2120 4273 martyrum

591 4276 852 4345 reliquias
902 4277 1166 4334 describit.
1227 4276 1438 4332 Etenim
1469 4276 1813 4330 inventionem
1851 4276 2004 4330 illam
2032 4290 2120 4329 ea:-

597 4347 775 4401 tre-mis
832 4353 1032 4403 tantum
1093 4348 1262 4405 sancti
1314 4347 1542 4419 episcopi
1595 4347 1752 4402 annis
1780 4347 1972 4402 asserit
1998 4363 2122 4401 eve-

595 4419 752 4490 uisse,
791 4434 920 4490 cum
976 4421 1111 4474 idem
1171 4418 1346 4474 sermo
1384 4420 1504 4489 jam
1558 4418 1745 4474 celebri
1793 4435 1892 4490 per
1919 4434 2122 4490 omnem

2183 467 2378 534 rueris,
2411 474 2680 539 quantum
2709 464 3084 521 venerationis
3141 461 3496 536 impenderis.
3555 461 3790 536 Oportet

2186 556 2368 628 itaque
2399 562 2459 610 ut
2487 554 2694 611 alienos
2712 555 2897 627 potius
2927 553 3087 610 nobis
3121 553 3346 610 devotio
3375 551 3630 626 religiosa
3660 569 3792 609 con-

2185 650 2356 716 ciliet,
2388 665 2550 722 quam
2575 649 2715 704 forte
2745 646 2998 721 proprios
3030 663 3061 702 a
3091 646 3254 703 nobis
3295 643 3630 718 negligentia
3659 643 3795 700 irre-

2190 739 2370 812 ligiosi
2399 738 2604 811 teporis
2633 739 2855 795 alienet.

2259 832 2311 887 2.
2355 833 2752 904 Agnoscamus,
2783 826 3125 894 charissimi,
3157 826 3304 884 circa
3343 825 3654 883 Ecclesiam
3685 844 3799 883 no-

2190 927 2358 976 stram
2398 922 2708 976 uberiorem
2763 919 3084 975 divinorum
3135 934 3424 974 munerum
3459 917 3796 991 largitatem.

2191 1018 2488 1072 Exsultant
2510 1016 2698 1072 felices
2719 1014 3061 1086 singularum
3085 1012 3305 1068 urbium
3333 1013 3540 1087 populi,
3560 1013 3607 1070 si
3631 1013 3802 1069 unius

2194 1108 2384 1162 saltem
2443 1105 2705 1178 martyris
2756 1104 3009 1178 reliquiis
3063 1105 3392 1160 muniantur
3442 1121 3454 1159 :
3522 1122 3654 1163 ecce
3705 1122 3803 1162 nos

2196 1198 2426 1271 populos
2458 1205 2767 1270 martyrum
2801 1195 3162 1268 possidemus.
3199 1195 3446 1253 Gaudeat
3481 1205 3632 1252 terra
3666 1214 3805 1254 nos-

2197 1294 2282 1342 tra
2333 1287 2524 1343 nutrix
2577 1286 2883 1344 caelestium
2915 1285 3180 1355 militum,
3213 1295 3268 1343 et
3296 1294 3574 1344 tantarum
3605 1304 3806 1360 parens

2199 1375 2432 1433 fecunda
2462 1377 2756 1433 virtutum.
2799 1376 2964 1433 Recte
2994 1376 3180 1449 itaque
3213 1384 3268 1433 et
3298 1393 3366 1433 ex
3389 1376 3578 1433 debito
3607 1394 3642 1432 a
3675 1376 3808 1434 ﬁliis

2201 1466 2442 1538 parentis
2464 1465 2724 1524 Ecclesiae
2752 1465 2950 1520 horum
2991 1464 3278 1522 beatorum
3310 1473 3619 1540 martyrum
3653 1467 3810 1523 cele-

2201 1555 2432 1612 brantur
2487 1557 2746 1630 insignia,
2803 1559 2951 1618 466
3019 1556 3116 1629 qui
3169 1555 3550 1612 illuminantes
3593 1555 3813 1612 virtute

2204 1650 2334 1708 ﬁdei
2365 1669 2476 1709 suae
2506 1653 2939 1710 innumerabiles
2969 1653 3223 1727 populos,
3255 1652 3359 1708 soli
3403 1651 3620 1725 quidem
3669 1652 3818 1707 illa-

2126 1771 2170 1831 Β
2205 1750 2315 1799 tam
2359 1745 2464 1801 sibi
2512 1763 2727 1804 sensere
2760 1755 3014 1814 mortem,
3047 1744 3144 1801 sed
3190 1760 3302 1800 non
3333 1743 3437 1799 soli
3469 1743 3662 1799 mortis
3698 1760 3816 1800 sua

2207 1831 2474 1890 beneﬁcia
2503 1835 2882 1908 possederunt.
2907 1835 3183 1891 Immensa
3201 1832 3351 1889 enim
3376 1830 3476 1889 Dei
3500 1832 3685 1888 nostri
3706 1833 3819 1905 pie-

2208 1931 2295 1981 tas
2321 1925 2621 1998 multiplex
2651 1927 2720 1983 ad
2751 1926 3077 1995 bonitatem,
3109 1933 3163 1982 et
3209 1923 3410 1981 artifex
3458 1925 3527 1981 ad
3553 1925 3816 1995 salutem,

2210 2034 2522 2090 proponens
2551 2020 2780 2078 arduam
2811 2019 3086 2076 virtutum
3117 2018 3380 2091 palmam,
3422 2034 3548 2074 raro
3593 2019 3822 2092 appeti-

2210 2114 2328 2165 tore
2357 2109 2677 2181 pretiosam,
2710 2111 2769 2166 in
2800 2125 3103 2183 paucorum
3128 2108 3429 2182 triumphis
3444 2108 3818 2181 plurimorum

2211 2199 2516 2256 commodis
2537 2199 2820 2272 prospicit.
2855 2199 3084 2255 Illorum
3115 2195 3391 2271 siquidem
3437 2200 3640 2256 merita
3687 2218 3826 2258 nos-

2213 2298 2297 2346 tra
2329 2291 2449 2347 vult
2483 2307 2599 2348 esse
2627 2289 2885 2362 suffragia
2923 2305 2936 2344 ε
2969 2288 3246 2362 simulque
3279 2287 3411 2344 dum
3450 2289 3614 2346 nobis
3648 2290 3820 2348 ﬁdem

2212 2395 2398 2435 veram
2454 2379 2565 2436 duo
2627 2378 2881 2452 martyrii
2941 2394 3112 2451 agone
3149 2377 3520 2448 commendat,
3555 2379 3828 2436 aﬁlictio—

2217 2488 2343 2528 nem
2404 2472 2838 2546 praecedentium
2896 2473 3321 2530 instructionem
3353 2473 3522 2530 eﬁicit
3569 2481 3829 2546 postero-

2216 2578 2337 2618 rum
2349 2607 2360 2619 .

2289 2652 2342 2709 3.
2377 2653 2594 2721 Quanta
2647 2660 2729 2710 est
2776 2654 2922 2711 circa
2977 2669 3077 2710 nos
3120 2654 3218 2709 Dei
3251 2652 3428 2710 nostri
3458 2654 3822 2714 sollicitudo!

2218 2742 2349 2798 Illos
2377 2743 2679 2812 examinat,
2714 2751 2774 2800 ut
2803 2760 2904 2800 nos
2947 2743 3162 2799 erudiat
3195 2761 3206 2798 :
3267 2743 3396 2800 illos
3450 2745 3720 2815 conterit,
3765 2753 3828 2802 ut

2219 2848 2319 2889 nos
2348 2833 2631 2905 acquirat;
2667 2849 2965 2907 eorumque
2990 2833 3266 2890 cruciatus
3295 2840 3511 2890 nostros
3535 2835 3665 2890 vult
3709 2852 3830 2892 esse

2220 2924 2517 2997 profectus.
2573 2923 2770 2982 Merito
2815 2941 2943 2997 ergo
2988 2941 3081 2980 eos
3127 2924 3365 2981 colimus
3411 2925 3506 2998 qui
3558 2926 3830 2998 periculis

2222 3013 2338 3070 suis
2367 3022 2635 3086 pugnant,
2665 3022 2720 3069 et
2766 3013 2970 3069 nostris
3001 3013 3338 3070 utilitatibus
3369 3013 3614 3070 militant
3645 3033 3659 3082 ;
3722 3017 3824 3090 qui

2144 3134 2187 3193 Ο
2223 3119 2319 3176 per
2348 3103 2489 3161 lucis
2516 3103 2755 3176 vitaeque
2783 3110 3160 3177 contemptum
3180 3103 3411 3161 edocent
3430 3123 3531 3162 nos
3550 3113 3831 3180 quantum

2219 3196 2332 3249 Deo
2364 3201 2553 3250 nostro
2580 3194 2876 3251 debeamus
2929 3195 3206 3252 affectum.
3254 3195 3586 3252 Noverimus
3641 3197 3831 3270 itaque

2222 3284 2352 3357 quia
2379 3301 2492 3340 non
2519 3285 2638 3340 sine
2668 3301 2864 3358 magno
2893 3284 3217 3342 discrimine
3253 3283 3320 3340 de
3348 3286 3639 3358 religionis
3669 3286 3832 3342 veri-

2222 3381 2334 3430 tate
2362 3375 2701 3445 dubitamus,
2734 3392 2898 3448 quam
2929 3383 3212 3432 tantorum
3242 3376 3506 3448 sanguine
3532 3377 3833 3435 conﬁrma-

2222 3471 2335 3520 tam
2366 3464 2634 3522 videmus.
2668 3466 2850 3539 Magni
2875 3465 3110 3538 periculi
3139 3482 3226 3522 res
3254 3473 3355 3536 est,
3379 3467 3424 3522 si
3442 3474 3566 3540 post
3595 3468 3834 3541 propheo

2222 3563 2403 3612 tarum
2441 3557 2683 3626 oracula,
2732 3562 2854 3629 post
2900 3556 3277 3628 apostolorum
3316 3555 3660 3627 testimonia,
3709 3567 3836 3631 post

2224 3657 2533 3722 martyrum
2563 3651 2815 3717 vulnera,
2851 3656 3090 3705 veterem
3120 3649 3286 3705 ﬁdem
3338 3648 3491 3722 quasi
3547 3651 3834 3707 novellam

2226 3739 2500 3796 discutere
2529 3756 2846 3813 pmsumas,
2877 3746 2931 3795 et
2957 3745 3080 3812 post
3127 3745 3241 3796 tam
3290 3739 3614 3795 manifestos
3664 3739 3835 3798 duces

2225 3827 2284 3884 in
2313 3845 2497 3886 errore
2526 3844 2864 3900 permaneas,
2909 3834 2964 3884 et
3017 3834 3140 3902 post
3190 3828 3554 3885 morientium
3602 3831 3835 3887 sudores

2225 3918 2402 3975 otiosa
2429 3918 2801 3991 disputatione
2819 3919 3142 3976 contendas.

2297 4010 2350 4067 4.
2383 4010 2844 4084 Congratulamur
2867 4028 3017 4084 ergo,
3061 4009 3407 4068 dilectissimi
3449 4011 3670 4081 fratres,
3722 4028 3833 4068 ma-

2228 4117 2346 4175 gna;
2375 4101 2506 4158 ﬁdei
2531 4109 2750 4170 vestrae,
2770 4119 2866 4175 per
2885 4118 3049 4175 quam
3073 4100 3205 4156 dum
3221 4102 3439 4158 exsules
3456 4101 3674 4175 proflua
3704 4101 3834 4159 cha-

2228 4194 2389 4251 ritate
2413 4195 2714 4268 suscipitis,
2751 4195 2918 4251 etiam
2937 4195 3151 4270 incolas
3171 4194 3409 4266 paradisi
3430 4202 3484 4250 et
3516 4191 3653 4252 caeli
3676 4195 3834 4252 cives

2228 4285 2429 4342 habere
2462 4287 2759 4344 meruistis.
2794 4287 3022 4344 Beatum
3052 4286 3238 4359 itaque
3282 4285 3573 4342 Nazarium
3625 4294 3838 4360 marty-

2230 4394 2345 4434 rem
2373 4378 2579 4436 Christi
2610 4389 2800 4436 sancta
2826 4378 3250 4437 Mediolanensis
3297 4378 3543 4436 Ecclesia
3591 4378 3728 4436 licet
3758 4387 3836 4435 to-

597 4468 1109 4544 natantia;
1157 4468 1758 4560 {samarasmai
1793 4468 2121 4561 ἵὸιιίὶὶὶῖὲῇξ
2150 4498 2198 4557 ι)
2233 4476 2351 4524 tum
2385 4487 2612 4543 corpore
2642 4488 2827 4528 secum
2851 4469 3106 4540 retineat.
3127 4477 3180 4525 et
3203 4468 3416 4561 munde
3439 4478 3624 4526 tamen
3655 4476 3838 4526 totum

597 4575 780 4614 sarum
819 4561 928 4614 dies
963 4562 1163 4616 natalis
1189 4578 1222 4614 v
1255 4561 1386 4616 Kal.
1429 4563 1697 4631 Augustas
1722 4580 1741 4626 ;
1767 4561 1995 4616 inventio
2027 4577 2122 4616 au-

600 4637 699 4688 tem
725 4649 785 4687 v1
813 4632 943 4688 Idus
972 4632 1164 4690 Maias.
1198 4631 1277 4686 De
1293 4633 1480 4701 quibus
1506 4635 1700 4688 sanctis
1728 4633 1932 4689 consuli
1968 4633 2126 4688 etiam

633 4709 763 4759 otest
821 4710 1032 4760 sanctus
1078 4703 1343 4762 Paulinus
1367 4705 1550 4762 Carm.
1579 4707 1612 4763 9
1642 4705 1699 4762 in
1727 4706 1900 4763 natali
1934 4706 1992 4763 S.
2031 4705 2126 4761 Fe-

621 4776 735 4833 icis.

604 4921 895 4978 LEtiamsi
927 4923 1262 4996 martyribus
1291 4925 1529 4998 regionis
1550 4934 1822 4982 extranea:
1853 4921 2123 4999 pia'voto-

531 5029 653 5070 rum
696 5012 884 5070 debita
911 5015 1286 5086 redderemus,
1317 5019 1553 5091 propriis
1587 5020 1875 5076 consulere
1921 5019 2124 5075 utilita-

531 5102 684 5160 tibus
739 5111 792 5160 et
839 5106 1146 5163 commodis
1191 5107 1583 5180 probaremur;
1618 5117 1833 5165 nostros
1861 5107 2008 5164 enim
2035 5124 2126 5164 eos

529 5193 668 5252 ﬁdes
719 5195 939 5266 faceret,
981 5204 1036 5254 et
1072 5199 1298 5255 remotis
1335 5198 1638 5273 quamlibet
1685 5198 1888 5254 ﬁnibus
1915 5207 2128 5270 sperata

529 5283 691 5342 nobis
746 5287 1057 5359 patrocinia
1103 5297 1472 5363 corrogarent.
1504 5289 1824 5346 Studiorum
1853 5287 2126 5361 siquidem

530 5383 663 5437 sunt
717 5376 1042 5452 hujusmodi
1093 5379 1370 5454 suffragia,
1427 5396 1539 5437 non
1581 5380 1826 5437 locorum
1847 5423 1863 5450 ,
1898 5379 2128 5452 proinde

607 5503 723 5584 (82)
767 5503 971 5584 Omnes
999 5503 1132 5584 edit.
1162 5511 1216 5584 et
1244 5503 1414 5584 codex
1444 5504 1604 5584 _Lug.,
1631 5505 1893 5584 Dominus
1921 5505 2128 5564 demon-

534 5575 726 5648 stravit
749 5575 1271 5648 ;ioptimegllemig.,
1297 5575 1556 5632 Dominus
1567 5576 1909 5636 ministravit.

609 5645 728 5716 (83)
781 5645 907 5705 Vét.
967 5647 1128 5718 edit.,
1182 5645 1294 5704 sine
1336 5649 1530 5721 aliqua
1565 5649 1923 5717 dubitatione;
1964 5651 2124 5710 Rom.

2233 4562 2291 4617 in
2322 4561 2707 4619 benedictione
2737 4561 3064 4618 transmisit.
3087 4561 3218 4618 Haec
3231 4568 3310 4616 est
3329 4559 3479 4616 enim
3513 4569 3841 4618 sanctorum

2234 4663 2540 4728 martyrum
2578 4653 2771 4727 gloria,
2805 4669 3038 4727 quorum
3064 4653 3166 4710 etsi
3196 4669 3293 4726 per
3321 4653 3650 4708 universum
3679 4669 3842 4709 mun-

2233 4744 2367 4802 dum
2401 4747 2702 4803 seminetur
2735 4745 2794 4800 in
2833 4743 3118 4801 cineribus
3159 4745 3362 4817 portio,
3415 4750 3600 4799 manet
3651 4751 3843 4800 tamen

2234 4837 2446 4908 integra
2492 4837 2549 4892 in
2607 4835 2908 4892 virtutibus
2960 4835 3267 4906 plenitudo.
3325 4834 3674 4892 Veneramur
3712 4850 3844 4907 ergo

2235 4925 2294 4982 in
2320 4933 2475 4983 tanto
2506 4925 2713 4983 Christi
2745 4924 2923 4981 milite
2954 4925 3120 4980 ﬁdem
3160 4933 3441 4992 nostram;
3484 4932 3664 4980 mater
3685 4940 3843 4980 nam-

2234 5033 2340 5091 que
2388 5018 2641 5091 martyrii
2694 5017 2830 5074 ﬁdes
2870 5016 3143 5073 catholica
3170 5023 3270 5083 est,
3307 5015 3364 5071 in
3396 5031 3503 5088 qua
3532 5015 3638 5070 iste
3669 5014 3845 5070 illus-

2235 5107 2338 5163 tris
2365 5107 2591 5175 athleta,
2631 5107 2897 5179 sanguine
2932 5106 3075 5176 fuso,
3101 5115 3335 5164 mortem
3368 5123 3466 5179 pro
3505 5104 3623 5178 ipsa
3653 5106 3844 5163 calca—

2234 5196 2337 5253 vit.
2392 5197 2581 5266 Mater,
2618 5195 2867 5269 inquam,
2898 5195 3152 5270 martyrii
3181 5195 3320 5254 ﬁdes
3349 5205 3431 5254 est
3465 5215 3478 5254 :
3513 5211 3847 5252 veneremur

2236 5305 2362 5362 ergo
2390 5287 2448 5346 in
2488 5296 2804 5346 sanctorum
2833 5296 3142 5363 martyrum
3165 5289 3343 5362 gloria
3377 5288 3542 5345 ﬁdem
3573 5296 3843 5345 nostram.

2236 5378 2522 5447 Quomodo
2553 5378 2717 5436 ﬁdem
2745 5388 2992 5436 nostram
3014 5379 3043 5436 ‘l
3071 5378 3158 5436 Ab
3179 5378 3302 5437 istis
3322 5379 3469 5436 enim
3491 5377 3626 5434 dum
3649 5376 3846 5434 mortis

2238 5513 2293 5563 et
2321 5523 2452 5562 mss.
2485 5514 2549 5562 ut
2579 5523 2679 5562 nos
2709 5505 2768 5562 in
2798 5513 2977 5564 textu.
3013 5505 3163 5563 Infra
3190 5521 3324 5562 vero
3355 5503 3452 5560 ubi
3477 5519 3675 5560 omnes
3706 5500 3844 5559 edit.

2240 5594 2303 5634 ac
2325 5594 2470 5652 mss:
2493 5579 2727 5652 Remig.,
2754 5585 2861 5635 tam
2881 5585 3094 5635 sacrata
3117 5577 3292 5652 hostia
3312 5575 3536 5652 ;_magis
3553 5572 3848 5635 commode

2240 5648 2417 5708 codex
2446 5648 2948 5724 Lugd.,'tamquam
2975 5655 3186 5707 sacrata
3214 5649 3409 5705 hostia.
