4068 6182
277 213 358 270 741
1045 206 1418 265 SERMONES
1457 208 1510 265 S.
1554 207 1911 266 AMBROSIO
1951 209 2319 267 HACTENUS
2357 210 2692 267 ASCRIPTI.

271 336 515 394 tolerantia
533 333 900 391 indubitanter
915 334 1207 406 excipitur,
1230 351 1352 407 spes
1378 335 1812 392 immortalitatis
1839 337 1888 395 A
1916 333 2176 406 angelicis
2226 335 2593 392 confOrtatum
2649 335 2926 410 alloquiis,

267 425 506 482 evidenter
547 423 837 492 asseritur;
907 439 1187 496 nunquam
1252 424 1400 480 enim
1451 423 1593 481 hanc
1641 426 1813 482 vitam

261 525 351 572 tam
392 522 683 573 constanter
740 515 1130 587 expenderent,
1161 514 1270 570 nisi
1317 531 1432 571 esse
1460 515 1685 571 alteram
1717 515 1816 572 in-

260 605 656 680 comparabiliter
698 605 997 662 beatiorem
1044 605 1282 679 perfecta
1327 604 1648 662 deﬁnitione
1680 624 1814 663 sen-

258 696 411 752 tirent.
445 697 502 752 In
531 695 730 752 sanctis
760 697 947 770 itaque
977 695 1323 768 praeconibus
1352 696 1600 752 veritatis
1621 714 1815 753 resur—

254 786 477 844 rectionis
516 787 808 844 auctoritas
852 794 966 853 est;
1017 785 1257 858 prompti
1300 786 1446 841 enim
1479 796 1706 858 pereunt
1753 787 1810 842 in

251 877 421 933 melius
467 877 772 950 reparan'di,
833 877 1036 951 quibus
1087 893 1184 949 per
1240 877 1517 948 angustias
1567 878 1812 933 tribula—

245 965 429 1023 tionum
467 968 703 1041 aperitur
747 967 937 1024 exitus
983 965 1051 1022 ad
1111 965 1534 1039 amplitudinem
1579 967 1814 1040 gaudio-

242 1070 367 1112 rum.

298 1150 346 1207 5.
375 1150 514 1209 Unde
557 1160 609 1209 et
663 1150 859 1208 beatus
888 1149 1167 1218 Nazarius,
1201 1148 1358 1221 cujus
1405 1149 1569 1206 hodie
1608 1151 1811 1223 glorio-

234 1258 337 1298 sam
366 1241 426 1298 de
459 1244 640 1300 mundi
691 1243 849 1300 hoste
882 1241 1170 1299 victoriam
1202 1242 1533 1298 universalis
1564 1243 1814 1300 Ecclesia

235 1330 359 1386 festa
379 1333 734 1390 exsultatione
772 1333 1138 1393 concelebrat,
1191 1348 1317 1388 cum
1349 1340 1594 1404 tempore
1626 1333 1813 1404 genti-

232 1405 383 1478 litatis
407 1438 512 1479 non
541 1423 879 1497 ignobilibus
908 1423 1228 1496 parentibus
1274 1421 1542 1479 oriundus
1568 1423 1815 1493 {exsiste-

230 1518 318 1581 ret,
365 1512 605 1587 sacrilegi
661 1513 840 1570 adhuc
884 1529 1020 1586 puer
1051 1512 1312 1586 genitoris
1357 1513 1614 1570 militiam
1644 1514 1814 1570 simul

227 1607 273 1656 et
318 1600 618 1661 doctrinam
658 1602 921 1658 detestari
965 1619 1037 1658 ex
1065 1602 1366 1675 improviso
1414 1604 1610 1676 cmpit:
1647 1611 1812 1677 atque

3424 217 3530 274 742

3012 336 3070 391 in
3133 335 3342 394 Christi
3403 339 3529 394 Jesu

1925 424 2178 480 laudibus
2225 425 2520 482 exsultare.
2572 426 2714 482 Ecce
2749 425 3012 499 profanus
3042 424 3218 482 hostis
3246 441 3528 499 nunquam

1922 513 2082 570 beato
2113 517 2342 588 martyri
2387 525 2601 574 tantum
2633 515 2914 590 prodesset
2941 516 3226 590 obsequio,
3259 522 3527 590 quantum

1921 605 2140 677 profuit
2165 605 2312 662 odio.

1992 694 2044 749 8.
2078 694 2182 750 Sed
2232 697 2452 752 tandem
2508 696 2751 768 perfecto
2805 694 2992 767 agonis
3030 694 3348 764 certamine,
3397 711 3525 752 cum

1924 786 2082 842 Celso
2140 789 2393 860 puerulo,
2455 804 2617 860 quem
2674 789 2788 860 ipse
2850 791 2961 844 Deo
3027 789 3083 844 in
3143 788 3526 845 holocaustum

1926 876 2138 946 polluto
2187 886 2552 949 assumpserat
2619 894 2688 932 ex
2743 878 2965 944 saaculo,
3032 877 3245 933 crudeli
3295 876 3526 948 imperio

1924 963 2278 1020 damnatione
2323 965 2648 1033 absolvitur,
2712 965 2890 1038 gladio
2949 974 3319 1022 consecratur.
3368 965 3526 1022 Felix

1924 1057 2016 1114 hic
2046 1058 2142 1113 tali
2174 1058 2366 1125 exitu;
2409 1075 2518 1131 quo
2547 1075 2708 1114 omne
2759 1058 3021 1115 delictum
3052 1059 3128 1114 ita
3165 1058 3232 1113 ab
3261 1073 3326 1112 eo
3363 1056 3524 1126 exiit,

1923 1155 1984 1203 ut
2039 1149 2200 1205 etiam
2246 1149 2422 1205 redire
2479 1166 2590 1204 non
2647 1149 2853 1221 possit:
2919 1165 3028 1222 quo
3071 1148 3151 1204 sic
3191 1148 3377 1204 debita
3424 1163 3524 1204 sua

1923 1237 2111 1308 solvit,
2159 1254 2227 1294 ne
2270 1238 2415 1293 ultra
2443 1237 2771 1295 creditorem
2803 1238 3056 1305 timeret;
3115 1254 3222 1311 quo
3253 1237 3310 1292 in
3343 1253 3399 1293 se
3427 1235 3524 1292 bo-

1923 1329 2091 1384 stium
2152 1337 2372 1400 peccata
2437 1329 2543 1385 ﬁde
2597 1329 2815 1396 clausit,
2884 1328 2992 1384 ﬁde
3054 1328 3371 1385 damnavit:
3429 1343 3528 1401 per

1923 1433 2086 1489 quem
2119 1417 2493 1474 innocentiam
2523 1417 2816 1474 devotione
2845 1417 3132 1491 quaesivit;
3176 1433 3524 1491 perseveran-

1921 1507 2000 1561 tia
2030 1505 2265 1575 invenit,
2300 1515 2475 1563 morte
2503 1508 2763 1564 servavit.

1991 1597 2044 1653 9.
2080 1596 2212 1663 Quae
2242 1614 2367 1654 cum
2415 1596 2493 1652 ita
2520 1599 2650 1667 sint,
2686 1597 3017 1666 charissimi,
3051 1597 3182 1655 licet
3208 1596 3301 1655 hic
3337 1604 3524 1655 tantus

224 1689 281 1747 ab
308 1692 601 1751 innocente
632 1699 827 1758 matre,
851 1707 970 1764 quas
1001 1690 1113 1763 jam
1143 1691 1458 1748 christiana:
1483 1693 1610 1750 ﬁdei
1632 1695 1812 1750 titulis
1848 1710 1894 1770 Β
1923 1686 2129 1745 Christi
2163 1687 2317 1745 testis
2355 1689 2627 1761 pretiosus
2663 1689 3026 1759 confessione,
3069 1688 3358 1762 pretiosior
3387 1703 3524 1745 san-

219 1778 488 1853 insignita,
552 1780 772 1839 Christo
829 1779 1021 1837 sedule
1086 1780 1393 1850 insistebat,
1453 1793 1806 1841 sacrosanctae

215 1871 634 1943 regenerationis
682 1870 884 1928 ﬂuenta
941 1870 1122 1927 ﬁdelis
1169 1871 1284 1943 jam
1332 1871 1550 1943 spiritu,
1605 1890 1666 1930 ac
1702 1874 1806 1931 ﬁde

211 1958 466 2017 instituta
519 1961 874 2034 praeveniens,
927 1960 1296 2017 demonstrari
1350 1960 1457 2017 sibi
1507 1961 1804 2034 ﬂagitabat.

210 2049 461 2128 Nondum
495 2050 766 2125 siquidem
795 2050 1130 2126 baptismum
1162 2059 1511 2120 consecutus,
1537 2051 1631 2108 sed
1665 2053 1808 2109 inter

212 2138 490 2211 religionis
522 2140 795 2214 principia
825 2148 1276 2209 consummatus;
1317 2149 1371 2198 et
1399 2141 1644 2198 nondum
1679 2159 1804 2198 ma-

213 2227 473 2285 nifestatis
503 2230 610 2288 sibi
635 2231 870 2303 legibus,
901 2233 1016 2288 Deo
1043 2233 1259 2303 plenus,
1290 2239 1512 2305 repente
1534 2233 1802 2304 possessio

212 2323 356 2392 atque
407 2319 791 2378 habitaculum
836 2319 937 2376 Dei
975 2321 1152 2377 factus
1198 2330 1314 2378 est:
1362 2329 1522 2394 atque
1559 2323 1636 2378 ita
1683 2338 1802 2394 per-

212 2415 440 2464 ventura:
470 2427 650 2483 usque
681 2409 750 2466 ad
787 2411 956 2467 caelos
981 2410 1150 2466 turris
1177 2409 1332 2481 prius
1362 2411 1565 2466 meruit
1588 2411 1801 2466 elevare

208 2495 472 2570 fastigium
537 2499 686 2571 (84),
752 2517 915 2573 quam
978 2499 1294 2572 disponeret
1352 2499 1795 2570 fundamentum,

203 2585 432 2643 nondum
484 2597 962 2646 sacramentorum
991 2588 1264 2659 conscius,
1296 2595 1350 2646 et
1378 2590 1435 2644 in
1465 2589 1796 2646 sacriﬁcium

197 2673 298 2744 jam
325 2678 670 2749 praelectus.

264 2774 312 2831 6.
342 2775 484 2843 Quid
534 2775 610 2832 ad
657 2775 776 2834 haec
823 2793 924 2832 nos
955 2776 1203 2833 infelices
1240 2776 1567 2848 respondere
1597 2775 1796 2848 poteri-

199 2879 328 2933 mus,
388 2868 482 2940 qui
543 2873 672 2940 post
728 2866 966 2922 nitorem
1026 2865 1306 2939 baptismi,
1359 2873 1481 2938 post
1533 2867 1796 2922 collatum

199 2953 346 3011 nobis
390 2974 553 3015 sacra.
605 2957 1016 3029 regeneratione
1079 2955 1397 3023 candorem,
1441 2962 1565 3027 post
1614 2954 1795 3026 acqui-

195 3042 346 3101 sitam
386 3046 711 3103 indumenti
764 3045 1031 3118 nuptialis
1075 3044 1377 3117 angelicam
1429 3043 1791 3116 dignitatem;

196 3133 250 3189 in
287 3146 643 3208 peccatorum
673 3152 890 3194 ccenum
920 3135 1143 3208 relapsi,
1175 3143 1228 3191 et
1257 3134 1315 3190 in
1345 3135 1570 3208 antiqua
1598 3132 1800 3192 crimi-

194 3238 315 3282 num
345 3226 648 3284 volutabra
676 3225 936 3295 revoluti,
970 3225 1196 3281 niveum
1229 3224 1619 3280 vestimentum
1646 3222 1800 3280 tetris

195 3311 555 3387 iniquitatum
593 3330 657 3372 ac
695 3313 994 3370 libidinum
1036 3313 1305 3386 contagiis
1337 3313 1714 3370 sordidamus:
1747 3321 1802 3370 et

194 3400 580 3477 bolosericam,
614 3407 673 3462 in
702 3423 811 3479 qua
841 3406 1086 3478 sigillum
1115 3406 1322 3462 divinae
1352 3405 1609 3478 imaginis
1637 3421 1803 3463 acce-

194 3509 439 3566 peramus
467 3499 829 3571 impressum,
851 3496 1084 3554 maculis
1115 3497 1412 3552 mortiferae
1432 3495 1802 3569 corruptionis

195 3582 486 3645 infecimus
511 3607 526 3656 ;
561 3596 614 3644 et
643 3595 767 3661 post
802 3586 1139 3660 singularem
1168 3586 1269 3643 Dei
1297 3586 1473 3643 nostri
1500 3585 1803 3660 indulgen-

193 3674 320 3732 tiam
371 3679 644 3735 innovata
688 3677 980 3746 foedamus,
1033 3678 1244 3749 integra
1281 3676 1665 3746 rescindimus,
1709 3693 1800 3732 ex-

191 3763 336 3834 piata
375 3768 674 3836 violemus,
733 3773 1040 3839 repetentes
1096 3781 1260 3838 opera
1302 3781 1412 3822 non
1463 3765 1576 3837 jam
1637 3764 1802 3822 undis

190 3855 502 3928 purganda,
543 3855 638 3911 sed
669 3855 924 3912 ﬂammis.

265 3955 321 4008 7.
354 3952 506 4019 Quid
557 3953 717 4022 illud,
767 3971 1040 4028 quamque
1091 3953 1307 4026 insigne
1358 3952 1563 4010 divinae
1618 3952 1803 4023 gratim

189 4057 430 4110 munus,
491 4041 637 4116 quod
691 4050 909 4116 accepto
949 4042 1064 4114 jam
1114 4043 1339 4100 salutari
1400 4044 1637 4112 lavacro,
1683 4051 1804 4116 post

189 4129 498 4188 innumera
547 4133 816 4189 virtutum
867 4133 1038 4206 signa,
1072 4142 1194 4206 post
1236 4141 1543 4207 peragratas
1571 4133 1804 4191 circum-

188 4235 413 4295 quaque
447 4220 516 4277 ob
547 4220 754 4279 Christi
785 4221 1228 4294 praedicationem
1276 4224 1592 4279 innumeras
1631 4225 1800 4295 regio-

191 4327 325 4380 nes;
360 4329 492 4368 cum
526 4329 626 4384 pro
673 4311 772 4368 Dei
821 4313 1020 4368 summi
1065 4312 1408 4370 confessione
1448 4312 1664 4368 diversa
1710 4327 1807 4384 per

188 4400 472 4474 supplicia
509 4401 770 4458 adversus
818 4419 942 4458 eum
993 4411 1139 4460 totus
1170 4420 1307 4476 pene
1337 4402 1486 4458 orbis
1513 4400 1802 4458 bacchare-

1919 1779 2102 1851 guine,
2159 1781 2374 1838 crudeli
2424 1783 2654 1838 vulnere
2709 1781 3021 1854 pretiosior,
3077 1788 3131 1838 et
3167 1780 3341 1839 tincta
3369 1787 3523 1838 veste

1915 1869 2242 1938 candidior;
2276 1872 2406 1927 licet
2444 1871 2536 1928 hic
2573 1871 3066 1928 Mediolanensium
3104 1871 3396 1944 peculiaris
3423 1887 3520 1946 pu-

1915 1967 2063 2014 tetur
2104 1961 2396 2032 privilegio
2435 1962 2695 2033 sepulcri,
2743 1961 2837 2016 sed
2868 1960 3121 2016 omnium
3151 1969 3234 2018 est
3275 1977 3521 2019 commu-

1913 2049 2080 2106 nione
2128 2050 2396 2122 suffragii.
2441 2053 2625 2124 Neque
2672 2049 2821 2106 enim
2872 2050 3034 2106 istius
3081 2050 3235 2106 urbis
3281 2050 3521 2109 charitas

1914 2139 2129 2210 proﬂua
2158 2147 2213 2196 et
2243 2139 2379 2196 ﬁdes
2412 2156 2577 2197 avara
2605 2147 2821 2197 tantum
2849 2138 2984 2196 huic
3014 2140 3252 2212 martyri
3282 2140 3520 2214 deroga-

1912 2231 2077 2300 verit,
2107 2230 2240 2286 dum
2283 2229 2389 2286 sibi
2419 2238 2670 2303 arrogat;
2704 2237 2768 2286 ut
2808 2230 2990 2286 solum
3020 2245 3146 2303 erga
3187 2231 3392 2288 mcenia
3423 2247 3522 2288 sua

1911 2321 2203 2392 patrocinii
2243 2322 2398 2378 illius
2445 2321 2712 2378 beneﬁcia
2740 2321 2997 2378 adfutura
3044 2337 3159 2378 esse
3200 2321 3516 2379 crediderit.

1908 2411 2030 2467 Non
2056 2412 2336 2469 clauditur
2357 2413 2515 2482 locis,
2548 2412 2696 2486 quod
2725 2411 3062 2469 diffunditur
3095 2412 3332 2470 meritis.
3360 2415 3518 2471 Invo-

1908 2500 2044 2556 casti
2087 2501 2292 2574 ubique
2341 2510 2663 2574 martyrem,
2717 2501 2924 2575 ubique
2980 2509 3034 2557 te
3084 2502 3370 2559 exaudivit
3421 2504 3517 2561 ille

1908 2589 2002 2660 qui
2050 2588 2354 2646 honoratur
2400 2591 2458 2646 in
2519 2600 2781 2664 martyre.
2840 2589 3152 2647 Moderante
3189 2591 3377 2665 itaque
3431 2610 3518 2683 eo.

1835 2731 1839 2735 .
1907 2678 2002 2751 qui
2063 2685 2251 2749 pensat
2308 2687 2436 2735 vota
2491 2687 2604 2748 tua,
2661 2687 2715 2734 et
2769 2679 3049 2752 dispensat
3102 2698 3334 2740 munera
3373 2678 3516 2770 sua;

1910 2769 1971 2824 in
2027 2776 2244 2826 tantum
2303 2771 2486 2828 vicina
2544 2770 2835 2843 praesentia
2899 2771 3136 2830 efﬁcacis
3189 2769 3522 2847 praebebitur

1911 2859 2189 2927 advocati,
2237 2859 2294 2917 in
2325 2869 2590 2934 quantum
2627 2860 2795 2917 fuerit
2836 2859 2973 2917 ﬁdes
3008 2861 3208 2919 devota
3244 2864 3508 2937 suscepti.

1913 2950 2104 3008 Oratio
2133 2951 2280 3008 enim
2312 2969 2433 3025 quae
2461 2954 2751 3024 castitatis,
2789 2953 3041 3027 justitiae,
3074 2963 3128 3011 et
3153 2957 3520 3029 eleemosyna-

1909 3057 2032 3097 rum
2065 3043 2325 3115 operibus
2356 3043 2672 3115 adjuvetur,
2705 3046 2926 3103 excedit
2955 3045 3246 3116 mundum,
3275 3054 3522 3120 penetrat

1911 3132 2245 3202 paradisum,
2277 3133 2461 3188 evolat
2493 3150 2666 3206 usque
2699 3133 2767 3188 ad
2798 3133 2978 3205 ipsum
3005 3152 3238 3192 summae
3269 3135 3518 3207 majesta-

1909 3225 2000 3293 tis,
2047 3227 2241 3298 angelo
2289 3227 2624 3295 conferente,
2669 3237 3043 3300 conspectum,
3075 3230 3222 3286 sicut
3273 3231 3512 3303 quodam

1909 3314 2030 3370 loco
2086 3331 2197 3370 vox
2257 3321 2486 3370 testatur
2531 3316 2818 3386 angelica:
2879 3319 2950 3373 Et
3007 3334 3132 3374 cum
3170 3327 3252 3387 tu,
3301 3319 3506 3393 inquit,

1910 3420 2112 3472 orares,
2171 3419 2268 3477 ego
2324 3404 2504 3460 obtuli
2553 3404 2857 3462 orationem
2915 3415 3067 3464 tuam
3104 3407 3164 3464 in
3213 3418 3512 3483 conspectu

1910 3495 2177 3552 claritatis
2218 3495 2359 3567 (Act.
2391 3511 2449 3564 x,
2485 3495 2566 3568 4).

1984 3585 2071 3643 10.
2099 3585 2264 3642 Beata
2301 3586 2504 3655 anima,
2537 3584 2878 3665 charissimi,
2908 3585 3068 3660 cujus
3104 3595 3319 3658 votum,
3355 3587 3514 3663 cujus

1911 3677 2364 3750 compunctionis
2392 3677 2703 3746 incensum,
2732 3674 2890 3749 cujus
2919 3677 3338 3751 supplicationis
3357 3678 3514 3737 holo-

1911 3774 2186 3836 caustum,
2220 3767 2375 3823 nulla
2400 3766 2731 3823 inﬁdelitate
2761 3766 3060 3837 fumidum,
3093 3768 3249 3825 nullo
3277 3769 3514 3827 carnalis

1912 3853 2186 3911 illecebrae
2215 3855 2388 3911 fetore
2407 3855 2704 3927 pollutum,
2725 3854 2881 3910 nulla
2900 3855 3114 3912 saevitia
3141 3863 3514 3927 cruentatum,

1913 3944 2070 3998 nulla
2104 3943 2220 4000 odii
2267 3943 2552 4000 simultate
2583 3941 2958 4000 maculatum:
2994 3943 3089 4000 sed
3133 3943 3241 4000 ﬁde
3267 3945 3514 4015 igneum,

1912 4033 2254 4090 conscientia
2283 4033 2549 4103 nitidum,
2581 4033 2901 4090 sinceritate
2931 4032 3114 4090 cordis
3150 4031 3512 4102 odoriferam,

1913 4124 2211 4180 concordia
2264 4131 2316 4180 et
2351 4123 2623 4181 charitate
2679 4122 3011 4194 perfectum,
3070 4137 3243 4194 usque
3299 4119 3367 4176 ad
3411 4120 3513 4178 Dei

1913 4213 2131 4268 vultum
2163 4230 2257 4285 per
2275 4213 2585 4270 caelestium
2615 4211 2944 4266 nuntiorum
2965 4209 3212 4266 defertur
3227 4209 3509 4284 obsequia.

1913 4302 2043 4370 Quae
2101 4320 2224 4360 cum
2274 4303 2350 4359 ita
2401 4304 2532 4370 sint,
2594 4301 2928 4356 honoremus
2981 4300 3169 4356 beatos
3219 4307 3512 4373 martyres,

1913 4393 2188 4466 principes
2230 4393 2381 4460 ﬁdei,
2431 4393 2814 4450 intercessores
2857 4390 3074 4460 mundi,
3107 4407 3384 4464 praecones
3415 4407 3514 4450 re-

190 4496 319 4547 tur:
383 4500 439 4548 et
495 4508 644 4548 nunc
691 4491 1050 4548 atrocissimis
1103 4500 1406 4549 arctaretur
1460 4490 1636 4564 pmnis
1682 4507 1802 4547 cru-

1919 4465 2030 4557 gni,
2074 4465 2389 4540 cohaeredes
2415 4483 2537 4540 Dei.

187 4578 450 4650 ciandus,
493 4587 640 4645 467
678 4598 827 4638 nunc
874 4581 932 4638 in
965 4582 1282 4656 longinquis
1315 4582 1520 4638 ﬁnibus
1559 4591 1800 4638 transve-

187 4673 425 4734 heretur
448 4681 784 4739 exsulandus
807 4702 818 4748 ;
845 4682 920 4740 ita
949 4681 1333 4738 robustissima
1362 4679 1565 4738 Christi
1597 4677 1802 4734 athleta

187 4776 417 4838 pectore
461 4776 735 4830 tormenta
779 4773 967 4829 omnia
1012 4772 1357 4837 devincebat,
1406 4780 1466 4828 ut
1513 4778 1801 4826 strenuum

187 4853 256 4911 de
309 4867 590 4930 prostrato
639 4869 944 4934 reportaret
1000 4860 1157 4918 hoste
1199 4870 1503 4934 tropaeum:
1554 4861 1804 4933 interque

185 4956 428 5004 cruenta
463 4948 700 5007 Caesaris
723 4951 877 5024 jussa
910 4953 1052 5010 vasti
1094 4952 1261 5008 maris
1305 4950 1547 5023 dejectus
1579 4951 1802 5022 gurgiti-

184 5034 315 5104 bus,
366 5036 656 5096 ambulare
713 5040 760 5098 ei
817 5039 1008 5097 divina
1056 5057 1218 5113 super
1274 5056 1439 5112 aquas
1489 5055 1803 5095 concessum

184 5135 271 5182 est
319 5127 697 5200 providentia,
752 5138 807 5186 et
860 5147 1043 5188 rerum
1111 5130 1525 5202 obstupescente
1590 5136 1804 5197 natura,

182 5231 288 5289 per
341 5218 550 5276 insueti
607 5220 825 5277 itineris
867 5237 1040 5277 novas
1077 5220 1196 5276 vias
1235 5219 1536 5293 pendulum
1568 5217 1809 5274 inferens

187 5323 473 5379 gressum,
521 5310 795 5366 tumentia
848 5311 1015 5368 maris
1063 5309 1224 5367 dorsa
1270 5308 1552 5366 calcavit?
1581 5306 1809 5365 Videres

183 5415 482 5474 aequoreas
528 5399 716 5460 Sancti
745 5401 1023 5462 substerni
1059 5400 1272 5460 meritis
1297 5399 1494 5469 undas,
1540 5414 1812 5474 supraque

1984 4576 2070 4631 11.
2114 4573 2273 4643 Quod
2318 4574 2363 4630 si
2392 4573 2544 4632 dicas
2581 4572 2755 4629 mihi:
2789 4571 2937 4640 Quid
2975 4572 3215 4630 honoras
3253 4572 3314 4629 in
3351 4589 3514 4630 carne

1905 4663 2019 4737 jam
2069 4665 2310 4723 resoluta
2348 4673 2510 4739 atque
2560 4670 2904 4734 consumpta,
2954 4662 3022 4720 de
3058 4678 3166 4735 qua
3202 4665 3356 4720 nulla
3395 4662 3514 4735 jam

1911 4764 2024 4819 Deo
2068 4777 2200 4819 cura
2245 4761 2374 4818 est?
2421 4762 2492 4817 Et
2541 4759 2638 4814 ubi
2671 4766 2756 4814 est
2784 4757 2950 4827 illud,
2989 4757 3323 4827 charissimi,
3365 4757 3514 4831 quod

1913 4853 2030 4926 ipsa
2082 4854 2286 4910 veritas
2334 4854 2578 4926 loquitur
2633 4869 2729 4925 per
2767 4850 3133 4923 Prophetam:
3192 4876 3211 4900 ι
3248 4850 3511 4918 Pretiosa,

1915 4944 2116 5017 inquit,
2148 4943 2206 4998 in
2254 4950 2552 5015 conspectu
2595 4941 2819 4998 Domini
2860 4957 3010 4998 mors
3038 4948 3357 4998 sanctorum
3395 4938 3514 5011 ejus

1918 5035 2090 5105 (Psal.
2135 5053 2264 5104 cxv,
2305 5035 2393 5106 15)
2418 5035 2446 5090 ‘i
2476 5059 2494 5082 ι
2533 5043 2588 5091 et
2617 5035 2856 5092 iterum:
2905 5058 2923 5082 ‹
2949 5032 3088 5089 Mihi
3135 5040 3319 5088 autem
3353 5028 3515 5086 valde

1917 5125 2318 5182 honoriﬁcandi
2357 5133 2485 5180 sunt
2514 5124 2679 5180 amici
2706 5124 2814 5192 tui,
2849 5125 2996 5180 Deus
3028 5122 3202 5194 (Psal.
3237 5133 3514 5188 cxxxvm,

1920 5217 2008 5289 17)
2031 5218 2060 5273 ?
2081 5243 2098 5267 ι
2136 5203 2710 5272 Ηοηοιυατάᾱθὴθωιιε
2739 5230 2926 5270 servos
2955 5211 3075 5279 Dei,
3110 5218 3326 5283 quanto,
3343 5207 3516 5280 magis

1917 5309 2125 5366 amicos
2154 5309 2292 5364 Deil
2329 5307 2396 5364 de
2443 5306 2644 5379 quibus
2673 5307 2782 5362 alio
2812 5305 2933 5361 loco
2971 5301 3213 5359 dicitur:
3270 5326 3290 5350 ι
3328 5298 3514 5358 Domi-

1920 5414 2043 5466 nus,
2086 5395 2291 5470 inquit,
2339 5395 2585 5454 custodit
2619 5393 2805 5452 omnia
2839 5408 2961 5449 ossa
3006 5405 3218 5457 eorum,
3257 5395 3312 5445 et
3340 5403 3514 5446 unum

265 5582 401 5656 (84)
431 5583 590 5644 Rom.
647 5584 807 5656 edit.,
849 5587 1006 5657 prius
1041 5586 1242 5645 elevare
1277 5583 1574 5658 fastigium,
1605 5584 1809 5642 omisso
1843 5579 2122 5650 videlicet,
2153 5577 2362 5635 meruit.
