4020 6200
530 249 634 308 743

1568 255 1665 312 Αι)
1703 220 1940 311 epam
1976 253 2031 310 s.
2074 254 2408 312 AMBROSII
2442 254 2824 313 APPENDIX.
2930 304 2935 315 .

3750 259 3853 319 744

528 393 600 434 ex
627 377 716 434 his
744 392 857 433 non
883 383 1201 434 mutentur
1229 378 1403 451 (Psal.
1438 396 1644 448 χχχιιι,
1680 380 1796 453 21).
1831 406 1849 429 ι
1904 382 2126 442 Honoro
2153 385 2205 445 A
2231 383 2391 457 cujus
2414 391 2531 440 tota
2560 383 2716 456 plebs
2746 383 2852 441 ista
2880 382 2954 440 sit
2983 382 3200 456 gloria?
3225 384 3301 440 Et
3335 400 3464 444 cum
3494 385 3649 446 dicat
3672 386 3854 464 Scrip‘

528 484 657 541 ergo
691 466 749 522 in
778 482 942 525 carne
965 466 1227 540 martyris
1254 475 1508 541 exceptas
1536 485 1635 541 pro
1665 470 1871 528 Christi
1901 473 2126 530 nomine

527 558 853 624 cicatrices;
889 557 1103 613 honoro
1137 556 1381 614 viventis
1428 558 1747 615 memoriam
1786 561 2127 631 perennitate

529 650 784 717 virtutis;
820 648 1034 705 honoro
1069 665 1165 722 per
1191 649 1597 706 confessionem
1631 650 1855 706 Domini
1888 660 2126 709 sacratos

527 741 757 809 cineres,
814 739 1028 795 honoro
1081 740 1141 795 in
1199 738 1484 796 cineribus
1529 740 1739 796 semina
1780 740 2121 810 aternitatis,

528 834 744 892 honoro
772 850 973 906 corpus
994 831 1141 907 quod
1172 832 1312 889 mihi
1343 833 1642 889 Dominum
1676 851 1859 889 meum
1889 834 2129 891 ostendit

527 925 779 995 diligere,
812 922 960 996 quod
989 940 1078 980 me
1100 932 1323 997 propter
1351 924 1651 979 Dominum
1680 932 1911 980 mortem
1939 924 2128 981 docuit

526 1029 640 1070 non
679 1013 895 1070 timere.
939 1012 1050 1071 Cur
1076 1021 1260 1068 autem
1307 1028 1421 1068 non
1461 1012 1735 1068 honorent
1762 1029 1959 1085 corpus
1983 1012 2125 1069 illud

526 1102 736 1172 ﬁdeles,
793 1101 943 1175 quod
990 1109 1315 1158 reverentur
1372 1109 1424 1156 et
1481 1100 1802 1159 damones?
1859 1103 2008 1174 quod
2069 1113 2124 1160 et

524 1191 847 1249 afﬂixerunt
867 1190 925 1245 in
955 1190 1247 1262 supplicio,
1277 1190 1373 1246 sed
1393 1189 1707 1261 gloriﬁcant
1735 1191 1794 1246 in
1828 1192 2123 1264 sepulcro?

525 1280 752 1336 Honore
780 1279 969 1351 itaque
995 1294 1193 1350 corpus
1234 1278 1383 1351 quod
1423 1277 1677 1336 Christus
1721 1279 2016 1337 honoravit
2062 1281 2117 1337 in

526 1367 729 1441 gladio,
762 1366 911 1440 quod
940 1382 1067 1424 cum
1091 1365 1312 1424 Christo
1338 1367 1587 1440 regnabit
1613 1368 1672 1424 in
1700 1368 1860 1426 coelo.

1024 1507 1171 1565 468
1213 1501 1448 1559 SEBMO
1479 1502 1619 1561 LVI.

594 1603 674 1661 De
701 1601 1086 1661 Natali'sancti
1111 1603 1339 1660 Eusebii
1368 1602 1736 1661 Vercellensis
1761 1602 2024 1676 episcopi.

525 1720 592 1778 In
636 1714 731 1771 hoc
780 1730 1016 1770 sermone
1045 1713 1107 1769 de
1134 1721 1312 1769 sancto
1358 1714 1585 1771 Eusebio
1613 1720 1864 1784 tanquam
1892 1714 1955 1768 de
1979 1730 2121 1769 mar-

598 1793 711 1858 tyre
737 1786 940 1857 agitur,
970 1785 1213 1858 quamvis
1242 1786 1299 1858 in
1333 1784 1688 1856 confessorum
1711 1774 1911 1858 brdine
1929 1801 2131 1858 semper
2160 1774 2207 1836 B

594 1856 890 1930 reponatur
918 1857 1087 1930 apud
1139 1857 1426 1930 antiquos:
1473 1856 1842 1930 cetera__satis
1893 1856 2131 1930 historia

595 1928 761 2000 hujus
811 1928 1067 1985 antistitis
1125 1928 1261 1983 idem
1329 1929 1587 2000 congruit.
1656 1928 1918 1984 Habemus
1984 1928 2132 2000 apud

595 2001 900 2060 Maximum
957 2001 1127 2056 alium
1178 2018 1467 2056 sermonem
1512 2001 1574 2056 de
1627 2000 1803 2056 eodem
1847 2006 2026 2054 sancto
2072 2000 2132 2055 in

594 2073 780 2128 multis
808 2073 930 2127 huic
966 2071 1073 2143 ipsi
1112 2072 1457 2143 persimilem,
1498 2073 1587 2127 sed
1614 2073 1722 2127 sive
1748 2070 1835 2127 illi
1861 2071 1926 2126 ab
1956 2071 2132 2126 eodem

597 2150 835 2210 auctore,
889 2143 997 2200 sive
1023 2161 1057 2199 a
1084 2142 1306 2199 diversis
1342 2142 1571 2215 profecti
1595 2142 1817 2213 fuerint,
1845 2144 1981 2198 hunc
2023 2158 2131 2198 non

597 2230 704 2294 esse
731 2215 987 2294 Maxilni
1003 2214 1355 2294 perspicuum
1390 2222 1495 2294 est,
1511 2232 1633 2294 cum
1660 2214 1980 2294 in_ipsamet
2009 2215 2129 2273 Ver-

596 2286 808 2340 cellensi
859 2287 1099 2341 Ecclesia
1128 2286 1214 2340 sit
1262 2287 1663 2349 pronuntiatus.
1701 2286 1843 2353 Ejus
1885 2302 2009 2340 vero
2034 2301 2128 2341 au-

596 2361 789 2410 ctorem
843 2357 1123 2426 antiquum
1181 2356 1348 2425 fuisse
1407 2373 1473 2411 ea:
1532 2373 1588 2410 eo
1642 2363 1807 2426 patet,
1862 2356 2004 2427 quod
2056 2373 2127 2427 se,

588 2432 849 2499 prasente
880 2427 1297 2499 Eafsuperantio,
1342 2427 1573 2499 ejusdem
1608 2427 1821 2483 Eusebii
1848 2426 2127 2499 discipulo,

599 2497 747 2569 loqui
797 2497 1078 2568 signiﬁcat.
1122 2497 1311 2555 me
1339 2498 1580 2569 quisquis
1622 2498 1714 2554 ille
1742 2498 1832 2564 sit,
1864 2497 2131 2554 diversum

595 2586 714 2626 eum
744 2585 849 2624 esse
866 2569 931 2624 ab
952 2568 1258 2642 Ambrosio,
1289 2568 1602 2642 etr’alii’jam
1638 2576 1759 2625 ante
1783 2577 2128 2642 agnoverunt,

597 2646 646 2697 et
675 2646 784 2696 tota
811 2640 1076 2696 sermonis
1101 2642 1263 2696 series
1291 2641 1498 2698 abunde
1527 2643 1741 2712 probat.

601 2758 651 2815 1.
688 2756 775 2815 Ad
843 2756 1018 2813 sancti
1075 2755 1338 2829 martyris
1387 2755 1611 2813 Eusebii
1662 2757 1879 2814 laudem
1916 2756 2127 2830 aliquid

521 2846 723 2904 addere
752 2847 914 2917 velle,
967 2845 1264 2919 decerpere
1291 2854 1411 2913 est;
1447 2853 1555 2901 tam
1587 2845 1948 2903 ineﬁ‘abilium
1975 2846 2125 2903 enim

528 2937 910 2995 doctrinarum
956 2937 1215 3008 magister
1243 2935 1479 3004 exstitit,
1511 2942 1573 2992 ut
1601 2936 1797 2994 merita
1831 2936 1951 3009 ejus
1977 2937 2124 2994 faci-

526 3025 637 3081 lius
679 3025 941 3099 operibus
989 3023 1244 3096 cognosci
1292 3023 1507 3096 possint
1565 3039 1729 3096 quam
1776 3027 2126 3085 sermonibus

2243 481 2402 531 tura:
2460 499 2480 524 ι
2536 474 2726 531 Gloria
2789 474 2963 547 patris
3024 481 3106 531 est
3169 473 3319 532 ﬁlius
3381 476 3600 549 sapiens
3659 479 3851 552 (Prov.

2243 581 2301 632 χ,
2335 564 2421 636 1);
2451 589 2471 615 ι
2515 572 2733 638 quanta
2783 564 2952 637 hujus
2996 572 3129 621 sunt
3174 565 3383 637 gloria,
3432 568 3529 640 qui
3564 576 3851 626 tantorum

2245 652 2487 708 ﬁliorum
2523 653 2792 726 sapientia
2837 662 2891 711 et
2917 654 3214 712 devotione
3250 655 3502 713 lataturl
3535 658 3601 713 In
3630 656 3852 716 Christo

2244 740 2392 795 enim
2433 741 2561 797 Jesu
2606 758 2702 814 per
2749 741 3115 813 Evangelium
3166 741 3283 815 ipse
3311 758 3414 799 nos
3441 743 3652 815 genuit.
3684 744 3850 812 Quid-

2244 828 2379 901 quid
2411 844 2538 901 ergo
2595 829 2652 885 in
2686 830 2790 887 hac
2817 838 3007 887 sancta
3038 829 3197 903 plebe
3226 840 3406 904 potest
3433 849 3549 889 esse
3576 834 3849 892 virtutum

2245 926 2299 974 et
2343 919 2551 990 gratia,
2597 920 2655 975 in
2711 920 2888 977 sancti
2936 921 3165 977 Eusebii
3192 923 3510 995 magisterio
3556 925 3845 997 reperitur.

2245 1009 2333 1063 Ex
2375 1008 2482 1065 hoc
2518 1018 2700 1066 autem
2732 1010 2887 1083 quasi
2917 1011 3154 1084 quodam
3185 1012 3458 1069 virtutum
3507 1013 3663 1070 fonte
3703 1015 3847 1072 luci-

2247 1096 2478 1153 dissime
2506 1098 2819 1155 rivulorum
2851 1098 2971 1157 hac
3000 1102 3211 1172 puritas
3246 1102 3544 1160 emanavit.
3564 1104 3847 1179 Namquia

2246 1187 2515 1244 castitatis
2565 1190 2757 1262 vigore
2801 1190 3061 1263 pollebat,
3116 1191 3460 1264 propositum
3510 1193 3845 1267 virginitatis

2250 1276 2527 1346 instituit;
2580 1279 2709 1351 quia
2771 1278 3122 1337 abstinentia
3169 1281 3507 1354 gloriabatur
3554 1286 3840 1357 angustiis,

2246 1365 2643 1424 monachorum
2673 1368 2988 1426 introduxit
3015 1371 3156 1426 forte
3185 1372 3474 1429 servitium
3498 1391 3512 1441 ;
3537 1375 3673 1447 quia
3698 1375 3846 1432 blan-

2245 1454 2508 1534 dimentis
2538 1465 2652 1514 erat
2679 1458 2945 1532 praditus
2974 1460 3237 1532 lenitatis,
3269 1471 3599 1520 cunctorum
3637 1464 3845 1523 civium

2242 1544 2301 1601 in
2332 1547 2507 1603 Deum
2538 1548 2865 1620 provocavit
2883 1549 3140 1608 affectum
3166 1568 3180 1619 ;
3213 1550 3344 1623 quia
3373 1550 3646 1624 pontiﬁcii
3674 1551 3843 1610 admi-

2246 1636 2573 1694 nistratione
2611 1638 2876 1712 fulgebat,
2925 1640 3111 1713 plures
3156 1656 3187 1697 e
3234 1639 3526 1715 discipulis
3554 1642 3844 1700 sawrdotii

2247 1724 2334 1781 sui
2374 1725 2538 1799 elegit
2566 1725 2827 1786 haredes.
2856 1728 3122 1797 Quamvis
3166 1728 3338 1803 igitur
3365 1732 3613 1787 nonnulli
3644 1731 3844 1789 liberis

2237 1818 2353 1874 suis
2410 1818 2727 1893 relinquant
2774 1821 2895 1878 auri
2956 1824 3278 1896 argentique
3333 1822 3637 1893 thesauros,
3673 1840 3843 1882 nemo

2237 1915 2423 1964 tamen
2473 1917 2665 1967 sancto
2715 1910 2958 1968 Eusebio
3001 1910 3233 1969 ditiores
3262 1913 3525 1987 reliquit;
3567 1912 3841 1987 siquidem

2237 2014 2433 2055 omnes
2461 2000 2799 2058 exstiterunt
2828 2009 2924 2059 aut
2955 2001 3284 2072 sacerdotes,
3314 2011 3411 2061 aut
3437 2011 3733 2077 martyres.

2312 2087 2366 2144 4.
2386 2088 2524 2143 Nam
2557 2096 2619 2146 ut
2648 2098 2845 2147 catera
2869 2100 3102 2161 taceam,
3135 2092 3279 2151 illud
3315 2110 3479 2167 quam
3515 2093 3839 2151 admirabile

2239 2183 2340 2243 est,
2372 2176 2521 2250 quod
2549 2177 2607 2233 in
2650 2178 2758 2237 hac
2786 2189 2975 2237 sancta
3000 2179 3249 2238 Ecclesia
3295 2180 3512 2239 eosdem
3544 2183 3839 2241 monachos

2238 2265 2483 2323 instituit
2510 2284 2645 2337 esse,
2679 2286 2817 2343 quos
2857 2271 3086 2329 clericos
3111 2290 3126 2341 ;
3155 2280 3319 2347 atque
3356 2271 3552 2330 iisdem
3580 2281 3839 2346 penetra-

2240 2354 2386 2412 libus
2426 2358 2788 2417 sacerdotalia
2826 2361 3008 2419 oﬂicia
3054 2363 3350 2432 contineri,
3383 2363 3587 2437 quibus
3624 2372 3683 2421 et
3718 2365 3840 2421 sin-

2240 2449 2443 2520 gularis
2490 2451 2819 2509 castimonia
2867 2463 3258 2522 conservatur;
3308 2462 3370 2510 ut
3408 2462 3552 2510 esset
3600 2455 3660 2511 in
3710 2454 3837 2529 ipsis

2238 2539 2378 2596 viris
2401 2550 2754 2615 contemptus
2766 2559 2973 2613 rerum,
2988 2552 3042 2601 et
3058 2543 3336 2601 accuratio
3354 2543 3674 2600 Levitarum
3699 2544 3833 2617 (87):

2237 2635 2301 2684 ut
2336 2629 2385 2685 si
2436 2630 2655 2689 videres
2688 2633 3012 2691 monasterii
3040 2635 3292 2705 lectulos,
3344 2635 3516 2692 instar
3542 2635 3835 2693 Orientalis

2239 2720 2509 2792 propositi
2568 2720 2884 2794 judicares:
2954 2726 3002 2782 si
3028 2782 3033 2789 ,
3062 2724 3416 2782 devotionem
3471 2726 3659 2784 clerici
3724 2743 3835 2799 per-

2235 2809 2319 2882 spi
2326 2826 2476 2868 ceres
2489 2855 2507 2882 ,

2234 2897 2410 2958 deres.

2304 2999 2357 3057 5.
2399 3001 2547 3058 Illud
2586 3009 2772 3058 autem
2813 3003 3109 3062 tacendum
3160 3004 3390 3062 omnino
3424 3022 3537 3063 non
3574 3003 3832 3074 arbitror,

2614 2814 2851 2887 angelici
2932 2814 3147 2873 ordinis
3231 2815 3615 2875 observatione
3698 2833 3837 2891 gau-

525 3088 814 3186 explicari.
846 3088 1085 3170 Tantum
1118 3088 1311 3170 autem.
1331 3111 1399 3169 de
1427 3129 1492 3169 eo
1521 3088 1860 3170 conscientia
1896 3115 2118 3183 retinet,
2152 3134 2195 3194 α
2232 3088 2380 3189 (Ῑωῗά
2407 3106 2534 3148 cum
2560 3090 2893 3194 Ατίῗηίζῗηξξλ
2909 3092 3229 3194 dementi}
3251 3093 3483 3194 Ρθτβάίὲ
3506 3102 3681 3192 mnf"
3708 3110 3830 3194 °_“m

522 3213 795 3280 quantum
815 3206 992 3263 oratio
1024 3215 1079 3265 et
1118 3204 1363 3262 narratio
1393 3221 1507 3262 non
1536 3206 1797 3277 praevalet
1828 3205 1968 3277 (85).
2001 3206 2121 3279 Igi-

519 3300 613 3351 tur
668 3302 819 3369 gesta
873 3294 1025 3353 illius
1079 3312 1192 3353 non
1249 3295 1433 3353 verbis
1487 3296 1805 3354 adornanda
1832 3303 1981 3366 sunt,
2028 3295 2124 3353 sed

518 3384 936 3458 perstringenda
981 3385 1306 3455 sententiis;
1352 3386 1654 3458 prasertim
1704 3385 1834 3458 quia
1878 3401 1980 3442 nos
2020 3383 2122 3440 sci-

519 3497 647 3539 mus
672 3500 792 3541 eam
823 3501 939 3541 rem
969 3501 1185 3542 comere
1206 3499 1319 3539 non
1347 3483 1545 3540 debere
1574 3481 1941 3550 sermonibus,
1958 3496 2120 3553 quam

523 3569 777 3628 videmus
826 3571 943 3643 jam
984 3582 1258 3645 comptam
1316 3588 1432 3628 esse
1460 3572 1784 3640 virtutibus,
1816 3586 1945 3627 cum
1974 3570 2123 3627 dicat

517 3660 818 3730 Apostolus
843 3678 856 3716 :
903 3684 921 3708 ι
950 3661 1199 3731 Regnum
1228 3659 1328 3715 Dei
1378 3675 1492 3716 non
1520 3659 1581 3715 in
1618 3675 1871 3715 sermone
1895 3665 1998 3727 est,
2024 3658 2120 3716 sed

516 3746 576 3803 in
604 3747 814 3803 virtute
851 3748 909 3819 (Ι
929 3748 1056 3805 Cor.
1092 3765 1169 3815 iv,
1192 3747 1309 3820 20).
1339 3772 1358 3796 ι

587 3838 641 3895 2.
673 3839 819 3911 Ergo
850 3837 918 3895 ad
948 3837 1146 3893 merita
1175 3835 1294 3909 ejus
1336 3837 1549 3910 aliquid
1595 3837 1794 3895 addere
1821 3839 1985 3907 velle,
2028 3838 2118 3895 de-

515 3941 737 4001 cerpere
782 3936 891 3994 est,
944 3943 1034 3983 me
1088 3926 1383 4000 pracipue,
1415 3927 1511 4001 qui
1558 3935 1613 3984 et
1658 3928 1881 4001 ignarus
1932 3943 2114 3984 rerum

516 4025 792 4092 gestarum
817 4018 945 4087 sim,
978 4025 1032 4074 et
1061 4016 1371 4074 litterarum
1411 4016 1701 4090 imperitus
1737 4032 2035 4086 sacrarum,
2061 4024 2117 4074 et

514 4109 672 4166 rudis
727 4107 1151 4166 sacerdotalium
1208 4107 1583 4164 functionum.
1637 4103 1954 4165 Potuissent
2006 4124 2116 4165 au—

512 4204 622 4254 tem
647 4198 765 4271 (86)
793 4197 1091 4277 pgadicare
1117 4196 1235 4255 hac
1263 4196 1440 4254 sancti
1468 4212 1823 4278 praeessores
1851 4197 1961 4253 mei
2007 4213 2114 4254 usu

511 4285 749 4358 facilius,
806 4287 1186 4360 experimento
1234 4286 1541 4361 probatius,
1581 4285 1835 4342 doctrina
1892 4286 2112 4359 pracla-

510 4376 667 4434 rius:
701 4376 965 4434 domnum
1013 4386 1067 4435 et
1094 4385 1304 4450 patrem
1347 4376 1658 4451 specialiter
1683 4376 1903 4433 beatum
1934 4376 2110 4432 Exsu-

2233 3180 2494 3238 universo
2516 3181 2727 3238 mundo
2755 3183 2970 3240 Italiam
2991 3183 3383 3257 perturbasset,
3404 3191 3567 3256 atque
3585 3181 3827 3255 ejusdem

2232 3269 2560 3341 pestilentia
2589 3272 2898 3330 sacerdotes
2925 3272 3336 3347 simplicitatem
3369 3273 3546 3330 sancti
3574 3272 3827 3347 Dionysii

2235 3360 2496 3434 martyris
2523 3361 2924 3436 captivassent;
2947 3365 3024 3421 ita
3044 3373 3106 3421 ut
3125 3364 3548 3439 subscriptionis
3572 3364 3695 3439 ejus
3714 3366 3826 3422 vin-

2231 3450 2419 3505 culum
2463 3450 2786 3522 retinerent,
2832 3470 2941 3527 qua
2986 3454 3148 3511 illum
3176 3471 3206 3511 e
3235 3455 3491 3512 manibus
3532 3470 3728 3510 eorum
3752 3470 3826 3510 sa-

2231 3536 2439 3609 pientia
2485 3539 2791 3598 liberavit?
2819 3542 2976 3600 Sicut
3017 3544 3165 3601 enim
3203 3544 3283 3601 ait
3328 3552 3552 3601 sanctus
3588 3543 3821 3600 Paulus:

2242 3647 2263 3673 ι
2305 3627 2503 3684 Factus
2532 3645 2654 3685 sum
2702 3629 2908 3689 Judais
2945 3640 3209 3707 tanquam
3237 3632 3480 3701 Judaus,
3511 3640 3576 3689 ut
3606 3632 3824 3689 'Judaos

2230 3715 2608 3777 lucrifacerem
2642 3719 2701 3793 (I
2735 3723 2863 3780 Cor.
2896 3739 2977 3792 Ix,
3005 3722 3098 3794 20)
3126 3741 3140 3791 ;
3172 3748 3191 3772 ι
3244 3723 3324 3779 ita
3347 3722 3622 3780 Eusebius
3659 3721 3820 3778 hare—

2225 3809 2356 3866 ticis
2385 3809 2709 3870 hareticum
2740 3829 2798 3870 se
2838 3830 2954 3871 esse
2991 3814 3257 3872 mentitus
3292 3824 3395 3884 est,
3425 3822 3489 3872 ut
3525 3814 3597 3872 de
3631 3813 3819 3871 haresi

2226 3898 2409 3957 ﬁlium
2455 3900 2732 3960 liberaret.
2782 3903 2942 3960 Dixit
2987 3903 3136 3961 enim
3178 3922 3235 3962 se
3271 3920 3462 3962 eorum
3512 3905 3820 3963 consentire

2226 3988 2489 4061 perﬁdia,
2523 3991 2631 4049 hoc
2651 3992 2760 4049 sibi
2791 3994 3024 4067 placere,
3054 3994 3204 4067 quod
3235 3995 3385 4053 illis:
3418 3994 3512 4052 sed
3541 3994 3693 4069 quod
3716 3991 3817 4050 sibi

2222 4076 2402 4134 ﬁlium
2462 4080 2794 4153 Dionysium
2858 4082 2917 4138 in
2966 4082 3364 4141 subscribendo
3418 4090 3815 4157 praeponerent,

2222 4168 2463 4240 graviter
2507 4175 2654 4234 469
2706 4188 2763 4229 se
2804 4172 3049 4231 moveri:
3093 4172 3208 4232 Vos
3257 4172 3429 4243 enim,
3478 4172 3686 4246 inquit,
3726 4170 3817 4246 qui

2221 4265 2409 4326 dicitis
2462 4271 2666 4329 Filium
2725 4274 2827 4329 Dei
2885 4275 3034 4330 Patri
3084 4276 3201 4332 Deo
3248 4274 3514 4348 aqualem
3552 4288 3671 4330 esse
3708 4287 3816 4328 non

2222 4372 2400 4429 posse,
2434 4376 2534 4417 cur
2562 4362 2704 4418 mihi
2742 4362 2920 4419 ﬁlium
2960 4378 3145 4420 meum
3181 4362 3503 4437 pratulistis
3526 4361 3555 4419 ?
3584 4361 3706 4429 Qua
3732 4359 3816 4418 illi

510 4468 821 4541 perantium
863 4445 1223 4541 loquor,-qui
1273 4445 1523 4540 fuit-ejus
1561 4467 1814 4524 minister
1853 4468 1913 4523 in
1938 4484 2109 4525 sacer-
2142 4495 2191 4556 D
2217 4445 2450 4556 Egone:
2471 4451 2739 4556 laetamur
2767 4453 2955 4553 είδξίω
3012 4453 3188 4556 δεξηοῑί
3238 4451 3495 4556 Βίίξηῖεξξ

511 4560 684 4631 dotio,
729 4576 913 4618 comes
947 4560 1005 4615 in
1047 4560 1339 4631 martyrio,
1385 4561 1656 4632 particeps
1696 4561 1753 4617 in
1797 4560 2002 4618 labore.
2043 4560 2105 4616 In

507 4648 668 4721 cujus
706 4649 867 4705 vultu
909 4656 1159 4706 sanctum
1191 4664 1408 4721 quoque
1446 4647 1748 4704 Eusebium
1776 4648 1966 4705 videre
2002 4664 2104 4705 nos

506 4738 804 4807 credimus,
855 4744 910 4793 et
959 4736 1118 4811 quasi
1174 4737 1233 4793 in
1277 4736 1514 4810 quodam
1560 4738 1785 4809 speculo
1837 4736 2104 4794 bonitatis

508 4826 662 4886 illius
695 4829 991 4902 imaginem
1039 4835 1401 4896 contuemur;
1439 4829 1601 4887 facile
1636 4830 1785 4886 enim
1824 4830 2100 4903 cognosci-

506 4933 631 4975 mus
674 4918 853 4992 qualis
898 4919 1156 4991 magister
1197 4919 1387 4987 fuerit,
1435 4918 1593 4991 cujus
1635 4921 1801 4975 talem
1849 4919 2101 4976 videmus

506 5022 623 5064 esse
679 5007 1037 5079 discipulum.
1083 5008 1190 5065 Sed
1236 5008 1498 5082 quoniam
1545 5007 1910 5066 confessionis
1947 5009 2101 5067 illius

505 5097 708 5154 similis
763 5097 913 5154 hunc
980 5098 1154 5171 gloria
1214 5098 1529 5169 comitatur,
1596 5100 1808 5155 mavult
1873 5099 2101 5156 reticere

505 5187 696 5245 laudes
748 5194 1042 5261 paternas;
1100 5202 1171 5245 ne
1228 5204 1475 5262 proprias
1520 5187 1722 5261 pariter
1761 5187 1969 5261 jactare
2005 5187 2102 5245 vi-

503 5276 720 5338 deatur.

574 5369 628 5427 3.
658 5368 807 5437 Quid
828 5384 955 5441 ergo
973 5367 1042 5426 de
1062 5368 1323 5442 martyris
1346 5367 1574 5425 Eusebii
1593 5368 1767 5441 gloria
1785 5367 2098 5442 pradicem,

576 5485 694 5559 (85)
728 5486 917 5545 Codex
944 5485 1179 5555 Theod.,
1210 5492 1467 5558 quantum
1512 5488 1686 5545 oratio
1711 5504 1970 5546 enarrare
1994 5505 2102 5545 non

496 5560 812 5700 "iiiieiia
837 5645 968 5688 mss.
998 5644 1064 5691 ac
1102 5635 1218 5690 vet.
1248 5628 1419 5700 edit.;
1451 5629 1638 5694 locum
1676 5647 1807 5693 vero
1825 5632 1990 5693 Rom.
2016 5632 2103 5699 sio

2216 4532 2388 4607 phum
2419 4536 2765 4610 deleverunt,
2790 4542 3028 4613 priorem
3051 4542 3233 4599 locum
3255 4539 3637 4599 subscribendi
3654 4540 3813 4597 beato

2212 4626 2454 4685 Eusebio
2497 4630 2824 4688 deferentes.
2870 4632 3018 4700 Quos
3044 4633 3139 4690 ille
3175 4634 3465 4706 increpans
3490 4640 3545 4690 et
3574 4631 3813 4689 irridens

2212 4717 2319 4774 ait:
2357 4719 2543 4793 Neque
2572 4736 2670 4792 ego
2701 4737 2788 4777 me
2820 4724 3016 4779 vestris
3052 4724 3351 4782 sceleribus
3382 4724 3593 4798 pollue,
3632 4738 3812 4796 neque

2211 4808 2391 4866 ﬁlium
2421 4827 2607 4868 meum
2646 4812 2935 4872 vobiscum
2966 4816 3292 4890 participare
3332 4816 3609 4890 permitto.
3652 4814 3811 4872 Unde

2209 4915 2335 4956 cum
2365 4899 2513 4957 dicat
2565 4902 2929 4977 Evangelium
2964 4905 3023 4962 in
3050 4905 3156 4963 hac
3183 4905 3532 4979 generatione
3570 4903 3809 4979 pruden-

2208 4987 2377 5045 tiores
2415 4989 2562 5047 ﬁlios
2598 4993 2948 5052 tenebrarum
2986 5012 3103 5053 esse
3133 5013 3298 5070 quam
3330 4994 3469 5053 lucis
3501 4994 3655 5066 (Luc.
3686 5011 3803 5062 xw,

2205 5078 2304 5152 8);
2347 5096 2471 5138 ecce
2515 5081 2608 5141 hic
2642 5082 2776 5157 ipsis
2820 5083 3063 5141 tenebris
3104 5083 3433 5158 prudentior
3471 5083 3624 5141 ﬁlius
3665 5083 3807 5142 lucis

2206 5168 2466 5228 inventus
2492 5179 2594 5229 est.
2892 5247 2907 5263 '

2278 5271 2332 5328 6.
2374 5272 2527 5329 Tunc
2573 5272 2659 5328 illi
2696 5274 2935 5346 graviter
2987 5274 3359 5349 indignantes,
3388 5275 3468 5332 ita
3494 5273 3804 5349 nequitiam

2206 5378 2361 5420 suam
2401 5362 2568 5420 fuisse
2609 5364 2875 5437 delusam,
2925 5366 3086 5425 novis
3126 5383 3253 5425 eum
3282 5384 3380 5442 per
3414 5366 3801 5428 Constantium

2207 5482 2515 5563 contraxit,
2545 5482 2640 5554 qui
2677 5500 2859 5542 rerum
2911 5505 2947 5542 a
2996 5502 3049 5541 se
3086 5493 3354 5558 gestarum
3391 5502 3524 5561 pene
3574 5486 3801 5558 ignarus

2207 5556 2326 5612 sim.
2356 5556 2654 5612 Potuissent
2679 5564 2873 5626 autem,
2903 5564 3007 5615 etc.

2288 5626 2408 5702 (87)
2447 5626 2636 5691 Codex
2662 5629 2895 5702 Theod.,
2923 5637 2975 5691 et
2988 5631 3272 5692 accuratio
3304 5631 3625 5693 litterarum.
