4068 6182
203 277 291 335 745

969 271 1338 331 SERMONES
1375 273 1430 330 S.
1475 271 1830 330 AMBROSIO
1871 270 2243 328 HACTENUS
2281 268 2622 329 ASCRIPTI.

3353 273 3456 332 746

199 401 472 473 principem
504 397 850 473 passionibus
879 407 1221 455 vexaverunt
1253 398 1370 470 (88)
1397 417 1410 466 ;
1456 415 1581 454 nam
1635 406 1755 470 post
1781 399 1834 459 A
1863 398 1932 454 ad
1961 396 2102 455 hanc
2131 397 2274 455 diem
2308 397 2668 472 depositionis
2710 398 3015 457 advenerit.
3059 399 3276 458 Dicitur
3309 403 3458 459 enim

200 490 379 546 multas
408 487 635 560 injurias
665 487 896 546 orientis
924 489 1094 562 plagae
1124 488 1282 545 illum
1321 487 1518 544 exsilio
1548 487 1762 558 relega-

201 587 331 646 runt,
357 577 410 633 in
438 594 542 651 quo
572 585 726 634 tanta
756 595 946 651 passus
982 586 1080 647 est,
1113 587 1175 635 ut
1214 578 1465 651 martyrii
1497 578 1760 633 invictam

200 668 400 740 gloriam
431 676 746 740 reportaret.
778 669 996 725 Dicitur
1021 668 1168 725 enim
1219 669 1362 724 inter
1408 675 1602 724 caetera
1632 683 1765 739 pas-

199 756 393 814 sionum
439 773 634 831 genera
698 756 803 814 hoc
859 759 1072 830 poenale
1115 757 1382 830 passionis
1431 756 1763 828 supplicium

198 847 478 920 pertulisse,
524 857 587 904 ut
629 847 762 903 dum
795 846 1222 918 interrogaretur
1248 847 1315 903 ab
1344 847 1585 915 Arianis,
1628 856 1681 903 et
1709 862 1766 902 se

199 951 365 992 eorum
396 937 806 994 communicare
834 936 1074 1009 perﬁdiae
1105 935 1442 1009 denegasset,
1495 937 1764 992 scalarum

198 1026 410 1098 proclivi
438 1036 615 1084 tractu
648 1027 864 1097 supinis
891 1025 1124 1100 pedibus
1152 1026 1219 1082 ad
1248 1026 1422 1082 imum
1449 1041 1620 1098 usque
1651 1041 1766 1096 per-

201 1115 486 1173 traheretur
520 1135 530 1172 :
566 1124 621 1172 et
651 1115 850 1172 iterum
881 1124 1170 1173 revocatus
1215 1115 1283 1171 ad
1329 1131 1628 1182 summum,
1671 1113 1766 1168 in-

198 1213 477 1280 terrogatus
511 1207 696 1264 denuo
743 1223 868 1264 cum
910 1206 1098 1264 eadem
1143 1204 1533 1278 respondisset,
1577 1202 1766 1259 eadem

199 1303 465 1368 pateretur,
495 1313 559 1353 ac
590 1296 934 1369 frequentem
966 1295 1448 1368 interrogationem
1498 1293 1768 1366 frequen—

198 1392 276 1441 ter
315 1384 622 1457 hujusmodi
681 1386 1015 1460 supplicium
1063 1385 1231 1442 fuerit
1276 1385 1648 1440 subsecutum.
1707 1381 1769 1436 In

201 1489 297 1547 qua
323 1475 563 1547 passione
591 1475 767 1532 sancti
814 1475 1046 1532 Eusebii
1092 1473 1373 1547 martyris,
1422 1471 1552 1528 licet
1605 1468 1772 1526 fuerit

203 1571 493 1636 quassatum
527 1573 720 1637 caput,
753 1563 950 1621 elisum
973 1580 1199 1637 corpus,
1224 1561 1470 1618 membra
1498 1560 1776 1618 confracta

199 1655 393 1713 animus
419 1665 606 1713 tamen
651 1656 780 1713 ﬁdei
824 1655 1028 1712 mansit
1073 1654 1334 1712 invictus.
1386 1654 1522 1710 Nam
1565 1657 1770 1725 quanto

1871 496 1996 543 ante
2057 488 2400 561 aliquantum
2455 488 2718 560 temporis
2767 489 2948 544 exitus
3000 489 3086 545 sui
3169 491 3462 548 manifesta

1872 577 2206 633 revelatione
2237 577 2440 634 vidisse
2478 595 2534 634 se
2563 578 2826 635 Kalendis
2880 578 3112 651 Augusti
3161 579 3228 635 de
3275 591 3462 638 monte

1871 667 1939 723 ad
1987 677 2225 724 montem
2277 670 2482 737 volare,
2537 677 2591 726 et
2638 669 2923 740 prophetia
2967 667 3200 742 quadam
3235 668 3340 726 hoc
3365 671 3463 726 in—

1872 763 2202 827 terpretatus
2249 764 2329 813 est
2382 757 2484 813 hac
2533 758 2624 813 die
2671 760 2952 815 exiturum
3001 775 3057 814 se
3105 775 3219 815 esse
3251 758 3316 815 de
3345 777 3463 816 cor-

1875 862 2023 918 pore.
2051 847 2114 901 ln
2145 862 2252 918 quo
2283 847 2425 903 facto
2453 849 2642 904 nescio
2691 848 2823 920 quid
2873 848 3113 920 primum
3159 848 3230 904 sit
3278 848 3466 904 admi—

1874 937 2129 1005 randum,
2159 945 2344 992 utrum
2377 937 2523 1010 quod
2544 936 2745 992 meruit
2766 937 2949 993 exitus
2978 937 3062 993 sui
3093 938 3256 993 ﬁnem
3284 956 3464 1008 nosse,

1875 1042 1943 1081 an
1975 1026 2119 1098 quod
2144 1026 2284 1081 scire
2319 1027 2558 1099 potuerit
2588 1043 2707 1098 quae
2740 1026 2899 1082 illum
2931 1035 3052 1099 post
3085 1028 3298 1083 exitum
3334 1045 3468 1100 gra-

1875 1116 1951 1171 tia
1986 1123 2345 1186 permaneret.
2379 1115 2527 1172 Dicit
2559 1124 2780 1172 sanctus
2806 1117 2984 1173 David
3019 1135 3030 1172 :
3089 1142 3107 1166 ‹
3148 1119 3348 1174 Notum
3383 1120 3470 1174 fac

1878 1206 2038 1274 mihi,
2070 1207 2324 1274 Domine,
2351 1206 2517 1264 ﬁnem
2549 1223 2772 1275 meum,
2805 1215 2857 1263 et
2912 1224 3203 1263 numerum
3253 1209 3469 1264 dierum

1877 1311 2148 1364 meorum,
2177 1307 2231 1353 et
2261 1298 2472 1370 reliqua
2501 1298 2673 1369 (Psat.
2699 1314 2945 1365 xxxvm,
2977 1298 3058 1367 ὅ).
3094 1323 3111 1346 ι
3153 1299 3294 1354 Ecce
3325 1297 3470 1369 quod

1878 1384 2151 1456 Propheta
2219 1394 2521 1458 optaverat,
2590 1387 2800 1460 Martyr
2855 1386 3064 1459 accepit
3134 1404 3144 1442 :
3216 1386 3471 1442 notitiam

1879 1488 2041 1545 quam
2072 1473 2163 1530 ille
2195 1483 2405 1542 exorat,
2440 1474 2545 1531 iste
2579 1476 2970 1548 consequitur;
3005 1475 3114 1531 nisi
3146 1475 3292 1547 quod
3322 1475 3474 1532 salva

1879 1564 1987 1620 ﬁde
2016 1564 2274 1633 dixerim,
2305 1567 2542 1638 amplius
2571 1574 2944 1639 promereatur
2988 1567 3104 1639 (90)
3133 1585 3146 1634 ;
3201 1567 3295 1622 ille
3325 1566 3475 1622 enim

1881 1652 2046 1710 finem
2078 1657 2318 1728 postulat
2344 1672 2522 1724 nosse,
2560 1657 2661 1711 iste
2721 1657 2887 1711 etiam
2934 1656 3081 1710 ultra
3124 1655 3290 1712 ﬁnem
3340 1655 3476 1727 quid

198 1747 307 1820 plus
349 1747 504 1803 illum
555 1747 761 1804 Ariana
806 1747 1036 1821 perﬁdia
1077 1745 1435 1820 corporaliter
1479 1741 1768 1810 lacerabat,
1805 1766 1852 1828 Β
1883 1744 2104 1801 futurus
2132 1753 2292 1814 esset,
2324 1745 2570 1818 agnoscit
2600 1763 2612 1800 :
2648 1745 2745 1800 ille
2784 1761 2956 1818 usque
2986 1745 3054 1801 ad
3084 1744 3294 1800 exitum
3342 1745 3476 1818 quid

197 1843 335 1894 tanto
372 1836 550 1909 magis
599 1853 725 1894 eum
782 1835 1055 1894 catholica
1111 1834 1398 1908 integritas
1451 1832 1772 1907 spiritaliter

196 1925 485 1984 refovebat.

262 2016 313 2071 7.
343 2014 515 2082 Quem
547 2015 763 2089 quidem
795 2015 1066 2071 scalarum
1116 2029 1399 2070 ascensum
1452 2019 1614 2085 atque
1671 2011 1777 2068 de-

195 2119 431 2161 scensum
465 2120 752 2178 possumus
796 2104 998 2173 dicere,
1059 2120 1220 2177 quem
1276 2103 1440 2159 Iacob
1497 2102 1778 2160 somnians

195 2193 532 2266 prophetavit
593 2195 750 2264 (Gen.
781 2209 988 2262 xxvm,
1025 2193 1148 2264 I2);
1213 2199 1267 2248 et
1318 2191 1461 2248 sicut
1514 2191 1606 2246 ille
1635 2191 1779 2246 vidit

197 2281 342 2338 etiam
372 2282 508 2340 istas
527 2284 703 2340 scalas
729 2282 796 2338 ab
830 2281 942 2338 imo
977 2283 1044 2338 ad
1073 2282 1315 2339 cmlestia
1345 2297 1517 2354 usque
1557 2280 1778 2353 pertin-

198 2391 305 2447 gere
329 2377 526 2448 (Ιὺίἀ.)
551 2395 564 2444 ;
597 2376 678 2434 sic
707 2377 929 2450 quidem
963 2391 1058 2448 per
1086 2375 1185 2431 has
1217 2382 1272 2430 et
1299 2372 1571 2430 Eusebius
1598 2387 1781 2427 ascen-

197 2467 269 2523 dit
309 2469 372 2525 ad
421 2469 654 2537 coelum,
701 2477 754 2524 et
787 2467 980 2523 Ariani
1023 2466 1090 2522 ad
1129 2467 1334 2522 inferos
1361 2464 1778 2521 descenderunt.

198 2558 352 2629 Unde,
400 2560 633 2625 fratres,
683 2566 933 2614 sanctum
999 2556 1300 2614 Eusebium
1344 2555 1780 2612 Machabaeorum

196 2657 495 2721 martyrum
525 2648 695 2705 choro
723 2646 1194 2704 annumerandum
1227 2654 1378 2716 puto.
1399 2643 1679 2716 Siquidem
1701 2640 1785 2696 illi

197 2742 408 2815 singulis
441 2741 717 2798 membris
752 2740 1078 2811 martyrium
1110 2736 1454 2811 pertulerint,
1485 2736 1576 2790 hic
1602 2743 1784 2790 autem
1817 2780 1822 2784 .

197 2836 350 2892 totius
400 2834 659 2907 corporis
706 2833 955 2907 passione
998 2834 1294 2889 Dominum
1339 2829 1412 2885 sit
1456 2827 1782 2885 confessus:

199 2940 290 2982 nec
319 2926 603 3000 disparem
645 2939 834 2979 eorum
863 2937 978 2978 esse
1007 2921 1257 2994 gratiam,
1301 2934 1439 2992 quos
1476 2915 1641 2972 etiam
1671 2913 1788 2970 dies

198 3028 299 3072 una
324 3016 380 3073 in
411 3013 694 3086 martyrio
722 3012 1021 3086 copulavit.

771 3165 1005 3223 SERMO
1052 3164 1216 3221 LVII.
1261 3182 1263 3184 ·

362 3271 447 3326 De
482 3263 838 3338 Depositione
875 3261 1119 3334 ejusdem
1158 3259 1334 3317 sancti
1363 3256 1609 3314 Eusebii.

199 3387 294 3460 Qui
340 3359 674 3460 superiorem
735 3399 1023 3460 sermonem
1077 3379 1315 3460 Maximo
1372 3375 1698 3460 attribuunt,
1746 3379 1794 3460 et

264 3445 416 3514 hunc.
451 3474 659 3528 quoque
711 3454 873 3510 eidem
917 3459 1110 3526 putant
1154 3449 1549 3528 assignandum.
1597 3445 1698 3528 Sed
1736 3450 1796 3528 ut

261 3519 812 3586 memorato‘Praasuti
839 3528 887 3582 is
919 3519 1228 3588 'astimtur,
1268 3519 1323 3575 et
1349 3519 1461 3588 ejus
1505 3519 1719 3589 stytum,
1748 3521 1795 3589 et

264 3618 378 3656 cum
435 3601 775 3658 Maximiano
845 3613 1079 3654 sermone
1132 3587 1526 3648 in’Eusebium
1558 3587 1793 3643 secunde

167 3673 170 3676 ’
264 3674 625 3744 cognationem
653 3672 818 3727 multo
849 3670 1080 3726 validius
1109 3669 1476 3738 argumentum
1525 3677 1628 3717 esse
1646 3658 1792 3731 judi-

262 3761 465 3800 camus.

267 3881 318 3936 I.
356 3878 771 3952 Depositionem
789 3875 966 3932 sancti
992 3871 1216 3931 Eusebii
1247 3869 1410 3927 hodie
1434 3865 1793 3926 celebramus.

193 3967 344 4036 Quid
379 3974 463 4022 est
492 3967 764 4038 depositio
793 3967 820 4022 ‘i
848 3965 968 4022 Non
1001 3965 1098 4021 illa
1128 3965 1316 4036 utique
1363 3978 1483 4034 quae
1519 3956 1798 4030 sepelien-

193 4057 286 4112 dis
316 4056 378 4109 in
413 4060 558 4109 terra
596 4053 965 4109 membrorum
1011 4052 1262 4124 reliquiis
1303 4050 1631 4108 clericorum
1672 4061 1799 4100 ma-

195 4144 371 4202 nibus
435 4150 760 4213 procuratur
812 4160 822 4198 :
881 4141 975 4197 sed
1027 4141 1122 4196 illa
1178 4156 1284 4212 qua
1338 4139 1503 4194 homo
1558 4132 1798 4192 vinculis

194 4229 522 4293 carnalibus
550 4231 853 4300 absolutus,
886 4230 1024 4287 liber
1071 4230 1249 4284 iturus
1276 4228 1344 4283 ad
1380 4227 1598 4294 caelum,
1630 4233 1799 4282 terre-

197 4342 334 4384 num
372 4339 579 4396 corpus
606 4323 855 4394 exponit.
898 4321 1018 4393 Ipsa
1070 4318 1230 4390 plane
1282 4322 1361 4370 est
1409 4313 1696 4386 depositio,
1742 4312 1799 4366 in

200 4431 308 4488 qua
337 4412 731 4485 concupiscere
785 4408 1098 4482 abjicimus,
1149 4419 1420 4462 cessamus
1462 4401 1798 4472 delinquere,

200 4521 434 4578 peccare
490 4502 815 4569 desinimus,
865 4507 920 4556 et
969 4505 1146 4555 totum
1205 4491 1474 4568 quidquid
1527 4491 1687 4546 saluti
1721 4498 1801 4546 est

203 4611 390 4667 grave,
448 4591 603 4665 quasi
662 4589 872 4662 abjecta
927 4589 1142 4644 sarcina
1193 4583 1396 4650 oneris,
1449 4579 1796 4652 exponimus.

201 4685 338 4743 Nam
371 4681 504 4740 ideo
532 4681 650 4737 haec
679 4680 797 4737 dies
827 4696 924 4753 pro
953 4676 1269 4737 celebritate
1304 4672 1547 4730 maxima
1594 4685 1801 4744 procu-

205 4783 397 4842 ratur;
452 4773 584 4845 quia
639 4787 767 4828 vere
811 4778 893 4827 est
937 4785 1152 4826 summa
1200 4765 1470 4822 festivitas
1518 4769 1798 4818 mortuum

203 4865 522 4932 essevitiis,
563 4861 667 4920 soli
698 4876 881 4934 vigere
906 4859 1167 4931 justitizn;
1213 4855 1357 4912 unde
1394 4863 1447 4911 et
1489 4852 1800 4926 depositio-

203 4960 291 5013 nis
322 4957 442 5028 ipsa
473 4953 591 5008 dies
620 4949 818 5007 natalis
846 4949 1068 5013 dicitur,
1099 4945 1244 5020 quod
1288 4945 1615 5001 delictorum
1669 4957 1801 4998 car-

205 5061 326 5103 cere
354 5042 599 5110 liberati,
633 5038 872 5097 libertati
906 5036 1181 5092 nascimur
1222 5030 1523 5088 Salvatoris
1553 5030 1691 5100 (89).

272 5135 328 5194 2.
361 5131 473 5192 Sed
505 5131 756 5187 videatur
783 5133 1004 5186 sanctus
1031 5122 1302 5180 Eusebius
1327 5137 1453 5180 cum
1497 5135 1606 5193 qua
1632 5116 1804 5190 gloria

303 5294 402 5366 88)
437 5289 626 5366 Codex
651 5288 882 5366 Theod.,
910 5282 1244 5366 passionibus
1273 5285 1602 5366 accusarunt.

303 5296 402 5366 88)
437 5296 626 5350 Codex
651 5296 882 5357 Theod.,
910 5296 1244 5359 passionwus
1273 5296 1602 5336 necaverunt.

277 5296 402 5438 £89)
438 5365 520 5438 Ita
556 5360 830 5438 v_et._e_dit.
863 5374 1105 5438 acﬁmss.,
1136 5355 1240 5438 nisi
1289 5351 1669 5438 quodH'l‘heod‘.
1704 5365 1802 5438 pro

209 5421 450 5493 libertati
502 5434 631 5506 legit
679 5431 867 5497 liberi;
918 5421 1111 5506 Romfr
1139 5421 1484 5505 autemedit.
1516 5421 1799 5506 “neutrum

207 5507 478 5575 admittit,
512 5493 604 5562 sevd
647 5493 862 5575 tantum
898 5496 1464 5575 praefe_rt,_nascimur
1509 5493 1797 5575 Saluatori.

282 5579 408 5648 (90)
463 5567 684 5635 Omittit
738 5573 861 5631 cod.
896 5567 1126 5648 Theod.,
1156 5569 1249 5625 iste
1295 5567 1647 5648 consequitur.
1686 5608 1748 5648 ι..
1786 5609 1796 5619 .

208 5635 448 5724 amplius
479 5653 866 5721 promereatur.
899 5643 1047 5700 Infra
1090 5635 1221 5699 vero
1263 5639 1360 5697 ubi
1402 5635 1594 5697 omnes
1641 5635 1800 5704 edit.,

535 5744 953 5806 PATROL.XVII.

1883 1834 2044 1904 desit,
2080 1835 2332 1907 ignorat;
2368 1834 2469 1892 iste
2493 1843 2615 1908 post
2635 1834 2850 1891 exitum
2899 1833 3030 1907 quid
3078 1833 3337 1906 supersit,
3371 1833 3479 1889 ad-

1885 1924 2069 1982 discit.

1966 2019 2113 2076 470
2148 2015 2200 2072 3.
2229 2013 2430 2072 Volare
2462 2030 2589 2087 ergo
2638 2031 2693 2071 se
2725 2013 2782 2069 in
2837 2013 2940 2069 hac
2969 2014 3060 2069 die
3089 2011 3232 2069 vidit
3270 2022 3482 2091 martyr

1887 2111 2178 2169 Eusebius.
2229 2111 2384 2167 Sicut
2437 2110 2664 2180 scimus,
2710 2110 2895 2165 volare
2952 2126 3064 2166 non
3117 2118 3314 2183 potest,
3373 2111 3480 2168 nisi

1890 2204 2036 2278 quod
2098 2220 2319 2275 purum,
2356 2204 2475 2260 leve
2529 2209 2691 2276 atque
2746 2201 2949 2258 subtile
2994 2208 3075 2258 est
3117 2219 3128 2258 :
3174 2201 3334 2274 cujus
3381 2218 3484 2260 nec

1889 2293 2176 2351 sinceritas
2204 2291 2627 2366 intemperantia
2674 2291 3008 2360 retardatur,
3059 2307 3161 2348 nec
3207 2292 3482 2360 alacritas,

1891 2400 1990 2440 nec
2021 2383 2284 2440 velocitas
2313 2384 2455 2439 mole
2497 2389 2772 2454 gravatur.
2824 2379 3054 2436 Gravari
3096 2388 3278 2436 autem
3335 2381 3484 2436 vola-

1891 2481 2010 2529 tum
2041 2474 2188 2541 dico,
2219 2489 2330 2528 non
2361 2480 2471 2528 tam
2514 2471 2657 2526 mole
2702 2470 3096 2537 membrorum,
3146 2487 3305 2541 quam
3355 2486 3484 2540 pon-

1893 2566 2020 2622 dere
2039 2565 2366 2621 delictorum
2402 2580 2412 2617 :
2447 2562 2593 2616 unde
2623 2568 2756 2632 puto
2792 2561 2955 2614 etiam
3002 2559 3057 2613 in
3116 2559 3248 2629 ipsis
3294 2558 3488 2614 avibus

1895 2657 2018 2713 ideo
2049 2657 2292 2711 velocius
2320 2651 2627 2709 columbam
2655 2666 2789 2721 pene
2820 2665 2926 2721 prae
2949 2648 3204 2704 omnibus
3231 2648 3485 2712 volitare,

1897 2749 2045 2822 quod
2070 2746 2406 2803 alacritatem
2430 2741 2748 2799 innocentia
2763 2741 3057 2797 comitetur
3079 2739 3218 2811 (91).
3239 2738 3487 2810 Denique

1897 2845 2118 2894 sanctus
2149 2833 2325 2892 David
2355 2849 2478 2888 cum
2517 2831 2755 2903 puritate
2785 2829 2986 2884 mentis
3015 2829 3200 2883 volare
3229 2828 3488 2898 concupi-

1898 2936 2094 2994 sceret,
2127 2941 2238 2981 non
2270 2922 2496 2980 alterius
2525 2919 2843 2987 animantis,
2874 2918 2980 2975 nisi
3020 2918 3292 2975 columbae
3341 2924 3489 2988 opta-

1898 3021 1982 3077 vit
2029 3021 2160 3088 alas,
2221 3017 2408 3074 dicens
2459 3034 2470 3072 :
2520 3013 2692 3082 «Quis
2721 3011 2876 3068 dabit
2907 3009 3046 3065 mihi
3097 3023 3299 3081 pennas
3346 3007 3490 3064 sicut

1821 3125 1864 3186 ρ
1899 3107 2167 3166 columbae
2196 3114 2250 3163 et
2279 3104 2498 3173 volabo,
2529 3112 2582 3159 et
2611 3101 2950 3175 requiesCam
2981 3099 3154 3171 (Psal.
3180 3114 3292 3165 LIV,
3321 3096 3376 3166 7)
3403 3095 3429 3150 ἲ
3458 3119 3475 3141 ι

1900 3198 2246 3269 Intelligebat
2275 3194 2423 3250 enim
2455 3191 2601 3265 quod
2642 3191 2710 3246 ad
2755 3190 2952 3244 altiora
2982 3187 3200 3243 facilius
3231 3192 3494 3258 penetra-

1900 3297 1992 3345 tur
2019 3286 2370 3359 simplicitate
2401 3281 2622 3345 mentis,
2654 3295 2815 3352 quam
2850 3277 3069 3333 levitate
3094 3289 3418 3347 pennarum.

1972 3377 2024 3432 4.
2051 3374 2274 3432 Volavit
2303 3388 2431 3444 ergo
2460 3371 2563 3426 hac
2597 3368 2686 3425 die
2716 3374 2936 3423 sanctus
2965 3363 3255 3420 Eusebius.
3310 3361 3495 3418 z’Esti-

1904 3483 2116 3523 memus
2139 3463 2252 3535 jam
2285 3461 2402 3534 ejus
2432 3457 2803 3515 innocentiam
2836 3455 2902 3511 de
2935 3455 3142 3521 volatu,
3175 3459 3229 3507 et
3275 3451 3496 3523 purita-

1904 3563 2014 3611 tem
2046 3554 2163 3627 ejus
2196 3552 2314 3625 (92)
2342 3551 2408 3605 de
2439 3547 2556 3620 ipsa
2584 3546 2820 3601 elatione
2838 3543 3150 3615 judicemus
3176 3560 3189 3608 ;
3234 3549 3495 3611 tanquam

1905 3645 2161 3703 columba
2185 3641 2333 3698 enim
2365 3639 2421 3693 in
2460 3637 2625 3693 domo
2654 3634 2753 3690 Dei
2803 3633 3024 3704 degens,
3054 3629 3351 3703 assumpsit
3378 3629 3498 3701 spi-

1876 3727 2093 3794 'ritales
2121 3749 2347 3806 pennas,
2378 3737 2430 3785 et
2468 3727 2739 3800 requievit
2769 3725 2826 3781 in
2859 3731 3063 3779 monte.
3097 3723 3167 3777 Et
3199 3721 3327 3777 licet
3380 3720 3492 3792 ipse

1906 3827 1974 3885 de
2004 3831 2188 3880 monte
2217 3823 2284 3878 ad
2316 3829 2558 3878 montem
2604 3817 2788 3872 volare
2824 3832 2880 3871 se
2913 3812 3120 3870 dixerit
3153 3830 3164 3868 :
3199 3819 3385 3867 tamen
3434 3809 3491 3864 in

1908 3918 2024 3990 ipsa
2049 3913 2407 3971 translatione
2433 3909 2692 3982 majorem
2739 3905 2982 3978 requiem
3028 3901 3197 3958 fuisse
3226 3897 3494 3971 signiﬁco.

1909 3988 2054 4074 Quid
2083 4005 2231 4062 enim
2262 4001 2414 4059 aliud
2445 4008 2524 4056 est
2550 3998 2617 4054 de
2661 4005 2848 4052 monte
2898 3993 2965 4049 ad
3015 3998 3256 4047 montem
3286 3988 3494 4052 volare,

1909 4099 2016 4156 nisi
2045 4099 2112 4155 de
2143 4094 2442 4153 Salvatoris
2471 4090 2643 4166 gratia
2676 4088 2744 4144 ad
2793 4085 2968 4142 Patris
3015 4081 3241 4154 gloriam
3282 4091 3497 4149 prospe-

1910 4206 2028 4246 rare
2053 4188 2080 4244 ?
2109 4187 2218 4259 Ipsi
2248 4185 2395 4241 enim
2427 4191 2556 4238 sunt
2589 4186 2823 4244 montes,
2855 4177 2996 4230 sicut
3025 4170 3159 4226 dicit
3183 4166 3453 4259 propheta
3483 4183 3493 4220 :

1926 4305 1944 4328 ι
1971 4255 2222 4337 Mons-de
2252 4281 2436 4331 monte
2461 4272 2580 4327 sine
2607 4267 2858 4323 manibus
2887 4257 3293 4318 concidentium
3330 4255 3496 4328 (Dan.

1911 4390 2012 4437 vn,
2041 4369 2158 4437 35),
2201 4367 2306 4422 hoc
2352 4371 2452 4431 est,
2509 4359 2684 4416 Filius
2739 4356 2806 4413 de
2855 4355 3032 4421 Patre,
3081 4349 3284 4422 absque
3331 4345 3503 4403 ullius

1826 4482 1874 4540 ι)
1907 4459 2201 4530 creationis
2229 4470 2466 4514 accessu.

2466 4591 2700 4653 SERMO
2754 4589 2943 4647 LVIII.

2397 4707 2472 4762 De
2501 4709 2685 4759 sancto
2716 4696 3011 4769 Cypriano.

1912 4821 2046 4882 Huic
2076 4814 2306 4874 sermoni
2331 4812 2471 4869 alius
2511 4811 2566 4865 in
2606 4807 2836 4882 eumdem
2881 4807 3169 4882 martyrem
3202 4798 3501 4882 prtemittg:

1985 4869 2279 4960 Sitiﬁm:
2309 4888 2364 4940 in
2392 4883 2631 4960 omnibus
2656 4879 2839 4948 script.
2881 4875 2994 4960 cad.
3030 4869 3092 4960 et.
3119 4869 3232 4926 ant.
3265 4872 3388 4960 edit.
3420 4869 3502 4960 .12

1982 4941 2403 5020 numerabatur:
2443 4957 2499 5010 in
2529 4956 2678 5009 Rom.
2727 4941 2846 5004 vero
2885 4945 3120 5020 editque
3167 4943 3362 5020 sanctis
3415 4941 3498 5007 18,

2283 5013 2337 5086 ut
2389 5030 2534 5107 inter.
2549 5022 2943 5107 “Maximianos‘
2968 5017 3164 5071 editum
3207 5013 3498 5107 reiecimjus.

1988 5081 2120 5166 Cuvm
2162 5112 2338 5161 autem
2391 5097 2724 5168 manifestum
2774 5093 2843 5148 sit
2891 5097 3168 5160 utrumque
3213 5081 3279 5141 ab
3330 5081 3500 5138 eodem

1912 5277 2040 5349 quid
2069 5269 2540 5349 supersit_edi._rit;_
2566 5263 2910 5349 idem_codex
2942 5257 3176 5349 reponit,
3225 5252 3352 5324 quid
3398 5266 3499 5304 su-

1908 5337 2075 5421 persit
2103 5337 2366 5421 dddiscit;
2395 5341 2591 5421 Lugd,
2620 5337 2850 5421 αιιᾴἰιιεὶί,
2887 5350 2996 5421 non
3019 5337 3200 5421 rei”;
3214 5392 3342 5421 ,ωε

2136 5397 2505 5474 ὂῖιῖήθέρὼῐῗ
2533 5397 2590 5466 et
2619 5409 2742 5467 cod.
2779 5397 3133 5476 [Λήδης-ηοξ⁸
3170 5397 3500 5476 alacritatem

1911 5497 1958 5547 et
1985 5465 2334 5544 discidiis;
2357 5465 2664 5542 comitetur:
2693 5465 2890 5537 melius
2919 5465 3040 5530 cod.
3074 5465 3279 5522 Theod.
3332 5469 3395 5517 ut
3441 5465 3498 5518 in

1911 5569 2191 5620 contextu.
2980 5611 2990 5621 ,

1984 5635 2101 5706 (92)
2125 5630 2309 5689 Codex
2338 5626 2570 5693 Theod.,
2601 5630 2648 5678 et
2670 5622 2912 5692 pietatem
2944 5617 3076 5681 eius,
3107 5617 3210 5667 etc.

3221 5711 3294 5768 24
