4020 6200
585 237 686 295 747

1599 239 1696 293 ΑΙ)
1735 237 1967 294 ΟΡΕΒΑ
2011 237 2066 294 S.
2109 235 2440 294 AMBROSII
2480 235 2856 293 APPENDIX.

3780 238 3881 294 748

653 363 1016 419 concinnatam
1042 362 1206 433 fuisse
1239 369 1663 434 pronuntiatum,
1695 370 1975 434 utrumque
2021 364 2176 418 etiam
2202 363 2360 423 Alio
2419 363 2686 431 Salvator,
2733 362 2923 420 dicens
2979 361 3304 420 seminantis
3355 377 3545 418 semen
3610 363 3884 420 cecidisse

655 435 819 492 eictam
841 435 1081 495 Maximo
1103 435 1433 490 tribuendum
1467 452 1572 490 esse
1597 435 1812 490 dubiam
1839 452 1946 490 non
1975 441 2066 491 est.

658 598 709 652 1.
742 597 886 653 Ante
914 595 1058 665 dies,
1087 612 1213 653 cum
1244 595 1549 653 beatissimi
1601 597 1860 670 martyris
1907 597 2169 669 Cypriani

581 685 980 745 celebraremus
1003 686 1262 754 natalem,
1295 687 1620 742 suavissime
1651 687 1704 741 in
1738 685 1854 756 ejus
1876 686 2172 743 festivitate

575 775 869 848 jucundati
909 792 1135 844 sumus;
1178 779 1306 848 quia
1335 776 1481 832 enim
1530 775 1635 830 hoc
1677 775 2080 830 vindemiarum
2114 777 2168 831 in

580 874 826 938 tempore
877 882 1065 938 passus
1115 875 1215 934 est,
1261 875 1519 937 tanquam
1568 872 1620 919 et
1666 882 1764 920 nos
1794 865 1860 920 de
1895 865 2172 920 vindemia

581 955 769 1013 dulces
816 963 871 1012 et
920 955 1100 1012 varios
1147 955 1358 1011 fructus
1411 971 1480 1009 ex
1526 953 1642 1024 ejus
1674 955 1922 1025 passione
1952 955 2168 1025 collegi-

581 1061 741 1112 mus;
774 1043 1142 1118 impinguavit
1177 1043 1325 1098 enim
1357 1059 1476 1110 nos,
1511 1051 1564 1097 et
1591 1042 1782 1097 refecit
1813 1051 1992 1098 musto
2031 1060 2168 1098 mar-

579 1133 716 1207 tyrii
740 1134 848 1190 sui.
870 1135 969 1189 Est
997 1133 1142 1188 enim
1175 1141 1415 1187 mustum
1463 1131 1606 1203 quod
1648 1131 1820 1186 reﬁcit
1852 1139 1905 1186 et
1937 1133 2170 1188 inebriat

581 1223 980 1289 Christianum,
1010 1221 1104 1278 sed
1125 1220 1360 1277 ebrietas
1390 1221 1486 1276 illa
1515 1220 1686 1292 magis
1719 1222 1962 1277 sobrium
1997 1223 2130 1279 facit
2155 1242 2166 1290 ;

578 1311 676 1384 qui
702 1311 851 1367 enim
891 1309 1196 1366 inebriatur
1225 1311 1432 1366 calesti
1468 1310 2031 1382 gratia,exsobriatur
2061 1329 2169 1368 sar-

577 1401 705 1457 cina
732 1408 1077 1474 peccatorum
1109 1399 1247 1473 (93).

648 1489 702 1547 2.
732 1491 848 1547 Hoc
877 1507 1114 1563 namque
1147 1498 1327 1546 musto
1361 1491 1552 1562 repleti
1601 1491 1774 1546 sancti
1805 1492 2057 1562 apostoli,
2100 1494 2166 1548 si-

576 1587 671 1637 cut
717 1579 795 1635 ait
823 1578 1126 1652 Scriptura,
1156 1580 1350 1635 alienis
1393 1579 1596 1650 linguis
1645 1579 1742 1633 Dei
1774 1581 2044 1651 magnalia
2094 1583 2168 1637 lo-

575 1668 884 1742 quebantur
909 1669 1050 1739 (Act.
1083 1685 1144 1734 ιι,
1180 1668 1264 1733 13,
1295 1669 1370 1738 5).
1405 1669 1465 1721 In
1501 1684 1610 1738 quo
1637 1667 1781 1723 facto
1811 1668 2014 1739 pariter
2029 1670 2167 1726 ebrii

573 1773 690 1813 esse
720 1756 1069 1823 videbantur,
1115 1763 1168 1810 et
1220 1755 1390 1810 sobrii
1419 1773 1432 1820 ;
1466 1755 1602 1810 ebrii
1633 1756 1779 1810 enim
1812 1756 2165 1827 putabantur,

571 1843 720 1917 quod
749 1844 808 1899 in
837 1843 907 1899 iis
937 1844 1153 1916 loquela
1185 1842 1300 1914 (94)
1336 1850 1528 1914 praeter
1566 1853 1817 1898 naturam
1847 1845 1953 1899 alte
1990 1862 2166 1916 perso-

571 1932 768 1989 nabat:
824 1931 996 1988 sobrii
1054 1939 1226 2000 erant,
1287 1931 1433 2004 quod
1484 1930 1648 2003 juxta
1711 1933 2165 1990 consuetudinem

570 2022 772 2079 mentis
821 2023 996 2078 Deum
1040 2021 1332 2078 devotione
1384 2021 1697 2078 laudabant.
1755 2022 1912 2089 Quod
1943 2024 2163 2096 quidem

566 2125 678 2166 non
700 2110 940 2167 elatione
964 2109 1148 2184 aliqua
1182 2121 1277 2168 aut
1305 2111 1646 2183 impudentia
1675 2113 1928 2184 contigit,
1964 2121 2024 2168 ut
2055 2113 2162 2168 viri

564 2199 741 2256 sancti
784 2199 1070 2272 peregrino
1108 2216 1358 2256 sermone
1406 2201 1761 2272 loquerentur
1795 2219 1806 2256 :
1855 2200 1949 2255 sed
1981 2202 2161 2271 provi-

563 2288 752 2346 dentia
793 2289 1106 2347 divinitatis
1157 2290 1361 2347 factum
1415 2298 1514 2357 est,
1548 2299 1608 2346 ut
1657 2290 1783 2362 quia
1812 2290 1881 2346 ad
1913 2292 2160 2362 magniﬁ-

561 2378 798 2435 candum
831 2380 1005 2435 Deum
1046 2395 1157 2435 una
1192 2379 1408 2451 loquela
1436 2395 1546 2434 non
1597 2379 1822 2449 sufﬁcit,
1855 2397 1950 2452 per
1977 2382 2160 2452 plures

563 2465 780 2540 linguas
809 2468 1011 2524 mentis
1039 2466 1261 2524 devotio
1293 2468 1617 2523 solveretur.

631 2556 685 2613 2.
721 2555 1019 2613 Jucundati
1057 2555 1206 2612 enim
1237 2573 1448 2624 sumus,
1481 2556 1609 2628 quia
1652 2557 1719 2612 de
1749 2556 1910 2613 vinea
1938 2559 2158 2614 Domini

560 2643 790 2701 sabaotb
837 2645 1082 2703 fructum
1129 2645 1446 2703 refectionis
1476 2646 1816 2717 accepimus:
1860 2645 2020 2702 vinea
2067 2664 2157 2702 au-

562 2740 671 2789 tem
711 2733 936 2790 Domini
988 2733 1240 2803 sabaoth,
1287 2733 1430 2790 sicut
1471 2732 1611 2789 dicit
1636 2735 1920 2806 propheta,
1961 2736 2158 2790 domus

565 2821 729 2877 Israel
756 2829 839 2878 est
869 2823 1002 2894 (Isa.
1044 2839 1103 2890 v,
1135 2823 1212 2893 7),
1245 2838 1365 2894 qua
1411 2821 1608 2877 domus
1654 2839 1754 2877 nos
1801 2839 2013 2880 sumus.
2054 2822 2158 2877 Se-

563 2908 804 2966 cundum
847 2908 1013 2965 ﬁdem
1068 2909 1215 2964 enim
1271 2911 1529 2966 Israelita
1580 2926 1680 2965 nos
1735 2927 1945 2979 sumus,
2012 2911 2156 2966 unde

560 2994 698 3054 dicit
751 2997 1047 3069 Apostolus
1083 3015 1094 3052 :
1146 3020 1164 3042 ι
1200 2996 1305 3063 Qui
1349 3014 1418 3053 ex
1472 2997 1578 3053 ﬁde
1621 3007 1770 3064 sunt,
1808 2999 1846 3052 ii
1876 2998 1980 3053 ﬁlii
2028 3006 2156 3053 sunt

557 3085 795 3142 Abraha
827 3087 1033 3157 (Galat.
1063 3102 1141 3154 ιιι,
1174 3086 1254 3158 7).
1279 3110 1297 3134 ι
1341 3086 1614 3152 Quoniam
1646 3086 1813 3157 igitur
1842 3103 1942 3142 nos
1963 3104 2153 3142 sumus
2191 3084 2233 3142 C

559 3175 744 3244 Israel,
791 3175 953 3232 vinea
997 3177 1220 3232 Domini
1261 3193 1492 3233 sumus:
1527 3175 1813 3232 videamus
1860 3176 2153 3248 diligenter

557 3281 627 3322 ne
682 3281 748 3321 ex
791 3265 1015 3337 palmite
1056 3266 1235 3339 operis
1278 3266 1455 3322 nostri
1499 3282 1609 3321 non
1656 3273 1909 3321 nascatur
1955 3265 2151 3321 dulce—

556 3355 705 3413 dinis
735 3373 865 3425 uva,
895 3357 989 3413 sed
1021 3356 1202 3424 fellis;
1252 3373 1320 3413 ne
1375 3355 1590 3412 dicatur
1631 3355 1810 3423 nobis,
1860 3355 2005 3427 quod
2047 3355 2153 3410 Ju—

558 3444 693 3501 dais
721 3445 931 3502 dictum
963 3453 1045 3501 est
1074 3461 1170 3517 per
1199 3445 1520 3516 prOphetam
1556 3462 1568 3499 :
1616 3467 1634 3490 ι
1673 3443 1922 3499 Sustinui
1971 3451 2032 3497 ut
2077 3442 2151 3498 fa-

557 3543 705 3590 ceret
725 3550 913 3602 uvam,
945 3534 1076 3590 fecit
1112 3542 1292 3589 autem
1341 3533 1527 3604 spinas
1558 3550 1572 3598 ;
1605 3540 1659 3587 et
1704 3549 1815 3586 non
1853 3530 2149 3601 justitiam,

558 3621 654 3677 sed
683 3622 977 3678 clamorem
1012 3624 1147 3692 (Isa.
1176 3639 1235 3690 v,
1285 3623 1363 3693 7).
1399 3647 1416 3669 ι
1473 3621 1646 3686 Quam
1702 3620 1839 3674 dura
1884 3621 2150 3690 conditio,

557 3719 622 3768 ut
660 3709 950 3783 possessio,
1003 3725 1124 3780 qua
1180 3709 1411 3764 domino
1456 3725 1555 3763 suo
1607 3709 1894 3764 suavitatis
1943 3709 2152 3765 fructus

559 3799 754 3857 afferre
783 3797 994 3866 debuit,
1026 3797 1310 3870 spinarum
1355 3797 1511 3852 illum
1542 3797 1834 3868 asperitate
1889 3813 2150 3868 compun-

559 3888 707 3944 xerit
741 3889 752 3943 l
789 3886 894 3944 hoc
921 3894 1022 3956 est,
1073 3903 1199 3942 cum
1247 3886 1421 3942 Judai
1475 3887 1812 3943 Salvatorem
1863 3885 2153 3942 debuerint

559 3986 677 4034 tota
704 3975 834 4034 ﬁdei
882 3975 1175 4032 devotione
1216 3977 1514 4048 suscipere,
1563 3977 1846 4049 spinarum
1894 3992 2020 4031 eum
2065 3992 2152 4031 co-

561 4074 901 4124 ronaverunt
929 4067 1197 4140 passione.
1231 4066 1360 4134 Qua
1389 4083 1592 4122 corona
1619 4065 1862 4138 quidem,
1887 4074 2150 4138 quantum

564 4155 624 4211 in
661 4155 862 4212 Judais
909 4163 1012 4222 est,
1041 4164 1156 4212 erat
1200 4154 1528 4227 injuriarum
1577 4155 1911 4212 contumelia
1944 4172 1954 4209 :
1987 4170 2154 4226 quau-

563 4256 684 4306 tum
715 4249 773 4303 in
803 4249 1062 4317 Domino,
1085 4255 1200 4304 erat
1219 4264 1421 4304 corona
1450 4248 1740 4302 virtutum.
1768 4245 2156 4318 Compungunt

565 4353 693 4409 ergo
723 4336 895 4393 Judai
926 4339 1246 4406 Dominum,
1278 4337 1409 4392 dum
1437 4346 1720 4394 coronant.
1751 4343 2150 4408 compungunt,

2281 452 2425 507 inter
2473 453 2677 524 spinas,
2736 459 2788 506 et
2836 451 3073 507 crevisse
3122 467 3231 519 eas,
3279 467 3342 506 ac
3386 451 3682 507 suﬁ'ocasse
3732 453 3883 525 quod

2279 549 2454 596 satum
2484 549 2563 596 est
2599 542 2809 610 (Matth.
2839 559 2962 608 xm,
2997 541 3075 612 7).
3118 540 3248 608 Qua
3294 547 3473 596 autem
3523 540 3695 612 spina
3746 541 3883 610 sint,

2282 629 2395 700 ipse
2417 630 2784 701 prosequitur,
2827 629 3016 686 dicens
3062 629 3254 701 utique
3305 627 3713 684 sollicitudines
3764 645 3886 684 esse

2283 718 2608 781 mundanas,
2640 735 2759 790 qua
2806 735 2930 774 cum
2963 726 3216 774 Crescunt
3280 717 3336 773 in
3385 716 3552 774 corde
3609 716 3882 786 hominis,

2281 807 2537 862 mandata
2567 807 2866 862 Salvatoris
2889 807 2943 862 in
2997 824 3061 863 eo
3105 808 3396 863 suifocant.
3432 806 3567 873 Quis
3596 806 3747 862 enim
3783 823 3885 862 un-

2281 913 2440 968 quam
2489 898 2760 952 sollicitus
2807 897 2873 952 de
2908 897 3135 965 mundo,
3190 896 3370 970 potuit
3413 896 3550 952 bene
3603 897 3884 952 sollicitus

2279 1003 2393 1041 esse
2448 986 2514 1041 de
2546 987 2765 1043 Christo
2786 986 2814 1042 7
2856 986 2990 1052 Quis
3019 987 3148 1042 dum
3191 987 3358 1042 lucris
3385 987 3582 1042 domus
3613 1004 3726 1043 sua
3759 1003 3880 1059 pro-

2279 1073 2448 1141 videt,
2490 1075 2827 1130 utilitatibus
2857 1076 3116 1131 Ecclesia
3138 1075 3317 1148 potuit
3348 1076 3638 1148 providere
3664 1078 3692 1132 ?
3726 1077 3880 1134 Unde

2278 1164 2355 1220 ait
2383 1167 2681 1237 Apostolus
2719 1183 2730 1220 :
2776 1190 2792 1211 ι
2825 1165 2928 1233 Qui
2961 1165 3076 1220 sine
3107 1181 3280 1220 uxore
3327 1173 3431 1234 est,
3477 1166 3758 1222 sollicitus
3796 1175 3879 1224 est

2279 1269 2398 1325 qua
2428 1261 2558 1308 sunt
2587 1254 2828 1322 Domini,
2862 1253 3139 1326 quomodo
3185 1255 3396 1326 placeat
3443 1255 3556 1310 Deo
3592 1273 3604 1310 :
3641 1256 3739 1328 qui
3783 1273 3878 1311 au-

2279 1348 2386 1396 tem
2418 1359 2540 1397 cum
2576 1359 2746 1398 uxore
2775 1351 2878 1408 est,
2910 1343 3182 1399 sollicitus
3211 1353 3292 1399 est
3321 1359 3442 1416 qua
3470 1352 3601 1399 sunt
3657 1344 3875 1413 mundi,

2278 1432 2554 1502 quomodo
2579 1432 2788 1503 placeat
2816 1433 2978 1488 uxori
3013 1434 3072 1504 (I
3100 1433 3223 1488 Cor.
3257 1449 3356 1500 vn,
3390 1432 3477 1501 32,
3509 1433 3629 1506 33).
3663 1458 3680 1481 ι

2349 1527 2399 1582 li.
2446 1530 2608 1601 Ergo,
2643 1530 2856 1598 fratres,
2888 1530 3070 1586 videte
3101 1546 3169 1586 ne
3197 1531 3361 1586 vinea
3380 1539 3561 1586 vestra
3580 1547 3690 1586 non
3713 1548 3871 1600 uvas,

2277 1617 2366 1672 sed
2403 1617 2588 1690 spinas
2616 1620 2782 1675 faciat
2819 1638 2830 1675 :
2863 1637 2932 1675 ne
2967 1620 3248 1676 vindemia
3295 1628 3472 1676 vestra
3520 1637 3632 1676 non
3676 1621 3875 1677 vinum

2198 1726 2243 1784 B
2277 1706 2486 1775 atterat,
2555 1708 2646 1763 sed
2705 1719 2938 1765 acetum.
2999 1709 3261 1782 Quisquis
3311 1709 3462 1765 enim
3532 1709 3876 1766 vindemiam

2279 1794 2428 1867 legit,
2461 1807 2512 1852 et
2544 1799 2874 1870 pauperibus
2895 1816 3007 1854 non
3037 1798 3308 1871 largitur;
3369 1799 3463 1854 ille
3507 1807 3715 1855 acetum
3756 1801 3875 1856 col-

2279 1883 2418 1953 ligit,
2472 1902 2583 1939 non
2636 1887 2848 1941 vinum.
2901 1886 3162 1958 Quisquis
3230 1903 3434 1942 messes
3496 1885 3768 1954 recondit,
3820 1896 3873 1942 et

2276 1971 2652 2044 indigentibus
2680 1991 2792 2030 non
2825 1976 3122 2044 ministrat,
3155 1975 3255 2031 iste
3287 1991 3398 2032 non
3437 1975 3714 2032 alimonia
3743 1976 3873 2031 {ru-

2274 2070 2394 2116 ctus
2459 2064 2725 2134 reposuit,
2773 2065 2866 2120 sed
2916 2065 3152 2121 tribulos
3192 2065 3440 2121 avaritia
3497 2066 3866 2138 congregavit.

2273 2147 2407 2202 Nam
2476 2160 2762 2222 propterea
2821 2151 2897 2206 ait
2967 2153 3251 2225 Scriptura
3319 2152 3385 2208 de
3437 2161 3578 2208 terra
3617 2162 3806 2209 nostra
3853 2172 3864 2208 :

2274 2235 2528 2396 1«Spinas
2589 2246 2644 2294 et
2713 2239 2945 2298 tribulos
3007 2241 3339 2314 germinabit
3403 2241 3508 2297 tibi
3573 2243 3735 2313 (Gen.
3785 2259 3864 2310 ιιι,

2852 2445 3086 2504 SERMO
3143 2446 3288 2504 LIX.

2268 2531 2330 2586 In
2375 2531 2544 2586 natali
2588 2531 2753 2588 unius
2798 2534 3076 2607 Martyris,
3135 2536 3251 2592 sive
3293 2535 3506 2592 domini
3538 2539 3858 2595 Domitiani.

2268 2637 2575 2714 Hic_qser_mo
2631 2657 2740 2714 ana
2785 2659 2903 2697 cum
2947 2646 3275 2714 subsequenti
3327 2647 3546 2700 habetur
3588 2649 3648 2700 in
3693 2648 3859 2702 codice

2337 2711 2665 2783 Floriacensi
2689 2721 2808 2767 ante
2835 2733 3002 2770 annos
3044 2711 3190 2771 mille
3233 2725 3472 2783 exarata,
3519 2718 3610 2772 ubi
3645 2725 3695 2772 et
3744 2735 3855 2773 saa-

2337 2787 2414 2834 cto
2449 2781 2728 2859 A_mbrosio
2758 2787 3083 2859 assignatur.
3127 2781 3488 2844 Verumtamen
3541 2789 3686 2859 quod
3717 2791 3856 2857 illos,

2337 2869 2454 2928 enm
2491 2855 2736 2928 hactenus
2765 2855 2969 2924 fuerint
3010 2859 3214 2928 inediti,
3265 2860 3322 2914 in
3362 2862 3520 2914 lucem
3551 2855 3856 2914 emitti-mus

2335 2923 2611 2999 idcodicis
2648 2923 2960 2996 antiquitati
3006 2923 3516 2999 datum’voluimus,
3565 2949 3682 2986 cum
3731 2933 3858 2986 nihil

2335 2996 2559 3073 (labeant
2613 2999 3062 3073 Ambrosianum,
3110 3007 3170 3056 ut
3213 3003 3294 3058 vel
3341 3019 3405 3057 ea:
3454 2996 3634 3073 prima
3679 3020 3858 3059 eorum

2335 3065 2551 3121 lectione
2579 3069 2750 3137 quivis
2775 3078 3041 3140 agnoscat.

2335 3172 2384 3226 1.
2432 3173 2586 3228 Diem
2629 3175 2969 3234 celebramus
3028 3177 3212 3247 hodie,
3271 3179 3464 3236 fratres
3525 3179 3855 3246 charissimi,

2262 3259 2467 3315 mortui
2491 3259 2650 3331 justi,
2696 3271 2748 3318 et
2776 3282 2888 3320 non
2927 3274 3008 3322 est
3038 3265 3130 3323 hic
3166 3287 3176 3324 :
3211 3267 3257 3324 si
3298 3276 3479 3323 autem
3511 3269 3652 3324 scire
3691 3269 3858 3324 vultis

2263 3347 2355 3402 ubi
2385 3348 2477 3416 sit,
2509 3349 2838 3424 interrogate
2888 3355 3208 3419 lectionem,
3276 3373 3439 3428 quam
3490 3336 3669 3429 primo
3710 3357 3857 3413 audi-

2261 3437 2360 3491 stis
2395 3455 2404 3491 :
2453 3461 2471 3483 ‹
2500 3439 2686 3495 Justus
2715 3441 2761 3497 si
2793 3451 2965 3499 morte
2993 3453 3404 3516 praoccupalus
3454 3445 3644 3513 fuerit,
3675 3445 3736 3501 in
3767 3463 3856 3502 re-

2263 3524 2488 3595 frigerio
2515 3527 2620 3583 erit
2667 3530 2818 3601 (Sap.
2875 3548 2951 3596 ιν,
3006 3534 3082 3603 7).
3135 3557 3152 3581 ι
3214 3533 3581 3605 Refrigerium
3617 3535 3767 3589 enim
3801 3535 3854 3589 in

2263 3613 2372 3671 hoc
2401 3618 2626 3686 saculo,
2658 3620 2775 3688 cui,
2802 3621 2948 3677 unde
2980 3623 3005 3677 ?
3035 3623 3128 3679 ubi
3172 3625 3332 3696 plena
3362 3633 3491 3681 sunt
3535 3626 3722 3681 omnia
3752 3625 3857 3682 tri-

2261 3703 2639 3762 bulationibus
2697 3727 2708 3764 :
2775 3719 2829 3766 et
2890 3711 3108 3783 quando
3164 3713 3551 3770 tribulationes
3607 3725 3853 3787 parcunt,

2264 3795 2420 3866 plena
2454 3805 2584 3852 sunt
2612 3799 3028 3856 tentationibus.
3075 3803 3316 3860 Mundus
3365 3805 3515 3859 enim
3568 3804 3686 3870 iste,
3740 3805 3854 3860 sive

2265 3891 2540 3939 metuatur
2566 3886 2682 3941 sive
2712 3885 3046 3958 blandiatur,
3099 3891 3378 3961 timendus
3415 3901 3499 3949 est
3530 3912 3542 3950 :
3577 3893 3674 3949 sed
3716 3895 3855 3950 Deus

2263 3970 2524 4027 timeatur
2557 3991 2567 4028 :
2602 3982 2654 4030 et
2693 3978 2930 4034 mundus
2959 3980 3144 4050 potius
3166 3989 3576 4050 contemnatur,
3607 3991 3662 4038 et
3688 3985 3853 4055 magis

2264 4059 2336 4114 sit
2364 4061 2658 4119 cavendus.
2703 4067 2760 4121 Si
2797 4085 2922 4140 ergo
2970 4070 3226 4126 volumus
3282 4069 3338 4126 in
3387 4072 3675 4145 refrigerio
3722 4089 3852 4136 esse,

2264 4152 2483 4222 quando
2512 4171 2658 4211 mors
2688 4161 3173 4232 praoccupaverit,
3197 4161 3341 4232 justi,
3358 4162 3551 4218 simus.

2337 4242 2388 4298 2.
2421 4244 2583 4300 Forte
2619 4245 2756 4303 dicit
2783 4248 2984 4322 aliquis
3019 4268 3030 4305 :
3067 4251 3298 4305 Multum
3353 4258 3432 4306 est
3478 4251 3548 4306 ad
3601 4267 3708 4307 me.
3767 4254 3852 4308 At-

2266 4333 2556 4390 tendamus
2600 4337 2744 4392 enim
2790 4340 2938 4412 quod
2989 4341 3253 4413 scriptum
3306 4349 3387 4397 est
3445 4359 3458 4396 :
3519 4366 3537 4388 ι
3581 4343 3772 4399 Justus
3813 4343 3852 4398 si

567 4425 699 4483 dum
763 4426 1112 4499 cruciﬁgunt.
1182 4427 1336 4483 Unde
1391 4427 1470 4483 ait
1533 4428 1818 4499 Scriptura
1882 4434 2068 4483 sancta
2141 4445 2152 4481 :
2189 4446 2241 4506 D
2269 4430 2442 4477 morte
2475 4435 2882 4498 praoccupatus
2916 4427 3097 4495 fuerit,
3131 4429 3188 4483 in
3225 4429 3513 4502 refrigerio
3555 4433 3662 4486 erit
3695 4451 3707 4486 :
3748 4458 3765 4478 -
3808 4440 3853 4487 et

580 4539 600 4564 ι
627 4513 912 4573 Videbunt
971 4515 1030 4570 in
1072 4531 1234 4588 quem
1300 4524 1745 4588 compunxerunt
1795 4517 1976 4586 (Joan.
2037 4533 2156 4585 xxx,

567 4603 681 4676 37).
714 4628 733 4651 ι
1917 4675 1924 4682 _

647 4701 788 4759 471
837 4693 889 4752 3.
924 4694 1115 4766 Igitur,
1150 4693 1362 4761 fratres,
1405 4692 1588 4749 videte
1616 4711 1684 4750 ne
1712 4702 1766 4750 et
1811 4694 1968 4751 vobis
2013 4695 2156 4752 dica-

569 4803 660 4851 tur
701 4813 712 4850 :
759 4815 779 4841 ι
809 4793 1057 4850 Sustinui
1098 4802 1158 4850 ut
1184 4793 1383 4849 faceret
1422 4809 1606 4861 uvam,
1657 4793 1787 4849 fecit
1826 4803 2006 4850 autem
2051 4793 2154 4865 spi-

570 4901 667 4942 nas
697 4885 832 4958 (Isa.
855 4901 910 4953 v,
944 4884 1000 4955 2)
1033 4903 1046 4951 ;
1095 4909 1112 4931 ι
1155 4875 1264 4940 hoc
1303 4891 1403 4951 est,
1439 4901 1506 4939 ne
1543 4884 1728 4955 spinas
1759 4900 1892 4955 quas
1921 4884 2155 4938 Domino

567 4973 742 5031 Judai
779 4974 1024 5030 cruentis
1072 4972 1452 5046 imposuerunt
1493 4973 1764 5038 manibus,
1805 4987 1906 5026 nos
1951 4971 2156 5044 iniquis

566 5063 818 5120 sensibus
858 5079 1213 5136 apponamus,
1273 5069 1327 5118 et
1373 5077 1802 5133 compungamus
1865 5075 1988 5114 eum
2045 5078 2154 5117 non

565 5151 855 5225 asperitate
895 5150 1174 5220 sentium,
1235 5149 1332 5206 sed
1387 5166 1611 5222 operum
1671 5147 1956 5219 pravitate.
2019 5150 2157 5207 Sunt

565 5240 714 5299 enim
745 5239 915 5313 spina
935 5238 1138 5305 cordis,
1165 5255 1285 5312 qua
1317 5238 1560 5294 Verbum
1609 5236 1708 5292 Dei
1755 5236 1917 5292 etiam
1967 5239 2155 5295 vulne-

562 5345 682 5388 rare
713 5335 1140 5402 consueverunt,
1170 5327 1237 5384 de
1266 5325 1468 5400 quibus
1515 5324 1770 5381 meminit
1806 5326 1864 5380 in
1912 5327 2156 5399 Evange-

557 5520 752 5644 m(93)
786 5519 973 5580 Codex
1019 5516 1250 5588 Theod.,
1295 5524 1614 5574 exoneratur
1654 5519 1867 5576 sarcina
1908 5526 2158 5591 peccato-

629 5607 700 5644 τη.

629 5607 700 5647 m.

2267 4525 2393 4564 cum
2443 4515 2760 4584 quarimus,
2804 4516 2937 4588 quid
2989 4519 3061 4574 sit
3097 4517 3298 4590 justus,
3351 4528 3521 4575 terret
3571 4538 3673 4578 nos
3723 4523 3853 4594 psal-

2271 4617 2435 4658 mus:
2480 4630 2497 4652 ι
2528 4607 2719 4661 Omnis
2760 4607 2925 4664 homo
2974 4609 3213 4665 mendax
3264 4612 3437 4683 (Psal.
3487 4629 3639 4680 cxvr,
3681 4614 3798 4685 Il).
3827 4638 3841 4659 ι

2268 4691 2572 4748 Audiamus
2603 4694 2804 4750 librum
2835 4697 3144 4769 Sapientia.
3180 4725 3197 4747 ι
3226 4700 3414 4756 Justus
3443 4701 3488 4756 si
3521 4709 3697 4758 morte
3731 4718 3854 4775 pra-

2269 4790 2566 4852 occupatus
2621 4783 2804 4853 fuerit,
2865 4787 2923 4841 in
2978 4789 3264 4860 refrigerio
3305 4791 3447 4857 erit;
3508 4816 3526 4838 ι
3569 4791 3856 4846 audiamus

2269 4871 2536 4940 psalmum
2574 4891 2585 4928 :
2633 4897 2650 4920 ι
2681 4875 2795 4946 Ego
2838 4876 2957 4932 dixi
2988 4878 3045 4933 in
3073 4895 3298 4935 excessu
3336 4880 3535 4935 mentis
3565 4897 3721 4948 mea,
3750 4896 3853 4936 om-

2267 4960 2354 5016 nis
2385 4961 2549 5019 horno
2579 4966 2813 5021 mendax
2845 4969 3034 5038 (Ibid.)
3065 4993 3082 5014 ι
3117 4969 3397 5041 Numquid
3425 4981 3651 5026 sanctus
3678 4970 3855 5026 Domi-

2267 5049 2452 5106 tianus
2483 5069 2590 5108 non
2622 5063 2736 5110 erat
2766 5054 2930 5110 homo
2960 5057 2987 5111 ?
3017 5056 3073 5112 Si
3103 5073 3229 5128 ergo
3251 5057 3417 5112 homo
3446 5065 3580 5126 erat,
3616 5068 3669 5113 et
3693 5058 3857 5111 omnis

2267 5141 2417 5196 homo
2473 5146 2699 5199 mendax
2725 5164 2744 5211 ,-
2797 5147 3072 5218 quomodo
3120 5146 3302 5218 justus
3359 5154 3494 5215 erat,
3527 5148 3574 5203 si
3625 5148 3855 5204 mendax

2268 5239 2384 5286 erat
2412 5232 2440 5288 ?
2461 5240 2554 5289 aut
2583 5235 2860 5307 quomodo
2890 5236 2947 5292 in
2975 5235 3252 5309 refrigetio
3283 5243 3383 5306 est,
3437 5237 3485 5292 si
3520 5237 3708 5310 justus
3752 5251 3855 5292 non

2268 5328 2384 5377 erat
2405 5320 2432 5376 Ὺ

2342 5522 2459 5604 (95)
2492 5521 2873 5604 Idem-codex
2905 5521 3136 5604 Theod.,
3171 5520 3528 5604 loquelaqpar,
3568 5528 3618 5579 et
3661 5527 3851 5578 natura

2267 5592 2457 5648 altera.
2491 5596 2560 5649 Et
2588 5593 2751 5663 infra,
2783 5602 2876 5651 aut
2897 5592 3261 5667 imprudentia
3281 5592 3514 5668 contigit.
