4020 6200
236 287 331 349 749

1029 280 1398 339 SERMONES
1435 280 1491 336 S.
1534 277 1887 337 AMBROSIO
1929 276 2303 335 HACTENUS
2346 276 2683 334 ASCRIPTI.

3415 279 3517 337 750

300 412 350 470 3.
388 409 752 467 Attendamus
805 421 954 478 ergo,
1013 403 1346 472 charissimi,
1406 402 1670 459 habemus
1718 402 1822 457 ista
1851 404 1902 461 A
1932 401 2075 456 lunae
2133 408 2411 456 crementa
2455 400 2892 472 detrimentaque
2940 413 3151 454 menses
3196 397 3519 471 implentur,

232 498 558 571 cogitatione
580 497 742 568 plena
777 493 1043 550 testibus:
1073 510 1184 548 non
1215 509 1443 566 parvum
1476 491 1819 564 refrigerium

231 586 284 641 in
311 601 395 652 eo,
418 584 567 658 quod
594 583 851 640 audimus
873 584 1198 654 Apostolum
1231 582 1503 638 dicentem
1531 598 1540 636 :
1581 604 1599 627 ι
1623 579 1823 635 Adhuc

230 675 371 730 enim
403 673 659 730 Christus
689 679 942 727 mortuus
971 679 1072 738 est,
1119 679 1180 725 ut
1209 678 1264 726 et
1294 672 1550 725 vivorum
1583 678 1638 725 et
1668 685 1825 723 mor—

229 770 450 818 tuorum
503 759 852 828 dominetur;
909 767 987 825 et,
1038 761 1156 814 sive
1200 759 1349 814 enim
1397 760 1664 824 vivimus,
1709 756 1825 812 sive

230 854 522 922 morimur,
552 853 775 910 Domini
806 855 996 908 $11th
1029 853 1348 918 (Rom.x1v,
1371 851 1424 914 8,
1447 851 1528 922 9).
1555 873 1573 896 ι
1617 849 1716 904 Ille
1746 856 1827 903 est

221 942 429 1014 justus,
460 959 570 998 non
601 942 792 1013 perdet
822 957 950 996 suos
984 958 994 996 :
1029 939 1166 995 certi
1197 956 1389 994 sumus
1418 938 1546 1010 quia
1575 937 1828 994 Christus

225 1048 337 1088 non
370 1041 487 1088 erat
519 1031 776 1087 mendax.
832 1029 1088 1086 Christus
1117 1029 1287 1084 homo
1317 1037 1370 1083 et
1400 1044 1510 1082 non
1543 1025 1776 1081 mendax
1811 1042 1823 1079 :

227 1120 508 1192 quomodo
527 1136 654 1192 ergo
687 1120 871 1175 omnis
891 1119 1057 1174 homo
1089 1117 1328 1172 mendax
1349 1116 1378 1172 ‘I
1407 1115 1547 1182 Quia
1575 1113 1840 1193 Christus

227 1210 310 1265 sic
338 1209 527 1276 homo,
578 1217 641 1264 ut
669 1225 780 1264 non
816 1209 996 1263 solum
1029 1207 1216 1262 homo.
1250 1207 1349 1261 Ille
1379 1204 1487 1259 nisi
1518 1211 1571 1258 et
1603 1205 1748 1258 Deus
1777 1210 1830 1257 et

231 1296 403 1352 homo
438 1305 599 1365 esset,
633 1297 871 1352 mendax
900 1303 1059 1351 esset.
1095 1294 1242 1349 Talis
1271 1309 1397 1365 ergo
1427 1299 1479 1347 et
1521 1299 1703 1346 tantus
1731 1305 1830 1361 pro

229 1384 394 1439 nobis
424 1393 677 1440 mortuus
705 1392 804 1452 est,
836 1391 888 1438 et
928 1389 1162 1437 mortem
1205 1373 1469 1436 timemus
1487 1379 1514 1435 ?
1548 1376 1831 1434 Praecessit

227 1479 284 1528 et
310 1472 641 1542 resurrexit,
663 1472 781 1545 ejus
809 1471 1054 1527 membra
1078 1487 1291 1538 sumus,
1313 1477 1367 1525 et
1388 1477 1552 1540 caput
1580 1473 1829 1523 nostrum

227 1562 530 1634 sequimur.

297 1650 352 1707 4.
392 1651 530 1706 Nam
561 1659 616 1707 et
642 1649 756 1722 ipse
799 1650 1049 1706 Psalmus
1090 1650 1409 1706 consolatur
1438 1664 1537 1703 nos
1572 1665 1583 1703 :
1643 1673 1658 1693 -
1688 1644 1833 1712 Quid

1930 489 2060 544 dum
2099 505 2196 561 per
2225 488 2544 561 quadrigam
2576 497 2883 560 temporum
2915 487 2983 542 ad
3012 498 3210 544 metam
3240 505 3390 544 suam
3424 506 3524 543 ro-

1932 578 2060 632 tatis
2083 578 2282 633 axibus
2327 594 2506 632 annus
2541 576 2729 649 auriga
2772 576 3130 648 perducitur;
3183 577 3524 647 resplenduit

1935 668 2091 721 laetus
2118 665 2283 736 hujus
2311 666 2484 722 sancti
2516 665 2772 737 Martyris
2800 665 2936 733 dies,
2969 682 3076 738 quo
3102 665 3245 720 inter
3275 667 3526 720 inimicas

1934 753 2076 810 acies
2105 754 2401 810 bellicosus
2442 755 2745 822 exsultans,
2793 763 3022 810 cunctos
3052 755 3235 809 hostes
3284 753 3439 819 vicit,
3472 760 3526 808 et

1934 843 2002 898 ad
2031 859 2197 914 regna
2225 843 2330 899 sibi
2360 844 2545 899 debita
2573 844 2907 915 properavit.

2006 939 2057 994 2.
2099 941 2197 995 Est
2226 941 2449 1013 quidem
2479 957 2693 1012 semper
2724 943 2777 996 in
2811 941 3040 1013 ancipiti
3077 942 3373 998 certamine
3409 961 3528 999 sus-

1937 1038 2092 1099 pecta
2112 1029 2347 1084 victoria
2362 1046 2485 1086 cum
2509 1030 2566 1085 in
2589 1031 2929 1086 venerandos
2951 1039 3219 1102 martyres
3242 1041 3336 1088 aut
3358 1032 3532 1103 judex

1937 1116 2094 1171 saevit
2121 1123 2215 1171 aut
2253 1116 2502 1172 carnifex
2533 1117 2753 1183 fremit;
2804 1125 2858 1171 et
2903 1135 3053 1174 nunc
3099 1120 3331 1191 gladius,
3386 1137 3534 1179 nunc

1939 1204 2071 1270 fera,
2097 1220 2245 1258 nunc
2275 1204 2515 1272 ﬂamma,
2545 1221 2691 1259 nunc
2720 1212 2990 1261 tormenta
3025 1207 3321 1275 timentur;
3355 1217 3409 1263 at
3439 1209 3534 1264 ubi

1939 1291 2166 1348 loricam
2211 1291 2341 1347 fidei
2383 1293 2545 1348 virile
2588 1301 2776 1369 pectus
2802 1295 3179 1365 assumpserit,
3231 1312 3340 1351 non
3371 1298 3538 1353 sentit

1939 1381 2157 1437 animus
2191 1382 2369 1448 fortis,
2416 1383 2687 1455 quidquid
2727 1383 3017 1456 ingesserit
3062 1402 3214 1441 mens
3245 1385 3487 1442 crudelis
3521 1405 3544 1443 τ

1941 1477 2047 1524 stat
2092 1470 2235 1524 inter
2281 1470 2435 1542 ignes
2476 1472 2701 1540 illaesus,
2750 1473 2896 1528 inter
2943 1473 3144 1530 bestias
3181 1485 3233 1530 et
3268 1483 3540 1532 tormenta

1940 1559 2193 1626 validus;
2230 1559 2514 1616 securibus
2544 1562 2717 1633 magis
2746 1563 2999 1632 solvitur,
3036 1581 3197 1636 quam
3230 1574 3537 1621 truncatur.

1941 1647 2046 1702 Sed
2077 1656 2210 1703 tunc
2249 1647 2425 1705 donec
2471 1649 2538 1704 ad
2589 1667 2908 1722 prosperum
2958 1653 3122 1708 ﬁnem
3169 1653 3345 1710 felicis
3393 1654 3542 1710 horae

234 1740 540 1796 retribuam
571 1738 812 1794 Domino
842 1755 940 1810 pro
963 1737 1243 1805 omnibus,
1270 1753 1391 1809 quas
1409 1735 1666 1791 retribuit
1697 1732 1831 1788 mihi
1863 1757 1908 1815 Β
1944 1753 2124 1809 pugna
2145 1738 2382 1807 veniret,
2410 1739 2812 1796 hmsitabatura
2834 1742 3165 1797 Christianis
3184 1751 3236 1797 et
3254 1744 3541 1799 funereum

232 1832 410 1903 (Psal.
444 1847 575 1897 cxv,
607 1829 696 1900 12)
718 1829 746 1884 ?
784 1853 802 1875 ι
865 1829 964 1884 Ille
995 1827 1130 1900 quid
1159 1827 1305 1884 dixit
1335 1845 1346 1882 ;
1413 1852 1432 1875 ι
1469 1828 1586 1898 Ego
1624 1825 1742 1881 dixi
1777 1824 1834 1878 in

227 1935 463 1977 excessu
511 1919 712 1974 mentis
763 1933 915 1986 meae,
966 1917 1147 1973 omnis
1184 1917 1353 1972 homo
1399 1916 1636 1970 mendax
1671 1913 1832 1982 (Ibid.

231 2009 352 2079 11).
387 2033 406 2057 ι
468 2009 645 2062 Homo
687 2007 924 2062 mendax
962 2005 1163 2078 gratias
1210 2005 1323 2076 agit
1354 2003 1613 2069 Domino,
1644 2010 1698 2056 et
1727 2017 1837 2055 non

229 2097 454 2154 invenit
475 2096 622 2170 quod
657 2096 741 2151 illi
758 2095 1028 2157 retribuat
1058 2111 1156 2166 pro
1185 2095 1354 2150 tantis
1382 2092 1685 2169 beneﬁciis,
1718 2107 1838 2163 quae

234 2186 304 2242 ab
337 2187 438 2241 illo
471 2186 701 2258 accepit.
751 2183 895 2252 Quid
940 2184 1088 2238 enim
1120 2183 1188 2239 ab
1227 2184 1326 2238 illo
1364 2182 1668 2254 accipimus
1711 2196 1836 2236 cum

228 2276 536 2350 quaerimus
569 2275 707 2346 quid
751 2273 1138 2339 retribuamus,
1182 2281 1236 2328 et
1283 2289 1394 2328 non
1443 2268 1840 2326 inveniemus?

230 2367 354 2422 Non
398 2380 639 2430 eramus,
687 2371 741 2419 et
770 2363 979 2419 creavit
1014 2378 1147 2429 nos;
1194 2378 1304 2418 non
1345 2369 1756 2432 erantvpecora,
1787 2366 1841 2413 et

233 2452 451 2512 creavit
482 2468 677 2524 pecora
713 2470 724 2508 :
773 2451 1010 2522 amplius
1047 2449 1194 2523 quod
1241 2449 1312 2505 ad
1359 2449 1652 2521 imaginem
1684 2463 1838 2502 suam

245 2545 380 2602 fecit
400 2560 509 2599 nos
532 2561 546 2609 ;
574 2543 931 2615 perieramus,
952 2551 1006 2598 et
1021 2541 1276 2614 quaesivit
1296 2557 1396 2595 nos
1422 2558 1433 2595 :
1458 2546 1688 2594 mortem
1711 2537 1839 2593 Filii

240 2633 328 2689 sui
359 2632 565 2704 pignus
595 2631 748 2687 dedit
787 2629 966 2698 nobis,
1003 2638 1057 2686 et
1084 2630 1253 2684 vitam
1303 2629 1432 2684 Filii
1463 2628 1546 2684 sui
1588 2626 1842 2699 promisit

241 2721 428 2790 nobis,
482 2720 549 2776 ab
579 2719 839 2776 omnibus
885 2718 1120 2792 peccatis
1168 2718 1371 2774 nostris
1417 2716 1475 2772 in
1517 2717 1843 2788 baptismate

235 2809 474 2867 salutari
506 2808 797 2864 inundavit
838 2824 979 2874 nos;
1021 2811 1167 2868 472
1213 2813 1266 2862 et
1310 2805 1440 2878 quia
1481 2804 1573 2860 hic
1602 2803 1843 2858 vivendo

239 2915 436 2979 postea
465 2905 846 2962 contraximus
895 2905 1039 2977 quod
1070 2904 1376 2960 dimitteret
1402 2923 1414 2970 ;
1464 2913 1526 2959 ut
1555 2904 1802 2959 dicamus
1830 2919 1840 2956 :

254 3019 274 3043 ι
301 2995 378 3049 Et
406 2993 627 3049 dimitte
657 2993 816 3049 nobis
844 2992 1028 3048 debita
1072 3000 1258 3047 nostra
1290 2991 1502 3062 (Matth.
1536 3007 1615 3057 Vl,
1647 2989 1736 3058 12)
1765 3007 1778 3055 ;
1813 3010 1831 3035 ›

1946 1830 2318 1898 spectaculum
2352 1829 2496 1885 inter
2516 1830 2777 1885 athletam
2811 1829 3017 1887 Christi
3049 1839 3100 1886 et
3131 1833 3416 1888 ministros
3441 1833 3542 1888 ini-

1947 1917 2078 1972 mici
2107 1916 2324 1988 pavidis
2355 1918 2669 1989 pectoribus
2697 1927 2751 1974 et
2776 1919 3029 1991 fugitivis
3044 1920 3332 1976 obtutibus
3359 1923 3546 1993 explo-

1948 2005 2141 2059 rabant
2163 2023 2177 2071 ;
2202 2021 2268 2060 ne
2297 2007 2514 2061 vulneri
2540 2007 2798 2062 timidum
2823 2017 3033 2080 martyr
3050 2008 3177 2063 ﬁdei
3199 2010 3353 2064 daret
3380 2010 3543 2078 latus,

1948 2109 2017 2149 ne
2043 2110 2179 2165 quos
2208 2093 2444 2166 impetus
2466 2097 2756 2152 saevientes
2784 2097 3065 2168 eﬂ‘ugeret,
3085 2114 3152 2152 ne
3174 2100 3261 2153 vel
3286 2099 3548 2154 latrantes

1949 2182 2094 2238 inter
2125 2190 2396 2238 tormenta
2427 2183 2712 2240 carniﬁces
2743 2185 2945 2239 teneris
2980 2185 3228 2241 sensibus
3273 2185 3549 2241 exhorre-

1949 2279 2050 2326 ret.
2089 2271 2366 2328 Pendebat
2399 2273 2622 2328 interim
2653 2289 2856 2329 corona
2881 2273 2948 2329 de
2974 2275 3112 2330 coelo
3144 2275 3278 2329 liliis
3308 2275 3546 2345 angelo-

1949 2378 2069 2416 rum
2090 2371 2144 2418 et
2173 2362 2311 2418 rosis
2333 2362 2400 2418 de
2417 2379 2577 2420 cruce
2595 2373 2649 2420 et
2672 2365 2935 2437 sanguine
2958 2364 3164 2420 Christi
3189 2364 3550 2420 vernantibus

1952 2450 2268 2518 intertexta,
2303 2461 2618 2525 sertumque
2647 2455 2863 2510 caeleste
2908 2455 3064 2510 vario
3092 2455 3287 2510 decore
3317 2454 3546 2525 pictum,

1953 2545 2215 2611 tanquam
2246 2539 2494 2597 ﬂorentis
2529 2542 2670 2612 prati
2712 2541 3076 2598 diversicolor
3121 2543 3288 2599 facies
3317 2544 3551 2614 desuper

1953 2627 2217 2684 radiabat.

2024 2724 2075 2779 3.
2111 2723 2393 2795 Pugnabat
2423 2723 2592 2795 igitur
2613 2725 2769 2780 miles
2799 2725 2920 2793 Dei,
2943 2734 2996 2780 et
3023 2724 3149 2795 ﬁde,
3182 2742 3294 2781 non
3324 2741 3550 2797 corpore

1954 2813 2304 2884 conﬂigebat.
2337 2812 2478 2868 Hinc
2499 2813 2567 2869 de
2589 2813 2702 2867 vita
2722 2814 3106 2870 blandiebatur
3127 2815 3386 2882 mundus,
3419 2814 3550 2870 hinc

1955 2905 2024 2960 de
2070 2912 2245 2958 morte
2283 2904 2540 2959 terrebat.
2599 2899 2968 2961 Excitabatur'
3009 2906 3067 2961 in
3115 2907 3213 2961 illo
3259 2906 3549 2963 conﬂictus

1955 3008 2134 3047 caecus
2182 3008 2358 3047 arenae
2389 2993 2594 3064 pulvis,
2642 2993 2734 3049 sed
2784 2995 2967 3051 claudi
3003 3011 3111 3050 non
3145 2995 3325 3066 potuit
3353 2996 3547 3050 oculus

241 3083 444 3140 docuit
475 3097 594 3138 nos.
645 3081 845 3136 Totum
892 3079 1186 3135 inundavit
1226 3081 1285 3134 in
1330 3078 1626 3150 baptizato,
1665 3084 1844 3131 totum
1881 3115 1924 3173 ϐ
1958 3080 2304 3136 confessoris.
2356 3080 2662 3137 Videbatur
2707 3084 3020 3155 utrobique,
3053 3092 3106 3138 et
3153 3085 3289 3156 quid
3333 3091 3547 3154 pararet

242 3171 549 3228 mundavit
593 3170 649 3223 in
689 3177 880 3224 renato
927 3168 1196 3234 vivente;
1253 3184 1363 3222 non
1409 3167 1634 3238 reliquit
1684 3167 1845 3233 mori,

199 3287 202 3290 '
236 3280 358 3322 non
392 3262 668 3334 permittit
699 3259 860 3327 mori,
894 3259 1018 3314 dico
1047 3259 1106 3314 in
1137 3266 1378 3331 peccato,
1406 3275 1525 3332 quae
1557 3274 1703 3312 mors
1739 3272 1846 3310 ma-

239 3354 402 3424 ligna
432 3360 488 3406 et
517 3358 721 3405 aeterna
749 3357 832 3404 est
860 3367 871 3405 :
898 3356 1154 3405 vocatum
1186 3357 1390 3416 monet,
1423 3348 1670 3414 instruit,
1696 3345 1850 3416 adju-

237 3448 363 3508 vat,
386 3438 650 3511 ignoscit,
683 3437 898 3493 liberat.
939 3463 956 3483 ι
983 3437 1125 3504 Quid
1154 3437 1452 3492 retribuam
1489 3436 1723 3490 Domino
1754 3450 1851 3505 pro

242 3529 516 3590 omnibus
543 3545 662 3601 quae
693 3527 950 3584 retribuit
985 3527 1174 3583 mihi?
1202 3552 1220 3574 ι
1265 3527 1408 3594 Quid
1440 3525 1599 3593 dicis,
1632 3524 1800 3580 homo
1826 3524 1854 3580 ?

240 3620 384 3695 quid
416 3618 505 3674 vis
533 3616 881 3673 retribuere?
910 3615 1190 3689 Quidquid
1221 3614 1519 3683 inveneris,
1545 3614 1612 3670 ab
1642 3613 1740 3668 illo
1769 3629 1854 3672 ac-

249 3708 479 3783 cepisti.

315 3796 376 3852 ὄ.
422 3793 692 3852 Venimus
735 3807 882 3866 ergo,
920 3794 1195 3863 venimus,
1241 3793 1286 3850 si
1316 3809 1386 3849 ex
1423 3791 1531 3848 fide
1561 3791 1853 3857 vivamus;

243 3892 386 3942 tunc
417 3882 568 3939 enim
595 3882 735 3955 justi
765 3884 992 3952 erimus,
1031 3881 1160 3956 quia
1222 3909 1240 3932 ‹
1265 3882 1447 3954 justus
1477 3898 1545 3937 ex
1575 3880 1682 3936 ﬁde
1712 3879 1856 3936 vivit

247 3974 486 4048 (Habac.
517 3989 577 4040 ii,
599 3973 682 4045 li).
716 3997 734 4020 ι
774 3972 1076 4030 Veniemus
1105 3988 1232 4044 ergo
1254 3971 1322 4027 ad
1351 3972 1502 4026 illam
1550 3969 1856 4025 mercedem

245 4080 371 4137 quae
418 4061 653 4135 aequalis
699 4061 804 4118 erit
843 4060 1121 4116 omnibus.
1172 4061 1331 4116 Pueri
1381 4059 1632 4125 credunt,
1682 4057 1859 4129 prima

245 4151 386 4208 hora
429 4157 755 4207 venerunt:
809 4149 1181 4206 adolescentes
1223 4148 1475 4215 credunt,
1523 4147 1683 4202 tertia
1726 4147 1858 4202 hora

245 4248 536 4298 venerunt
567 4257 578 4294 :
627 4237 859 4310 juvenes
888 4236 1140 4305 credunt,
1191 4245 1346 4292 sexta
1375 4235 1511 4290 hora
1547 4243 1854 4302 venerunt;

247 4331 544 4404 graviores
574 4327 826 4394 credunt,
874 4342 1018 4381 nona
1064 4323 1200 4381 hora
1226 4332 1499 4380 venerunt
1536 4341 1546 4378 :
1597 4323 1860 4395 decrepiti

247 4419 521 4486 credunt,
569 4417 875 4473 novissima
915 4415 1048 4471 hora
1078 4423 1368 4470 venerunt.
1419 4413 1664 4469 Diversis
1710 4412 1861 4467 horis

256 4513 570 4574 venerunt,
603 4513 656 4560 et
685 4505 990 4561 mercedem
1022 4519 1186 4560 unam
1219 4508 1565 4574 acceperunt.
1617 4501 1706 4557 Sic
1735 4501 1865 4556 facti

252 4606 390 4655 sunt
421 4594 723 4652 novissimi
753 4594 940 4666 primi,
959 4603 1013 4650 et
1032 4593 1198 4666 primi
1217 4591 1537 4657 novissimi;
1575 4590 1867 4672 quiaquod

253 4693 599 4759 acceperunt
625 4683 812 4756 primi,
837 4683 943 4739 hoc
972 4691 1299 4756 acceperunt
1327 4680 1618 4737 novissimi
1651 4671 1863 4749 (Matth.

255 4791 360 4844 xx,
384 4775 509 4845 19).
543 4772 686 4840 Quid
710 4780 788 4828 est
811 4771 925 4843 ipse
948 4771 1206 4828 denarius
1223 4772 1252 4828 ‘I
1287 4771 1414 4826 Vita
1439 4779 1660 4826 aeterna.
1693 4770 1869 4835 Quare

260 4863 502 4937 aequalis
535 4871 618 4918 est
667 4861 971 4917 omnibus?
1019 4861 1158 4928 Quia
1202 4860 1278 4916 ibi
1323 4876 1484 4915 nemo
1536 4859 1678 4914 vivit
1724 4858 1864 4929 plus,

260 4967 436 5008 nemo
472 4950 679 5006 minus.
704 4949 789 5004 Ad
819 4949 924 5006 hoc
947 4949 1261 5020 tendamus,
1287 4947 1344 5001 in
1375 4947 1610 5002 Domino
1630 4945 1869 5002 conﬁda-

263 5057 414 5108 mus,
455 5039 633 5095 vitam
665 5037 987 5095 tentationis
1030 5037 1347 5104 evadamus,
1391 5036 1562 5092 vitam
1591 5035 1872 5093 felicitatis

260 5128 573 5186 habeamus
586 5170 597 5184 .

649 5245 782 5302 Item
814 5244 995 5300 Sermo
1024 5243 1086 5298 de
1113 5259 1218 5298 uno
1244 5248 1497 5314 martyre.

343 5353 399 5410 1.
443 5351 574 5410 Dies
625 5352 910 5420 solemnis,
966 5351 1200 5407 illustris
1254 5350 1370 5406 dies
1420 5349 1630 5423 patriae,
1683 5348 1876 5405 decore

268 5441 531 5515 angelico
561 5440 770 5510 nitens,
817 5440 1118 5498 hodiernus
1147 5439 1375 5509 effulsit,
1426 5457 1587 5512 quem
1618 5438 1876 5511 martyris

270 5530 452 5604 hujus
481 5530 685 5588 ﬂorens
722 5547 928 5589 corona
966 5529 1214 5588 vestivit.
1257 5531 1399 5586 Dum
1446 5545 1542 5601 per
1572 5527 1732 5584 horas
1761 5527 1878 5582 dies

272 5619 589 5691 evolvitur,
639 5619 773 5680 dum
817 5636 913 5693 per
958 5619 1107 5680 vices
1152 5619 1366 5678 dierum
1409 5634 1472 5679 ac
1515 5618 1785 5689 noctium,
1827 5623 1881 5673 et

1958 3170 2123 3236 Deus,
2156 3179 2210 3224 et
2240 3169 2374 3240 quid
2418 3179 2640 3240 cuperet
2671 3172 2950 3228 inimicus.
3005 3174 3233 3228 Scutum
3284 3174 3367 3227 illi
3416 3189 3552 3244 pro-

1962 3257 2215 3312 tectionis
2246 3258 2498 3313 Christus
2541 3267 2691 3325 erat;
2750 3261 2955 3331 galeam
2987 3261 3182 3316 salutis
3225 3262 3308 3316 illi
3360 3277 3554 3315 manus

1961 3348 2280 3418 angelorum
2309 3348 2600 3403 effecerant
2624 3367 2637 3416 ;
2675 3350 2900 3404 loricam
2931 3351 3201 3420 triplicem
3226 3367 3368 3405 unus
3389 3353 3551 3418 Deus,

1963 3452 2074 3490 una
2100 3435 2256 3504 ﬁdes,
2313 3453 2484 3491 unum
2535 3438 2619 3491 illi
2663 3438 2934 3510 baptisma
2968 3439 3306 3505 fabricabat;
3345 3439 3558 3509 gladius

1964 3523 2118 3578 illius
2139 3524 2379 3595 Spiritus
2399 3535 2623 3581 sanctus
2640 3533 2776 3593 erat,
2795 3527 3070 3582 daemones
3099 3528 3414 3599 pugnabant
3436 3527 3558 3582 telis
3589 3520 3598 3533 ’

1964 3610 2100 3678 suis,
2124 3611 2226 3667 iste
2246 3612 2388 3678 suis;
2422 3611 2506 3666 illi
2528 3613 2722 3683 nigris,
2745 3614 2846 3668 iste
2875 3616 3044 3668 armis
3062 3615 3402 3686 fulgentibus
3430 3629 3556 3670 con-

1965 3699 2208 3771 ﬂigebat.
2236 3700 2512 3755 Tuebatur
2532 3703 2726 3773 clypeo
2743 3701 2871 3756 ﬁdei
2898 3703 3137 3757 animam
3158 3719 3334 3768 suam,
3358 3719 3558 3775 corpus

1965 3789 2270 3844 seminabat
2295 3789 2352 3844 in
2377 3798 2577 3846 terram
2601 3809 2614 3858 ;
2667 3792 2876 3863 rigabat
2906 3809 3022 3847 eam
3051 3793 3314 3865 sanguine
3343 3809 3462 3859 suo,
3495 3800 3558 3847 ut

1965 3877 2178 3935 fructus
2197 3878 2256 3933 in
2279 3880 2679 3936 resurrectione
2697 3881 3034 3952 multiplices
3057 3883 3275 3937 oﬁ‘erret
3293 3883 3406 3936 Deo
3433 3897 3554 3936 suo.

2038 3980 2090 4035 4.
2138 4004 2156 4026 ι
2181 3980 2287 4048 Qui
2315 3981 2609 4050 seminant,
2638 3983 2840 4055 inquit,
2875 3984 2934 4038 in
2964 3983 3244 4056 lacrymis,
3272 3983 3331 4036 in
3361 3980 3559 4052 gaudio

1967 4076 2194 4124 metent.
2233 4070 2443 4125 Euntes
2490 4069 2644 4125 ibant
2689 4078 2742 4124 et
2782 4069 3006 4137 ﬂebant,
3041 4071 3322 4122 mittentes
3350 4067 3562 4120 semina

1968 4174 2097 4224 sua;
2150 4159 2434 4214 venientes
2475 4167 2656 4214 autem
2687 4158 2911 4212 venient
2941 4158 2999 4212 in
3025 4155 3412 4223 exsultatione,
3443 4155 3563 4208 tol-

1970 4247 2142 4301 lentes
2175 4248 2486 4318 manipulos
2514 4264 2642 4302 suos
2678 4248 2851 4316 (Psal.
2883 4263 3050 4312 cxxv,
3074 4246 3154 4314 ὕ).
3189 4270 3206 4292 ι
3250 4243 3562 4305 Eﬂluebant

1969 4341 2123 4403 tunc,
2153 4335 2491 4391 certantibus
2537 4334 2760 4401 sanctis,
2814 4334 3070 4404 lacrymae
3115 4331 3386 4400 ﬁdelium,
3429 4346 3564 4403 quas

1971 4426 2144 4497 pietas
2173 4426 2526 4498 provocabat,
2576 4425 2750 4481 donec
2777 4423 2974 4480 incerti
3013 4431 3240 4478 eventus
3269 4421 3565 4495 periculosi

1975 4514 2294 4571 certaminis
2341 4529 2448 4585 qua
2497 4522 2799 4585 vergerent,
2844 4522 3183 4585 apparerent.
3235 4512 3567 4568 Excutiebat

1975 4603 2199 4674 injustas
2234 4603 2632 4675 persecutionis
2683 4602 2841 4657 dolor
2887 4602 3266 4658 lamentabiles
3295 4603 3476 4670 ﬂetus,
3514 4609 3566 4656 et

1979 4693 2354 4765 unusquisque
2407 4691 2867 4759 Christianornm,
2903 4691 3050 4763 quod
3096 4692 3154 4746 in
3185 4693 3293 4746 alio
3323 4691 3566 4754 videbat,

1979 4781 2036 4835 in
2071 4798 2128 4836 se
2159 4781 2387 4836 timebat
2412 4800 2425 4848 ;
2459 4791 2512 4835 et
2541 4781 2669 4835 licet
2696 4781 2860 4836 sciret
2889 4781 3063 4835 beatis
3089 4780 3429 4853 martyribus
3460 4780 3570 4851 glo-

1980 4872 2118 4926 riam
2171 4872 2227 4926 in
2276 4870 2430 4927 cmlis
2475 4887 2590 4925 esse
2635 4878 2897 4940 paratam,
2947 4879 3131 4926 tamen
3177 4870 3321 4925 inter
3373 4869 3571 4923 dubios

1980 4961 2270 5032 variosque
2310 4959 2512 5027 exitus,
2573 4959 3023 5029 impendentibus
3060 4958 3334 5026 tristibus,
3373 4957 3572 5013 animis

1981 5053 2213 5109 delicata
2241 5051 2478 5108 charitas
2505 5067 2718 5105 amaras
2747 5051 3016 5121 lacrymas
3046 5049 3426 5121 extorquebat.

2052 5169 2104 5225 5.
2149 5167 2306 5223 Ibant
2336 5172 2606 5236 martyres
2636 5171 2846 5228 euntes,
2880 5169 2934 5217 et
2955 5160 3158 5216 ﬂebant
3189 5159 3467 5213 mittentes
3497 5171 3572 5210 se-

1984 5257 2135 5312 mina
2163 5272 2280 5311 sua.
2317 5254 2361 5310 Ο
2393 5270 2556 5326 quam
2587 5259 2737 5307 arcta
2778 5259 2831 5306 et
2859 5260 3086 5322 angusta
3117 5248 3222 5314 via,
3273 5263 3393 5318 quae
3423 5243 3576 5298 ducit

1985 5350 2049 5405 ad
2081 5347 2252 5404 vitam
2279 5348 2290 5401 l
2342 5346 2501 5401 Ibant
2547 5359 2642 5416 per
2669 5341 2869 5398 bestias
2898 5350 2950 5396 et
2983 5339 3308 5404 machaeras,
3345 5351 3439 5406 per
3469 5349 3576 5388 aii—

1987 5436 2194 5510 gustias
2222 5442 2276 5491 et
2304 5449 2620 5507 pressuras;
2667 5430 2915 5487 oratione
2959 5428 3170 5493 ﬂentes,
3205 5441 3297 5496 spe
3327 5421 3577 5509 gauden-

1987 5532 2095 5594 tes;
2147 5533 2487 5597 protegentes
2521 5523 2745 5578 interra
2778 5533 3003 5589 corpora
3028 5531 3142 5581 sua,
3181 5510 3580 5597 quasisemina

1989 5631 2105 5686 sua,
2146 5594 2216 5672 ex
2264 5594 2464 5688 quibus
2521 5610 2850 5686 germinavit
2907 5606 3092 5679 gloriae
3146 5594 3308 5676 seges'
3353 5608 3576 5673 aeterna,
