4068 6182
581 217 680 276 751

1582 218 1681 273 ΑΒ
1717 217 1952 275 OPERA
1986 217 2042 273 S.
2083 216 2418 274 AMBROSII
2456 216 2837 275 APPENDIX.

3767 218 3863 275 752

570 344 718 404 473
745 346 882 398 tunc
906 341 1132 398 venient
1170 340 1230 397 in
1262 339 1630 398 exsultatione
1662 348 1941 414 portantes
1969 340 2158 397 mani—
2186 351 2236 410 Α
2269 339 2391 396 ﬁeri
2421 340 2620 411 voluit,
2651 351 2705 398 et
2727 342 2809 400 sic
2836 340 3045 412 doceri,
3074 357 3143 399 ne
3162 342 3280 399 sine
3308 341 3454 401 bono
3483 356 3648 415 opere
3675 341 3864 400 verbo-

569 439 731 512 pulos
754 453 902 509 suos,
951 454 1078 496 cum
1105 437 1164 494 in
1210 440 1610 498 resurrectione
1647 442 1953 514 receperint
1996 441 2159 499 ﬂores

572 549 701 591 suos
731 551 746 590 :
809 556 828 580 ε
874 532 1083 601 Justus,
1134 532 1347 607 quippe-
1365 542 1428 590 ut
1457 535 1638 607 palma
1666 534 1905 603 ﬂorebit,
1935 542 1989 590 et
2017 534 2160 591 sicut

570 621 767 681 cedrus
795 619 855 676 in
886 617 1096 678 Libano
1127 621 1590 694 multiplicabitur
1621 622 1794 694 (Psal.
1835 639 1950 691 xcr,
1981 623 2094 693 13).
2127 647 2145 669 ι

566 711 752 770 Nescit
783 727 1024 785 unquam
1057 712 1114 768 in
1143 712 1348 768 sanctis
1396 711 1593 770 viridis
1622 713 1787 770 decor
1815 713 1910 768 ille
1939 729 2164 770 marco-

567 819 684 862 rem
709 820 724 872 ;
755 804 1060 877 praesertim
1090 803 1181 861 cui
1211 806 1357 861 Deus
1376 812 1638 878 tanquam
1668 805 1924 878 perennis
1958 804 2161 861 ﬂuvius

567 891 863 950 continuos
891 893 1080 950 latices
1109 900 1163 949 et
1188 893 1474 966 refrigeria
1503 895 1650 967 larga
1678 893 1973 950 ministrat.
2015 894 2160 950 Ecce

566 979 636 1038 de
665 997 778 1037 uno
806 997 974 1054 grano
1001 983 1247 1056 corporis
1285 981 1518 1052 Christi,
1558 982 1704 1057 quod
1735 984 2009 1055 sepultum
2058 989 2157 1051 est,

563 1078 772 1147 quanta
798 1080 1107 1146 martyrum
1135 1072 1327 1129 messis
1354 1072 1570 1145 erupit!
1609 1073 1750 1131 Ecce
1779 1073 1846 1130 de
1875 1072 2160 1146 primitiva

564 1162 748 1236 palma
789 1171 1008 1237 quanta
1064 1171 1495 1221 exsurrexerunt
1541 1164 1916 1222 confessorum
1966 1166 2160 1237 palma

560 1251 820 1310 victrices
845 1253 858 1308 l
891 1251 936 1309 Ο
966 1251 1252 1325 paradisus
1279 1261 1591 1314 sanctarum
1618 1254 1929 1312 animarum
1956 1253 2161 1312 blanda

563 1356 620 1399 se
649 1340 912 1400 societate
935 1341 1188 1399 miscenti
1215 1343 1228 1398 l

631 1429 684 1487 6.
727 1429 877 1488 Inter
905 1429 1006 1486 hos
1033 1429 1135 1487 iste
1164 1429 1515 1488 beatissimus
1544 1440 1754 1506 martyr
1783 1431 1949 1490 hodie
1975 1433 2164 1489 valen.

561 1518 670 1578 tior
701 1519 839 1578 festa
867 1528 1054 1577 novat.
1089 1519 1240 1577 Vicit
1276 1520 1424 1576 enim
1469 1521 1710 1577 moriens
1736 1521 2155 1590 adversarium,

563 1611 666 1686 qui
702 1611 977 1686 pugnabat
999 1631 1014 1681 ;
1067 1619 1121 1670 et
1149 1628 1404 1669 coronam
1449 1611 1516 1669 de
1544 1613 1682 1670 coelo
1710 1620 2036 1670 consecutus
2063 1621 2164 1682 est,

2274 447 2397 488 rum
2427 432 2647 488 inutilis
2676 440 2816 490 esset
2844 440 2899 489 et
2927 432 3306 505 superstitiosa
3329 431 3580 504 jactatio.

2345 521 2398 577 2.
2437 522 2633 580 Melius
2667 539 2794 596 ergo
2820 522 3082 580 docemur
3111 523 3278 589 facto,
3304 539 3466 597 quam
3499 537 3670 591 voce;
3703 519 3868 578 deni-

2275 625 2380 682 que
2409 611 2583 667 sancti
2617 621 2887 685 martyres
2909 612 3010 669 etsi
3041 629 3175 668 voce
3203 618 3404 674 tacent,
3435 609 3709 668 factorum
3740 608 3866 666 vir-

2273 705 2392 755 tute
2428 715 2529 756 nos
2574 699 2836 769 edocent;
2885 709 2988 758 ets:
3018 701 3208 773 lingua
3234 699 3417 768 silent,
3451 697 3706 771 martyrii
3735 713 3869 770 pas-

2272 787 2427 843 sione
2475 789 2829 862 persuadent.
2895 789 3049 846 Unde
3094 789 3348 864 quamvis
3392 787 3629 844 disertus
3681 795 3868 844 orator

2273 877 2533 935 facundia
2584 895 2683 936 sua
2728 895 2814 936 me
2843 878 3073 946 doceat;
3125 879 3183 936 id
3212 889 3396 937 tamen
3428 877 3575 952 quod
3617 877 3758 934 utile
3782 885 3865 933 est

2272 966 2432 1035 mihi,
2484 968 2682 1024 melius
2723 968 2876 1026 disco
2923 969 3175 1041 exemplo
3221 978 3535 1026 sanctorum
3576 984 3742 1041 quam
3771 984 3868 1025 as-

2272 1056 2510 1112 sertione
2541 1057 2860 1115 verborum.
2907 1059 3088 1118 Citius
3133 1058 3272 1115 mihi
3325 1057 3656 1131 persuadent
3694 1059 3865 1125 oculi,

2274 1144 2421 1216 quod
2449 1155 2704 1217 cernunt,
2754 1165 2918 1222 quam
2963 1149 3112 1206 auris
3158 1148 3330 1221 possit
3372 1147 3677 1218 insinuare,
3722 1146 3867 1222 quod

2273 1235 2564 1306 praeteriit;
2600 1236 2816 1294 auditui
2848 1237 2996 1294 enim
3025 1238 3138 1295 cito
3168 1236 3361 1309 irrepit
3388 1235 3623 1305 oblivio,
3668 1237 3868 1295 oculo-

2273 1336 2396 1379 rum
2427 1333 2609 1381 autem
2657 1325 2891 1382 historia
2935 1343 3149 1399 semper
3190 1325 3501 1400 inspicitur.
3552 1325 3692 1394 Quis
3721 1326 3864 1383 enim

2274 1430 2385 1470 non
2421 1415 2679 1472 omnibus
2707 1415 2858 1472 horis
2890 1417 3292 1490 momentisque
3333 1416 3637 1488 conspiciat
3667 1432 3866 1490 quem-

2275 1503 2570 1561 admodum
2599 1513 2732 1562 tunc
2761 1505 2904 1563 beati
2935 1515 3206 1580 martyres
3235 1513 3457 1579 propter
3477 1521 3682 1563 nomen
3712 1506 3867 1565 Chri-

2275 1594 2348 1649 sti
2379 1594 2613 1651 diversis
2652 1594 2972 1668 subjacuere
3002 1595 3312 1669 suppliciis,
3350 1603 3405 1652 et
3433 1595 3502 1652 de
3529 1595 3666 1668 ipsis
3694 1597 3865 1669 panis

557 1682 1035 1778 qua—pendebat.
1085 1703 1372 1762 Gaudeant
1412 1720 1563 1762 nunc
1601 1704 1707 1762 ﬁlii
1751 1703 1818 1762 de
1866 1705 2148 1778 triumphi:

2275 1682 2682 1756 quodammodo
2730 1685 3194 1758 triumphabant?
3250 1685 3466 1778 Quanto
3511 1685 3658 1742 enim
3707 1688 3867 1759 plura

557 1805 898 1870 martyrum,
930 1806 984 1855 et
1015 1799 1249 1873 posteris
1279 1798 1499 1856 tradant
1528 1815 1710 1856 annua
1745 1806 1896 1866 vota,
1926 1813 2160 1871 quorum

556 1895 738 1961 patres
789 1896 844 1946 et
893 1888 1032 1946 dura
1082 1898 1399 1948 sanctorum
1446 1907 1706 1965 aspexere
1743 1890 2068 1961 certamina,
2107 1903 2160 1952 et

554 1978 874 2040 vincentum
904 1980 971 2038 la
986 1980 1085 2038 tati
1115 1989 1246 2039 sunt
1273 1980 1340 2038 de
1369 1995 1590 2038 corona.

1181 2115 1416 2174 SERMO
1445 2113 1562 2172 LX.

857 2212 936 2272 De
963 2211 1144 2271 Natali
1173 2221 1486 2271 sanctorum
1520 2213 1845 2286 Martyrum.

557 2317 623 2379 In
651 2317 766 2376 cod.
803 2319 996 2378 Theod.
1020 2319 1330 2376 inscribitur
1359 2321 1441 2375 hic
1465 2337 1656 2389 sermo,
1687 2322 1749 2376 In
1780 2319 1870 2376 die
1899 2319 1992 2376 SS.
2026 2320 2151 2377 Ale-

624 2389 844 2459 xandri,
898 2391 1122 2448 Eventii
1171 2400 1226 2447 et
1264 2390 1551 2458 Theodoli,
1610 2409 1723 2446 cum
1771 2397 1941 2447 tamen
1993 2391 2152 2448 iidem

624 2468 890 2534 martyres
927 2463 984 2518 in
1011 2464 1268 2518 sermonis
1305 2469 1549 2517 contextu
1585 2480 1846 2534 nusquam
1884 2463 2148 2518 nominen-

627 2478 770 2518 mart
805 2479 890 2517 res
927 2481 984 2518 in
1011 2479 1268 2518 sermonis
1305 2478 1549 2517 contextu
1585 2480 1846 2534 nusquam
1884 2480 2144 2518 nominen-

627 2538 737 2606 tur.
770 2478 952 2589 ἵνϋιὶιο
981 2536 1168 2606 melius
1207 2534 1264 2606 in
1303 2535 1454 2590 Rom.
1487 2535 1610 2590 edit.
1640 2536 1803 2590 eidem
1831 2535 2144 2606 praﬁgitur,

624 2601 732 2659 Pro
790 2605 1072 2677 communi
1124 2605 1291 2661 unius
1341 2605 1634 2677 martyris,
1695 2601 2040 2661 cum'om'nia
2081 2601 2149 2662 ea:

623 2689 771 2748 aequo
800 2675 912 2748 illic
955 2676 1264 2747 referantur
1307 2677 1378 2731 ad
1419 2675 1593 2731 omnes
1633 2684 1912 2748 martyres.
1959 2678 2150 2734 Potior

623 2750 700 2800 est
736 2745 1164 2821 igitur-aliorum
1200 2754 1523 2821 mss.__atque
1561 2748 1682 2803 edit.
1716 2745 2008 2821 inscriptio.
2060 2751 2144 2806 Ve-

619 2832 746 2890 rum
774 2818 914 2888 quod
942 2819 1000 2873 in
1042 2819 1154 2890 illis
1191 2817 1489 2890 omnibus,
1507 2817 1962 2890 praeterquam—in
1997 2821 2139 2877 Gall.

622 2887 764 2953 cod.,
784 2887 979 2944 sancto
1021 2889 1301 2945 Ambrosio
1341 2887 1678 2957 attribuitur,
1712 2887 1844 2946 'non
1892 2892 2143 2947 obscurus

623 2973 780 3032 error
803 2965 898 3027 est,
928 2961 1365 3032 quemadmodum
1382 2976 1457 3032 ea
1482 2960 1594 3030 qius
1635 2963 1790 3032 stylo,
1822 2979 1912 3018 nec
1942 2980 2050 3018 non
2077 2980 2142 3018 ea

622 3027 701 3106 iis
729 3044 849 3106 qua
878 3027 1110 3086 sermoni
1143 3031 1214 3088 52
1243 3049 1279 3087 a
1304 3030 1456 3086 nobis
1477 3027 1758 3104 praemissa
1776 3027 1938 3103 sunt,
1973 3040 2142 3106 potest

618 3098 866 3171 intelligi.

626 3221 676 3278 1.
709 3221 766 3278 Si
795 3226 1059 3297 quantum
1084 3243 1170 3284 me
1199 3242 1416 3286 necesse
1444 3234 1526 3284 est
1554 3226 1756 3297 dicere,
1785 3236 1839 3285 et
1863 3243 1962 3286 vos
1989 3246 2146 3303 opor-

549 3320 630 3370 tet
681 3315 892 3387 audire,
946 3324 1161 3376 tantum
1216 3319 1471 3393 prosequi
1521 3316 1770 3391 corporis
1819 3317 1927 3374 mei
1967 3328 2146 3392 posset

549 3401 865 3476 inﬁrmitas,
901 3408 1146 3479 profecto
1177 3425 1366 3465 omnes
1395 3407 1643 3465 excusati
1674 3422 1936 3476 essemus,
1983 3408 2146 3464 scili-

548 3501 636 3549 cet
690 3509 789 3565 ego
834 3495 1170 3554 insinuando
1224 3505 1594 3570 praceptum,
1652 3513 1750 3552 vos
1795 3496 2145 3570 exsequendo

549 3581 894 3640 mandatum.
935 3585 1042 3641 Sed
1070 3585 1329 3658 quoniam
1363 3587 1742 3644 imbecillitate
1771 3588 2142 3659 percellimur,

549 3671 852 3744 quominus
895 3681 1160 3746 quantum
1209 3683 1425 3748 oportet
1467 3675 1651 3733 dicere
1690 3676 1989 3744 valeamus,
2034 3693 2143 3733 ex-

547 3767 705 3818 cuset
733 3776 834 3819 nos
863 3763 1066 3821 mentis
1093 3764 1338 3834 devotio,
1371 3782 1508 3839 quos
1537 3782 1649 3822 non
1679 3775 1907 3823 excusat
1935 3767 2144 3839 pradi-

547 3853 782 3911 cationis
827 3854 1037 3924 oratio;
1087 3855 1194 3915 hoc
1235 3865 1336 3927 est,
1385 3858 1489 3915 etsi
1529 3875 1562 3915 a
1607 3857 1863 3915 laudibus
1916 3858 2142 3915 Domini

548 3940 737 4016 lingua
780 3960 1076 4016 cessamus,
1119 3947 1398 4005 mirabilia
1440 3956 1624 4005 tamen
1653 3947 1771 4020 ejus
1799 3947 1928 4004 ﬁdei
1966 3946 2139 4020 operi-

544 4030 653 4090 bus
679 4035 1045 4108 approbemus
1077 4055 1089 4094 :
1123 4038 1170 4095 si
1199 4054 1311 4094 non
1352 4039 1635 4112 loquimur
1659 4038 1843 4095 verbis
1871 4038 1990 4111 ejus
2015 4039 2144 4111 glo-

545 4121 707 4194 riam,
739 4125 905 4184 factis
951 4142 1317 4202 exsequamur
1362 4127 1480 4200 ejus
1528 4127 1760 4201 gratiam
1805 4129 1948 4200 (95),
1995 4145 2142 4202 quo-

545 4212 698 4270 niam
743 4215 910 4274 dictis
961 4216 1106 4274 facta
1151 4218 1336 4291 priora
1384 4227 1532 4274 sunt.
1581 4219 1717 4274 Nam
1762 4218 2033 4275 Dominus
2079 4219 2137 4274 in

541 4304 846 4378 Evangelio
876 4306 954 4362 ita
995 4306 1134 4366 dicit
1168 4326 1180 4365 :
1233 4333 1253 4357 ι
1283 4307 1390 4376 Qui
1430 4309 1623 4366 fecerit
1650 4307 1751 4378 sic,
1783 4325 2016 4382 magnus
2051 4326 2139 4365 vo-

2271 1772 2640 1845 patiebantur,
2687 1782 2841 1831 tanto
2884 1791 2941 1832 se
2989 1773 3476 1833 victoriosissimos
3523 1790 3633 1832 esse
3662 1775 3869 1833 crede-

2267 1860 2430 1928 bant;
2454 1862 2688 1920 victoria
2703 1864 2849 1920 enim
2873 1873 2955 1921 est
2970 1864 3230 1938 martyris
3242 1861 3519 1935 judicium
3541 1879 3864 1938 persequen-

2271 1952 2360 2020 tis,
2399 1952 2543 2010 sicut
2580 1953 2846 2027 scriptum
2885 1963 3003 2012 est:
3069 1979 3088 2003 ι
3129 1956 3202 2012 Et
3228 1955 3420 2012 vincas
3446 1971 3571 2012 cum
3595 1954 3864 2028 iudicaris

2269 2044 2446 2117 (Psal.
2479 2062 2531 2113 ι..
2560 2045 2641 2118 6).
2673 2070 2690 2092 ι
2735 2045 2872 2104 Cum
2895 2044 3178 2118 judicatur
3205 2045 3355 2102 enim
3384 2055 3621 2118 martyr,
3653 2054 3711 2102 et
3739 2063 3862 2103 cou-

2264 2131 2578 2202 demnatur,
2613 2141 2747 2191 tunc
2784 2134 2963 2192 vincit
2991 2143 3152 2208 atque
3181 2134 3482 2207 prosternit
3515 2152 3529 2191 :
3578 2136 3681 2191 tali
3717 2137 3859 2193 enim

2259 2221 2472 2294 judicio
2503 2241 2614 2280 non
2654 2234 2736 2282 est
2782 2225 3038 2282 addictus
3063 2225 3133 2282 ad
3166 2217 3419 2292 mortem,
3453 2225 3550 2283 sed
3579 2225 3864 2286 absolutus

2261 2311 2328 2368 ad
2357 2312 2602 2384 requiem
2635 2331 2646 2369 :
2697 2330 2760 2372 ac
2785 2331 2881 2388 per
2909 2313 3015 2373 hoc
3052 2314 3499 2372 manifestissime
3533 2315 3738 2374 vicisse
3765 2325 3862 2386 est,

2263 2418 2374 2458 non
2407 2402 2627 2474 perisse.

2335 2493 2388 2549 3.
2431 2493 2657 2550 Constat
2687 2493 2858 2567 igitur
2885 2504 3102 2553 sanctos
3148 2504 3418 2569 martyres
3457 2497 3584 2570 plus
3615 2499 3862 2571 passione

2259 2583 2455 2641 docere
2484 2599 2649 2656 quam
2689 2601 2862 2654 voce;
2912 2603 3226 2660 quanquam
3273 2587 3504 2660 ipsamet
3533 2588 3716 2659 passio
3745 2589 3860 2646 sine

2256 2688 2392 2729 voce
2423 2689 2534 2729 non
2566 2674 2658 2729 sit.
2707 2674 2962 2748 Legimus
3001 2674 3148 2732 enim
3178 2675 3391 2733 animas
3434 2693 3626 2732 eorum
3655 2677 3727 2734 de
3761 2676 3861 2734 sub

2254 2781 2348 2822 ara
2393 2765 2497 2823 Dei
2533 2767 2789 2837 clamare,
2837 2769 2927 2824 vel
2977 2767 3198 2826 dicere:
3266 2792 3285 2816 ι
3315 2768 3612 2842 Quousque
3639 2776 3862 2827 sanctus

2261 2861 2316 2911 et
2344 2871 2529 2926 verus,
2560 2873 2673 2912 non
2719 2856 2971 2915 vindicas
3014 2858 3336 2931 sanguinem
3377 2866 3631 2916 nostrum
3667 2861 3859 2932 (Apoc.

2261 2962 2339 3013 v1,
2375 2944 2488 3017 10).
2521 2971 2540 2994 ι
2600 2946 2738 3003 Nam
2776 2953 2834 3003 et
2861 2947 3007 3004 Deus
3036 2945 3174 3004 dicit
3205 2946 3273 3004 de
3306 2948 3571 3020 sanguine
3618 2949 3765 3006 Abel
3795 2947 3863 3005 ad

2174 3069 2220 3130 Ο
2252 3033 2388 3092 Cain
2410 3052 2428 3089 :
2455 3041 2604 3098 474
2643 3059 2662 3082 ε
2688 3035 2802 3093 Vos
2824 3035 3115 3109 sanguinis
3136 3036 3326 3110 fratris
3343 3037 3428 3093 tui
3455 3037 3660 3094 clamat
3677 3036 3752 3095 ad
3772 3053 3864 3094 me

2261 3132 2417 3204 (Gen.
2450 3149 2529 3202 ιν,
2569 3132 2679 3204 10).
2713 3157 2733 3184 ι
2776 3133 3027 3192 Clamare
3056 3134 3228 3208 igitur
3257 3135 3463 3192 dicitur
3489 3133 3736 3208 sanguis,
3764 3135 3860 3209 qui

2255 3220 2520 3280 innocens
2551 3223 2757 3280 eﬁ‘usus
2795 3231 2896 3292 est,
2942 3241 3052 3281 non
3091 3232 3204 3281 tam
3252 3241 3406 3288 voce.
3458 3239 3625 3299 quam
3673 3241 3858 3282 causa.

2254 3311 2345 3369 Sic
2372 3319 2424 3368 et
2466 3321 2778 3370 sanctorum
2821 3322 3127 3387 martyrum
3171 3317 3371 3372 anima
3408 3314 3672 3383 clamant,
3722 3313 3860 3372 dum

2253 3400 2417 3458 ﬁdem
2449 3408 2612 3476 atque
2641 3401 3018 3463 innocentiam
3049 3421 3203 3462 suam
3225 3403 3480 3462 sensibus
3502 3403 3712 3462 nostris
3739 3404 3857 3478 ipsa

2255 3490 2505 3563 passione
2527 3491 2934 3549 commendant.

2848 3630 3082 3688 SERMO
3112 3629 3256 3688 LXI.

2715 3719 2795 3776 De
2822 3719 3001 3775 Natali
3035 3719 3362 3792 Martyrum.

2251 3825 2344 3882 Ea:
2371 3822 2545 3899 hujus,
2559 3825 2818 3899 sermonis
2850 3826 3061 3899 lectione
3087 3825 3438 3899 cognoscimus
3464 3841 3585 3881 eum
3608 3833 3737 3899 post
3763 3844 3853 3883 re-

2323 3896 2695 3969 surrectionem
2729 3897 3062 3952 Dominicam
3101 3896 3336 3969 habitum
3363 3913 3472 3952 esse
3496 3913 3515 3952 :
3562 3896 3670 3969 quo
3703 3899 3852 3954 etiam

2325 3972 2549 4038 tempore
2591 3968 2649 4022 in
2696 3969 2933 4025 Romano
2982 3968 3267 4025 Breviario
3301 3968 3586 4037 recitatur,
3631 3970 3726 4025 sed
3761 3970 3854 4024 sub

2322 4037 2592 4093 Ambrosii
2620 4039 2847 4108 nomine,
2886 4056 3004 4095 cum
3035 4047 3206 4096 tamen
3230 4039 3297 4095 ab
3326 4039 3440 4109 ejus
3467 4039 3702 4096 dictione
3731 4042 3855 4097 lon-

2319 4110 2527 4182 gissime
2581 4109 2852 4182 discrepet.
2928 4111 3276 4168 Verisimilius
3327 4117 3402 4167 est
3454 4111 3694 4169 Maximi
3722 4129 3854 4176 esse,

2320 4181 2744 4254 quandoquidem
2772 4187 2992 4254 testatur
3024 4182 3327 4238 Gennadius
3355 4199 3471 4254 eum
3500 4184 3856 4254 composuisse

2321 4253 2628 4327 generalem
2689 4253 2938 4309 omnium
2999 4263 3304 4327 martyrum
3360 4253 3706 4327 Homiliam;
3753 4254 3857 4327 cui

2319 4323 2449 4406 addi
2490 4323 2646 4406 etiam
2687 4331 2854 4406 potest
2902 4323 3159 4380 eumdem'
3190 4341 3478 4406 sermonem
3521 4325 3780 4406 inveniri
3800 4328 3858 4378 in

545 4400 761 4459 cabitur
787 4403 847 4459 in
891 4419 1058 4474 regno
1104 4405 1368 4461 calorum
1414 4406 1626 4476 (Matth.
1670 4424 1725 4475 v,
1759 4406 1873 4478 19).
1907 4431 1925 4454 ι
1970 4406 2139 4464 Vides

2325 4394 2467 4484 Gali.
2503 4395 2806 4484 cod._
2830 4411 3100 4484 sermones.
3119 4413 3291 4478 omnes
3317 4396 3397 4484 ad
3424 4411 3542 4484 eum
3565 4397 3859 4469 prmities!

544 4503 674 4562 ergo
702 4489 966 4563 quoniam
995 4493 1253 4563 pracedit
1281 4493 1508 4564 factum,
1539 4495 1896 4570 subsequitur
1923 4496 2142 4553 doctri-

544 4591 654 4636 na:
705 4577 986 4651 siquidem
1035 4579 1353 4638 benefacere
1384 4584 1559 4655 prima
1589 4584 1841 4641 doctrina
1868 4593 1968 4642 est.
2003 4584 2143 4642 Ces-

546 4668 799 4726 santibus
827 4669 976 4727 enim
1015 4671 1219 4742 verbis,
1271 4673 1375 4730 hoc
1421 4675 1599 4747 ipsum
1649 4678 1809 4734 docet
1857 4675 2140 4735 hominem

544 4773 683 4834 opus
710 4759 1006 4832 optimum,
1046 4761 1178 4818 dum
1210 4762 1430 4821 videtur
1464 4783 1475 4821 :
1511 4766 1656 4838 quod
1685 4767 1786 4824 etsi
1822 4783 1956 4824 voce
1982 4785 2142 4826 aures

545 4863 658 4906 non
687 4849 914 4918 excitat,
949 4851 1156 4908 virtute
1194 4854 1362 4911 corda
1406 4861 1587 4911 tamen
1619 4857 1957 4929 compungit.
2008 4858 2142 4925 Quis

543 4938 692 4996 enim
726 4938 934 4995 bonum
964 4939 1169 4998 factum
1203 4941 1419 5013 videns,
1450 4961 1560 5001 non
1606 4945 1853 5018 gaudeat,
1888 4947 2137 5017 miretur,

544 5024 817 5096 imitetur,
860 5044 925 5086 ac
961 5029 1135 5086 veluti
1165 5030 1334 5089 tacito
1364 5034 1627 5106 magistro
1659 5035 1776 5107 (96)
1808 5042 1991 5104 utens,
2022 5035 2140 5108 ejus

541 5117 798 5200 exemplo
812 5116 1104 5177 doceatur?
1120 5121 1295 5179 Dictis
1316 5122 1486 5196 igitur
1508 5124 1648 5182 facta
1669 5125 2004 5197 pracedunt,
2028 5125 2141 5183 imo

539 5207 662 5282 sine
684 5207 844 5265 factis
863 5206 1012 5266 dicta
1030 5209 1174 5267 nihil
1198 5221 1430 5284 prosunt
1451 5231 1466 5282 ;
1500 5230 1628 5270 nam
1656 5213 1780 5270 ideo
1800 5222 1854 5270 et
1869 5213 2141 5272 Dominus

535 5341 970 5484 Ψέὲῗζηοωηθδ
998 5343 1159 5415 edit.,
1187 5345 1300 5416 ejus
1322 5345 1589 5418 gloriam;
1617 5363 1808 5405 omnes
1838 5364 1992 5419 mss.,
2027 5348 2139 5419 ejus

611 5485 729 5568 (96)
753 5485 887 5568 Cod.
906 5485 1110 5568 Lugd,
1131 5504 1195 5568 ac
1212 5489 1355 5545 velut
1371 5488 1449 5546 ita
1468 5491 1568 5548 cito
1588 5491 1842 5563 magistro
1858 5509 1883 5560 ;
1902 5492 2135 5561 Theod.,

535 5570 599 5610 ac
625 5557 783 5613 velim
811 5558 969 5615 tacito
998 5557 1273 5632 magistro,
1301 5568 1413 5618 etc.

2315 4467 2582 4536 pertinere
2608 4467 2956 4525 Mabillomus
2984 4475 3162 4524 noster
3195 4468 3486 4524 existimat.

2324 4591 2378 4650 1.
2414 4592 2653 4664 Dignum
2709 4599 2764 4649 et
2817 4609 3123 4665 congruum
3169 4600 3271 4661 est,
3341 4592 3560 4660 fratres,
3613 4600 3681 4648 ut
3736 4601 3863 4666 post

2252 4680 2498 4736 laetitiam
2528 4681 2671 4738 beati
2705 4681 2918 4754 pascha
2951 4683 3092 4756 (97),
3133 4699 3296 4756 quam
3333 4681 3390 4737 in
3420 4681 3670 4739 Ecclesia
3701 4682 3864 4738 cele-

2249 4767 2553 4837 bravimus,
2603 4770 2799 4842 gaudia
2842 4779 3030 4827 nostra
3077 4788 3206 4828 cum
3253 4770 3459 4829 sanctis
3505 4771 3865 4843 martyribus

2250 4858 2616 4928 conferamus,
2657 4867 2711 4915 et
2758 4859 2826 4916 iis
2855 4859 3250 4917 annuntiemus
3294 4859 3601 4917 Dominica
3654 4876 3864 4917 resur-

2250 4945 2514 5003 rectionis
2567 4947 2816 5020 gloriam,
2872 4947 2968 5020 qui
3019 4955 3303 5006 consortes
3357 4954 3489 5004 sunt
3539 4948 3862 5005 Dominica

2249 5035 2537 5109 passionis.
2570 5035 2676 5103 Qui
2705 5037 2853 5092 enim
2883 5037 3017 5094 socii
3059 5047 3189 5096 sunt
3221 5035 3594 5105 contumelia,
3643 5037 3864 5094 debent

2249 5134 2303 5183 et
2329 5126 2620 5199 participes
2639 5143 2754 5184 esse
2777 5127 3012 5194 latitia;
3045 5126 3122 5183 ita
3147 5126 3294 5183 enim
3317 5126 3454 5183 dicit
3480 5125 3678 5182 beatus
3709 5130 3862 5199 Apo-

2247 5216 2452 5272 stolus:
2499 5238 2517 5262 ι
2548 5215 2704 5272 Sicut
2729 5216 2865 5274 socii
2895 5216 3213 5290 passionum
3234 5216 3384 5284 estis,
3407 5222 3462 5272 et
3490 5215 3861 5272 resurrectio-

2320 5350 2437 5423 (97)
2468 5349 2670 5424 omnes
2702 5349 2860 5421 edit.,
2893 5357 2954 5407 ut
2970 5355 3094 5424 post
3114 5349 3355 5424 lantiunt
3374 5347 3590 5424 pascha
3605 5365 3630 5424 ;_
3653 5363 3862 5424 omnes

2245 5418 2470 5495 mss...'..
2530 5423 2666 5479 beati
2706 5418 2932 5495 paschae.
2970 5418 3082 5479 'Sic
3128 5421 3291 5495 etiam
3340 5418 3484 5495 infra
3533 5418 3654 5495 ubi
3685 5419 3858 5490 edit.,

2243 5494 2532 5552 Dominicce
2553 5491 2779 5568 pasclia,
2811 5511 3001 5554 omnes
3030 5511 3184 5564 mss.,
3213 5492 3483 5552 Dominici
3502 5491 3749 5564 pascha.
