4068 6182
220 363 309 423 753

1009 359 1378 420 SERMONES
1417 360 1471 417 S.
1513 359 1868 420 AMBROSIO
1908 359 2278 420 HACTENUS
2317 359 2654 420 ASCRIPTI.

3389 361 3495 422 75E

203 491 280 550 nis
309 486 461 545 eritis
493 486 583 557 (II
611 485 737 544 Cor.
781 502 822 554 ι,
853 485 948 555 7);
986 486 1032 542 si
1074 485 1452 554 tolerabimus,
1503 486 1706 560 inquit,
1737 495 1791 543 et
1820 489 1870 548 A
1897 469 2180 559 organum.
2211 486 2456 558 corporis
2511 485 2837 557 dissipatum
2887 484 2948 540 in
2998 484 3240 559 priorem
3287 492 3494 546 statum

202 578 641 652 conregnabimus
672 577 762 648 (II
809 577 944 634 Tim.
1005 595 1067 647 ιι,
1117 577 1229 651 12).
1254 604 1272 628 ι
1333 578 1440 646 Qui
1480 594 1608 652 ergo
1639 578 1788 635 tole-

203 678 446 727 raverunt
475 668 620 723 mala
654 674 876 741 propter
903 665 1210 737 Christum,
1242 667 1444 725 debent
1471 677 1526 725 et
1555 667 1782 740 gloriam

201 757 383 816 habere
405 773 534 813 cum
565 755 806 814 Christo.

262 855 310 912 2.
361 851 798 929 Annuntiemus,
867 850 1115 925 inquam,
1180 851 1387 910 sanctis
1446 853 1782 926 martyribus

199 942 462 1002 Dominici
492 941 706 1015 paschae
737 940 965 1013 gratiam
999 984 1013 1008 ,
1042 949 1105 998 ut
1134 941 1267 1000 dum
1300 942 1596 1014 sepultura)
1626 943 1780 999 illius

196 1032 546 1108 praedicamus
599 1038 837 1088 reserata
885 1031 1142 1099 claustra,
1193 1038 1247 1087 et
1289 1029 1485 1086 horum
1533 1032 1782 1104 sepulcra

197 1132 521 1191 reserentur;
546 1122 680 1180 dum
712 1140 910 1196 corpus
935 1123 1087 1179 illius
1116 1123 1394 1180 mortuum
1426 1120 1662 1180 dicimus
1689 1129 1782 1177 te-

199 1215 443 1290 pentibus
497 1213 656 1270 venis
721 1211 904 1269 subito
974 1211 1248 1285 viguisse,
1312 1211 1510 1268 horum
1561 1226 1779 1285 quoque

199 1304 434 1362 membra
464 1303 578 1376 jam
618 1301 821 1375 frigida
855 1301 1290 1358 immortalitatis
1333 1302 1513 1357 calore
1541 1300 1778 1356 fovean-

196 1401 317 1462 tur;
349 1392 537 1450 eadem
579 1391 731 1448 enim
771 1391 912 1447 ratio
964 1399 1233 1463 martyres
1278 1390 1524 1458 suscitat,
1575 1406 1696 1462 quae
1725 1395 1779 1446 et

190 1480 476 1539 Dominum
504 1478 816 1537 suscitavit.
846 1479 984 1535 Nam
1015 1479 1158 1536 sicut
1184 1478 1334 1534 viam
1375 1478 1641 1550 passionis
1670 1494 1778 1534 ex-

192 1569 320 1644 perti
349 1576 503 1638 sunt,
559 1567 639 1624 ita
667 1566 1023 1640 experientur
1067 1574 1121 1623 et
1167 1567 1328 1634 vitae;
1379 1566 1646 1640 scriptum
1693 1573 1776 1623 est

192 1662 324 1720 enim
374 1662 431 1718 in
488 1662 752 1738 psalmo:
800 1661 1009 1717 «Notas
1065 1658 1207 1717 mihi
1252 1659 1431 1717 fecisti
1485 1661 1600 1716 vias
1644 1660 1773 1717 vitae

193 1751 353 1824 (Psat.
407 1768 504 1820 xv,
544 1751 655 1824 11).
689 1775 706 1797 ι
757 1750 872 1806 Ηοο
918 1750 1109 1824 utique
1151 1750 1210 1805 in
1265 1749 1662 1806 resurrectione
1701 1765 1770 1806 ex

189 1859 411 1916 persona
457 1842 664 1900 dicitur
681 1841 1000 1909 Salvatoris,
1025 1841 1120 1914 qui
1142 1840 1273 1897 dum
1314 1849 1434 1914 post
1452 1849 1683 1896 mortem
1704 1841 1772 1898 ab
1799 1839 1847 1900 B

185 1934 378 1992 inferis
426 1933 570 1990 redit
613 1933 679 1991 ad
725 1949 970 2006 superos,
1017 1931 1214 2006 incipit
1260 1939 1391 1987 nota
1445 1930 1636 1987 haberi
1683 1932 1775 1987 via

184 2023 310 2080 vita:
360 2021 503 2096 (98),
536 2038 652 2094 quas
681 2030 807 2077 ante
848 2037 960 2077 non
1010 2019 1313 2076 habebatur
1347 2038 1360 2088 ;
1410 2020 1595 2093 ignota
1623 2019 1772 2076 enim

183 2119 292 2170 erat
324 2121 457 2169 ante
489 2109 692 2168 Christi
738 2109 1034 2166 adventum
1066 2108 1159 2165 via
1197 2109 1346 2177 vitae,
1392 2108 1523 2182 quia
1563 2108 1774 2163 nullius

181 2202 354 2260 adhuc
386 2199 719 2273 resurgentis
737 2198 904 2255 fuerit
936 2197 1064 2255 trita
1090 2197 1340 2270 vestigio.
1369 2198 1441 2254 At
1460 2196 1556 2253 ubi
1585 2196 1770 2253 Domi-

181 2307 275 2349 nus
302 2290 626 2358 resurrexit,
655 2297 786 2345 nota
813 2288 977 2357 facta,
1009 2289 1156 2344 solea
1184 2287 1316 2344 trita
1343 2296 1424 2344 est
1451 2288 1566 2358 (99)
1595 2281 1768 2359 pluri-

179 2399 411 2450 morum,
437 2382 507 2439 de
535 2380 740 2456 quibus
762 2387 985 2437 sanctus
1005 2379 1336 2452 evangelista
1367 2379 1445 2435 ait
1469 2398 1480 2436 :
1523 2402 1540 2425 ε
1571 2378 1768 2436 Multo-

180 2491 288 2530 rum
318 2488 559 2547 corpora
587 2478 905 2530 sanctorum
935 2477 1296 2526 surrexerunt
1325 2485 1449 2525 cum
1479 2485 1563 2537 eo,
1595 2476 1648 2524 et
1687 2469 1768 2524 in-

179 2565 445 2620 troierunt
477 2563 533 2620 in
560 2571 804 2620 sanctam
826 2559 1107 2617 civitatem
1139 2559 1350 2630 (Matth.
1381 2575 1562 2628 xxvn,
1586 2560 1702 2630 52).
1734 2583 1754 2608 ι

239 2659 287 2717 3.
321 2659 484 2718 Unde
512 2675 636 2716 cum
666 2657 937 2715 Dominus
965 2656 1022 2711 in
1052 2655 1451 2711 resurrectione
1477 2672 1574 2712 sua
1599 2657 1768 2714 dixe-

175 2750 270 2806 rit:
303 2775 319 2798 ι
341 2749 522 2807 Notas
551 2746 687 2816 mihi
721 2745 898 2803 fecisti
928 2744 1047 2801 vias
1078 2743 1205 2800 vitae
1236 2744 1410 2815 (Psal.
1445 2761 1539 2811 xv,
1572 2745 1700 2817 il);
1735 2772 1753 2794 ι
1811 2783 1816 2786 .

174 2855 467 2912 possumus
493 2845 547 2895 et
576 2853 676 2892 nos
697 2836 812 2909 jam
861 2837 1043 2894 dicere
1072 2834 1311 2892 Domino
1343 2852 1354 2890 :
1390 2835 1556 2892 Notas
1585 2835 1765 2892 fecisti

172 2927 326 2986 nobis
362 2927 485 2983 vias
514 2925 680 2993 vitae;
731 2924 844 2998 ipse
877 2925 1025 2980 enim
1057 2923 1218 2980 nobis
1264 2930 1420 2980 notas
1474 2923 1604 2980 fecit
1647 2925 1765 2981 vias

170 3016 310 3088 vita,
341 3015 446 3090 qui
477 3013 638 3072 nobis
657 3012 906 3070 semitam
939 3011 1312 3068 manifestavit
1336 3011 1405 3068 ad
1436 3011 1626 3068 vitam.
1659 3013 1762 3069 No-

169 3114 246 3163 tas
273 3106 432 3164 enim
458 3103 595 3160 mihi
625 3104 756 3160 fecit
775 3103 893 3159 vias
920 3102 1069 3170 vitae,
1090 3118 1216 3159 cum
1249 3117 1334 3157 me
1363 3101 1553 3159 docuit
1572 3101 1759 3172 ﬁdem,

1897 596 2192 636 nervorum
2228 595 2416 636 rursus
2444 579 2784 652 coaptaverit
2827 578 3068 636 resoluta
3119 595 3408 654 compago,
3437 587 3494 638 et

1896 668 2240 724 harmoniam
2273 668 2546 725 viscerum
2571 667 2686 740 jam
2717 668 2972 724 silentem
3005 668 3064 724 in
3091 677 3331 726 veterem
3361 685 3490 726 con-

1895 763 2119 814 centum
2151 756 2388 828 Spiritus
2439 755 2731 812 vivificans
2759 754 3110 813 animaverit.
3171 756 3492 814 Sacerdotes

1894 864 2021 920 ergo
2073 846 2393 919 praedicent,
2427 863 2547 919 quae
2599 845 2852 902 Salvator
2879 854 3000 920 post
3026 846 3487 905 resurrectionem
3567 853 3570 856 ’

1892 936 2168 992 mirabilia
2217 935 2440 1007 gesserit
2468 936 2534 992 ad
2591 950 2817 1006 superos
2857 953 2869 991 :
2920 941 3190 1007 martyres
3220 937 3487 1006 revelent,

1891 1033 2095 1097 quanta
2125 1024 2184 1080 in
2215 1024 2332 1096 ipsa
2360 1029 2536 1078 morte
2583 1022 2868 1094 refrigeria
2895 1030 3149 1095 operatus
3177 1023 3250 1080 sit
3289 1025 3350 1080 in
3379 1024 3487 1082 de-

1891 1112 2117 1170 functis.

2378 1233 2525 1290 475
2556 1225 2792 1285 SERMO
2813 1227 2982 1285 LXII.

1960 1323 2037 1378 De
2061 1320 2262 1380 bellico
2292 1325 2559 1393 tumultu,
2586 1341 2683 1382 seu
2711 1342 2810 1398 pro
2839 1327 3122 1383 communi
3154 1327 3482 1400 Martyrum.

1885 1421 2035 1495 Hunc
2080 1437 2366 1495 sermonem
2421 1438 2539 1495 cum
2587 1422 2749 1495 aliis;
2773 1423 3017 1495 duobus,
3050 1441 3278 1495 quorum
3317 1443 3486 1482 unum

1955 1491 2182 1547 Romani
2234 1492 2456 1565 editores
2488 1493 2544 1548 in
2568 1493 2750 1565 tom.1
2779 1493 2939 1565 Oper.
2989 1491 3183 1551 Ambr.
3240 1498 3481 1554 colloca-

1954 1569 2163 1627 verant,
2217 1564 2354 1618 alter
2404 1581 2527 1618 vero
2554 1564 2694 1618 inter
2722 1564 2983 1620 sermones
3032 1568 3200 1621 sancti
3256 1567 3485 1624 Maximi

1944 1632 2066 1708 jam
2095 1635 2339 1708 vulgatus
2384 1641 2476 1708 est,
2510 1633 2722 1703 hujusce
2752 1636 2937 1690 Patris
2983 1653 3049 1691 ea:
3077 1654 3222 1708 (equo
3251 1655 3356 1695 esse
3383 1656 3484 1696 as-

1953 1705 2085 1760 truit
2118 1705 2474 1781 Μαρια-οᾳηὶυς
2509 1713 2687 1760 noster
2725 1708 2873 1762 Tom.
2901 1709 2935 1764 Ι
2961 1705 3143 1781 Musei
3168 1711 3289 1765 Ital.
3316 1718 3472 1781 part.

1952 1793 2015 1841 ιι,
2041 1794 2165 1848 pag.
2202 1776 2256 1833 ὅ.
2288 1777 2354 1834 Id
2390 1784 2524 1832 certe
2560 1794 2677 1831 cum
2709 1795 3006 1833 sermonum
3031 1779 3209 1844 dictio,
3248 1776 3358 1835 tum
3399 1782 3484 1836 ci—

1956 1853 2083 1922 tata
2129 1850 2239 1902 loco
2286 1848 2517 1922 indicato
2573 1849 2864 1922 auctoritas
2942 1850 3204 1922 Gennadii
3263 1853 3485 1922 pulchre

1953 1919 2249 1990 conﬁrmat.
2301 1920 2560 2003 gratarum
2610 1920 2751 2000 quod
2791 1921 2943 2003 139m.
2984 1920 3107 1975 edit.
3142 1919 3281 2003 hunc
3307 1922 3483 2003 ipsum

1952 2007 2262 2065 sermonem.
2301 1991 2407 2065 Pro
2459 1991 2748 2065 communi
2806 1992 3137 2065 Martyrum
3169 1991 3484 2065 inscriptum

1952 2061 2199 2136 uoluerit,
2229 2062 2387 2136 nulla
2422 2078 2520 2115 cur
2547 2063 2642 2116 hoc
2684 2061 2902 2136 faceret,
2935 2061 3076 2136 ratio
3105 2062 3254 2136 fuit;
3278 2061 3482 2136 proin-

1952 2133 2115 2202 deque
2152 2133 2330 2203 aptius
2367 2133 2506 2186 inter
2559 2149 2820 2188 sermones
2871 2135 2948 2189 De
2995 2134 3238 2191 Diversis
3278 2133 3378 2190 sub
3421 2153 3480 2192 eo

1953 2204 2103 2259 titulo
2129 2220 2282 2279 quem
2311 2203 2366 2257 in
2395 2209 2506 2279 ant.
2540 2204 2664 2260 edit.
2711 2221 2773 2259 ac
2801 2220 2926 2260 mss.
2951 2203 3196 2277 prwfert,
3230 2206 3287 2262 in
3308 2213 3480 2279 poste-

1949 2291 2073 2330 rum
2103 2275 2206 2330 erit
2233 2275 2503 2330 locandus.

1954 2387 2002 2442 1.
2037 2385 2222 2442 Movet
2280 2386 2510 2442 fortasse
2563 2384 2685 2453 vos,
2733 2387 2948 2458 fratres,
3004 2389 3152 2464 quod
3204 2391 3478 2448 tumultus

1876 2474 2146 2531 bellorum
2197 2484 2250 2531 et
2297 2475 2642 2532 incursiones
2691 2479 3008 2549 praeliorum
3053 2479 3173 2536 fieri
3221 2479 3478 2538 audimus

1875 2563 2092 2622 assidue
2116 2583 2128 2620 :
2162 2572 2216 2620 et
2243 2580 2342 2621 cur
2357 2565 2562 2621 nostris
2577 2565 2920 2639 temporibus
2943 2566 3098 2634 ﬁant,
3121 2567 3474 2624 dilectionem

1877 2661 2114 2710 vestram
2145 2653 2372 2709 fortasse
2404 2655 2527 2726 plus
2566 2652 2804 2710 m‘bveat.
2856 2653 2962 2710 Sed
3003 2653 3122 2711 hac
3159 2671 3320 2712 causa
3368 2661 3474 2725 est,

1875 2741 2005 2814 quia
2034 2749 2240 2814 quanto
2279 2741 2453 2812 magis
2505 2741 2746 2813 proximi
2772 2758 2964 2798 sumus
2994 2742 3188 2798 mundi
3227 2742 3471 2813 excidio,

1874 2839 2027 2887 tanto
2077 2829 2246 2903 magis
2289 2845 2454 2901 regno
2501 2828 2582 2900 (2)
2623 2845 2816 2885 sumus
2878 2831 3122 2903 proximi
3150 2831 3469 2890 Salvatoris.

1874 2921 1993 2993 Ipse
2022 2919 2169 2976 enim
2203 2919 2473 2975 Dominus
2513 2918 2611 2987 ait,
2661 2918 2810 2992 quod
2841 2920 2898 2976 in
2929 2921 3248 2979 novissimis
3274 2922 3473 2980 diebus

1888 3034 1906 3057 ι
1931 3009 2207 3081 Exsurget
2251 3023 2383 3080 gens
2430 3006 2696 3064 adversus
2739 3015 2977 3080 gentem,
3007 3016 3063 3066 et
3108 3026 3332 3083 regnum
3363 3009 3474 3068 ad-

1873 3114 2064 3154 versus
2093 3113 2322 3171 regnum
2347 3097 2544 3168 (Marc.
2584 3111 2710 3163 xm,
2740 3095 2799 3168 8)
2827 3114 2842 3164 ;
2875 3122 2895 3147 ι
2936 3104 2990 3154 et
3035 3097 3169 3155 alibi
3203 3117 3216 3156 :
3283 3123 3302 3147 ι
3330 3099 3469 3157 Cum

173 3195 635 3264 misericordiam,
663 3192 961 3266 justitiam,
1009 3192 1316 3248 castitatem
1342 3191 1464 3262 (t);
1497 3191 1585 3248 his
1613 3193 1762 3249 enim
1795 3199 1838 3262 ί]
1873 3185 2126 3243 videritis
2171 3185 2337 3254 bella,
2382 3193 2436 3240 et
2473 3191 2632 3240 terrm
2676 3192 2882 3254 motus,
2937 3192 2992 3243 et
3033 3186 3226 3257 fames,
3271 3188 3468 3246 scitote

160 3287 488 3362 pervenitur
517 3282 814 3340 itineribus
860 3280 930 3338 ad
958 3282 1189 3338 salutem
1223 3298 1234 3337 :
1273 3287 1326 3336 et
1373 3280 1501 3339 licet
1547 3298 1647 3338 nos
1696 3281 1756 3338 in

155 3375 500 3434 resolutione
522 3371 768 3444 corporis
795 3369 992 3427 mortis
1009 3370 1204 3426 umbra
1225 3369 1547 3436 circumdet,
1571 3377 1756 3426 tamen

155 3481 374 3538 gressus
404 3479 532 3520 suos
564 3460 680 3518 vita
727 3477 838 3517 non
867 3459 1071 3517 deserit
1103 3477 1115 3516 :
1148 3459 1242 3516 sed
1286 3459 1431 3515 inter
1460 3458 1604 3531 ipsas
1634 3475 1757 3515 me-

155 3554 269 3613 dias
301 3553 515 3612 inferni
582 3553 728 3625 leges
781 3550 1166 3608 incunctanter
1201 3547 1411 3608 Christi
1454 3548 1757 3606 virtutibus

154 3645 526 3702 ambulamus.
559 3641 714 3700 Unde
731 3641 809 3698 ait
837 3651 1055 3698 sanctus
1086 3637 1392 3712 Propheta:
1427 3657 1454 3690 ‹‹
1485 3639 1622 3695 Nam
1653 3638 1756 3696 etsi

151 3734 512 3792 ambulavero
541 3731 601 3788 in
650 3730 832 3788 medio
879 3730 1088 3787 umbrae
1121 3726 1334 3795 mortis,
1383 3742 1496 3783 non
1545 3725 1752 3783 timebo

152 3825 317 3892 mala,
352 3822 614 3896 quoniam
647 3827 708 3875 tu
737 3835 951 3877 mecum
979 3835 1036 3874 es
1069 3819 1244 3889 (Psat.
1278 3833 1422 3885 xxn,
1444 3815 1524 3886 4).
1545 3839 1564 3864 ι
1598 3814 1756 3884 Quod

149 3911 512 3970 manifestius
555 3909 827 3965 Dominus
872 3909 949 3964 ait
998 3908 1066 3964 de
1115 3907 1288 3977 ﬁdeli,
1325 3907 1551 3964 dicens:
1599 3930 1619 3955 ‹
1649 3905 1754 3973 Qui

141 4009 346 4057 autem
378 3997 555 4055 credit
570 3997 628 4051 in
651 4012 757 4063 me,
781 4013 891 4052 non
912 3996 1176 4052 morietur
1195 3997 1254 4052 in
1273 4007 1541 4054 aeternum
1565 3997 1753 4068 (Joan.

138 4107 225 4158 ιι,
261 4085 388 4156 26).
423 4111 441 4134 ι
480 4085 552 4140 Et
578 4083 706 4140 licet
736 4084 1021 4151 moriatur,
1052 4084 1221 4140 vivet.

217 4186 277 4242 ιι.
312 4185 486 4256 Ergo,
536 4181 754 4247 fratres,
786 4197 910 4236 cum
943 4181 1147 4239 sanctis
1175 4183 1510 4256 martyribus
1541 4186 1755 4259 paschae

143 4274 382 4334 Domini
413 4271 643 4346 gloriam
675 4270 1022 4328 conferamus
1058 4290 1068 4326 :
1106 4271 1469 4342 conferamus,
1503 4276 1754 4349 inquam,

147 4376 201 4424 et
230 4367 369 4423 licet
390 4363 590 4421 melius
621 4361 881 4419 noverint
909 4361 1116 4429 omnia,
1147 4370 1328 4418 tamen
1356 4379 1457 4419 nos
1482 4363 1596 4421 illis
1624 4383 1754 4438 prae-

151 4455 410 4513 dicamus
439 4451 903 4527 quemadmodum
947 4452 1219 4508 Dominus
1262 4451 1330 4507 de
1358 4453 1596 4522 sepulcri
1627 4471 1756 4527 gre—

1868 3277 2130 3352 qnoniam
2155 3277 2212 3332 in
2235 3276 2490 3350 proximo
2505 3283 2586 3332 est
2600 3290 2828 3349 regnum
2851 3276 2949 3334 Dei
2977 3277 3128 3350 (Luc.
3151 3295 3273 3349 xxi,
3297 3279 3413 3352 3i).
3431 3304 3453 3329 ι

1864 3368 2010 3440 Ergo
2043 3367 2302 3426 vicinitas
2329 3367 2432 3423 ista
2477 3365 2750 3424 bellorum
2800 3367 3051 3426 vicinum
3101 3369 3276 3442 magis
3305 3369 3466 3428 nobis

1866 3459 2150 3518 Christum
2184 3475 2300 3515 esse
2343 3459 2702 3516 demonstrat.
2737 3461 2919 3534 Atque
2974 3459 3100 3518 ideo
3149 3462 3464 3519 venientem

1865 3549 2242 3607 adversarium
2275 3548 2472 3605 timere
2504 3564 2616 3605 non
2661 3547 2858 3615 debeo,
2892 3548 3020 3624 quia
3037 3566 3136 3623 per
3165 3549 3283 3608 haec
3311 3551 3468 3624 signa

1865 3640 2055 3696 venire
2082 3637 2264 3713 potius
2303 3638 2556 3710 intelligo
2588 3637 2926 3694 Salvatorem
2963 3657 2977 3706 ;
3033 3639 3289 3711 quamvis
3316 3639 3465 3696 enim

1866 3729 1968 3786 iste
1990 3736 2198 3785 metum
2229 3727 2463 3785 incutiat
2497 3727 2872 3800 temporalem,
2896 3727 2990 3782 ille
3018 3733 3204 3784 tamen
3230 3728 3466 3785 salutem

1865 3824 2067 3881 deserit
2119 3822 2508 3894 sempiternam
2567 3818 2672 3893 (3).
2733 3820 2934 3877 Potens
2962 3827 3044 3878 est
3081 3827 3262 3878 autem
3318 3820 3464 3879 idem

1863 3913 2152 3980 Dominus,
2179 3920 2239 3967 ut
2267 3919 2321 3967 et
2349 3909 2605 3966 hostilem
2635 3926 2668 3965 a
2715 3908 2875 3964 nobis
2924 3909 3153 3982 repellat
3180 3924 3461 3983 pavorem,

1863 4013 1918 4060 et
1942 4018 2096 4058 suam
2127 3999 2287 4057 nobis
2316 3998 2663 4073 praesentiam
2697 3995 2982 4069 largiatur.

1935 4091 1988 4148 2.
2019 4091 2120 4147 Per
2146 4089 2249 4146 bos
2276 4089 2444 4162 igitur
2461 4087 2736 4144 bellorum
2766 4085 3042 4142 tumultus
3069 4085 3262 4142 mundi
3292 4085 3464 4159 quod-

1863 4188 1989 4244 dam
2019 4183 2362 4258 significatur
2381 4180 2662 4238 excidium
2689 4197 2702 4246 ;
2735 4178 2985 4235 futurum
3011 4177 3159 4235 enim
3184 4177 3462 4250 judicium

1865 4274 1982 4330 haec
2011 4271 2336 4346 inquietudo
2365 4268 2643 4343 precedit.
2676 4267 2776 4324 Est
2799 4275 2982 4322 autem
3003 4265 3278 4341 quoddam
3314 4284 3463 4325 com-

1864 4361 2190 4419 monitionis
2224 4359 2304 4430 (4)
2338 4357 2606 4414 indicium
2641 4355 2764 4425 Dei,
2817 4353 3005 4412 videre
3033 4355 3181 4429 quod
3210 4363 3460 4425 metuas;

1863 4461 1926 4510 ut
1954 4451 2130 4526 possis
2181 4447 2492 4518 intelligere
2554 4447 2677 4519 plus
2704 4461 3005 4519 superesse,
3055 4445 3202 4520 quod
3230 4454 3460 4505 metuas.

152 4546 266 4601 mio
300 4543 670 4600 resurrexerit
696 4541 764 4598 ad
793 4559 1036 4616 superos.
1070 4542 1158 4598 Illi
1182 4541 1344 4598 nobis
1374 4544 1620 4598 revelent
1647 4559 1755 4616 quo
1787 4568 1834 4626 ι)
1862 4547 2006 4600 Dum
2037 4540 2186 4600 enim
2229 4537 2376 4595 cauti
2406 4553 2598 4594 sumus
2620 4537 2689 4593 ad
2728 4552 2810 4606 ea,
2839 4552 2960 4610 quae
2986 4538 3289 4609 cernimus,
3320 4555 3465 4597 cau-

146 4645 310 4710 pacto
343 4635 413 4691 de
431 4633 634 4691 inferni
654 4633 926 4706 profundo
948 4635 1275 4692 remeaverit
1299 4633 1368 4692 ad
1394 4635 1714 4708 sepulcrum
1740 4653 1751 4691 :

147 4732 378 4793 notum,
414 4723 662 4797 inquam,
708 4722 868 4780 nobis
918 4725 1122 4782 faciant
1175 4724 1640 4799 quemadmodum
1696 4724 1754 4781 in

144 4815 413 4872 exanime
434 4811 549 4885 jam
588 4829 786 4886 corpus
837 4821 890 4869 et
946 4812 1210 4887 frigidum
1256 4831 1369 4871 sese
1414 4815 1564 4871 calor
1603 4813 1754 4872 insi-

143 4902 439 4972 nuaverit,
469 4903 696 4976 spiritus
737 4903 1045 4976 ingesserit,
1092 4905 1315 4976 sanguis
1361 4904 1648 4974 infuderit,
1697 4911 1751 4961 et

147 4995 358 5065 gelatas
389 4992 622 5047 humore
663 5007 830 5047 venas
861 4992 1080 5064 pristini
1112 4991 1318 5064 vigoris
1348 4994 1539 5062 pulsus
1567 4993 1751 5064 agita-

145 5081 334 5151 verit;
368 5089 586 5148 notum,
611 5080 857 5154 inquam,
879 5080 1039 5137 nobis
1057 5081 1262 5138 faciant
1287 5081 1747 5154 quemadmodum

217 5219 347 5288 (98)
381 5220 461 5275 Ita
483 5232 611 5272 mss.
632 5215 885 5288 Valliscl.
905 5222 960 5270 et
988 5213 1275 5288 Theodd._;
1298 5213 1438 5288 edit.
1463 5231 1593 5271 vero
1619 5232 1745 5272 cum

145 5286 250 5348 ms.
312 5286 514 5361 Lngd.,
535 5287 640 5361 qui
667 5287 793 5340 dum
834 5287 1038 5361 (Rem,
1073 5294 1132 5361 ut
1156 5286 1425 5361 quidam)
1440 5293 1561 5359 post
1588 5305 1746 5342 mor-

378 5358 603 5432 incipiat
632 5363 807 5432 notam
834 5358 1020 5432 habere
1044 5358 1351 5432 v_iam_vitce.

219 5433 348 5515 (99)
381 5427 585 5515 Omnes
616 5427 750 5515 edit.
783 5436 836 5484 et
856 5428 1262 5515 codexliugdu
1285 5429 1462 5515 [iterat
1493 5436 1742 5515 temeruta

144 5501 445 5576 uestigio...
466 5501 766 5576 notafacta
789 5503 900 5556 solo
929 5501 1118 5558 altrim
1145 5507 1238 5569 est,
1267 5508 1370 5557 etc.
1400 5517 1415 5568 ;
1451 5519 1579 5558 mss.
1613 5503 1738 5561 Val-

145 5571 297 5632 lisclI
332 5591 397 5632 ac
423 5574 628 5631 Theod.
666 5579 727 5628 ut
750 5571 808 5628 in
837 5581 1012 5630 textu.

218 5646 309 5717 (1)
346 5645 530 5704 Codex
555 5644 828 5717 Valliscl.,
849 5645 1134 5717 justitiam,
1165 5645 1508 5701 sanctitatem.

219 5716 311 5790 (2)
344 5717 478 5776 Cod.
526 5716 726 5791 Lugd.,
771 5716 872 5776 Sed
909 5719 1016 5776 haec
1047 5734 1208 5776 causa
1248 5723 1342 5785 est,
1371 5723 1567 5790 quanto
1595 5735 1736 5790 pro-

1864 4635 2031 4690 tiores
2084 4631 2150 4688 ad
2181 4629 2277 4686 illa
2334 4626 2625 4694 efﬁcimur,
2661 4643 2782 4700 quae
2816 4643 3117 4700 speramus.
3150 4627 3253 4685 Vir
3279 4636 3462 4686 autem

1865 4723 2080 4795 sapiens
2107 4718 2196 4775 his
2225 4717 2439 4776 actibus
2465 4716 2702 4774 terrenis
2750 4714 3067 4785 instruitur,
3097 4717 3466 4790 quemadmo-

1862 4812 1994 4868 dum
2033 4810 2206 4866 futuri
2236 4809 2422 4867 saeculi
2453 4807 2649 4864 debeat
2678 4805 2954 4863 declinare
2976 4804 3252 4877 judicium
3288 4825 3302 4865 :
3329 4807 3464 4865 dum

1861 4903 2009 4959 enim
2040 4899 2302 4973 perspicit
2357 4899 2416 4954 in
2464 4897 2570 4956 hac
2602 4896 2882 4954 communi
2913 4897 3326 4969 perturbatione
3355 4898 3465 4972 pri-

1862 5009 2039 5048 mores
2083 4989 2234 5046 viros
2275 4989 2352 5062 (5)
2403 4989 2670 5046 tuitiones
2721 4989 2776 5042 in
2824 4986 3102 5044 moenibus
3139 5002 3463 5060 praeparare.

1859 5083 1973 5156 ipse
2011 5079 2141 5137 adm
2158 5085 2362 5135 onetur
2389 5075 2856 5151 quemadmodum
2887 5075 2944 5132 in
2975 5075 3162 5133 futura
3184 5075 3466 5134 eversione

1855 5215 1992 5272 trimi
2019 5232 2200 5272 sumus
2227 5233 2264 5272 a
2306 5214 2493 5271 mundi
2535 5210 2764 5280 excidio,
2805 5217 2952 5270 tanta
3001 5211 3171 5284 magis
3203 5231 3238 5269 a
3283 5227 3464 5282 regno,

1855 5296 1959 5346 etc.

1927 5359 2008 5432 (3)
2037 5363 2118 5417 Ita
2146 5375 2302 5428 mss.,
2333 5374 2524 5416 omnes
2565 5374 2698 5415 vero
2731 5356 2866 5413 edit.
2912 5357 3014 5414 itte
3066 5363 3237 5413 tanien
3274 5351 3465 5410 deserit

1851 5438 2247 5572 εθιῗῶιιὲἓιᾶιὲἐι.

1985 5502 2218 5584 ὶίέοάθκ
2248 5501 2444 5584 Lassi»
2474 5505 2739 5584 αιροάἀαπξ
2768 5497 3192 5584 mmmam;
3245 5549 3289 5584 ρ
3339 5565 3350 5578 .

1924 5575 2246 5656 (ὅλοωιιθδ
2269 5575 2427 5644 edit.,
2446 5575 2656 5648 priores
2681 5575 2858 5628 viros:
2891 5575 3070 5642 aptius
3110 5582 3242 5638 ms.,
3257 5575 3464 5640 primo-

1849 5664 1934 5705 7⁸88
1973 5663 2118 5702 viros
2125 5688 2137 5702 .
