  <div class='ocr_page' id='page_1' title='image "/cluster/home/n/w/nwhite01/storage/ocr_20150623/17/hvd.32044096580436/383.png"; bbox 0 0 4068 6182; ppageno 0'>
   <div class='ocr_carea' id='block_1_1' title="bbox 539 315 643 371">
    <p class='ocr_par' dir='ltr' id='par_1_1' title="bbox 539 315 643 371">
     <span class='ocr_line' id='line_1_1' title="bbox 539 315 643 371; baseline 0 -1"><span class='ocrx_word' id='word_1_1' title='bbox 539 315 643 371; x_wconf 79' lang='grc'><strong>755</strong></span> 
     </span>
    </p>
   </div>
   <div class='ocr_carea' id='block_1_2' title="bbox 536 439 2210 512">
    <p class='ocr_par' dir='ltr' id='par_1_2' title="bbox 536 439 2210 512">
     <span class='ocr_line' id='line_1_2' title="bbox 536 439 2210 512; baseline 0 -12"><span class='ocrx_word' id='word_1_2' title='bbox 536 443 732 500; x_wconf 89' lang='lat' dir='ltr'><strong>mundi</strong></span> <span class='ocrx_word' id='word_1_3' title='bbox 763 440 1139 498; x_wconf 85' lang='lat' dir='ltr'><strong>defensionem</strong></span> <span class='ocrx_word' id='word_1_4' title='bbox 1171 440 1500 496; x_wconf 81' lang='lat' dir='ltr'><strong>Christianis</strong></span> <span class='ocrx_word' id='word_1_5' title='bbox 1527 447 1793 512; x_wconf 62' lang='lat' dir='ltr'><strong>prmparet</strong></span> <span class='ocrx_word' id='word_1_6' title='bbox 1817 439 2124 498; x_wconf 83' lang='lat' dir='ltr'><strong>animabus.</strong></span> <span class='ocrx_word' id='word_1_7' title='bbox 2157 443 2210 502; x_wconf 85' lang='lat' dir='ltr'><strong>A</strong></span> 
     </span>
    </p>
   </div>
   <div class='ocr_carea' id='block_1_3' title="bbox 540 531 2127 604">
    <p class='ocr_par' dir='ltr' id='par_1_3' title="bbox 540 531 2127 604">
     <span class='ocr_line' id='line_1_3' title="bbox 540 531 2127 604; baseline -0.003 -12"><span class='ocrx_word' id='word_1_8' title='bbox 540 535 828 592; x_wconf 84' lang='lat' dir='ltr'><strong>Cernimus</strong></span> <span class='ocrx_word' id='word_1_9' title='bbox 870 531 1073 586; x_wconf 91' lang='lat' dir='ltr'><strong>armari</strong></span> <span class='ocrx_word' id='word_1_10' title='bbox 1117 532 1362 588; x_wconf 78' lang='lat' dir='ltr'><strong>civitatis</strong></span> <span class='ocrx_word' id='word_1_11' title='bbox 1410 540 1611 604; x_wconf 90' lang='lat' dir='ltr'><strong>portas,</strong></span> <span class='ocrx_word' id='word_1_12' title='bbox 1656 531 1916 587; x_wconf 88' lang='lat' dir='ltr'><strong>debemus</strong></span> <span class='ocrx_word' id='word_1_13' title='bbox 1962 532 2127 587; x_wconf 89' lang='lat' dir='ltr'><strong>etiam</strong></span> 
     </span>
    </p>
   </div>
   <div class='ocr_carea' id='block_1_4' title="bbox 538 623 2128 698">
    <p class='ocr_par' dir='ltr' id='par_1_4' title="bbox 538 623 2128 698">
     <span class='ocr_line' id='line_1_4' title="bbox 538 623 2128 698; baseline -0.002 -17"><span class='ocrx_word' id='word_1_14' title='bbox 538 627 690 698; x_wconf 89' lang='lat' dir='ltr'><strong>prius</strong></span> <span class='ocrx_word' id='word_1_15' title='bbox 733 624 788 678; x_wconf 92' lang='lat' dir='ltr'><strong>in</strong></span> <span class='ocrx_word' id='word_1_16' title='bbox 821 623 981 677; x_wconf 92' lang='lat' dir='ltr'><strong>nobis</strong></span> <span class='ocrx_word' id='word_1_17' title='bbox 1028 631 1212 694; x_wconf 90' lang='lat' dir='ltr'><strong>portas</strong></span> <span class='ocrx_word' id='word_1_18' title='bbox 1260 639 1468 678; x_wconf 91' lang='lat' dir='ltr'><strong>armare</strong></span> <span class='ocrx_word' id='word_1_19' title='bbox 1512 623 1743 694; x_wconf 73' lang='lat' dir='ltr'><strong>justitiae</strong></span> <span class='ocrx_word' id='word_1_20' title='bbox 1778 642 1790 679; x_wconf 89' lang='lat'><em>:</em></span> <span class='ocrx_word' id='word_1_21' title='bbox 1824 632 1952 679; x_wconf 89' lang='lat' dir='ltr'><strong>sunt</strong></span> <span class='ocrx_word' id='word_1_22' title='bbox 1980 623 2128 679; x_wconf 92' lang='lat' dir='ltr'><strong>enim</strong></span> 
     </span>
    </p>
   </div>
   <div class='ocr_carea' id='block_1_5' title="bbox 538 712 2125 788">
    <p class='ocr_par' dir='ltr' id='par_1_5' title="bbox 538 712 2125 788">
     <span class='ocr_line' id='line_1_5' title="bbox 538 712 2125 788; baseline 0.002 -21"><span class='ocrx_word' id='word_1_23' title='bbox 538 723 706 788; x_wconf 70' lang='lat' dir='ltr'><strong>porta)</strong></span> <span class='ocrx_word' id='word_1_24' title='bbox 732 713 987 782; x_wconf 70' lang='lat' dir='ltr'><strong>justitize,</strong></span> <span class='ocrx_word' id='word_1_25' title='bbox 1015 712 1082 768; x_wconf 90' lang='lat' dir='ltr'><strong>de</strong></span> <span class='ocrx_word' id='word_1_26' title='bbox 1117 713 1317 785; x_wconf 88' lang='lat' dir='ltr'><strong>quibus</strong></span> <span class='ocrx_word' id='word_1_27' title='bbox 1372 720 1592 770; x_wconf 90' lang='lat' dir='ltr'><strong>sanctus</strong></span> <span class='ocrx_word' id='word_1_28' title='bbox 1635 713 1904 785; x_wconf 88' lang='lat' dir='ltr'><strong>Propheta</strong></span> <span class='ocrx_word' id='word_1_29' title='bbox 1936 713 2083 770; x_wconf 84' lang='lat' dir='ltr'><strong>dixit</strong></span> <span class='ocrx_word' id='word_1_30' title='bbox 2113 731 2125 770; x_wconf 94' lang='lat'>:</span> 
     </span>
    </p>
   </div>
   <div class='ocr_carea' id='block_1_6' title="bbox 550 802 2126 876">
    <p class='ocr_par' dir='ltr' id='par_1_6' title="bbox 550 802 2126 876">
     <span class='ocr_line' id='line_1_6' title="bbox 550 802 2126 876; baseline 0 -18"><span class='ocrx_word' id='word_1_31' title='bbox 550 829 566 848; x_wconf 78' lang='grc' dir='ltr'><strong>ε</strong></span> <span class='ocrx_word' id='word_1_32' title='bbox 598 804 822 875; x_wconf 58' lang='lat' dir='ltr'><strong>Aperite</strong></span> <span class='ocrx_word' id='word_1_33' title='bbox 875 802 1015 856; x_wconf 90' lang='lat' dir='ltr'><strong>mihi</strong></span> <span class='ocrx_word' id='word_1_34' title='bbox 1074 810 1260 873; x_wconf 88' lang='lat' dir='ltr'><strong>portas</strong></span> <span class='ocrx_word' id='word_1_35' title='bbox 1301 802 1550 873; x_wconf 74' lang='lat' dir='ltr'><strong>justitize,</strong></span> <span class='ocrx_word' id='word_1_36' title='bbox 1601 812 1654 857; x_wconf 90' lang='lat' dir='ltr'><strong>et</strong></span> <span class='ocrx_word' id='word_1_37' title='bbox 1700 803 1910 876; x_wconf 89' lang='lat' dir='ltr'><strong>reliqua</strong></span> <span class='ocrx_word' id='word_1_38' title='bbox 1953 803 2126 872; x_wconf 88' lang='lat' dir='ltr'><strong>(Psal.</strong></span> 
     </span>
    </p>
   </div>
   <div class='ocr_carea' id='block_1_7' title="bbox 551 891 2132 965">
    <p class='ocr_par' dir='ltr' id='par_1_7' title="bbox 551 891 2132 965">
     <span class='ocr_line' id='line_1_7' title="bbox 551 891 2132 965; baseline -0.003 -16"><span class='ocrx_word' id='word_1_39' title='bbox 551 911 725 965; x_wconf 66' lang='lat' dir='ltr'><strong>CXVII,</strong></span> <span class='ocrx_word' id='word_1_40' title='bbox 759 893 868 962; x_wconf 86' lang='grc'><strong>19).</strong></span> <span class='ocrx_word' id='word_1_41' title='bbox 903 917 921 939; x_wconf 84' lang='grc'>›</span> <span class='ocrx_word' id='word_1_42' title='bbox 977 892 1130 948; x_wconf 91' lang='lat' dir='ltr'><strong>Tunc</strong></span> <span class='ocrx_word' id='word_1_43' title='bbox 1183 899 1362 946; x_wconf 90' lang='lat' dir='ltr'><strong>autem</strong></span> <span class='ocrx_word' id='word_1_44' title='bbox 1409 891 1650 946; x_wconf 81' lang='lat' dir='ltr'><strong>civitatis</strong></span> <span class='ocrx_word' id='word_1_45' title='bbox 1705 899 1861 964; x_wconf 90' lang='lat' dir='ltr'><strong>porta</strong></span> <span class='ocrx_word' id='word_1_46' title='bbox 1917 891 2132 947; x_wconf 88' lang='lat' dir='ltr'><strong>munita</strong></span> 
     </span>
    </p>
   </div>
   <div class='ocr_carea' id='block_1_8' title="bbox 538 980 2130 1054">
    <p class='ocr_par' dir='ltr' id='par_1_8' title="bbox 538 980 2130 1054">
     <span class='ocr_line' id='line_1_8' title="bbox 538 980 2130 1054; baseline -0.003 -16"><span class='ocrx_word' id='word_1_47' title='bbox 538 998 654 1038; x_wconf 78' lang='lat' dir='ltr'><strong>esse</strong></span> <span class='ocrx_word' id='word_1_48' title='bbox 685 981 900 1054; x_wconf 70' lang='lat' dir='ltr'><strong>poterit,</strong></span> <span class='ocrx_word' id='word_1_49' title='bbox 936 997 978 1034; x_wconf 80' lang='lat' dir='ltr'><strong>s1</strong></span> <span class='ocrx_word' id='word_1_50' title='bbox 1029 980 1181 1052; x_wconf 89' lang='lat' dir='ltr'><strong>prius</strong></span> <span class='ocrx_word' id='word_1_51' title='bbox 1214 981 1268 1034; x_wconf 94' lang='lat' dir='ltr'><strong>in</strong></span> <span class='ocrx_word' id='word_1_52' title='bbox 1296 981 1455 1036; x_wconf 89' lang='lat' dir='ltr'><strong>nobis</strong></span> <span class='ocrx_word' id='word_1_53' title='bbox 1506 989 1675 1052; x_wconf 84' lang='lat' dir='ltr'><strong>portae</strong></span> <span class='ocrx_word' id='word_1_54' title='bbox 1723 980 1956 1051; x_wconf 65' lang='lat' dir='ltr'><strong>justitiaa</strong></span> <span class='ocrx_word' id='word_1_55' title='bbox 1996 997 2130 1035; x_wconf 89' lang='lat' dir='ltr'><strong>mu—</strong></span> 
     </span>
    </p>
   </div>
   <div class='ocr_carea' id='block_1_9' title="bbox 535 1070 2129 1142">
    <p class='ocr_par' dir='ltr' id='par_1_9' title="bbox 535 1070 2129 1142">
     <span class='ocr_line' id='line_1_9' title="bbox 535 1070 2129 1142; baseline -0.001 -16"><span class='ocrx_word' id='word_1_56' title='bbox 535 1071 784 1127; x_wconf 82' lang='lat' dir='ltr'><strong>niantur.</strong></span> <span class='ocrx_word' id='word_1_57' title='bbox 815 1071 1082 1127; x_wconf 73' lang='lat' dir='ltr'><strong>Caeterum</strong></span> <span class='ocrx_word' id='word_1_58' title='bbox 1124 1070 1263 1124; x_wconf 88' lang='lat' dir='ltr'><strong>nihil</strong></span> <span class='ocrx_word' id='word_1_59' title='bbox 1296 1070 1516 1142; x_wconf 84' lang='lat' dir='ltr'>prodest</span> <span class='ocrx_word' id='word_1_60' title='bbox 1547 1087 1734 1125; x_wconf 89' lang='lat' dir='ltr'><strong>muros</strong></span> <span class='ocrx_word' id='word_1_61' title='bbox 1763 1070 1978 1124; x_wconf 87' lang='lat' dir='ltr'><strong>munire</strong></span> <span class='ocrx_word' id='word_1_62' title='bbox 2009 1085 2129 1141; x_wconf 89' lang='lat' dir='ltr'><strong>pro-</strong></span> 
     </span>
    </p>
   </div>
   <div class='ocr_carea' id='block_1_10' title="bbox 535 1158 2128 1232">
    <p class='ocr_par' dir='ltr' id='par_1_10' title="bbox 535 1158 2128 1232">
     <span class='ocr_line' id='line_1_10' title="bbox 535 1158 2128 1232; baseline 0 -18"><span class='ocrx_word' id='word_1_63' title='bbox 535 1177 647 1232; x_wconf 73' lang='lat' dir='ltr'><strong>pug</strong></span> <span class='ocrx_word' id='word_1_64' title='bbox 694 1160 888 1226; x_wconf 91' lang='lat' dir='ltr'><strong>aculis,</strong></span> <span class='ocrx_word' id='word_1_65' title='bbox 923 1167 976 1213; x_wconf 91' lang='lat' dir='ltr'><strong>et</strong></span> <span class='ocrx_word' id='word_1_66' title='bbox 1025 1161 1195 1213; x_wconf 90' lang='lat' dir='ltr'><strong>Deum</strong></span> <span class='ocrx_word' id='word_1_67' title='bbox 1234 1175 1530 1230; x_wconf 76' lang='lat' dir='ltr'><strong>provocare</strong></span> <span class='ocrx_word' id='word_1_68' title='bbox 1565 1158 1818 1231; x_wconf 87' lang='lat' dir='ltr'><strong>peccatis.</strong></span> <span class='ocrx_word' id='word_1_69' title='bbox 1852 1159 1951 1213; x_wconf 91' lang='lat' dir='ltr'><strong>Illa</strong></span> <span class='ocrx_word' id='word_1_70' title='bbox 1979 1158 2128 1214; x_wconf 89' lang='lat' dir='ltr'><strong>enim</strong></span> 
     </span>
    </p>
   </div>
   <div class='ocr_carea' id='block_1_11' title="bbox 537 1247 2132 1314">
    <p class='ocr_par' dir='ltr' id='par_1_11' title="bbox 537 1247 2132 1314">
     <span class='ocr_line' id='line_1_11' title="bbox 537 1247 2132 1314; baseline -0.003 -9"><span class='ocrx_word' id='word_1_71' title='bbox 537 1248 900 1305; x_wconf 80' lang='lat' dir='ltr'><strong>constituitur</strong></span> <span class='ocrx_word' id='word_1_72' title='bbox 929 1248 1092 1314; x_wconf 89' lang='lat' dir='ltr'><strong>ferro,</strong></span> <span class='ocrx_word' id='word_1_73' title='bbox 1125 1247 1273 1302; x_wconf 83' lang='lat' dir='ltr'><strong>saxis</strong></span> <span class='ocrx_word' id='word_1_74' title='bbox 1311 1257 1363 1303; x_wconf 89' lang='lat' dir='ltr'><strong>et</strong></span> <span class='ocrx_word' id='word_1_75' title='bbox 1409 1247 1671 1314; x_wconf 88' lang='lat' dir='ltr'><strong>sudibus;</strong></span> <span class='ocrx_word' id='word_1_76' title='bbox 1724 1247 1841 1302; x_wconf 69' lang='lat' dir='ltr'><strong>haec</strong></span> <span class='ocrx_word' id='word_1_77' title='bbox 1886 1254 2132 1301; x_wconf 88' lang='lat' dir='ltr'><strong>armatur</strong></span> 
     </span>
    </p>
   </div>
   <div class='ocr_carea' id='block_1_12' title="bbox 536 1334 2128 1403">
    <p class='ocr_par' dir='ltr' id='par_1_12' title="bbox 536 1334 2128 1403">
     <span class='ocr_line' id='line_1_12' title="bbox 536 1334 2128 1403; baseline -0.003 -12"><span class='ocrx_word' id='word_1_78' title='bbox 536 1335 936 1400; x_wconf 89' lang='lat' dir='ltr'><strong>misericordia,</strong></span> <span class='ocrx_word' id='word_1_79' title='bbox 1000 1335 1338 1403; x_wconf 87' lang='lat' dir='ltr'><strong>innocentia,</strong></span> <span class='ocrx_word' id='word_1_80' title='bbox 1388 1335 1680 1391; x_wconf 87' lang='lat' dir='ltr'><strong>castitate:</strong></span> <span class='ocrx_word' id='word_1_81' title='bbox 1745 1335 1840 1390; x_wconf 87' lang='lat' dir='ltr'><strong>illa</strong></span> <span class='ocrx_word' id='word_1_82' title='bbox 1891 1334 2128 1388; x_wconf 88' lang='lat' dir='ltr'><strong>telorum</strong></span> 
     </span>
    </p>
   </div>
   <div class='ocr_carea' id='block_1_13' title="bbox 536 1422 2131 1495">
    <p class='ocr_par' dir='ltr' id='par_1_13' title="bbox 536 1422 2131 1495">
     <span class='ocr_line' id='line_1_13' title="bbox 536 1422 2131 1495; baseline -0.001 -16"><span class='ocrx_word' id='word_1_83' title='bbox 536 1423 896 1480; x_wconf 89' lang='lat' dir='ltr'><strong>multitudine</strong></span> <span class='ocrx_word' id='word_1_84' title='bbox 923 1424 1254 1492; x_wconf 85' lang='lat' dir='ltr'><strong>custoditur,</strong></span> <span class='ocrx_word' id='word_1_85' title='bbox 1300 1425 1417 1482; x_wconf 68' lang='lat' dir='ltr'><strong>hmc</strong></span> <span class='ocrx_word' id='word_1_86' title='bbox 1467 1425 1777 1480; x_wconf 92' lang='lat' dir='ltr'><strong>orationum</strong></span> <span class='ocrx_word' id='word_1_87' title='bbox 1823 1422 2131 1495; x_wconf 86' lang='lat' dir='ltr'><strong>frequentia</strong></span> 
     </span>
    </p>
   </div>
   <div class='ocr_carea' id='block_1_14' title="bbox 535 1512 2130 1586">
    <p class='ocr_par' dir='ltr' id='par_1_14' title="bbox 535 1512 2130 1586">
     <span class='ocr_line' id='line_1_14' title="bbox 535 1512 2130 1586; baseline -0.001 -18"><span class='ocrx_word' id='word_1_88' title='bbox 535 1513 870 1568; x_wconf 86' lang='lat' dir='ltr'><strong>defenditur.</strong></span> <span class='ocrx_word' id='word_1_89' title='bbox 913 1514 982 1568; x_wconf 85' lang='lat' dir='ltr'><strong>Et</strong></span> <span class='ocrx_word' id='word_1_90' title='bbox 1002 1513 1070 1568; x_wconf 91' lang='lat' dir='ltr'><strong>ad</strong></span> <span class='ocrx_word' id='word_1_91' title='bbox 1100 1514 1313 1586; x_wconf 86' lang='lat' dir='ltr'><strong>plenam</strong></span> <span class='ocrx_word' id='word_1_92' title='bbox 1345 1514 1638 1569; x_wconf 90' lang='lat' dir='ltr'><strong>tuitionem</strong></span> <span class='ocrx_word' id='word_1_93' title='bbox 1690 1512 1915 1568; x_wconf 90' lang='lat' dir='ltr'><strong>urbium</strong></span> <span class='ocrx_word' id='word_1_94' title='bbox 1945 1519 2130 1584; x_wconf 84' lang='lat' dir='ltr'><strong>portas</strong></span> 
     </span>
    </p>
   </div>
   <div class='ocr_carea' id='block_1_15' title="bbox 536 1602 2126 1674">
    <p class='ocr_par' dir='ltr' id='par_1_15' title="bbox 536 1602 2126 1674">
     <span class='ocr_line' id='line_1_15' title="bbox 536 1602 2126 1674; baseline -0.001 -17"><span class='ocrx_word' id='word_1_95' title='bbox 536 1602 846 1674; x_wconf 90' lang='lat' dir='ltr'><strong>principum</strong></span> <span class='ocrx_word' id='word_1_96' title='bbox 869 1604 1047 1657; x_wconf 90' lang='lat' dir='ltr'><strong>solent</strong></span> <span class='ocrx_word' id='word_1_97' title='bbox 1066 1605 1218 1673; x_wconf 91' lang='lat' dir='ltr'><strong>signa</strong></span> <span class='ocrx_word' id='word_1_98' title='bbox 1240 1603 1541 1674; x_wconf 62' lang='lat' dir='ltr'><strong>praecedere</strong></span> <span class='ocrx_word' id='word_1_99' title='bbox 1567 1622 1577 1658; x_wconf 91' lang='lat'><strong>:</strong></span> <span class='ocrx_word' id='word_1_100' title='bbox 1612 1603 1919 1658; x_wconf 88' lang='lat' dir='ltr'><strong>animarum</strong></span> <span class='ocrx_word' id='word_1_101' title='bbox 1942 1611 2126 1657; x_wconf 82' lang='lat' dir='ltr'><strong>autem</strong></span> 
     </span>
    </p>
   </div>
   <div class='ocr_carea' id='block_1_16' title="bbox 536 1690 1946 1764">
    <p class='ocr_par' dir='ltr' id='par_1_16' title="bbox 536 1690 1946 1764">
     <span class='ocr_line' id='line_1_16' title="bbox 536 1690 1946 1764; baseline -0.001 -17"><span class='ocrx_word' id='word_1_102' title='bbox 536 1699 815 1764; x_wconf 88' lang='lat' dir='ltr'><strong>portarum</strong></span> <span class='ocrx_word' id='word_1_103' title='bbox 847 1699 1060 1745; x_wconf 91' lang='lat' dir='ltr'><strong>nostras</strong></span> <span class='ocrx_word' id='word_1_104' title='bbox 1089 1690 1305 1761; x_wconf 90' lang='lat' dir='ltr'><strong>signum</strong></span> <span class='ocrx_word' id='word_1_105' title='bbox 1337 1690 1634 1745; x_wconf 89' lang='lat' dir='ltr'><strong>Salvatoris</strong></span> <span class='ocrx_word' id='word_1_106' title='bbox 1663 1691 1946 1762; x_wconf 86' lang='lat' dir='ltr'><strong>anticipet.</strong></span> 
     </span>
    </p>
   </div>
   <div class='ocr_carea' id='block_1_17' title="bbox 1561 309 2802 369">
    <p class='ocr_par' dir='ltr' id='par_1_17' title="bbox 1561 309 2802 369">
     <span class='ocr_line' id='line_1_17' title="bbox 1561 309 2802 369; baseline 0.002 -3"><span class='ocrx_word' id='word_1_107' title='bbox 1561 313 1654 366; x_wconf 91' lang='lat' dir='ltr'><strong>AD</strong></span> <span class='ocrx_word' id='word_1_108' title='bbox 1694 309 1927 367; x_wconf 79' lang='lat' dir='ltr'><strong>OPERA</strong></span> <span class='ocrx_word' id='word_1_109' title='bbox 1966 309 2021 365; x_wconf 92' lang='lat' dir='ltr'><strong>S.</strong></span> <span class='ocrx_word' id='word_1_110' title='bbox 2052 309 2382 368; x_wconf 84' lang='lat' dir='ltr'><strong>AMBROSll</strong></span> <span class='ocrx_word' id='word_1_111' title='bbox 2423 310 2802 369; x_wconf 83' lang='lat' dir='ltr'><strong>APPENDIX.</strong></span> 
     </span>
    </p>
   </div>
   <div class='ocr_carea' id='block_1_18' title="bbox 2958 310 3811 393">
    <p class='ocr_par' dir='ltr' id='par_1_18' title="bbox 2958 310 3811 393">
     <span class='ocr_line' id='line_1_18' title="bbox 2958 310 3811 393; baseline 0.005 -27"><span class='ocrx_word' id='word_1_112' title='bbox 2958 387 2964 393; x_wconf 23' lang='lat' dir='ltr'><strong>I</strong></span> <span class='ocrx_word' id='word_1_113' title='bbox 3718 310 3811 370; x_wconf 82' lang='lat'><strong>756</strong></span> 
     </span>
    </p>
   </div>
   <div class='ocr_carea' id='block_1_19' title="bbox 2795 458 3263 517">
    <p class='ocr_par' dir='ltr' id='par_1_19' title="bbox 2795 458 3263 517">
     <span class='ocr_line' id='line_1_19' title="bbox 2795 458 3263 517; baseline 0 -1"><span class='ocrx_word' id='word_1_114' title='bbox 2795 458 3031 517; x_wconf 82' lang='lat' dir='ltr'><strong>SERMO</strong></span> <span class='ocrx_word' id='word_1_115' title='bbox 3071 458 3263 516; x_wconf 82' lang='lat' dir='ltr'><strong>LXIII.</strong></span> 
     </span>
    </p>
   </div>
   <div class='ocr_carea' id='block_1_20' title="bbox 2235 563 3811 694">
    <p class='ocr_par' dir='ltr' id='par_1_20' title="bbox 2235 563 3811 694">
     <span class='ocr_line' id='line_1_20' title="bbox 2235 563 3811 693; baseline 0 -69"><span class='ocrx_word' id='word_1_116' title='bbox 2235 568 2314 624; x_wconf 92' lang='lat' dir='ltr'><strong>De</strong></span> <span class='ocrx_word' id='word_1_117' title='bbox 2342 582 2500 623; x_wconf 90' lang='lat' dir='ltr'><strong>servo</strong></span> <span class='ocrx_word' id='word_1_118' title='bbox 2528 565 2872 623; x_wconf 85' lang='lat' dir='ltr'><strong>centurionis</strong></span> <span class='ocrx_word' id='word_1_119' title='bbox 2894 565 2976 693; x_wconf 52' lang='grc' dir='ltr'><strong>1ἐπι</strong></span> <span class='ocrx_word' id='word_1_120' title='bbox 3006 565 3332 692; x_wconf 43' lang='lat' dir='ltr'><strong>Evangelia,</strong></span> <span class='ocrx_word' id='word_1_121' title='bbox 3362 565 3422 622; x_wconf 89' lang='lat' dir='ltr'><strong>in</strong></span> <span class='ocrx_word' id='word_1_122' title='bbox 3476 563 3811 624; x_wconf 81' lang='lat' dir='ltr'><strong>dedicatione</strong></span> 
     </span>
     <span class='ocr_line' id='line_1_21' title="bbox 2941 653 3166 694; baseline 0.009 -2"><span class='ocrx_word' id='word_1_123' title='bbox 2941 653 3020 693; x_wconf 64' lang='lat' dir='ltr'><strong>as:</strong></span> <span class='ocrx_word' id='word_1_124' title='bbox 3050 654 3166 694; x_wconf 67' lang='lat'><strong>1083.</strong></span> 
     </span>
    </p>
   </div>
   <div class='ocr_carea' id='block_1_21' title="bbox 2238 781 3816 856">
    <p class='ocr_par' dir='ltr' id='par_1_21' title="bbox 2238 781 3816 856">
     <span class='ocr_line' id='line_1_22' title="bbox 2238 781 3816 856; baseline 0.003 -19"><span class='ocrx_word' id='word_1_125' title='bbox 2238 781 2336 838; x_wconf 85' lang='lat' dir='ltr'><strong>Hic</strong></span> <span class='ocrx_word' id='word_1_126' title='bbox 2385 799 2552 856; x_wconf 85' lang='lat' dir='ltr'><strong>sermo</strong></span> <span class='ocrx_word' id='word_1_127' title='bbox 2598 781 2656 836; x_wconf 84' lang='lat' dir='ltr'><strong>in</strong></span> <span class='ocrx_word' id='word_1_128' title='bbox 2693 782 3013 838; x_wconf 81' lang='lat' dir='ltr'><strong>dedicatione</strong></span> <span class='ocrx_word' id='word_1_129' title='bbox 3063 783 3286 856; x_wconf 69' lang='lat' dir='ltr'><strong>ecclesia:</strong></span> <span class='ocrx_word' id='word_1_130' title='bbox 3317 783 3527 839; x_wconf 82' lang='lat' dir='ltr'><strong>habitus</strong></span> <span class='ocrx_word' id='word_1_131' title='bbox 3579 786 3816 856; x_wconf 77' lang='lat' dir='ltr'><strong>cognosci‘</strong></span> 
     </span>
    </p>
   </div>
   <div class='ocr_carea' id='block_1_22' title="bbox 2311 855 3820 926">
    <p class='ocr_par' dir='ltr' id='par_1_22' title="bbox 2311 855 3820 926">
     <span class='ocr_line' id='line_1_23' title="bbox 2311 855 3820 926; baseline 0.003 -18"><span class='ocrx_word' id='word_1_132' title='bbox 2311 860 2416 922; x_wconf 81' lang='lat' dir='ltr'><strong>tur,</strong></span> <span class='ocrx_word' id='word_1_133' title='bbox 2449 855 2535 909; x_wconf 84' lang='lat' dir='ltr'><strong>sed</strong></span> <span class='ocrx_word' id='word_1_134' title='bbox 2588 861 2782 924; x_wconf 58' lang='lat' dir='ltr'><strong>praeter</strong></span> <span class='ocrx_word' id='word_1_135' title='bbox 2826 856 3020 926; x_wconf 82' lang='lat' dir='ltr'><strong>stylum</strong></span> <span class='ocrx_word' id='word_1_136' title='bbox 3046 855 3111 911; x_wconf 89' lang='lat' dir='ltr'><strong>ab</strong></span> <span class='ocrx_word' id='word_1_137' title='bbox 3142 855 3492 910; x_wconf 83' lang='lat' dir='ltr'><strong>Ambrosiano</strong></span> <span class='ocrx_word' id='word_1_138' title='bbox 3551 855 3820 913; x_wconf 76' lang='lat' dir='ltr'><strong>abhorren-</strong></span> 
     </span>
    </p>
   </div>
   <div class='ocr_carea' id='block_1_23' title="bbox 2311 926 3818 995">
    <p class='ocr_par' dir='ltr' id='par_1_23' title="bbox 2311 926 3818 995">
     <span class='ocr_line' id='line_1_24' title="bbox 2311 926 3818 995; baseline 0.003 -15"><span class='ocrx_word' id='word_1_139' title='bbox 2311 933 2430 991; x_wconf 91' lang='lat' dir='ltr'><strong>tem,</strong></span> <span class='ocrx_word' id='word_1_140' title='bbox 2456 932 2505 980; x_wconf 89' lang='lat' dir='ltr'><strong>et</strong></span> <span class='ocrx_word' id='word_1_141' title='bbox 2541 926 2761 981; x_wconf 79' lang='lat' dir='ltr'><strong>Paulini</strong></span> <span class='ocrx_word' id='word_1_142' title='bbox 2802 927 2864 981; x_wconf 84' lang='lat' dir='ltr'><strong>de</strong></span> <span class='ocrx_word' id='word_1_143' title='bbox 2908 926 3006 980; x_wconf 89' lang='lat' dir='ltr'><strong>hac</strong></span> <span class='ocrx_word' id='word_1_144' title='bbox 3050 927 3372 982; x_wconf 69' lang='lat' dir='ltr'><strong>dedicatione</strong></span> <span class='ocrx_word' id='word_1_145' title='bbox 3399 927 3684 995; x_wconf 83' lang='lat' dir='ltr'><strong>silentium,</strong></span> <span class='ocrx_word' id='word_1_146' title='bbox 3714 945 3818 984; x_wconf 88' lang='lat' dir='ltr'><strong>cum</strong></span> 
     </span>
    </p>
   </div>
   <div class='ocr_carea' id='block_1_24' title="bbox 2309 997 3819 1069">
    <p class='ocr_par' dir='ltr' id='par_1_24' title="bbox 2309 997 3819 1069">
     <span class='ocr_line' id='line_1_25' title="bbox 2309 997 3819 1069; baseline 0.003 -18"><span class='ocrx_word' id='word_1_147' title='bbox 2309 1014 2471 1067; x_wconf 84' lang='lat' dir='ltr'><strong>neque</strong></span> <span class='ocrx_word' id='word_1_148' title='bbox 2519 997 2580 1051; x_wconf 84' lang='lat' dir='ltr'><strong>de</strong></span> <span class='ocrx_word' id='word_1_149' title='bbox 2634 997 2873 1066; x_wconf 84' lang='lat' dir='ltr'><strong>reliquiis</strong></span> <span class='ocrx_word' id='word_1_150' title='bbox 2902 997 3019 1052; x_wconf 78' lang='lat' dir='ltr'><strong>illic</strong></span> <span class='ocrx_word' id='word_1_151' title='bbox 3062 998 3285 1065; x_wconf 86' lang='lat' dir='ltr'><strong>detectis,</strong></span> <span class='ocrx_word' id='word_1_152' title='bbox 3337 1015 3498 1069; x_wconf 84' lang='lat' dir='ltr'><strong>neque</strong></span> <span class='ocrx_word' id='word_1_153' title='bbox 3553 999 3616 1053; x_wconf 88' lang='lat' dir='ltr'><strong>de</strong></span> <span class='ocrx_word' id='word_1_154' title='bbox 3641 1001 3819 1056; x_wconf 79' lang='lat' dir='ltr'><strong>sanctis</strong></span> 
     </span>
    </p>
   </div>
   <div class='ocr_carea' id='block_1_25' title="bbox 2308 1068 3819 1194">
    <p class='ocr_par' dir='ltr' id='par_1_25' title="bbox 2308 1068 3819 1194">
     <span class='ocr_line' id='line_1_26' title="bbox 2308 1068 3819 1194; baseline 0.005 -73"><span class='ocrx_word' id='word_1_155' title='bbox 2308 1069 2535 1137; x_wconf 82' lang='lat' dir='ltr'><strong>ejusdem</strong></span> <span class='ocrx_word' id='word_1_156' title='bbox 2566 1068 2812 1123; x_wconf 64' lang='lat' dir='ltr'><strong>Basilica</strong></span> <span class='ocrx_word' id='word_1_157' title='bbox 2831 1071 3077 1194; x_wconf 47' lang='lat' dir='ltr'><strong>patronis</strong></span> <span class='ocrx_word' id='word_1_158' title='bbox 3105 1070 3394 1140; x_wconf 81' lang='lat' dir='ltr'><strong>quidquam</strong></span> <span class='ocrx_word' id='word_1_159' title='bbox 3411 1068 3670 1138; x_wconf 17' lang='lat' dir='ltr'><strong>idicatur,</strong></span> <span class='ocrx_word' id='word_1_160' title='bbox 3699 1071 3819 1127; x_wconf 78' lang='lat' dir='ltr'><strong>hanc</strong></span> 
     </span>
     <span class='ocr_line' id='line_1_27' title="bbox 2308 1140 3819 1194; baseline 0 0"><span class='ocrx_word' id='word_1_161' title='bbox 2308 1140 2744 1194; x_wconf 79' lang='lat' dir='ltr'><strong>consecrationem</strong></span> <span class='ocrx_word' id='word_1_162' title='bbox 2793 1159 2824 1194; x_wconf 91' lang='lat' dir='ltr'><strong>a</strong></span> <span class='ocrx_word' id='word_1_163' title='bbox 2905 1140 3183 1194; x_wconf 83' lang='lat' dir='ltr'><strong>Ambrosio</strong></span> <span class='ocrx_word' id='word_1_164' title='bbox 3229 1142 3543 1194; x_wconf 81' lang='lat' dir='ltr'><strong>celebratam</strong></span> <span class='ocrx_word' id='word_1_165' title='bbox 3597 1159 3702 1194; x_wconf 86' lang='lat' dir='ltr'><strong>non</strong></span> <span class='ocrx_word' id='word_1_166' title='bbox 3727 1159 3819 1194; x_wconf 71' lang='lat' dir='ltr'><strong>esse</strong></span> 
     </span>
    </p>
   </div>
   <div class='ocr_carea' id='block_1_26' title="bbox 2307 1140 3821 1199">
    <p class='ocr_par' dir='ltr' id='par_1_26' title="bbox 2307 1140 3821 1199">
     <span class='ocr_line' id='line_1_28' title="bbox 2307 1140 3821 1199; baseline 0.003 -4"><span class='ocrx_word' id='word_1_167' title='bbox 2307 1140 2744 1195; x_wconf 80' lang='lat' dir='ltr'><strong>consecrationem</strong></span> <span class='ocrx_word' id='word_1_168' title='bbox 2793 1140 2859 1196; x_wconf 91' lang='lat' dir='ltr'><strong>ab</strong></span> <span class='ocrx_word' id='word_1_169' title='bbox 2905 1140 3183 1194; x_wconf 85' lang='lat' dir='ltr'><strong>Ambrosio</strong></span> <span class='ocrx_word' id='word_1_170' title='bbox 3229 1142 3543 1196; x_wconf 80' lang='lat' dir='ltr'><strong>celebratam</strong></span> <span class='ocrx_word' id='word_1_171' title='bbox 3597 1159 3702 1196; x_wconf 89' lang='lat' dir='ltr'><strong>non</strong></span> <span class='ocrx_word' id='word_1_172' title='bbox 3727 1159 3821 1199; x_wconf 70' lang='lat' dir='ltr'><strong>esse</strong></span> 
     </span>
    </p>
   </div>
   <div class='ocr_carea' id='block_1_27' title="bbox 2309 1212 3821 1295">
    <p class='ocr_par' dir='ltr' id='par_1_27' title="bbox 2309 1212 3821 1295">
     <span class='ocr_line' id='line_1_29' title="bbox 2309 1212 3821 1295; baseline 0.003 -30"><span class='ocrx_word' id='word_1_173' title='bbox 2309 1212 2515 1295; x_wconf 64' lang='lat' dir='ltr'><strong>abunde</strong></span> <span class='ocrx_word' id='word_1_174' title='bbox 2533 1217 2696 1282; x_wconf 87' lang='lat' dir='ltr'><strong>patet.</strong></span> <span class='ocrx_word' id='word_1_175' title='bbox 2740 1212 2927 1267; x_wconf 86' lang='lat' dir='ltr'><strong>Verum</strong></span> <span class='ocrx_word' id='word_1_176' title='bbox 2979 1228 3142 1295; x_wconf 70' lang='lat' dir='ltr'><strong>neque</strong></span> <span class='ocrx_word' id='word_1_177' title='bbox 3165 1230 3200 1267; x_wconf 92' lang='lat' dir='ltr'><strong>a</strong></span> <span class='ocrx_word' id='word_1_178' title='bbox 3234 1229 3352 1295; x_wconf 67' lang='lat' dir='ltr'><strong>quo</strong></span> <span class='ocrx_word' id='word_1_179' title='bbox 3384 1215 3637 1295; x_wconf 55' lang='lat' dir='ltr'><strong>prfesute,</strong></span> <span class='ocrx_word' id='word_1_180' title='bbox 3673 1231 3821 1295; x_wconf 73' lang='lat' dir='ltr'><strong>neque</strong></span> 
     </span>
    </p>
   </div>
   <div class='ocr_carea' id='block_1_28' title="bbox 2308 1283 3821 1357">
    <p class='ocr_par' dir='ltr' id='par_1_28' title="bbox 2308 1283 3821 1357">
     <span class='ocr_line' id='line_1_30' title="bbox 2308 1283 3821 1357; baseline 0.002 -20"><span class='ocrx_word' id='word_1_181' title='bbox 2308 1300 2411 1353; x_wconf 86' lang='lat' dir='ltr'><strong>quo</strong></span> <span class='ocrx_word' id='word_1_182' title='bbox 2449 1285 2579 1357; x_wconf 88' lang='lat' dir='ltr'><strong>loco,</strong></span> <span class='ocrx_word' id='word_1_183' title='bbox 2631 1299 2794 1357; x_wconf 81' lang='lat' dir='ltr'><strong>neque</strong></span> <span class='ocrx_word' id='word_1_184' title='bbox 2838 1298 2942 1357; x_wconf 73' lang='lat' dir='ltr'><strong>quo</strong></span> <span class='ocrx_word' id='word_1_185' title='bbox 2974 1289 3201 1355; x_wconf 83' lang='lat' dir='ltr'><strong>tempore</strong></span> <span class='ocrx_word' id='word_1_186' title='bbox 3245 1283 3399 1354; x_wconf 14' lang='lat' dir='ltr'><strong>facta,</strong></span> <span class='ocrx_word' id='word_1_187' title='bbox 3436 1283 3629 1354; x_wconf 80' lang='lat' dir='ltr'><strong>fuerit,</strong></span> <span class='ocrx_word' id='word_1_188' title='bbox 3673 1283 3821 1357; x_wconf 73' lang='lat' dir='ltr'><strong>hujus</strong></span> 
     </span>
    </p>
   </div>
   <div class='ocr_carea' id='block_1_29' title="bbox 2307 1354 2976 1425">
    <p class='ocr_par' dir='ltr' id='par_1_29' title="bbox 2307 1354 2976 1425">
     <span class='ocr_line' id='line_1_31' title="bbox 2307 1354 2976 1425; baseline -0.001 -16"><span class='ocrx_word' id='word_1_189' title='bbox 2307 1354 2564 1410; x_wconf 83' lang='lat' dir='ltr'><strong>sermonis</strong></span> <span class='ocrx_word' id='word_1_190' title='bbox 2593 1355 2751 1408; x_wconf 78' lang='lat' dir='ltr'><strong>series</strong></span> <span class='ocrx_word' id='word_1_191' title='bbox 2773 1354 2976 1425; x_wconf 83' lang='lat' dir='ltr'><strong>prodit.</strong></span> 
     </span>
    </p>
   </div>
   <div class='ocr_carea' id='block_1_30' title="bbox 2312 1514 3827 1589">
    <p class='ocr_par' dir='ltr' id='par_1_30' title="bbox 2312 1514 3827 1589">
     <span class='ocr_line' id='line_1_32' title="bbox 2312 1514 3827 1589; baseline 0.004 -19"><span class='ocrx_word' id='word_1_192' title='bbox 2312 1516 2362 1571; x_wconf 86' lang='grc'><strong>1.</strong></span> <span class='ocrx_word' id='word_1_193' title='bbox 2388 1515 2644 1587; x_wconf 79' lang='lat' dir='ltr'><strong>Legimus</strong></span> <span class='ocrx_word' id='word_1_194' title='bbox 2674 1514 2731 1570; x_wconf 92' lang='lat' dir='ltr'><strong>in</strong></span> <span class='ocrx_word' id='word_1_195' title='bbox 2749 1532 2878 1572; x_wconf 89' lang='lat' dir='ltr'><strong>sano</strong></span> <span class='ocrx_word' id='word_1_196' title='bbox 2890 1522 2948 1572; x_wconf 90' lang='lat' dir='ltr'><strong>to</strong></span> <span class='ocrx_word' id='word_1_197' title='bbox 2991 1517 3321 1589; x_wconf 89' lang='lat' dir='ltr'><strong>Evangelio,</strong></span> <span class='ocrx_word' id='word_1_198' title='bbox 3351 1533 3476 1573; x_wconf 89' lang='lat' dir='ltr'><strong>cum</strong></span> <span class='ocrx_word' id='word_1_199' title='bbox 3497 1519 3827 1576; x_wconf 89' lang='lat' dir='ltr'><strong>centurionis</strong></span> 
     </span>
    </p>
   </div>
   <div class='ocr_carea' id='block_1_31' title="bbox 2237 1604 3824 1680">
    <p class='ocr_par' dir='ltr' id='par_1_31' title="bbox 2237 1604 3824 1680">
     <span class='ocr_line' id='line_1_33' title="bbox 2237 1604 3824 1680; baseline 0.001 -18"><span class='ocrx_word' id='word_1_200' title='bbox 2237 1604 2525 1677; x_wconf 88' lang='lat' dir='ltr'><strong>cujusdam</strong></span> <span class='ocrx_word' id='word_1_201' title='bbox 2557 1623 2771 1675; x_wconf 89' lang='lat' dir='ltr'><strong>servus,</strong></span> <span class='ocrx_word' id='word_1_202' title='bbox 2813 1607 2913 1678; x_wconf 88' lang='lat' dir='ltr'><strong>qui</strong></span> <span class='ocrx_word' id='word_1_203' title='bbox 2944 1614 3061 1662; x_wconf 90' lang='lat' dir='ltr'><strong>erat</strong></span> <span class='ocrx_word' id='word_1_204' title='bbox 3092 1606 3177 1662; x_wconf 92' lang='lat' dir='ltr'><strong>illi</strong></span> <span class='ocrx_word' id='word_1_205' title='bbox 3223 1606 3533 1680; x_wconf 88' lang='lat' dir='ltr'><strong>pretiosior,</strong></span> <span class='ocrx_word' id='word_1_206' title='bbox 3563 1607 3713 1680; x_wconf 89' lang='lat' dir='ltr'><strong>gravi</strong></span> <span class='ocrx_word' id='word_1_207' title='bbox 3743 1625 3824 1680; x_wconf 86' lang='lat' dir='ltr'><strong>pa-</strong></span> 
     </span>
    </p>
   </div>
   <div class='ocr_carea' id='block_1_32' title="bbox 2235 1693 3825 1768">
    <p class='ocr_par' dir='ltr' id='par_1_32' title="bbox 2235 1693 3825 1768">
     <span class='ocr_line' id='line_1_34' title="bbox 2235 1693 3825 1768; baseline 0.004 -20"><span class='ocrx_word' id='word_1_208' title='bbox 2235 1693 2434 1766; x_wconf 90' lang='lat' dir='ltr'><strong>ralysis</strong></span> <span class='ocrx_word' id='word_1_209' title='bbox 2463 1694 2788 1766; x_wconf 70' lang='lat' dir='ltr'><strong>aegritudine</strong></span> <span class='ocrx_word' id='word_1_210' title='bbox 2816 1695 3113 1759; x_wconf 86' lang='lat' dir='ltr'><strong>laboraret,</strong></span> <span class='ocrx_word' id='word_1_211' title='bbox 3145 1703 3200 1751; x_wconf 93' lang='lat' dir='ltr'><strong>et</strong></span> <span class='ocrx_word' id='word_1_212' title='bbox 3230 1711 3325 1768; x_wconf 90' lang='lat' dir='ltr'><strong>per</strong></span> <span class='ocrx_word' id='word_1_213' title='bbox 3352 1696 3587 1753; x_wconf 85' lang='lat' dir='ltr'><strong>seniores</strong></span> <span class='ocrx_word' id='word_1_214' title='bbox 3617 1697 3825 1754; x_wconf 70' lang='lat' dir='ltr'><strong>Iudaeo-</strong></span> 
     </span>
    </p>
   </div>
   <div class='ocr_carea' id='block_1_33' title="bbox 605 1784 3825 1862">
    <p class='ocr_par' dir='ltr' id='par_1_33' title="bbox 605 1784 3825 1862">
     <span class='ocr_line' id='line_1_35' title="bbox 605 1784 3825 1862; baseline 0 -19"><span class='ocrx_word' id='word_1_215' title='bbox 605 1789 658 1843; x_wconf 88' lang='lat'><strong>3.</strong></span> <span class='ocrx_word' id='word_1_216' title='bbox 701 1788 865 1858; x_wconf 89' lang='lat' dir='ltr'><strong>Ergo,</strong></span> <span class='ocrx_word' id='word_1_217' title='bbox 888 1787 1102 1853; x_wconf 81' lang='lat' dir='ltr'><strong>fratres,</strong></span> <span class='ocrx_word' id='word_1_218' title='bbox 1125 1795 1345 1858; x_wconf 87' lang='lat' dir='ltr'><strong>propter</strong></span> <span class='ocrx_word' id='word_1_219' title='bbox 1366 1786 1614 1842; x_wconf 90' lang='lat' dir='ltr'><strong>futurum</strong></span> <span class='ocrx_word' id='word_1_220' title='bbox 1644 1787 1836 1842; x_wconf 92' lang='lat' dir='ltr'><strong>mundi</strong></span> <span class='ocrx_word' id='word_1_221' title='bbox 1852 1787 2126 1859; x_wconf 90' lang='lat' dir='ltr'><strong>judicium</strong></span> <span class='ocrx_word' id='word_1_222' title='bbox 2161 1802 2206 1862; x_wconf 81' lang='grc' dir='ltr'>Β</span> <span class='ocrx_word' id='word_1_223' title='bbox 2238 1801 2359 1839; x_wconf 91' lang='lat' dir='ltr'><strong>rum</strong></span> <span class='ocrx_word' id='word_1_224' title='bbox 2400 1785 2496 1840; x_wconf 90' lang='lat' dir='ltr'><strong>ille</strong></span> <span class='ocrx_word' id='word_1_225' title='bbox 2526 1785 2777 1841; x_wconf 91' lang='lat' dir='ltr'><strong>centurio</strong></span> <span class='ocrx_word' id='word_1_226' title='bbox 2835 1795 3051 1858; x_wconf 87' lang='lat' dir='ltr'><strong>rogaret</strong></span> <span class='ocrx_word' id='word_1_227' title='bbox 3080 1784 3417 1843; x_wconf 85' lang='lat' dir='ltr'><strong>Salvatorem</strong></span> <span class='ocrx_word' id='word_1_228' title='bbox 3449 1794 3511 1842; x_wconf 89' lang='lat' dir='ltr'><strong>ut</strong></span> <span class='ocrx_word' id='word_1_229' title='bbox 3539 1786 3652 1859; x_wconf 84' lang='lat' dir='ltr'><strong>ejus</strong></span> <span class='ocrx_word' id='word_1_230' title='bbox 3675 1787 3825 1844; x_wconf 89' lang='lat' dir='ltr'><strong>dolo-</strong></span> 
     </span>
    </p>
   </div>
   <div class='ocr_carea' id='block_1_34' title="bbox 532 1880 2125 1954">
    <p class='ocr_par' dir='ltr' id='par_1_34' title="bbox 532 1880 2125 1954">
     <span class='ocr_line' id='line_1_36' title="bbox 532 1880 2125 1954; baseline 0.003 -17"><span class='ocrx_word' id='word_1_231' title='bbox 532 1881 702 1937; x_wconf 87' lang='lat' dir='ltr'><strong>armis</strong></span> <span class='ocrx_word' id='word_1_232' title='bbox 728 1897 828 1936; x_wconf 91' lang='lat' dir='ltr'><strong>nos</strong></span> <span class='ocrx_word' id='word_1_233' title='bbox 856 1880 1171 1936; x_wconf 71' lang='lat' dir='ltr'><strong>cmlestibus</strong></span> <span class='ocrx_word' id='word_1_234' title='bbox 1210 1882 1542 1948; x_wconf 88' lang='lat' dir='ltr'><strong>muniamus,</strong></span> <span class='ocrx_word' id='word_1_235' title='bbox 1575 1884 1925 1954; x_wconf 86' lang='lat' dir='ltr'><strong>accingamur</strong></span> <span class='ocrx_word' id='word_1_236' title='bbox 1955 1885 2125 1941; x_wconf 88' lang='lat' dir='ltr'><strong>lorica</strong></span> 
     </span>
    </p>
   </div>
   <div class='ocr_carea' id='block_1_35' title="bbox 534 1968 2124 2044">
    <p class='ocr_par' dir='ltr' id='par_1_35' title="bbox 534 1968 2124 2044">
     <span class='ocr_line' id='line_1_37' title="bbox 534 1968 2124 2044; baseline 0.003 -21"><span class='ocrx_word' id='word_1_237' title='bbox 534 1968 685 2036; x_wconf 85' lang='lat' dir='ltr'><strong>ﬁdei,</strong></span> <span class='ocrx_word' id='word_1_238' title='bbox 717 1969 909 2024; x_wconf 90' lang='lat' dir='ltr'><strong>salutis</strong></span> <span class='ocrx_word' id='word_1_239' title='bbox 929 1970 1079 2040; x_wconf 85' lang='lat' dir='ltr'><strong>galea</strong></span> <span class='ocrx_word' id='word_1_240' title='bbox 1110 1978 1480 2042; x_wconf 90' lang='lat' dir='ltr'><strong>protegamur,</strong></span> <span class='ocrx_word' id='word_1_241' title='bbox 1509 1971 1678 2027; x_wconf 85' lang='lat' dir='ltr'><strong>verbo</strong></span> <span class='ocrx_word' id='word_1_242' title='bbox 1706 1972 1804 2027; x_wconf 92' lang='lat' dir='ltr'><strong>Dei</strong></span> <span class='ocrx_word' id='word_1_243' title='bbox 1836 1974 1988 2028; x_wconf 91' lang='lat' dir='ltr'><strong>velut</strong></span> <span class='ocrx_word' id='word_1_244' title='bbox 2017 1972 2124 2044; x_wconf 85' lang='lat' dir='ltr'><strong>spi-</strong></span> 
     </span>
    </p>
   </div>
   <div class='ocr_carea' id='block_1_36' title="bbox 533 2056 2124 2132">
    <p class='ocr_par' dir='ltr' id='par_1_36' title="bbox 533 2056 2124 2132">
     <span class='ocr_line' id='line_1_38' title="bbox 533 2056 2124 2132; baseline 0.005 -21"><span class='ocrx_word' id='word_1_245' title='bbox 533 2056 680 2112; x_wconf 90' lang='lat' dir='ltr'><strong>ritali</strong></span> <span class='ocrx_word' id='word_1_246' title='bbox 712 2057 892 2127; x_wconf 89' lang='lat' dir='ltr'><strong>gladio</strong></span> <span class='ocrx_word' id='word_1_247' title='bbox 918 2057 1295 2127; x_wconf 87' lang='lat' dir='ltr'><strong>defendamur,</strong></span> <span class='ocrx_word' id='word_1_248' title='bbox 1319 2059 1413 2132; x_wconf 89' lang='lat' dir='ltr'><strong>qui</strong></span> <span class='ocrx_word' id='word_1_249' title='bbox 1432 2059 1577 2115; x_wconf 91' lang='lat' dir='ltr'><strong>enim</strong></span> <span class='ocrx_word' id='word_1_250' title='bbox 1608 2060 2124 2119; x_wconf 87' lang='lat' dir='ltr'><strong>hisarmisinstruc-</strong></span> 
     </span>
    </p>
   </div>
   <div class='ocr_carea' id='block_1_37' title="bbox 534 2147 2122 2220">
    <p class='ocr_par' dir='ltr' id='par_1_37' title="bbox 534 2147 2122 2220">
     <span class='ocr_line' id='line_1_39' title="bbox 534 2147 2122 2220; baseline 0.003 -19"><span class='ocrx_word' id='word_1_251' title='bbox 534 2155 621 2202; x_wconf 92' lang='lat' dir='ltr'><strong>tus</strong></span> <span class='ocrx_word' id='word_1_252' title='bbox 664 2147 854 2212; x_wconf 85' lang='lat' dir='ltr'><strong>fuerit,</strong></span> <span class='ocrx_word' id='word_1_253' title='bbox 892 2165 992 2204; x_wconf 91' lang='lat' dir='ltr'><strong>nec</strong></span> <span class='ocrx_word' id='word_1_254' title='bbox 1032 2157 1354 2219; x_wconf 59' lang='lat' dir='ltr'><strong>praesentem</strong></span> <span class='ocrx_word' id='word_1_255' title='bbox 1403 2151 1869 2220; x_wconf 84' lang='lat' dir='ltr'><strong>perturbationem</strong></span> <span class='ocrx_word' id='word_1_256' title='bbox 1905 2151 2122 2218; x_wconf 87' lang='lat' dir='ltr'><strong>metuit,</strong></span> 
     </span>
    </p>
   </div>
   <div class='ocr_carea' id='block_1_38' title="bbox 533 2235 2124 2310">
    <p class='ocr_par' dir='ltr' id='par_1_38' title="bbox 533 2235 2124 2310">
     <span class='ocr_line' id='line_1_40' title="bbox 533 2235 2124 2310; baseline 0.004 -22"><span class='ocrx_word' id='word_1_257' title='bbox 533 2249 635 2290; x_wconf 91' lang='lat' dir='ltr'><strong>nec</strong></span> <span class='ocrx_word' id='word_1_258' title='bbox 663 2235 913 2290; x_wconf 90' lang='lat' dir='ltr'><strong>futurum</strong></span> <span class='ocrx_word' id='word_1_259' title='bbox 939 2235 1213 2307; x_wconf 89' lang='lat' dir='ltr'><strong>judicium</strong></span> <span class='ocrx_word' id='word_1_260' title='bbox 1268 2237 1623 2308; x_wconf 89' lang='lat' dir='ltr'><strong>pertimescit.</strong></span> <span class='ocrx_word' id='word_1_261' title='bbox 1675 2239 1956 2310; x_wconf 89' lang='lat' dir='ltr'><strong>Siquidem</strong></span> <span class='ocrx_word' id='word_1_262' title='bbox 2006 2256 2124 2295; x_wconf 90' lang='lat' dir='ltr'><strong>san-</strong></span> 
     </span>
    </p>
   </div>
   <div class='ocr_carea' id='block_1_39' title="bbox 533 2323 2124 2398">
    <p class='ocr_par' dir='ltr' id='par_1_39' title="bbox 533 2323 2124 2398">
     <span class='ocr_line' id='line_1_41' title="bbox 533 2323 2124 2398; baseline 0.003 -20"><span class='ocrx_word' id='word_1_263' title='bbox 533 2330 654 2378; x_wconf 91' lang='lat' dir='ltr'><strong>ctus</strong></span> <span class='ocrx_word' id='word_1_264' title='bbox 702 2323 879 2378; x_wconf 87' lang='lat' dir='ltr'><strong>David</strong></span> <span class='ocrx_word' id='word_1_265' title='bbox 909 2324 1012 2379; x_wconf 90' lang='lat' dir='ltr'><strong>hac</strong></span> <span class='ocrx_word' id='word_1_266' title='bbox 1041 2325 1334 2380; x_wconf 90' lang='lat' dir='ltr'><strong>devotione</strong></span> <span class='ocrx_word' id='word_1_267' title='bbox 1371 2334 1670 2398; x_wconf 90' lang='lat' dir='ltr'><strong>protectus,</strong></span> <span class='ocrx_word' id='word_1_268' title='bbox 1704 2327 1919 2382; x_wconf 89' lang='lat' dir='ltr'><strong>Goliam</strong></span> <span class='ocrx_word' id='word_1_269' title='bbox 1965 2327 2124 2382; x_wconf 93' lang='lat' dir='ltr'><strong>illum</strong></span> 
     </span>
    </p>
   </div>
   <div class='ocr_carea' id='block_1_40' title="bbox 533 2412 2122 2488">
    <p class='ocr_par' dir='ltr' id='par_1_40' title="bbox 533 2412 2122 2488">
     <span class='ocr_line' id='line_1_42' title="bbox 533 2412 2122 2488; baseline 0.003 -22"><span class='ocrx_word' id='word_1_270' title='bbox 533 2412 897 2468; x_wconf 84' lang='lat' dir='ltr'><strong>fortissimum</strong></span> <span class='ocrx_word' id='word_1_271' title='bbox 918 2421 1187 2469; x_wconf 90' lang='lat' dir='ltr'><strong>armatum</strong></span> <span class='ocrx_word' id='word_1_272' title='bbox 1210 2416 1377 2470; x_wconf 89' lang='lat' dir='ltr'><strong>etiam</strong></span> <span class='ocrx_word' id='word_1_273' title='bbox 1403 2416 1628 2471; x_wconf 89' lang='lat' dir='ltr'><strong>inermis</strong></span> <span class='ocrx_word' id='word_1_274' title='bbox 1649 2415 1910 2471; x_wconf 85' lang='lat' dir='ltr'><strong>occiderit</strong></span> <span class='ocrx_word' id='word_1_275' title='bbox 1927 2418 1985 2488; x_wconf 91' lang='lat' dir='ltr'><strong>(I</strong></span> <span class='ocrx_word' id='word_1_276' title='bbox 2005 2415 2122 2486; x_wconf 80' lang='lat' dir='ltr'><strong>Reg.</strong></span> 
     </span>
    </p>
   </div>
   <div class='ocr_carea' id='block_1_41' title="bbox 532 2501 2128 2575">
    <p class='ocr_par' dir='ltr' id='par_1_41' title="bbox 532 2501 2128 2575">
     <span class='ocr_line' id='line_1_43' title="bbox 532 2501 2128 2575; baseline 0.002 -19"><span class='ocrx_word' id='word_1_277' title='bbox 532 2519 673 2568; x_wconf 84' lang='lat' dir='ltr'><strong>xvn,</strong></span> <span class='ocrx_word' id='word_1_278' title='bbox 689 2501 808 2570; x_wconf 84' lang='lat'><strong>50),</strong></span> <span class='ocrx_word' id='word_1_279' title='bbox 824 2509 878 2556; x_wconf 91' lang='lat' dir='ltr'><strong>et</strong></span> <span class='ocrx_word' id='word_1_280' title='bbox 898 2502 1079 2557; x_wconf 90' lang='lat' dir='ltr'><strong>virum</strong></span> <span class='ocrx_word' id='word_1_281' title='bbox 1100 2503 1422 2558; x_wconf 90' lang='lat' dir='ltr'><strong>bellicosum</strong></span> <span class='ocrx_word' id='word_1_282' title='bbox 1451 2503 1858 2558; x_wconf 87' lang='lat' dir='ltr'><strong>munitionibus</strong></span> <span class='ocrx_word' id='word_1_283' title='bbox 1883 2505 2128 2575; x_wconf 87' lang='lat' dir='ltr'><strong>undique</strong></span> 
     </span>
    </p>
   </div>
   <div class='ocr_carea' id='block_1_42' title="bbox 532 2589 2126 2662">
    <p class='ocr_par' dir='ltr' id='par_1_42' title="bbox 532 2589 2126 2662">
     <span class='ocr_line' id='line_1_44' title="bbox 532 2589 2126 2662; baseline 0.001 -16"><span class='ocrx_word' id='word_1_284' title='bbox 532 2589 958 2661; x_wconf 89' lang='lat' dir='ltr'><strong>circumseptum</strong></span> <span class='ocrx_word' id='word_1_285' title='bbox 989 2592 1105 2646; x_wconf 90' lang='lat' dir='ltr'><strong>sola</strong></span> <span class='ocrx_word' id='word_1_286' title='bbox 1135 2590 1262 2646; x_wconf 85' lang='lat' dir='ltr'><strong>fidei</strong></span> <span class='ocrx_word' id='word_1_287' title='bbox 1303 2591 1508 2646; x_wconf 87' lang='lat' dir='ltr'><strong>virtute</strong></span> <span class='ocrx_word' id='word_1_288' title='bbox 1556 2592 1932 2662; x_wconf 89' lang='lat' dir='ltr'><strong>prostraverit.</strong></span> <span class='ocrx_word' id='word_1_289' title='bbox 1989 2591 2126 2648; x_wconf 91' lang='lat' dir='ltr'><strong>Cum</strong></span> 
     </span>
    </p>
   </div>
   <div class='ocr_carea' id='block_1_43' title="bbox 533 2679 2128 2755">
    <p class='ocr_par' dir='ltr' id='par_1_43' title="bbox 533 2679 2128 2755">
     <span class='ocr_line' id='line_1_45' title="bbox 533 2679 2128 2755; baseline 0.001 -20"><span class='ocrx_word' id='word_1_290' title='bbox 533 2680 681 2735; x_wconf 91' lang='lat' dir='ltr'><strong>enim</strong></span> <span class='ocrx_word' id='word_1_291' title='bbox 713 2689 932 2735; x_wconf 88' lang='lat' dir='ltr'><strong>sanctus</strong></span> <span class='ocrx_word' id='word_1_292' title='bbox 963 2679 1138 2737; x_wconf 88' lang='lat' dir='ltr'><strong>David</strong></span> <span class='ocrx_word' id='word_1_293' title='bbox 1169 2697 1281 2735; x_wconf 94' lang='lat' dir='ltr'><strong>non</strong></span> <span class='ocrx_word' id='word_1_294' title='bbox 1313 2681 1619 2752; x_wconf 88' lang='lat' dir='ltr'><strong>operiretur</strong></span> <span class='ocrx_word' id='word_1_295' title='bbox 1647 2681 1816 2752; x_wconf 90' lang='lat' dir='ltr'><strong>galea,</strong></span> <span class='ocrx_word' id='word_1_296' title='bbox 1849 2697 1959 2736; x_wconf 93' lang='lat' dir='ltr'>non</span> <span class='ocrx_word' id='word_1_297' title='bbox 1997 2699 2128 2755; x_wconf 75' lang='lat' dir='ltr'><strong>prae-</strong></span> 
     </span>
    </p>
   </div>
   <div class='ocr_carea' id='block_1_44' title="bbox 546 2769 2130 2840">
    <p class='ocr_par' dir='ltr' id='par_1_44' title="bbox 546 2769 2130 2840">
     <span class='ocr_line' id='line_1_46' title="bbox 546 2769 2130 2840; baseline 0.001 -15"><span class='ocrx_word' id='word_1_298' title='bbox 546 2771 858 2840; x_wconf 86' lang='lat' dir='ltr'><strong>cingeretur</strong></span> <span class='ocrx_word' id='word_1_299' title='bbox 888 2769 1090 2840; x_wconf 89' lang='lat' dir='ltr'><strong>gladio,</strong></span> <span class='ocrx_word' id='word_1_300' title='bbox 1126 2787 1234 2826; x_wconf 92' lang='lat' dir='ltr'><strong>non</strong></span> <span class='ocrx_word' id='word_1_301' title='bbox 1265 2771 1451 2828; x_wconf 88' lang='lat' dir='ltr'><strong>lancea</strong></span> <span class='ocrx_word' id='word_1_302' title='bbox 1472 2779 1753 2836; x_wconf 86' lang='lat' dir='ltr'><strong>uteretur;</strong></span> <span class='ocrx_word' id='word_1_303' title='bbox 1791 2772 1994 2828; x_wconf 88' lang='lat' dir='ltr'><strong>occidit</strong></span> <span class='ocrx_word' id='word_1_304' title='bbox 2023 2789 2130 2827; x_wconf 89' lang='lat' dir='ltr'><strong>au-</strong></span> 
     </span>
    </p>
   </div>
   <div class='ocr_carea' id='block_1_45' title="bbox 542 2856 2126 2933">
    <p class='ocr_par' dir='ltr' id='par_1_45' title="bbox 542 2856 2126 2933">
     <span class='ocr_line' id='line_1_47' title="bbox 542 2856 2126 2933; baseline 0.003 -19"><span class='ocrx_word' id='word_1_305' title='bbox 542 2856 649 2915; x_wconf 83' lang='lat' dir='ltr'><strong>tem</strong></span> <span class='ocrx_word' id='word_1_306' title='bbox 708 2858 869 2912; x_wconf 92' lang='lat' dir='ltr'><strong>illum</strong></span> <span class='ocrx_word' id='word_1_307' title='bbox 925 2876 1032 2913; x_wconf 94' lang='lat' dir='ltr'><strong>non</strong></span> <span class='ocrx_word' id='word_1_308' title='bbox 1089 2860 1196 2914; x_wconf 79' lang='lat' dir='ltr'><strong>telo</strong></span> <span class='ocrx_word' id='word_1_309' title='bbox 1252 2860 1447 2928; x_wconf 90' lang='lat' dir='ltr'><strong>ferreo,</strong></span> <span class='ocrx_word' id='word_1_310' title='bbox 1480 2860 1574 2916; x_wconf 90' lang='lat' dir='ltr'><strong>sed</strong></span> <span class='ocrx_word' id='word_1_311' title='bbox 1632 2861 1813 2932; x_wconf 88' lang='lat' dir='ltr'><strong>gladio</strong></span> <span class='ocrx_word' id='word_1_312' title='bbox 1870 2861 2126 2933; x_wconf 90' lang='lat' dir='ltr'><strong>spiritali.</strong></span> 
     </span>
    </p>
   </div>
   <div class='ocr_carea' id='block_1_46' title="bbox 543 2946 2128 3018">
    <p class='ocr_par' dir='ltr' id='par_1_46' title="bbox 543 2946 2128 3018">
     <span class='ocr_line' id='line_1_48' title="bbox 543 2946 2128 3018; baseline 0.002 -16"><span class='ocrx_word' id='word_1_313' title='bbox 543 2947 808 3015; x_wconf 83' lang='lat' dir='ltr'><strong>Quamvis</strong></span> <span class='ocrx_word' id='word_1_314' title='bbox 848 2946 995 3000; x_wconf 86' lang='lat' dir='ltr'><strong>enim</strong></span> <span class='ocrx_word' id='word_1_315' title='bbox 1029 2947 1254 3001; x_wconf 89' lang='lat' dir='ltr'><strong>inermis</strong></span> <span class='ocrx_word' id='word_1_316' title='bbox 1292 2948 1467 3002; x_wconf 89' lang='lat' dir='ltr'><strong>oculis</strong></span> <span class='ocrx_word' id='word_1_317' title='bbox 1505 2947 1791 3004; x_wconf 91' lang='lat' dir='ltr'><strong>hominum</strong></span> <span class='ocrx_word' id='word_1_318' title='bbox 1823 2950 2128 3018; x_wconf 87' lang='lat' dir='ltr'><strong>videretur,</strong></span> 
     </span>
    </p>
   </div>
   <div class='ocr_carea' id='block_1_47' title="bbox 538 3037 2128 3108">
    <p class='ocr_par' dir='ltr' id='par_1_47' title="bbox 538 3037 2128 3108">
     <span class='ocr_line' id='line_1_49' title="bbox 538 3037 2128 3108; baseline 0.003 -16"><span class='ocrx_word' id='word_1_319' title='bbox 538 3037 669 3092; x_wconf 90' lang='lat' dir='ltr'><strong>satis</strong></span> <span class='ocrx_word' id='word_1_320' title='bbox 698 3045 882 3092; x_wconf 86' lang='lat' dir='ltr'><strong>tamen</strong></span> <span class='ocrx_word' id='word_1_321' title='bbox 916 3045 1033 3091; x_wconf 83' lang='lat' dir='ltr'><strong>erat</strong></span> <span class='ocrx_word' id='word_1_322' title='bbox 1062 3037 1232 3108; x_wconf 84' lang='lat' dir='ltr'><strong>gratia</strong></span> <span class='ocrx_word' id='word_1_323' title='bbox 1284 3037 1596 3094; x_wconf 87' lang='lat' dir='ltr'><strong>divinitatis</strong></span> <span class='ocrx_word' id='word_1_324' title='bbox 1626 3048 1884 3096; x_wconf 88' lang='lat' dir='ltr'><strong>armatus.</strong></span> <span class='ocrx_word' id='word_1_325' title='bbox 1919 3041 2128 3097; x_wconf 83' lang='lat' dir='ltr'><strong>Verum</strong></span> 
     </span>
    </p>
   </div>
   <div class='ocr_carea' id='block_1_48' title="bbox 2232 1875 3818 1949">
    <p class='ocr_par' dir='ltr' id='par_1_48' title="bbox 2232 1875 3818 1949">
     <span class='ocr_line' id='line_1_50' title="bbox 2232 1875 3818 1949; baseline 0.002 -19"><span class='ocrx_word' id='word_1_326' title='bbox 2232 1875 2388 1932; x_wconf 88' lang='lat' dir='ltr'><strong>ribus</strong></span> <span class='ocrx_word' id='word_1_327' title='bbox 2415 1875 2722 1932; x_wconf 90' lang='lat' dir='ltr'><strong>mederetur</strong></span> <span class='ocrx_word' id='word_1_328' title='bbox 2780 1876 2920 1947; x_wconf 88' lang='lat' dir='ltr'><strong>(erat</strong></span> <span class='ocrx_word' id='word_1_329' title='bbox 2958 1875 3115 1945; x_wconf 84' lang='lat' dir='ltr'><strong>enim,</strong></span> <span class='ocrx_word' id='word_1_330' title='bbox 3146 1884 3206 1932; x_wconf 90' lang='lat' dir='ltr'><strong>ut</strong></span> <span class='ocrx_word' id='word_1_331' title='bbox 3248 1875 3325 1933; x_wconf 94' lang='lat' dir='ltr'><strong>ait</strong></span> <span class='ocrx_word' id='word_1_332' title='bbox 3352 1877 3635 1949; x_wconf 88' lang='lat' dir='ltr'><strong>Scriptura</strong></span> <span class='ocrx_word' id='word_1_333' title='bbox 3666 1877 3818 1949; x_wconf 85' lang='lat' dir='ltr'><strong>(Luc.</strong></span> 
     </span>
    </p>
   </div>
   <div class='ocr_carea' id='block_1_49' title="bbox 2232 1963 3827 2037">
    <p class='ocr_par' dir='ltr' id='par_1_49' title="bbox 2232 1963 3827 2037">
     <span class='ocr_line' id='line_1_51' title="bbox 2232 1963 3827 2037; baseline 0.001 -19"><span class='ocrx_word' id='word_1_334' title='bbox 2232 1981 2335 2032; x_wconf 89' lang='lat' dir='ltr'><strong>vu,</strong></span> <span class='ocrx_word' id='word_1_335' title='bbox 2356 1963 2412 2035; x_wconf 87' lang='lat'><strong>2)</strong></span> <span class='ocrx_word' id='word_1_336' title='bbox 2461 1964 2806 2036; x_wconf 84' lang='lat' dir='ltr'><strong>moriturus),</strong></span> <span class='ocrx_word' id='word_1_337' title='bbox 2855 1963 3000 2020; x_wconf 90' lang='lat' dir='ltr'><strong>inter</strong></span> <span class='ocrx_word' id='word_1_338' title='bbox 3045 1973 3241 2022; x_wconf 71' lang='lat' dir='ltr'><strong>caetera</strong></span> <span class='ocrx_word' id='word_1_339' title='bbox 3276 1965 3344 2021; x_wconf 90' lang='lat' dir='ltr'><strong>ad</strong></span> <span class='ocrx_word' id='word_1_340' title='bbox 3383 1964 3647 2037; x_wconf 88' lang='lat' dir='ltr'><strong>majorem</strong></span> <span class='ocrx_word' id='word_1_341' title='bbox 3692 1983 3827 2022; x_wconf 83' lang='lat' dir='ltr'><strong>com-</strong></span> 
     </span>
    </p>
   </div>
   <div class='ocr_carea' id='block_1_50' title="bbox 2235 2053 3830 2125">
    <p class='ocr_par' dir='ltr' id='par_1_50' title="bbox 2235 2053 3830 2125">
     <span class='ocr_line' id='line_1_52' title="bbox 2235 2053 3830 2125; baseline 0.003 -18"><span class='ocrx_word' id='word_1_342' title='bbox 2235 2053 2601 2109; x_wconf 90' lang='lat' dir='ltr'><strong>mendationis</strong></span> <span class='ocrx_word' id='word_1_343' title='bbox 2657 2054 2883 2125; x_wconf 84' lang='lat' dir='ltr'><strong>gratiam</strong></span> <span class='ocrx_word' id='word_1_344' title='bbox 2942 2053 3190 2111; x_wconf 85' lang='lat' dir='ltr'><strong>seniores</strong></span> <span class='ocrx_word' id='word_1_345' title='bbox 3250 2053 3566 2110; x_wconf 68' lang='lat' dir='ltr'><strong>Iudaeorum</strong></span> <span class='ocrx_word' id='word_1_346' title='bbox 3629 2054 3830 2111; x_wconf 79' lang='lat' dir='ltr'><strong>dixisse</strong></span> 
     </span>
    </p>
   </div>
   <div class='ocr_carea' id='block_1_51' title="bbox 2233 2142 3829 2216">
    <p class='ocr_par' dir='ltr' id='par_1_51' title="bbox 2233 2142 3829 2216">
     <span class='ocr_line' id='line_1_53' title="bbox 2233 2142 3829 2216; baseline 0 -18"><span class='ocrx_word' id='word_1_347' title='bbox 2233 2142 2472 2198; x_wconf 90' lang='lat' dir='ltr'><strong>Domino</strong></span> <span class='ocrx_word' id='word_1_348' title='bbox 2506 2161 2516 2197; x_wconf 91' lang='lat'>:</span> <span class='ocrx_word' id='word_1_349' title='bbox 2561 2167 2578 2189; x_wconf 82' lang='grc' dir='ltr'>ι</span> <span class='ocrx_word' id='word_1_350' title='bbox 2607 2142 2845 2213; x_wconf 83' lang='lat' dir='ltr'><strong>Dignum</strong></span> <span class='ocrx_word' id='word_1_351' title='bbox 2878 2150 2961 2198; x_wconf 90' lang='lat' dir='ltr'><strong>est</strong></span> <span class='ocrx_word' id='word_1_352' title='bbox 2997 2151 3059 2198; x_wconf 91' lang='lat' dir='ltr'><strong>ut</strong></span> <span class='ocrx_word' id='word_1_353' title='bbox 3085 2142 3193 2198; x_wconf 90' lang='lat' dir='ltr'><strong>hoc</strong></span> <span class='ocrx_word' id='word_1_354' title='bbox 3248 2142 3330 2198; x_wconf 94' lang='lat' dir='ltr'><strong>illi</strong></span> <span class='ocrx_word' id='word_1_355' title='bbox 3380 2150 3624 2215; x_wconf 68' lang='lat' dir='ltr'><strong>praestes,</strong></span> <span class='ocrx_word' id='word_1_356' title='bbox 3655 2142 3829 2216; x_wconf 86' lang='lat' dir='ltr'><strong>diligit</strong></span> 
     </span>
    </p>
   </div>
   <div class='ocr_carea' id='block_1_52' title="bbox 2235 2230 3830 2305">
    <p class='ocr_par' dir='ltr' id='par_1_52' title="bbox 2235 2230 3830 2305">
     <span class='ocr_line' id='line_1_54' title="bbox 2235 2230 3830 2305; baseline 0 -18"><span class='ocrx_word' id='word_1_357' title='bbox 2235 2230 2380 2287; x_wconf 92' lang='lat' dir='ltr'><strong>enim</strong></span> <span class='ocrx_word' id='word_1_358' title='bbox 2413 2239 2627 2304; x_wconf 90' lang='lat' dir='ltr'><strong>gentem</strong></span> <span class='ocrx_word' id='word_1_359' title='bbox 2660 2241 2924 2298; x_wconf 91' lang='lat' dir='ltr'><strong>nostram,</strong></span> <span class='ocrx_word' id='word_1_360' title='bbox 2951 2239 3005 2286; x_wconf 90' lang='lat' dir='ltr'><strong>et</strong></span> <span class='ocrx_word' id='word_1_361' title='bbox 3033 2247 3364 2305; x_wconf 89' lang='lat' dir='ltr'><strong>synagogam</strong></span> <span class='ocrx_word' id='word_1_362' title='bbox 3397 2231 3512 2303; x_wconf 88' lang='lat' dir='ltr'><strong>ipse</strong></span> <span class='ocrx_word' id='word_1_363' title='bbox 3541 2231 3830 2288; x_wconf 70' lang='lat' dir='ltr'><strong>aediﬁcavit</strong></span> 
     </span>
    </p>
   </div>
   <div class='ocr_carea' id='block_1_53' title="bbox 2236 2321 3824 2395">
    <p class='ocr_par' dir='ltr' id='par_1_53' title="bbox 2236 2321 3824 2395">
     <span class='ocr_line' id='line_1_55' title="bbox 2236 2321 3824 2395; baseline 0.003 -19"><span class='ocrx_word' id='word_1_364' title='bbox 2236 2321 2395 2378; x_wconf 89' lang='lat' dir='ltr'><strong>nobis</strong></span> <span class='ocrx_word' id='word_1_365' title='bbox 2429 2322 2592 2392; x_wconf 89' lang='lat' dir='ltr'><strong>(Ibid.</strong></span> <span class='ocrx_word' id='word_1_366' title='bbox 2629 2321 2684 2389; x_wconf 80' lang='grc'><strong>4,</strong></span> <span class='ocrx_word' id='word_1_367' title='bbox 2714 2322 2794 2390; x_wconf 83' lang='lat'><strong>5).</strong></span> <span class='ocrx_word' id='word_1_368' title='bbox 2822 2347 2838 2370; x_wconf 79' lang='grc' dir='ltr'><strong><em>ι</em></strong></span> <span class='ocrx_word' id='word_1_369' title='bbox 2873 2321 2928 2378; x_wconf 92' lang='lat' dir='ltr'><strong>Si</strong></span> <span class='ocrx_word' id='word_1_370' title='bbox 2959 2339 3088 2395; x_wconf 89' lang='lat' dir='ltr'><strong>ergo</strong></span> <span class='ocrx_word' id='word_1_371' title='bbox 3117 2323 3537 2380; x_wconf 89' lang='lat' dir='ltr'><strong>commendatur</strong></span> <span class='ocrx_word' id='word_1_372' title='bbox 3567 2325 3824 2392; x_wconf 91' lang='lat' dir='ltr'><strong>Domino,</strong></span> 
     </span>
    </p>
   </div>
   <div class='ocr_carea' id='block_1_54' title="bbox 2237 2410 3829 2484">
    <p class='ocr_par' dir='ltr' id='par_1_54' title="bbox 2237 2410 3829 2484">
     <span class='ocr_line' id='line_1_56' title="bbox 2237 2410 3829 2484; baseline 0.001 -18"><span class='ocrx_word' id='word_1_373' title='bbox 2237 2411 2331 2484; x_wconf 90' lang='lat' dir='ltr'><strong>qui</strong></span> <span class='ocrx_word' id='word_1_374' title='bbox 2379 2410 2674 2467; x_wconf 78' lang='lat' dir='ltr'><strong>aedificavit</strong></span> <span class='ocrx_word' id='word_1_375' title='bbox 2707 2411 3072 2483; x_wconf 86' lang='lat' dir='ltr'><strong>Synagogam,</strong></span> <span class='ocrx_word' id='word_1_376' title='bbox 3131 2421 3338 2484; x_wconf 90' lang='lat' dir='ltr'><strong>quanto</strong></span> <span class='ocrx_word' id='word_1_377' title='bbox 3366 2422 3447 2468; x_wconf 90' lang='lat' dir='ltr'><strong>est</strong></span> <span class='ocrx_word' id='word_1_378' title='bbox 3471 2413 3829 2470; x_wconf 83' lang='lat' dir='ltr'><strong>commenda-</strong></span> 
     </span>
    </p>
   </div>
   <div class='ocr_carea' id='block_1_55' title="bbox 2237 2499 3831 2570">
    <p class='ocr_par' dir='ltr' id='par_1_55' title="bbox 2237 2499 3831 2570">
     <span class='ocr_line' id='line_1_57' title="bbox 2237 2499 3831 2570; baseline 0.002 -15"><span class='ocrx_word' id='word_1_379' title='bbox 2237 2500 2366 2567; x_wconf 91' lang='lat' dir='ltr'><strong>tior,</strong></span> <span class='ocrx_word' id='word_1_380' title='bbox 2399 2499 2494 2570; x_wconf 92' lang='lat' dir='ltr'><strong>qui</strong></span> <span class='ocrx_word' id='word_1_381' title='bbox 2547 2499 2841 2555; x_wconf 67' lang='lat' dir='ltr'><strong>aedificavit</strong></span> <span class='ocrx_word' id='word_1_382' title='bbox 2885 2499 3191 2557; x_wconf 87' lang='lat' dir='ltr'><strong>Ecclesiam</strong></span> <span class='ocrx_word' id='word_1_383' title='bbox 3228 2503 3239 2556; x_wconf 92' lang='lat' dir='ltr'><strong>l</strong></span> <span class='ocrx_word' id='word_1_384' title='bbox 3290 2502 3361 2558; x_wconf 85' lang='lat' dir='ltr'><strong>Et</strong></span> <span class='ocrx_word' id='word_1_385' title='bbox 3401 2500 3446 2556; x_wconf 91' lang='lat' dir='ltr'><strong>si</strong></span> <span class='ocrx_word' id='word_1_386' title='bbox 3496 2500 3543 2557; x_wconf 90' lang='lat' dir='ltr'><strong>is</strong></span> <span class='ocrx_word' id='word_1_387' title='bbox 3597 2510 3831 2558; x_wconf 90' lang='lat' dir='ltr'><strong>meretur</strong></span> 
     </span>
    </p>
   </div>
   <div class='ocr_carea' id='block_1_56' title="bbox 2239 2588 3830 2662">
    <p class='ocr_par' dir='ltr' id='par_1_56' title="bbox 2239 2588 3830 2662">
     <span class='ocr_line' id='line_1_58' title="bbox 2239 2588 3830 2662; baseline 0.003 -18"><span class='ocrx_word' id='word_1_388' title='bbox 2239 2588 2492 2660; x_wconf 90' lang='lat' dir='ltr'><strong>gratiam,</strong></span> <span class='ocrx_word' id='word_1_389' title='bbox 2557 2588 2652 2660; x_wconf 91' lang='lat' dir='ltr'><strong>qui</strong></span> <span class='ocrx_word' id='word_1_390' title='bbox 2726 2589 3025 2660; x_wconf 89' lang='lat' dir='ltr'><strong>impietatis</strong></span> <span class='ocrx_word' id='word_1_391' title='bbox 3092 2590 3495 2662; x_wconf 88' lang='lat' dir='ltr'><strong>receptaculum</strong></span> <span class='ocrx_word' id='word_1_392' title='bbox 3556 2591 3830 2662; x_wconf 64' lang='lat' dir='ltr'><strong>prestitit,</strong></span> 
     </span>
    </p>
   </div>
   <div class='ocr_carea' id='block_1_57' title="bbox 2238 2677 3835 2752">
    <p class='ocr_par' dir='ltr' id='par_1_57' title="bbox 2238 2677 3835 2752">
     <span class='ocr_line' id='line_1_59' title="bbox 2238 2677 3835 2752; baseline 0.003 -20"><span class='ocrx_word' id='word_1_393' title='bbox 2238 2687 2442 2750; x_wconf 88' lang='lat' dir='ltr'><strong>quanto</strong></span> <span class='ocrx_word' id='word_1_394' title='bbox 2473 2677 2732 2749; x_wconf 88' lang='lat' dir='ltr'><strong>majorem</strong></span> <span class='ocrx_word' id='word_1_395' title='bbox 2767 2686 3007 2733; x_wconf 91' lang='lat' dir='ltr'><strong>meretur</strong></span> <span class='ocrx_word' id='word_1_396' title='bbox 3036 2678 3300 2749; x_wconf 86' lang='lat' dir='ltr'><strong>gratiam,</strong></span> <span class='ocrx_word' id='word_1_397' title='bbox 3333 2678 3428 2752; x_wconf 88' lang='lat' dir='ltr'><strong>qui</strong></span> <span class='ocrx_word' id='word_1_398' title='bbox 3463 2679 3720 2751; x_wconf 88' lang='lat' dir='ltr'><strong>religioni</strong></span> <span class='ocrx_word' id='word_1_399' title='bbox 3749 2681 3835 2736; x_wconf 91' lang='lat' dir='ltr'><strong>do-</strong></span> 
     </span>
    </p>
   </div>
   <div class='ocr_carea' id='block_1_58' title="bbox 2244 2766 3836 2839">
    <p class='ocr_par' dir='ltr' id='par_1_58' title="bbox 2244 2766 3836 2839">
     <span class='ocr_line' id='line_1_60' title="bbox 2244 2766 3836 2839; baseline 0.002 -17"><span class='ocrx_word' id='word_1_400' title='bbox 2244 2766 2516 2823; x_wconf 89' lang='lat' dir='ltr'><strong>micilium</strong></span> <span class='ocrx_word' id='word_1_401' title='bbox 2550 2766 2910 2839; x_wconf 68' lang='lat' dir='ltr'><strong>praeparavit!</strong></span> <span class='ocrx_word' id='word_1_402' title='bbox 2946 2767 3016 2822; x_wconf 90' lang='lat' dir='ltr'><strong>Et</strong></span> <span class='ocrx_word' id='word_1_403' title='bbox 3044 2767 3089 2822; x_wconf 90' lang='lat' dir='ltr'><strong>si</strong></span> <span class='ocrx_word' id='word_1_404' title='bbox 3109 2767 3202 2822; x_wconf 92' lang='lat' dir='ltr'><strong>ille</strong></span> <span class='ocrx_word' id='word_1_405' title='bbox 3232 2768 3439 2823; x_wconf 69' lang='lat' dir='ltr'><strong>caelesti</strong></span> <span class='ocrx_word' id='word_1_406' title='bbox 3465 2769 3836 2825; x_wconf 87' lang='lat' dir='ltr'><strong>misericordia</strong></span> 
     </span>
    </p>
   </div>
   <div class='ocr_carea' id='block_1_59' title="bbox 2241 2856 3835 2930">
    <p class='ocr_par' dir='ltr' id='par_1_59' title="bbox 2241 2856 3835 2930">
     <span class='ocr_line' id='line_1_61' title="bbox 2241 2856 3835 2930; baseline 0.003 -20"><span class='ocrx_word' id='word_1_407' title='bbox 2241 2856 2518 2924; x_wconf 88' lang='lat' dir='ltr'><strong>visitatur,</strong></span> <span class='ocrx_word' id='word_1_408' title='bbox 2541 2856 2632 2928; x_wconf 90' lang='lat' dir='ltr'><strong>qui</strong></span> <span class='ocrx_word' id='word_1_409' title='bbox 2659 2856 2972 2911; x_wconf 85' lang='lat' dir='ltr'><strong>construxit</strong></span> <span class='ocrx_word' id='word_1_410' title='bbox 2997 2856 3176 2912; x_wconf 89' lang='lat' dir='ltr'><strong>locum</strong></span> <span class='ocrx_word' id='word_1_411' title='bbox 3193 2899 3208 2924; x_wconf 94' lang='lat'><strong>,</strong></span> <span class='ocrx_word' id='word_1_412' title='bbox 3231 2856 3325 2912; x_wconf 91' lang='lat' dir='ltr'><strong>ubi</strong></span> <span class='ocrx_word' id='word_1_413' title='bbox 3355 2857 3607 2916; x_wconf 88' lang='lat' dir='ltr'><strong>Christus</strong></span> <span class='ocrx_word' id='word_1_414' title='bbox 3628 2874 3835 2930; x_wconf 87' lang='lat' dir='ltr'><strong>semper</strong></span> 
     </span>
    </p>
   </div>
   <div class='ocr_carea' id='block_1_60' title="bbox 2239 2945 3833 3021">
    <p class='ocr_par' dir='ltr' id='par_1_60' title="bbox 2239 2945 3833 3021">
     <span class='ocr_line' id='line_1_62' title="bbox 2239 2945 3833 3021; baseline 0.003 -21"><span class='ocrx_word' id='word_1_415' title='bbox 2239 2953 2466 3018; x_wconf 89' lang='lat' dir='ltr'><strong>negatur</strong></span> <span class='ocrx_word' id='word_1_416' title='bbox 2499 2964 2511 3012; x_wconf 90' lang='lat'><strong>;</strong></span> <span class='ocrx_word' id='word_1_417' title='bbox 2547 2953 2752 3018; x_wconf 89' lang='lat' dir='ltr'><strong>quanto</strong></span> <span class='ocrx_word' id='word_1_418' title='bbox 2780 2946 2950 3016; x_wconf 88' lang='lat' dir='ltr'><strong>magis</strong></span> <span class='ocrx_word' id='word_1_419' title='bbox 2979 2945 3289 3001; x_wconf 89' lang='lat' dir='ltr'><strong>visitandus</strong></span> <span class='ocrx_word' id='word_1_420' title='bbox 3316 2955 3419 3017; x_wconf 89' lang='lat' dir='ltr'><strong>est,</strong></span> <span class='ocrx_word' id='word_1_421' title='bbox 3458 2947 3552 3021; x_wconf 88' lang='lat' dir='ltr'><strong>qui</strong></span> <span class='ocrx_word' id='word_1_422' title='bbox 3583 2947 3833 3005; x_wconf 84' lang='lat' dir='ltr'><strong>fabricari</strong></span> 
     </span>
    </p>
   </div>
   <div class='ocr_carea' id='block_1_61' title="bbox 2240 3033 3832 3112">
    <p class='ocr_par' dir='ltr' id='par_1_61' title="bbox 2240 3033 3832 3112">
     <span class='ocr_line' id='line_1_63' title="bbox 2240 3033 3832 3112; baseline 0.003 -23"><span class='ocrx_word' id='word_1_423' title='bbox 2240 3034 2370 3090; x_wconf 87' lang='lat' dir='ltr'><strong>fecit</strong></span> <span class='ocrx_word' id='word_1_424' title='bbox 2399 3035 2812 3091; x_wconf 89' lang='lat' dir='ltr'><strong>tabernaculum</strong></span> <span class='ocrx_word' id='word_1_425' title='bbox 2850 3034 2959 3106; x_wconf 90' lang='lat'><strong>(6),</strong></span> <span class='ocrx_word' id='word_1_426' title='bbox 2988 3033 3085 3090; x_wconf 90' lang='lat' dir='ltr'><strong>ubi</strong></span> <span class='ocrx_word' id='word_1_427' title='bbox 3131 3034 3385 3092; x_wconf 85' lang='lat' dir='ltr'><strong>Christus</strong></span> <span class='ocrx_word' id='word_1_428' title='bbox 3429 3035 3678 3108; x_wconf 87' lang='lat' dir='ltr'><strong>quotidie</strong></span> <span class='ocrx_word' id='word_1_429' title='bbox 3706 3054 3832 3112; x_wconf 60' lang='lat' dir='ltr'><strong>prab-</strong></span> 
     </span>
    </p>
   </div>
   <div class='ocr_carea' id='block_1_62' title="bbox 536 3121 2501 3218">
    <p class='ocr_par' dir='ltr' id='par_1_62' title="bbox 536 3121 2501 3218">
     <span class='ocr_line' id='line_1_64' title="bbox 536 3121 2501 3218; baseline -0.001 -38"><span class='ocrx_word' id='word_1_430' title='bbox 536 3125 651 3198; x_wconf 91' lang='lat' dir='ltr'><strong>ipse</strong></span> <span class='ocrx_word' id='word_1_431' title='bbox 682 3125 947 3198; x_wconf 84' lang='lat' dir='ltr'><strong>spiritalis</strong></span> <span class='ocrx_word' id='word_1_432' title='bbox 991 3126 1203 3198; x_wconf 86' lang='lat' dir='ltr'><strong>gladius</strong></span> <span class='ocrx_word' id='word_1_433' title='bbox 1234 3143 1344 3181; x_wconf 92' lang='lat' dir='ltr'>non</span> <span class='ocrx_word' id='word_1_434' title='bbox 1376 3127 1482 3182; x_wconf 85' lang='lat' dir='ltr'><strong>fuit</strong></span> <span class='ocrx_word' id='word_1_435' title='bbox 1531 3127 1776 3198; x_wconf 88' lang='lat' dir='ltr'><strong>gladius;</strong></span> <span class='ocrx_word' id='word_1_436' title='bbox 1829 3145 1938 3184; x_wconf 92' lang='lat' dir='ltr'><strong>non</strong></span> <span class='ocrx_word' id='word_1_437' title='bbox 1978 3129 2128 3184; x_wconf 91' lang='lat' dir='ltr'><strong>enim</strong></span> <span class='ocrx_word' id='word_1_438' title='bbox 2160 3159 2203 3218; x_wconf 68' lang='grc' dir='ltr'>Ο</span> <span class='ocrx_word' id='word_1_439' title='bbox 2237 3121 2452 3178; x_wconf 89' lang='lat' dir='ltr'><strong>dicatur</strong></span> <span class='ocrx_word' id='word_1_440' title='bbox 2489 3122 2501 3177; x_wconf 78' lang='grc' dir='ltr'>ἰ</span> 
     </span>
    </p>
   </div>
   <div class='ocr_carea' id='block_1_63' title="bbox 537 3214 2134 3290">
    <p class='ocr_par' dir='ltr' id='par_1_63' title="bbox 537 3214 2134 3290">
     <span class='ocr_line' id='line_1_65' title="bbox 537 3214 2134 3290; baseline 0.002 -20"><span class='ocrx_word' id='word_1_441' title='bbox 537 3214 719 3287; x_wconf 89' lang='lat' dir='ltr'><strong>gladio</strong></span> <span class='ocrx_word' id='word_1_442' title='bbox 749 3215 954 3279; x_wconf 90' lang='lat' dir='ltr'><strong>Golias,</strong></span> <span class='ocrx_word' id='word_1_443' title='bbox 986 3215 1079 3270; x_wconf 89' lang='lat' dir='ltr'><strong>sed</strong></span> <span class='ocrx_word' id='word_1_444' title='bbox 1105 3216 1280 3287; x_wconf 86' lang='lat' dir='ltr'><strong>lapide</strong></span> <span class='ocrx_word' id='word_1_445' title='bbox 1295 3224 1611 3288; x_wconf 84' lang='lat' dir='ltr'><strong>.prostratus</strong></span> <span class='ocrx_word' id='word_1_446' title='bbox 1640 3219 1918 3274; x_wconf 91' lang='lat' dir='ltr'><strong>occubuit.</strong></span> <span class='ocrx_word' id='word_1_447' title='bbox 1964 3219 2134 3290; x_wconf 89' lang='lat' dir='ltr'><strong>Legi-</strong></span> 
     </span>
    </p>
   </div>
   <div class='ocr_carea' id='block_1_64' title="bbox 536 3301 2131 3380">
    <p class='ocr_par' dir='ltr' id='par_1_64' title="bbox 536 3301 2131 3380">
     <span class='ocr_line' id='line_1_66' title="bbox 536 3301 2131 3380; baseline 0.003 -20"><span class='ocrx_word' id='word_1_448' title='bbox 536 3301 663 3360; x_wconf 86' lang='lat' dir='ltr'><strong>mus</strong></span> <span class='ocrx_word' id='word_1_449' title='bbox 683 3305 738 3360; x_wconf 92' lang='lat' dir='ltr'><strong>in</strong></span> <span class='ocrx_word' id='word_1_450' title='bbox 768 3305 1064 3376; x_wconf 90' lang='lat' dir='ltr'><strong>Scripturis</strong></span> <span class='ocrx_word' id='word_1_451' title='bbox 1122 3305 1319 3378; x_wconf 89' lang='lat' dir='ltr'><strong>lapidis</strong></span> <span class='ocrx_word' id='word_1_452' title='bbox 1354 3306 1622 3362; x_wconf 91' lang='lat' dir='ltr'><strong>vocabulo</strong></span> <span class='ocrx_word' id='word_1_453' title='bbox 1670 3307 1950 3364; x_wconf 89' lang='lat' dir='ltr'><strong>Christum</strong></span> <span class='ocrx_word' id='word_1_454' title='bbox 1983 3308 2131 3380; x_wconf 83' lang='lat' dir='ltr'><strong>figu—</strong></span> 
     </span>
    </p>
   </div>
   <div class='ocr_carea' id='block_1_65' title="bbox 537 3391 2128 3467">
    <p class='ocr_par' dir='ltr' id='par_1_65' title="bbox 537 3391 2128 3467">
     <span class='ocr_line' id='line_1_67' title="bbox 537 3391 2128 3467; baseline 0.002 -19"><span class='ocrx_word' id='word_1_455' title='bbox 537 3391 725 3448; x_wconf 87' lang='lat' dir='ltr'><strong>raliter</strong></span> <span class='ocrx_word' id='word_1_456' title='bbox 771 3394 1066 3466; x_wconf 88' lang='lat' dir='ltr'><strong>designari,</strong></span> <span class='ocrx_word' id='word_1_457' title='bbox 1115 3395 1258 3450; x_wconf 90' lang='lat' dir='ltr'><strong>sicut</strong></span> <span class='ocrx_word' id='word_1_458' title='bbox 1314 3394 1390 3450; x_wconf 92' lang='lat' dir='ltr'><strong>ait</strong></span> <span class='ocrx_word' id='word_1_459' title='bbox 1441 3395 1743 3467; x_wconf 89' lang='lat' dir='ltr'><strong>propheta:</strong></span> <span class='ocrx_word' id='word_1_460' title='bbox 1819 3421 1835 3442; x_wconf 77' lang='grc' dir='ltr'>ι</span> <span class='ocrx_word' id='word_1_461' title='bbox 1866 3395 2128 3467; x_wconf 91' lang='lat' dir='ltr'><strong>Lapidem</strong></span> 
     </span>
    </p>
   </div>
   <div class='ocr_carea' id='block_1_66' title="bbox 537 3484 2131 3554">
    <p class='ocr_par' dir='ltr' id='par_1_66' title="bbox 537 3484 2131 3554">
     <span class='ocr_line' id='line_1_68' title="bbox 537 3484 2131 3554; baseline 0.004 -17"><span class='ocrx_word' id='word_1_462' title='bbox 537 3497 700 3554; x_wconf 87' lang='lat' dir='ltr'><strong>quem</strong></span> <span class='ocrx_word' id='word_1_463' title='bbox 749 3485 1182 3553; x_wconf 88' lang='lat' dir='ltr'><strong>reprobaverunt</strong></span> <span class='ocrx_word' id='word_1_464' title='bbox 1225 3484 1584 3552; x_wconf 75' lang='lat' dir='ltr'><strong>aedificantes,</strong></span> <span class='ocrx_word' id='word_1_465' title='bbox 1635 3485 1727 3542; x_wconf 93' lang='lat' dir='ltr'><strong>hic</strong></span> <span class='ocrx_word' id='word_1_466' title='bbox 1756 3486 1934 3542; x_wconf 87' lang='lat' dir='ltr'><strong>factus</strong></span> <span class='ocrx_word' id='word_1_467' title='bbox 1961 3497 2042 3544; x_wconf 87' lang='lat' dir='ltr'><strong>est</strong></span> <span class='ocrx_word' id='word_1_468' title='bbox 2073 3487 2131 3543; x_wconf 91' lang='lat' dir='ltr'><strong>in</strong></span> 
     </span>
    </p>
   </div>
   <div class='ocr_carea' id='block_1_67' title="bbox 538 3570 2132 3646">
    <p class='ocr_par' dir='ltr' id='par_1_67' title="bbox 538 3570 2132 3646">
     <span class='ocr_line' id='line_1_69' title="bbox 538 3570 2132 3646; baseline 0.003 -22"><span class='ocrx_word' id='word_1_469' title='bbox 538 3579 700 3640; x_wconf 89' lang='lat' dir='ltr'><strong>caput</strong></span> <span class='ocrx_word' id='word_1_470' title='bbox 730 3570 917 3640; x_wconf 89' lang='lat' dir='ltr'><strong>anguli</strong></span> <span class='ocrx_word' id='word_1_471' title='bbox 943 3572 1114 3640; x_wconf 86' lang='lat' dir='ltr'><strong>(Psal.</strong></span> <span class='ocrx_word' id='word_1_472' title='bbox 1149 3588 1320 3638; x_wconf 83' lang='lat' dir='ltr'><strong>cxvn,</strong></span> <span class='ocrx_word' id='word_1_473' title='bbox 1354 3571 1470 3640; x_wconf 91' lang='lat'><strong>22).</strong></span> <span class='ocrx_word' id='word_1_474' title='bbox 1506 3597 1523 3618; x_wconf 77' lang='grc' dir='ltr'><strong><em>ι</em></strong></span> <span class='ocrx_word' id='word_1_475' title='bbox 1568 3573 1740 3643; x_wconf 89' lang='lat' dir='ltr'><strong>Igitur</strong></span> <span class='ocrx_word' id='word_1_476' title='bbox 1783 3591 1905 3629; x_wconf 90' lang='lat' dir='ltr'><strong>cum</strong></span> <span class='ocrx_word' id='word_1_477' title='bbox 1952 3574 2132 3646; x_wconf 89' lang='lat' dir='ltr'><strong>lapide</strong></span> 
     </span>
    </p>
   </div>
   <div class='ocr_carea' id='block_1_68' title="bbox 540 3657 2134 3732">
    <p class='ocr_par' dir='ltr' id='par_1_68' title="bbox 540 3657 2134 3732">
     <span class='ocr_line' id='line_1_70' title="bbox 540 3657 2134 3732; baseline 0.006 -21"><span class='ocrx_word' id='word_1_478' title='bbox 540 3657 725 3711; x_wconf 90' lang='lat' dir='ltr'><strong>Golias</strong></span> <span class='ocrx_word' id='word_1_479' title='bbox 781 3659 1105 3728; x_wconf 86' lang='lat' dir='ltr'><strong>percutitur,</strong></span> <span class='ocrx_word' id='word_1_480' title='bbox 1151 3659 1358 3716; x_wconf 90' lang='lat' dir='ltr'><strong>Christi</strong></span> <span class='ocrx_word' id='word_1_481' title='bbox 1412 3661 1619 3716; x_wconf 88' lang='lat' dir='ltr'><strong>virtute</strong></span> <span class='ocrx_word' id='word_1_482' title='bbox 1651 3663 2031 3732; x_wconf 90' lang='lat' dir='ltr'><strong>prosternitur.</strong></span> <span class='ocrx_word' id='word_1_483' title='bbox 2064 3666 2134 3720; x_wconf 89' lang='lat' dir='ltr'><strong>Et</strong></span> 
     </span>
    </p>
   </div>
   <div class='ocr_carea' id='block_1_69' title="bbox 541 3744 2134 3820">
    <p class='ocr_par' dir='ltr' id='par_1_69' title="bbox 541 3744 2134 3820">
     <span class='ocr_line' id='line_1_71' title="bbox 541 3744 2134 3820; baseline 0.006 -20"><span class='ocrx_word' id='word_1_484' title='bbox 541 3744 599 3800; x_wconf 92' lang='lat' dir='ltr'><strong>in</strong></span> <span class='ocrx_word' id='word_1_485' title='bbox 631 3763 736 3818; x_wconf 90' lang='lat' dir='ltr'><strong>qua</strong></span> <span class='ocrx_word' id='word_1_486' title='bbox 767 3746 986 3802; x_wconf 88' lang='lat' dir='ltr'><strong>tandem</strong></span> <span class='ocrx_word' id='word_1_487' title='bbox 1015 3749 1261 3819; x_wconf 88' lang='lat' dir='ltr'><strong>corporis</strong></span> <span class='ocrx_word' id='word_1_488' title='bbox 1290 3757 1442 3820; x_wconf 89' lang='lat' dir='ltr'><strong>parte</strong></span> <span class='ocrx_word' id='word_1_489' title='bbox 1472 3751 1776 3820; x_wconf 91' lang='lat' dir='ltr'><strong>percutitur</strong></span> <span class='ocrx_word' id='word_1_490' title='bbox 1807 3752 1834 3807; x_wconf 82' lang='lat'>?</span> <span class='ocrx_word' id='word_1_491' title='bbox 1861 3754 1922 3807; x_wconf 90' lang='lat' dir='ltr'><strong>In</strong></span> <span class='ocrx_word' id='word_1_492' title='bbox 1954 3753 2134 3810; x_wconf 90' lang='lat' dir='ltr'><strong>fronte</strong></span> 
     </span>
    </p>
   </div>
   <div class='ocr_carea' id='block_1_70' title="bbox 540 3835 2133 3909">
    <p class='ocr_par' dir='ltr' id='par_1_70' title="bbox 540 3835 2133 3909">
     <span class='ocr_line' id='line_1_72' title="bbox 540 3835 2133 3909; baseline 0.004 -19"><span class='ocrx_word' id='word_1_493' title='bbox 540 3835 788 3900; x_wconf 88' lang='lat' dir='ltr'><strong>scilicet;</strong></span> <span class='ocrx_word' id='word_1_494' title='bbox 816 3835 1041 3906; x_wconf 91' lang='lat' dir='ltr'><strong>gentilis</strong></span> <span class='ocrx_word' id='word_1_495' title='bbox 1067 3836 1213 3891; x_wconf 90' lang='lat' dir='ltr'><strong>enim</strong></span> <span class='ocrx_word' id='word_1_496' title='bbox 1247 3846 1301 3893; x_wconf 92' lang='lat' dir='ltr'><strong>et</strong></span> <span class='ocrx_word' id='word_1_497' title='bbox 1328 3839 1625 3909; x_wconf 90' lang='lat' dir='ltr'><strong>sacrilegus</strong></span> <span class='ocrx_word' id='word_1_498' title='bbox 1666 3844 1813 3902; x_wconf 86' lang='lat'><strong>476</strong></span> <span class='ocrx_word' id='word_1_499' title='bbox 1856 3840 2023 3897; x_wconf 88' lang='lat' dir='ltr'><strong>homo</strong></span> <span class='ocrx_word' id='word_1_500' title='bbox 2053 3842 2133 3898; x_wconf 92' lang='lat' dir='ltr'><strong>ibi</strong></span> 
     </span>
    </p>
   </div>
   <div class='ocr_carea' id='block_1_71' title="bbox 539 3934 2132 4004">
    <p class='ocr_par' dir='ltr' id='par_1_71' title="bbox 539 3934 2132 4004">
     <span class='ocr_line' id='line_1_73' title="bbox 539 3934 2132 4004; baseline 0.004 -16"><span class='ocrx_word' id='word_1_501' title='bbox 539 3934 846 4004; x_wconf 90' lang='lat' dir='ltr'><strong>percutitur</strong></span> <span class='ocrx_word' id='word_1_502' title='bbox 892 3953 923 3988; x_wconf 89' lang='lat' dir='ltr'><strong>a</strong></span> <span class='ocrx_word' id='word_1_503' title='bbox 953 3934 1193 4001; x_wconf 88' lang='lat' dir='ltr'><strong>Christo,</strong></span> <span class='ocrx_word' id='word_1_504' title='bbox 1237 3936 1334 3991; x_wconf 90' lang='lat' dir='ltr'><strong>ubi</strong></span> <span class='ocrx_word' id='word_1_505' title='bbox 1378 3937 1562 3991; x_wconf 89' lang='lat' dir='ltr'><strong>deerat</strong></span> <span class='ocrx_word' id='word_1_506' title='bbox 1613 3936 1900 3994; x_wconf 89' lang='lat' dir='ltr'><strong>Christus:</strong></span> <span class='ocrx_word' id='word_1_507' title='bbox 1952 3948 2005 3996; x_wconf 89' lang='lat' dir='ltr'><strong>et</strong></span> <span class='ocrx_word' id='word_1_508' title='bbox 2054 3939 2132 3995; x_wconf 92' lang='lat' dir='ltr'><strong>ibi</strong></span> 
     </span>
    </p>
   </div>
   <div class='ocr_carea' id='block_1_72' title="bbox 539 4028 2132 4102">
    <p class='ocr_par' dir='ltr' id='par_1_72' title="bbox 539 4028 2132 4102">
     <span class='ocr_line' id='line_1_74' title="bbox 539 4028 2132 4102; baseline 0.004 -19"><span class='ocrx_word' id='word_1_509' title='bbox 539 4028 778 4084; x_wconf 89' lang='lat' dir='ltr'><strong>infertur</strong></span> <span class='ocrx_word' id='word_1_510' title='bbox 828 4029 875 4085; x_wconf 93' lang='lat' dir='ltr'><strong>ei</strong></span> <span class='ocrx_word' id='word_1_511' title='bbox 919 4032 1113 4085; x_wconf 87' lang='lat' dir='ltr'><strong>mortis</strong></span> <span class='ocrx_word' id='word_1_512' title='bbox 1141 4031 1396 4098; x_wconf 82' lang='lat' dir='ltr'><strong>exitium,</strong></span> <span class='ocrx_word' id='word_1_513' title='bbox 1431 4032 1524 4086; x_wconf 85' lang='lat' dir='ltr'><strong>ubi</strong></span> <span class='ocrx_word' id='word_1_514' title='bbox 1556 4033 1770 4102; x_wconf 78' lang='lat' dir='ltr'><strong>signum</strong></span> <span class='ocrx_word' id='word_1_515' title='bbox 1805 4033 1996 4088; x_wconf 90' lang='lat' dir='ltr'><strong>salutis</strong></span> <span class='ocrx_word' id='word_1_516' title='bbox 2022 4050 2132 4091; x_wconf 90' lang='lat' dir='ltr'><strong>non</strong></span> 
     </span>
    </p>
   </div>
   <div class='ocr_carea' id='block_1_73' title="bbox 540 4117 2131 4193">
    <p class='ocr_par' dir='ltr' id='par_1_73' title="bbox 540 4117 2131 4193">
     <span class='ocr_line' id='line_1_75' title="bbox 540 4117 2131 4193; baseline 0.004 -21"><span class='ocrx_word' id='word_1_517' title='bbox 540 4117 843 4174; x_wconf 89' lang='lat' dir='ltr'><strong>invenitur.</strong></span> <span class='ocrx_word' id='word_1_518' title='bbox 885 4120 1148 4188; x_wconf 87' lang='lat' dir='ltr'><strong>Quamvis</strong></span> <span class='ocrx_word' id='word_1_519' title='bbox 1179 4121 1325 4176; x_wconf 89' lang='lat' dir='ltr'><strong>enim</strong></span> <span class='ocrx_word' id='word_1_520' title='bbox 1372 4128 1512 4175; x_wconf 79' lang='lat' dir='ltr'><strong>esset</strong></span> <span class='ocrx_word' id='word_1_521' title='bbox 1541 4121 1726 4176; x_wconf 89' lang='lat' dir='ltr'><strong>Golias</strong></span> <span class='ocrx_word' id='word_1_522' title='bbox 1757 4121 2002 4193; x_wconf 92' lang='lat' dir='ltr'><strong>undique</strong></span> <span class='ocrx_word' id='word_1_523' title='bbox 2033 4140 2131 4178; x_wconf 91' lang='lat' dir='ltr'><strong>ar-</strong></span> 
     </span>
    </p>
   </div>
   <div class='ocr_carea' id='block_1_74' title="bbox 538 4208 2133 4283">
    <p class='ocr_par' dir='ltr' id='par_1_74' title="bbox 538 4208 2133 4283">
     <span class='ocr_line' id='line_1_76' title="bbox 538 4208 2133 4283; baseline 0.004 -22"><span class='ocrx_word' id='word_1_524' title='bbox 538 4223 752 4264; x_wconf 89' lang='lat' dir='ltr'><strong>morum</strong></span> <span class='ocrx_word' id='word_1_525' title='bbox 783 4209 1121 4280; x_wconf 90' lang='lat' dir='ltr'><strong>protectione</strong></span> <span class='ocrx_word' id='word_1_526' title='bbox 1153 4208 1421 4276; x_wconf 88' lang='lat' dir='ltr'><strong>munitus,</strong></span> <span class='ocrx_word' id='word_1_527' title='bbox 1481 4210 1635 4264; x_wconf 92' lang='lat' dir='ltr'><strong>frons</strong></span> <span class='ocrx_word' id='word_1_528' title='bbox 1661 4216 1846 4264; x_wconf 89' lang='lat' dir='ltr'><strong>tamen</strong></span> <span class='ocrx_word' id='word_1_529' title='bbox 1877 4209 1994 4281; x_wconf 91' lang='lat' dir='ltr'><strong>ejus</strong></span> <span class='ocrx_word' id='word_1_530' title='bbox 2028 4229 2133 4283; x_wconf 91' lang='lat' dir='ltr'><strong>pa-</strong></span> 
     </span>
    </p>
   </div>
   <div class='ocr_carea' id='block_1_75' title="bbox 537 4297 2130 4370">
    <p class='ocr_par' dir='ltr' id='par_1_75' title="bbox 537 4297 2130 4370">
     <span class='ocr_line' id='line_1_77' title="bbox 537 4297 2130 4370; baseline 0.003 -19"><span class='ocrx_word' id='word_1_531' title='bbox 537 4297 685 4351; x_wconf 85' lang='lat' dir='ltr'><strong>tebat</strong></span> <span class='ocrx_word' id='word_1_532' title='bbox 715 4297 783 4350; x_wconf 89' lang='lat' dir='ltr'><strong>ad</strong></span> <span class='ocrx_word' id='word_1_533' title='bbox 814 4306 1044 4353; x_wconf 89' lang='lat' dir='ltr'><strong>mortem</strong></span> <span class='ocrx_word' id='word_1_534' title='bbox 1077 4317 1089 4366; x_wconf 91' lang='lat'><strong>;</strong></span> <span class='ocrx_word' id='word_1_535' title='bbox 1124 4298 1254 4370; x_wconf 87' lang='lat' dir='ltr'><strong>quia</strong></span> <span class='ocrx_word' id='word_1_536' title='bbox 1291 4298 1634 4368; x_wconf 91' lang='lat' dir='ltr'><strong>signaculum</strong></span> <span class='ocrx_word' id='word_1_537' title='bbox 1687 4298 1986 4355; x_wconf 88' lang='lat' dir='ltr'><strong>Salvatoris</strong></span> <span class='ocrx_word' id='word_1_538' title='bbox 2018 4317 2130 4356; x_wconf 92' lang='lat' dir='ltr'><strong>non</strong></span> 
     </span>
    </p>
   </div>
   <div class='ocr_carea' id='block_1_76' title="bbox 538 4390 2131 4464">
    <p class='ocr_par' dir='ltr' id='par_1_76' title="bbox 538 4390 2131 4464">
     <span class='ocr_line' id='line_1_78' title="bbox 538 4390 2131 4464; baseline 0.003 -20"><span class='ocrx_word' id='word_1_539' title='bbox 538 4390 799 4462; x_wconf 87' lang='lat' dir='ltr'><strong>gestabat.</strong></span> <span class='ocrx_word' id='word_1_540' title='bbox 833 4392 1012 4463; x_wconf 87' lang='lat' dir='ltr'><strong>Atque</strong></span> <span class='ocrx_word' id='word_1_541' title='bbox 1043 4393 1166 4448; x_wconf 91' lang='lat' dir='ltr'><strong>ideo</strong></span> <span class='ocrx_word' id='word_1_542' title='bbox 1191 4393 1269 4448; x_wconf 91' lang='lat' dir='ltr'><strong>ibi</strong></span> <span class='ocrx_word' id='word_1_543' title='bbox 1304 4393 1614 4464; x_wconf 88' lang='lat' dir='ltr'><strong>perimitur,</strong></span> <span class='ocrx_word' id='word_1_544' title='bbox 1645 4392 1742 4448; x_wconf 93' lang='lat' dir='ltr'><strong>ubi</strong></span> <span class='ocrx_word' id='word_1_545' title='bbox 1773 4393 1953 4449; x_wconf 89' lang='lat' dir='ltr'><strong>nudus</strong></span> <span class='ocrx_word' id='word_1_546' title='bbox 1974 4409 2005 4448; x_wconf 89' lang='lat' dir='ltr'><strong>a</strong></span> <span class='ocrx_word' id='word_1_547' title='bbox 2028 4393 2131 4450; x_wconf 92' lang='lat' dir='ltr'><strong>Dei</strong></span> 
     </span>
    </p>
   </div>
   <div class='ocr_carea' id='block_1_77' title="bbox 537 4479 1024 4550">
    <p class='ocr_par' dir='ltr' id='par_1_77' title="bbox 537 4479 1024 4550">
     <span class='ocr_line' id='line_1_79' title="bbox 537 4479 1024 4550; baseline 0.006 -19"><span class='ocrx_word' id='word_1_548' title='bbox 537 4479 711 4548; x_wconf 87' lang='lat' dir='ltr'><strong>gratia</strong></span> <span class='ocrx_word' id='word_1_549' title='bbox 736 4481 1024 4550; x_wconf 89' lang='lat' dir='ltr'><strong>reperitur.</strong></span> 
     </span>
    </p>
   </div>
   <div class='ocr_carea' id='block_1_78' title="bbox 607 4575 2127 4656">
    <p class='ocr_par' dir='ltr' id='par_1_78' title="bbox 607 4575 2127 4656">
     <span class='ocr_line' id='line_1_80' title="bbox 607 4575 2127 4656; baseline 0.005 -26"><span class='ocrx_word' id='word_1_550' title='bbox 607 4575 664 4630; x_wconf 77' lang='grc'>4.</span> <span class='ocrx_word' id='word_1_551' title='bbox 707 4577 833 4631; x_wconf 77' lang='lat' dir='ltr'><strong>llaec</strong></span> <span class='ocrx_word' id='word_1_552' title='bbox 869 4584 1052 4632; x_wconf 91' lang='lat' dir='ltr'><strong>autem</strong></span> <span class='ocrx_word' id='word_1_553' title='bbox 1082 4577 1143 4633; x_wconf 93' lang='lat' dir='ltr'><strong>in</strong></span> <span class='ocrx_word' id='word_1_554' title='bbox 1191 4578 1364 4651; x_wconf 85' lang='lat' dir='ltr'><strong>ﬁgura</strong></span> <span class='ocrx_word' id='word_1_555' title='bbox 1405 4579 1550 4635; x_wconf 90' lang='lat' dir='ltr'><strong>facta</strong></span> <span class='ocrx_word' id='word_1_556' title='bbox 1578 4596 1693 4637; x_wconf 91' lang='lat' dir='ltr'><strong>esse</strong></span> <span class='ocrx_word' id='word_1_557' title='bbox 1722 4597 1884 4636; x_wconf 91' lang='lat' dir='ltr'><strong>nemo</strong></span> <span class='ocrx_word' id='word_1_558' title='bbox 1925 4589 2006 4638; x_wconf 89' lang='lat' dir='ltr'><strong>est</strong></span> <span class='ocrx_word' id='word_1_559' title='bbox 2033 4583 2127 4656; x_wconf 91' lang='lat' dir='ltr'><strong>qui</strong></span> 
     </span>
    </p>
   </div>
   <div class='ocr_carea' id='block_1_79' title="bbox 537 4664 2127 4728">
    <p class='ocr_par' dir='ltr' id='par_1_79' title="bbox 537 4664 2127 4728">
     <span class='ocr_line' id='line_1_81' title="bbox 537 4664 2127 4728; baseline 0.006 -9"><span class='ocrx_word' id='word_1_560' title='bbox 537 4664 766 4720; x_wconf 87' lang='lat' dir='ltr'><strong>nesciat.</strong></span> <span class='ocrx_word' id='word_1_561' title='bbox 805 4665 942 4720; x_wconf 88' lang='lat' dir='ltr'><strong>Nam</strong></span> <span class='ocrx_word' id='word_1_562' title='bbox 985 4676 1039 4722; x_wconf 90' lang='lat' dir='ltr'><strong>et</strong></span> <span class='ocrx_word' id='word_1_563' title='bbox 1081 4668 1258 4724; x_wconf 86' lang='lat' dir='ltr'><strong>David</strong></span> <span class='ocrx_word' id='word_1_564' title='bbox 1305 4685 1583 4724; x_wconf 90' lang='lat' dir='ltr'><strong>armorum</strong></span> <span class='ocrx_word' id='word_1_565' title='bbox 1623 4669 1966 4727; x_wconf 89' lang='lat' dir='ltr'><strong>indumentis</strong></span> <span class='ocrx_word' id='word_1_566' title='bbox 2011 4688 2127 4728; x_wconf 91' lang='lat' dir='ltr'><strong>sese</strong></span> 
     </span>
    </p>
   </div>
   <div class='ocr_carea' id='block_1_80' title="bbox 536 4755 2127 4829">
    <p class='ocr_par' dir='ltr' id='par_1_80' title="bbox 536 4755 2127 4829">
     <span class='ocr_line' id='line_1_82' title="bbox 536 4755 2127 4829; baseline 0.005 -21"><span class='ocrx_word' id='word_1_567' title='bbox 536 4763 661 4809; x_wconf 89' lang='lat' dir='ltr'><strong>ante</strong></span> <span class='ocrx_word' id='word_1_568' title='bbox 691 4755 1050 4826; x_wconf 72' lang='lat' dir='ltr'><strong>praacinxerat</strong></span> <span class='ocrx_word' id='word_1_569' title='bbox 1085 4758 1142 4827; x_wconf 84' lang='grc' dir='ltr'><strong>(Ι</strong></span> <span class='ocrx_word' id='word_1_570' title='bbox 1190 4759 1312 4829; x_wconf 86' lang='lat' dir='ltr'><strong>Reg.</strong></span> <span class='ocrx_word' id='word_1_571' title='bbox 1349 4775 1488 4826; x_wconf 84' lang='lat' dir='ltr'><strong>xvn,</strong></span> <span class='ocrx_word' id='word_1_572' title='bbox 1522 4760 1614 4829; x_wconf 90' lang='lat'><strong>39)</strong></span> <span class='ocrx_word' id='word_1_573' title='bbox 1653 4778 1664 4816; x_wconf 91' lang='lat'>:</span> <span class='ocrx_word' id='word_1_574' title='bbox 1715 4759 1806 4815; x_wconf 91' lang='lat' dir='ltr'><strong>sed</strong></span> <span class='ocrx_word' id='word_1_575' title='bbox 1833 4777 1956 4815; x_wconf 92' lang='lat' dir='ltr'><strong>cum</strong></span> <span class='ocrx_word' id='word_1_576' title='bbox 1988 4769 2127 4816; x_wconf 88' lang='lat' dir='ltr'><strong>esset</strong></span> 
     </span>
    </p>
   </div>
   <div class='ocr_carea' id='block_1_81' title="bbox 536 4841 2125 4921">
    <p class='ocr_par' dir='ltr' id='par_1_81' title="bbox 536 4841 2125 4921">
     <span class='ocr_line' id='line_1_83' title="bbox 536 4841 2125 4921; baseline 0.006 -26"><span class='ocrx_word' id='word_1_577' title='bbox 536 4841 594 4896; x_wconf 91' lang='lat' dir='ltr'><strong>in</strong></span> <span class='ocrx_word' id='word_1_578' title='bbox 617 4841 684 4897; x_wconf 89' lang='lat' dir='ltr'><strong>iis</strong></span> <span class='ocrx_word' id='word_1_579' title='bbox 715 4843 894 4915; x_wconf 88' lang='lat' dir='ltr'><strong>gravis</strong></span> <span class='ocrx_word' id='word_1_580' title='bbox 925 4852 976 4899; x_wconf 90' lang='lat' dir='ltr'><strong>et</strong></span> <span class='ocrx_word' id='word_1_581' title='bbox 1005 4845 1321 4917; x_wconf 86' lang='lat' dir='ltr'><strong>impeditus,</strong></span> <span class='ocrx_word' id='word_1_582' title='bbox 1360 4847 1434 4902; x_wconf 84' lang='lat' dir='ltr'><strong>ita</strong></span> <span class='ocrx_word' id='word_1_583' title='bbox 1457 4857 1518 4904; x_wconf 91' lang='lat' dir='ltr'><strong>ut</strong></span> <span class='ocrx_word' id='word_1_584' title='bbox 1551 4847 1830 4904; x_wconf 90' lang='lat' dir='ltr'><strong>ambulare</strong></span> <span class='ocrx_word' id='word_1_585' title='bbox 1860 4849 1956 4903; x_wconf 84' lang='lat' dir='ltr'><strong>vix</strong></span> <span class='ocrx_word' id='word_1_586' title='bbox 1989 4866 2125 4921; x_wconf 91' lang='lat' dir='ltr'><strong>pos—</strong></span> 
     </span>
    </p>
   </div>
   <div class='ocr_carea' id='block_1_82' title="bbox 533 4932 2120 5009">
    <p class='ocr_par' dir='ltr' id='par_1_82' title="bbox 533 4932 2120 5009">
     <span class='ocr_line' id='line_1_84' title="bbox 533 4932 2120 5009; baseline 0.005 -25"><span class='ocrx_word' id='word_1_587' title='bbox 533 4939 636 5009; x_wconf 84' lang='lat' dir='ltr'><strong>set,</strong></span> <span class='ocrx_word' id='word_1_588' title='bbox 663 4932 849 4987; x_wconf 85' lang='lat' dir='ltr'><strong>eadem</strong></span> <span class='ocrx_word' id='word_1_589' title='bbox 880 4933 998 4989; x_wconf 88' lang='lat' dir='ltr'><strong>sine</strong></span> <span class='ocrx_word' id='word_1_590' title='bbox 1027 4937 1374 4992; x_wconf 88' lang='lat' dir='ltr'><strong>cunctatione</strong></span> <span class='ocrx_word' id='word_1_591' title='bbox 1423 4936 1672 5008; x_wconf 89' lang='lat' dir='ltr'><strong>projecit,</strong></span> <span class='ocrx_word' id='word_1_592' title='bbox 1702 4937 2018 5008; x_wconf 83' lang='lat' dir='ltr'><strong>significans</strong></span> <span class='ocrx_word' id='word_1_593' title='bbox 2042 4955 2120 4992; x_wconf 93' lang='lat' dir='ltr'><strong>ar-</strong></span> 
     </span>
    </p>
   </div>
   <div class='ocr_carea' id='block_1_83' title="bbox 533 5019 2120 5098">
    <p class='ocr_par' dir='ltr' id='par_1_83' title="bbox 533 5019 2120 5098">
     <span class='ocr_line' id='line_1_85' title="bbox 533 5019 2120 5098; baseline 0.005 -25"><span class='ocrx_word' id='word_1_594' title='bbox 533 5035 621 5073; x_wconf 89' lang='lat' dir='ltr'><strong>ma</strong></span> <span class='ocrx_word' id='word_1_595' title='bbox 646 5019 741 5074; x_wconf 90' lang='lat' dir='ltr'><strong>illa</strong></span> <span class='ocrx_word' id='word_1_596' title='bbox 771 5019 938 5092; x_wconf 87' lang='lat' dir='ltr'><strong>hujus</strong></span> <span class='ocrx_word' id='word_1_597' title='bbox 985 5023 1177 5079; x_wconf 92' lang='lat' dir='ltr'><strong>mundi</strong></span> <span class='ocrx_word' id='word_1_598' title='bbox 1213 5042 1352 5080; x_wconf 84' lang='lat' dir='ltr'><strong>vana</strong></span> <span class='ocrx_word' id='word_1_599' title='bbox 1382 5034 1434 5082; x_wconf 89' lang='lat' dir='ltr'><strong>et</strong></span> <span class='ocrx_word' id='word_1_600' title='bbox 1464 5025 1748 5081; x_wconf 87' lang='lat' dir='ltr'><strong>luxuriosa</strong></span> <span class='ocrx_word' id='word_1_601' title='bbox 1783 5043 1897 5082; x_wconf 90' lang='lat' dir='ltr'><strong>esse</strong></span> <span class='ocrx_word' id='word_1_602' title='bbox 1937 5042 2120 5098; x_wconf 91' lang='lat' dir='ltr'><strong>opera,</strong></span> 
     </span>
    </p>
   </div>
   <div class='ocr_carea' id='block_1_84' title="bbox 531 5106 2119 5186">
    <p class='ocr_par' dir='ltr' id='par_1_84' title="bbox 531 5106 2119 5186">
     <span class='ocr_line' id='line_1_86' title="bbox 531 5106 2119 5186; baseline 0.006 -25"><span class='ocrx_word' id='word_1_603' title='bbox 531 5106 589 5161; x_wconf 90' lang='lat' dir='ltr'><strong>in</strong></span> <span class='ocrx_word' id='word_1_604' title='bbox 637 5109 838 5180; x_wconf 90' lang='lat' dir='ltr'><strong>quibus</strong></span> <span class='ocrx_word' id='word_1_605' title='bbox 884 5111 976 5183; x_wconf 92' lang='lat' dir='ltr'><strong>qui</strong></span> <span class='ocrx_word' id='word_1_606' title='bbox 1025 5128 1141 5168; x_wconf 88' lang='lat' dir='ltr'><strong>sese</strong></span> <span class='ocrx_word' id='word_1_607' title='bbox 1175 5114 1503 5184; x_wconf 89' lang='lat' dir='ltr'><strong>permiscere</strong></span> <span class='ocrx_word' id='word_1_608' title='bbox 1543 5113 1802 5181; x_wconf 90' lang='lat' dir='ltr'><strong>voluerit,</strong></span> <span class='ocrx_word' id='word_1_609' title='bbox 1860 5122 2119 5186; x_wconf 89' lang='lat' dir='ltr'><strong>tanquam</strong></span> 
     </span>
    </p>
   </div>
   <div class='ocr_carea' id='block_1_85' title="bbox 530 5198 2120 5271">
    <p class='ocr_par' dir='ltr' id='par_1_85' title="bbox 530 5198 2120 5271">
     <span class='ocr_line' id='line_1_87' title="bbox 530 5198 2120 5271; baseline 0.005 -20"><span class='ocrx_word' id='word_1_610' title='bbox 530 5198 710 5267; x_wconf 84' lang='lat' dir='ltr'><strong>gravis</strong></span> <span class='ocrx_word' id='word_1_611' title='bbox 745 5207 798 5255; x_wconf 90' lang='lat' dir='ltr'><strong>et</strong></span> <span class='ocrx_word' id='word_1_612' title='bbox 825 5201 1108 5271; x_wconf 89' lang='lat' dir='ltr'><strong>gradiendi</strong></span> <span class='ocrx_word' id='word_1_613' title='bbox 1144 5202 1211 5257; x_wconf 90' lang='lat' dir='ltr'><strong>ad</strong></span> <span class='ocrx_word' id='word_1_614' title='bbox 1258 5203 1456 5258; x_wconf 61' lang='lat' dir='ltr'><strong>coelum</strong></span> <span class='ocrx_word' id='word_1_615' title='bbox 1488 5219 1711 5259; x_wconf 91' lang='lat' dir='ltr'><strong>cursum</strong></span> <span class='ocrx_word' id='word_1_616' title='bbox 1743 5201 1977 5257; x_wconf 89' lang='lat' dir='ltr'><strong>liberum</strong></span> <span class='ocrx_word' id='word_1_617' title='bbox 2008 5220 2120 5259; x_wconf 92' lang='lat' dir='ltr'><strong>non</strong></span> 
     </span>
    </p>
   </div>
   <div class='ocr_carea' id='block_1_86' title="bbox 529 5285 2120 5364">
    <p class='ocr_par' dir='ltr' id='par_1_86' title="bbox 529 5285 2120 5364">
     <span class='ocr_line' id='line_1_88' title="bbox 529 5285 2120 5364; baseline 0.004 -24"><span class='ocrx_word' id='word_1_618' title='bbox 529 5285 770 5342; x_wconf 83' lang='lat' dir='ltr'><strong>habebit.</strong></span> <span class='ocrx_word' id='word_1_619' title='bbox 804 5288 980 5345; x_wconf 89' lang='lat' dir='ltr'><strong>Simul</strong></span> <span class='ocrx_word' id='word_1_620' title='bbox 1011 5300 1062 5346; x_wconf 89' lang='lat' dir='ltr'><strong>et</strong></span> <span class='ocrx_word' id='word_1_621' title='bbox 1093 5291 1229 5345; x_wconf 91' lang='lat' dir='ltr'><strong>illud</strong></span> <span class='ocrx_word' id='word_1_622' title='bbox 1263 5307 1363 5346; x_wconf 88' lang='lat' dir='ltr'><strong>nos</strong></span> <span class='ocrx_word' id='word_1_623' title='bbox 1386 5291 1593 5358; x_wconf 93' lang='lat' dir='ltr'><strong>docuit,</strong></span> <span class='ocrx_word' id='word_1_624' title='bbox 1627 5291 1772 5364; x_wconf 91' lang='lat' dir='ltr'><strong>quod</strong></span> <span class='ocrx_word' id='word_1_625' title='bbox 1801 5306 1912 5345; x_wconf 91' lang='lat' dir='ltr'><strong>non</strong></span> <span class='ocrx_word' id='word_1_626' title='bbox 1944 5291 2001 5347; x_wconf 91' lang='lat' dir='ltr'><strong>in</strong></span> <span class='ocrx_word' id='word_1_627' title='bbox 2023 5309 2120 5347; x_wconf 90' lang='lat' dir='ltr'><strong>ar-</strong></span> 
     </span>
    </p>
   </div>
   <div class='ocr_carea' id='block_1_87' title="bbox 526 5378 2117 5451">
    <p class='ocr_par' dir='ltr' id='par_1_87' title="bbox 526 5378 2117 5451">
     <span class='ocr_line' id='line_1_89' title="bbox 526 5378 2117 5451; baseline 0.004 -20"><span class='ocrx_word' id='word_1_628' title='bbox 526 5378 630 5433; x_wconf 90' lang='lat' dir='ltr'><strong>mis</strong></span> <span class='ocrx_word' id='word_1_629' title='bbox 658 5387 869 5434; x_wconf 85' lang='lat' dir='ltr'><strong>tantum</strong></span> <span class='ocrx_word' id='word_1_630' title='bbox 901 5379 1167 5451; x_wconf 89' lang='lat' dir='ltr'><strong>speranda</strong></span> <span class='ocrx_word' id='word_1_631' title='bbox 1199 5379 1433 5436; x_wconf 88' lang='lat' dir='ltr'><strong>victoria</strong></span> <span class='ocrx_word' id='word_1_632' title='bbox 1476 5388 1576 5448; x_wconf 88' lang='lat' dir='ltr'><strong>est,</strong></span> <span class='ocrx_word' id='word_1_633' title='bbox 1635 5379 1730 5435; x_wconf 91' lang='lat' dir='ltr'><strong>sed</strong></span> <span class='ocrx_word' id='word_1_634' title='bbox 1783 5380 1842 5436; x_wconf 93' lang='lat' dir='ltr'><strong>in</strong></span> <span class='ocrx_word' id='word_1_635' title='bbox 1894 5381 2117 5438; x_wconf 90' lang='lat' dir='ltr'><strong>nomine</strong></span> 
     </span>
    </p>
   </div>
   <div class='ocr_carea' id='block_1_88' title="bbox 525 5465 1077 5525">
    <p class='ocr_par' dir='ltr' id='par_1_88' title="bbox 525 5465 1077 5525">
     <span class='ocr_line' id='line_1_90' title="bbox 525 5465 1077 5525; baseline 0.007 -6"><span class='ocrx_word' id='word_1_636' title='bbox 525 5465 826 5523; x_wconf 87' lang='lat' dir='ltr'><strong>Salvatoris</strong></span> <span class='ocrx_word' id='word_1_637' title='bbox 852 5467 1077 5525; x_wconf 87' lang='lat' dir='ltr'><strong>oranda.</strong></span> 
     </span>
    </p>
   </div>
   <div class='ocr_carea' id='block_1_89' title="bbox 597 5635 1897 5708">
    <p class='ocr_par' dir='ltr' id='par_1_89' title="bbox 597 5635 1897 5708">
     <span class='ocr_line' id='line_1_91' title="bbox 597 5635 1897 5708; baseline 0.005 -20"><span class='ocrx_word' id='word_1_638' title='bbox 597 5635 676 5702; x_wconf 86' lang='lat'><strong>(6)</strong></span> <span class='ocrx_word' id='word_1_639' title='bbox 708 5636 809 5692; x_wconf 87' lang='lat' dir='ltr'><strong>Ms.</strong></span> <span class='ocrx_word' id='word_1_640' title='bbox 837 5635 1032 5708; x_wconf 91' lang='lat' dir='ltr'><strong>Lugd.,</strong></span> <span class='ocrx_word' id='word_1_641' title='bbox 1064 5636 1157 5708; x_wconf 85' lang='lat' dir='ltr'><strong>qui</strong></span> <span class='ocrx_word' id='word_1_642' title='bbox 1177 5635 1452 5707; x_wconf 84' lang='lat' dir='ltr'><strong>fabrefecit</strong></span> <span class='ocrx_word' id='word_1_643' title='bbox 1481 5637 1897 5696; x_wconf 81' lang='lat' dir='ltr'><strong>tabernaculum.</strong></span> 
     </span>
    </p>
   </div>
   <div class='ocr_carea' id='block_1_90' title="bbox 2311 3228 3826 3308">
    <p class='ocr_par' dir='ltr' id='par_1_90' title="bbox 2311 3228 3826 3308">
     <span class='ocr_line' id='line_1_92' title="bbox 2311 3228 3826 3308; baseline 0.003 -24"><span class='ocrx_word' id='word_1_644' title='bbox 2311 3228 2364 3286; x_wconf 90' lang='lat'><strong>2.</strong></span> <span class='ocrx_word' id='word_1_645' title='bbox 2401 3231 2460 3284; x_wconf 91' lang='lat' dir='ltr'><strong>In</strong></span> <span class='ocrx_word' id='word_1_646' title='bbox 2489 3230 2808 3286; x_wconf 90' lang='lat' dir='ltr'><strong>centurione</strong></span> <span class='ocrx_word' id='word_1_647' title='bbox 2853 3231 3000 3286; x_wconf 91' lang='lat' dir='ltr'><strong>enim</strong></span> <span class='ocrx_word' id='word_1_648' title='bbox 3033 3232 3302 3289; x_wconf 92' lang='lat' dir='ltr'><strong>Dominus</strong></span> <span class='ocrx_word' id='word_1_649' title='bbox 3332 3250 3442 3290; x_wconf 91' lang='lat' dir='ltr'><strong>non</strong></span> <span class='ocrx_word' id='word_1_650' title='bbox 3474 3235 3608 3307; x_wconf 78' lang='lat' dir='ltr'><strong>quid</strong></span> <span class='ocrx_word' id='word_1_651' title='bbox 3657 3235 3826 3308; x_wconf 88' lang='lat' dir='ltr'><strong>operis</strong></span> 
     </span>
    </p>
   </div>
   <div class='ocr_carea' id='block_1_91' title="bbox 2240 3318 3820 3396">
    <p class='ocr_par' dir='ltr' id='par_1_91' title="bbox 2240 3318 3820 3396">
     <span class='ocr_line' id='line_1_93' title="bbox 2240 3318 3820 3396; baseline 0.003 -24"><span class='ocrx_word' id='word_1_652' title='bbox 2240 3318 2449 3387; x_wconf 89' lang='lat' dir='ltr'><strong>fecerit,</strong></span> <span class='ocrx_word' id='word_1_653' title='bbox 2481 3318 2574 3374; x_wconf 91' lang='lat' dir='ltr'><strong>sed</strong></span> <span class='ocrx_word' id='word_1_654' title='bbox 2605 3335 2712 3390; x_wconf 91' lang='lat' dir='ltr'><strong>qua</strong></span> <span class='ocrx_word' id='word_1_655' title='bbox 2758 3327 2937 3375; x_wconf 90' lang='lat' dir='ltr'><strong>mente</strong></span> <span class='ocrx_word' id='word_1_656' title='bbox 2967 3329 3222 3392; x_wconf 88' lang='lat' dir='ltr'><strong>operatus</strong></span> <span class='ocrx_word' id='word_1_657' title='bbox 3281 3321 3374 3391; x_wconf 90' lang='lat' dir='ltr'><strong>sit,</strong></span> <span class='ocrx_word' id='word_1_658' title='bbox 3431 3323 3820 3396; x_wconf 87' lang='lat' dir='ltr'><strong>comprobavit.</strong></span> 
     </span>
    </p>
   </div>
   <div class='ocr_carea' id='block_1_92' title="bbox 2238 3407 3819 3482">
    <p class='ocr_par' dir='ltr' id='par_1_92' title="bbox 2238 3407 3819 3482">
     <span class='ocr_line' id='line_1_94' title="bbox 2238 3407 3819 3482; baseline 0.001 -18"><span class='ocrx_word' id='word_1_659' title='bbox 2238 3408 2374 3464; x_wconf 87' lang='lat' dir='ltr'><strong>Nam</strong></span> <span class='ocrx_word' id='word_1_660' title='bbox 2409 3408 2503 3480; x_wconf 91' lang='lat' dir='ltr'><strong>qui</strong></span> <span class='ocrx_word' id='word_1_661' title='bbox 2532 3407 2586 3463; x_wconf 91' lang='lat' dir='ltr'><strong>id</strong></span> <span class='ocrx_word' id='word_1_662' title='bbox 2617 3409 2880 3480; x_wconf 91' lang='lat' dir='ltr'><strong>temporis</strong></span> <span class='ocrx_word' id='word_1_663' title='bbox 2911 3426 3019 3482; x_wconf 92' lang='lat' dir='ltr'><strong>quo</strong></span> <span class='ocrx_word' id='word_1_664' title='bbox 3049 3410 3298 3468; x_wconf 91' lang='lat' dir='ltr'><strong>nondum</strong></span> <span class='ocrx_word' id='word_1_665' title='bbox 3321 3411 3625 3468; x_wconf 91' lang='lat' dir='ltr'><strong>Christiani</strong></span> <span class='ocrx_word' id='word_1_666' title='bbox 3656 3419 3819 3478; x_wconf 88' lang='lat' dir='ltr'><strong>erant,</strong></span> 
     </span>
    </p>
   </div>
   <div class='ocr_carea' id='block_1_93' title="bbox 2241 3499 3822 3575">
    <p class='ocr_par' dir='ltr' id='par_1_93' title="bbox 2241 3499 3822 3575">
     <span class='ocr_line' id='line_1_95' title="bbox 2241 3499 3822 3575; baseline 0.003 -22"><span class='ocrx_word' id='word_1_667' title='bbox 2241 3499 2476 3554; x_wconf 91' lang='lat' dir='ltr'><strong>sollicite</strong></span> <span class='ocrx_word' id='word_1_668' title='bbox 2547 3515 2880 3570; x_wconf 87' lang='lat' dir='ltr'><strong>synagogam</strong></span> <span class='ocrx_word' id='word_1_669' title='bbox 2958 3499 3089 3556; x_wconf 90' lang='lat' dir='ltr'><strong>fecit</strong></span> <span class='ocrx_word' id='word_1_670' title='bbox 3150 3519 3162 3558; x_wconf 92' lang='lat'>:</span> <span class='ocrx_word' id='word_1_671' title='bbox 3229 3501 3276 3558; x_wconf 91' lang='lat' dir='ltr'><strong>si</strong></span> <span class='ocrx_word' id='word_1_672' title='bbox 3354 3503 3591 3558; x_wconf 89' lang='lat' dir='ltr'><strong>fuissent</strong></span> <span class='ocrx_word' id='word_1_673' title='bbox 3645 3503 3822 3575; x_wconf 88' lang='lat' dir='ltr'><strong>utique</strong></span> 
     </span>
    </p>
   </div>
   <div class='ocr_carea' id='block_1_94' title="bbox 2241 3585 3820 3660">
    <p class='ocr_par' dir='ltr' id='par_1_94' title="bbox 2241 3585 3820 3660">
     <span class='ocr_line' id='line_1_96' title="bbox 2241 3585 3820 3660; baseline 0 -18"><span class='ocrx_word' id='word_1_674' title='bbox 2241 3585 2562 3652; x_wconf 90' lang='lat' dir='ltr'><strong>Christiani,</strong></span> <span class='ocrx_word' id='word_1_675' title='bbox 2615 3585 2947 3658; x_wconf 89' lang='lat' dir='ltr'><strong>intelligitur</strong></span> <span class='ocrx_word' id='word_1_676' title='bbox 2998 3587 3144 3660; x_wconf 90' lang='lat' dir='ltr'><strong>quod</strong></span> <span class='ocrx_word' id='word_1_677' title='bbox 3197 3590 3372 3645; x_wconf 91' lang='lat' dir='ltr'><strong>multo</strong></span> <span class='ocrx_word' id='word_1_678' title='bbox 3421 3589 3710 3646; x_wconf 89' lang='lat' dir='ltr'><strong>sollicitius</strong></span> <span class='ocrx_word' id='word_1_679' title='bbox 3755 3589 3820 3643; x_wconf 87' lang='lat' dir='ltr'><strong>fe-</strong></span> 
     </span>
    </p>
   </div>
   <div class='ocr_carea' id='block_1_95' title="bbox 2241 3673 3816 3752">
    <p class='ocr_par' dir='ltr' id='par_1_95' title="bbox 2241 3673 3816 3752">
     <span class='ocr_line' id='line_1_97' title="bbox 2241 3673 3816 3752; baseline 0.001 -22"><span class='ocrx_word' id='word_1_680' title='bbox 2241 3673 2402 3730; x_wconf 87' lang='lat' dir='ltr'><strong>cisset</strong></span> <span class='ocrx_word' id='word_1_681' title='bbox 2433 3673 2738 3731; x_wconf 89' lang='lat' dir='ltr'><strong>ecclesiam.</strong></span> <span class='ocrx_word' id='word_1_682' title='bbox 2789 3674 2894 3730; x_wconf 92' lang='lat' dir='ltr'><strong>Sed</strong></span> <span class='ocrx_word' id='word_1_683' title='bbox 2939 3683 3123 3733; x_wconf 88' lang='lat' dir='ltr'><strong>tameu</strong></span> <span class='ocrx_word' id='word_1_684' title='bbox 3162 3677 3291 3734; x_wconf 92' lang='lat' dir='ltr'><strong>licet</strong></span> <span class='ocrx_word' id='word_1_685' title='bbox 3329 3695 3662 3752; x_wconf 89' lang='lat' dir='ltr'><strong>synagogam</strong></span> <span class='ocrx_word' id='word_1_686' title='bbox 3701 3676 3816 3733; x_wconf 64' lang='lat' dir='ltr'><strong>adi-</strong></span> 
     </span>
    </p>
   </div>
   <div class='ocr_carea' id='block_1_96' title="bbox 2242 3759 3816 3838">
    <p class='ocr_par' dir='ltr' id='par_1_96' title="bbox 2242 3759 3816 3838">
     <span class='ocr_line' id='line_1_98' title="bbox 2242 3759 3816 3838; baseline 0.003 -24"><span class='ocrx_word' id='word_1_687' title='bbox 2242 3759 2386 3827; x_wconf 84' lang='lat' dir='ltr'><strong>ficet,</strong></span> <span class='ocrx_word' id='word_1_688' title='bbox 2442 3761 2726 3818; x_wconf 89' lang='lat' dir='ltr'><strong>Christum</strong></span> <span class='ocrx_word' id='word_1_689' title='bbox 2789 3763 3107 3834; x_wconf 68' lang='lat' dir='ltr'><strong>praedicat;</strong></span> <span class='ocrx_word' id='word_1_690' title='bbox 3168 3765 3226 3821; x_wconf 91' lang='lat' dir='ltr'><strong>in</strong></span> <span class='ocrx_word' id='word_1_691' title='bbox 3285 3766 3405 3838; x_wconf 90' lang='lat' dir='ltr'><strong>ipso</strong></span> <span class='ocrx_word' id='word_1_692' title='bbox 3467 3767 3614 3822; x_wconf 92' lang='lat' dir='ltr'><strong>enim</strong></span> <span class='ocrx_word' id='word_1_693' title='bbox 3671 3777 3816 3836; x_wconf 83' lang='lat' dir='ltr'><strong>opere</strong></span> 
     </span>
    </p>
   </div>
   <div class='ocr_carea' id='block_1_97' title="bbox 2241 3850 3814 3927">
    <p class='ocr_par' dir='ltr' id='par_1_97' title="bbox 2241 3850 3814 3927">
     <span class='ocr_line' id='line_1_99' title="bbox 2241 3850 3814 3927; baseline 0 -23"><span class='ocrx_word' id='word_1_694' title='bbox 2241 3857 2556 3907; x_wconf 83' lang='lat' dir='ltr'><strong>commonet</strong></span> <span class='ocrx_word' id='word_1_695' title='bbox 2607 3850 2907 3922; x_wconf 72' lang='lat' dir='ltr'><strong>pharisaeos</strong></span> <span class='ocrx_word' id='word_1_696' title='bbox 2948 3852 3146 3909; x_wconf 90' lang='lat' dir='ltr'><strong>debere</strong></span> <span class='ocrx_word' id='word_1_697' title='bbox 3177 3854 3303 3910; x_wconf 91' lang='lat' dir='ltr'><strong>illos</strong></span> <span class='ocrx_word' id='word_1_698' title='bbox 3348 3854 3624 3927; x_wconf 90' lang='lat' dir='ltr'><strong>suscipere</strong></span> <span class='ocrx_word' id='word_1_699' title='bbox 3652 3854 3814 3909; x_wconf 77' lang='lat' dir='ltr'><strong>Salva-</strong></span> 
     </span>
    </p>
   </div>
   <div class='ocr_carea' id='block_1_98' title="bbox 2239 3940 3813 4016">
    <p class='ocr_par' dir='ltr' id='par_1_98' title="bbox 2239 3940 3813 4016">
     <span class='ocr_line' id='line_1_100' title="bbox 2239 3940 3813 4016; baseline 0.002 -24"><span class='ocrx_word' id='word_1_700' title='bbox 2239 3944 2453 3995; x_wconf 91' lang='lat' dir='ltr'><strong>torem:</strong></span> <span class='ocrx_word' id='word_1_701' title='bbox 2505 3946 2560 3995; x_wconf 89' lang='lat' dir='ltr'><strong>et</strong></span> <span class='ocrx_word' id='word_1_702' title='bbox 2605 3940 2948 3998; x_wconf 89' lang='lat' dir='ltr'><strong>demonstrat</strong></span> <span class='ocrx_word' id='word_1_703' title='bbox 2991 3953 3278 4016; x_wconf 87' lang='lat' dir='ltr'><strong>propterea</strong></span> <span class='ocrx_word' id='word_1_704' title='bbox 3329 3961 3384 4001; x_wconf 91' lang='lat' dir='ltr'><strong>se</strong></span> <span class='ocrx_word' id='word_1_705' title='bbox 3419 3943 3813 4000; x_wconf 87' lang='lat' dir='ltr'><strong>tabernaculum</strong></span> 
     </span>
    </p>
   </div>
   <div class='ocr_carea' id='block_1_99' title="bbox 2241 4027 3813 4103">
    <p class='ocr_par' dir='ltr' id='par_1_99' title="bbox 2241 4027 3813 4103">
     <span class='ocr_line' id='line_1_101' title="bbox 2241 4027 3813 4103; baseline 0.002 -23"><span class='ocrx_word' id='word_1_706' title='bbox 2241 4027 2476 4097; x_wconf 88' lang='lat' dir='ltr'><strong>amplius</strong></span> <span class='ocrx_word' id='word_1_707' title='bbox 2504 4028 2804 4098; x_wconf 89' lang='lat' dir='ltr'><strong>addidisse,</strong></span> <span class='ocrx_word' id='word_1_708' title='bbox 2832 4039 2895 4086; x_wconf 92' lang='lat' dir='ltr'><strong>ut</strong></span> <span class='ocrx_word' id='word_1_709' title='bbox 2927 4033 3314 4103; x_wconf 90' lang='lat' dir='ltr'><strong>multipliciter</strong></span> <span class='ocrx_word' id='word_1_710' title='bbox 3362 4033 3437 4088; x_wconf 91' lang='lat' dir='ltr'><strong>ibi</strong></span> <span class='ocrx_word' id='word_1_711' title='bbox 3470 4031 3687 4089; x_wconf 91' lang='lat' dir='ltr'><strong>Domini</strong></span> <span class='ocrx_word' id='word_1_712' title='bbox 3718 4031 3813 4102; x_wconf 84' lang='lat' dir='ltr'><strong>glo-</strong></span> 
     </span>
    </p>
   </div>
   <div class='ocr_carea' id='block_1_100' title="bbox 2241 4115 3811 4189">
    <p class='ocr_par' dir='ltr' id='par_1_100' title="bbox 2241 4115 3811 4189">
     <span class='ocr_line' id='line_1_102' title="bbox 2241 4115 3811 4189; baseline 0.001 -20"><span class='ocrx_word' id='word_1_713' title='bbox 2241 4115 2377 4171; x_wconf 91' lang='lat' dir='ltr'><strong>riam</strong></span> <span class='ocrx_word' id='word_1_714' title='bbox 2436 4118 2806 4189; x_wconf 89' lang='lat' dir='ltr'><strong>loquerentur.</strong></span> <span class='ocrx_word' id='word_1_715' title='bbox 2879 4119 2935 4174; x_wconf 87' lang='lat' dir='ltr'><strong>Si</strong></span> <span class='ocrx_word' id='word_1_716' title='bbox 2993 4120 3142 4175; x_wconf 90' lang='lat' dir='ltr'><strong>enim</strong></span> <span class='ocrx_word' id='word_1_717' title='bbox 3203 4121 3379 4178; x_wconf 91' lang='lat' dir='ltr'><strong>credit</strong></span> <span class='ocrx_word' id='word_1_718' title='bbox 3433 4122 3490 4177; x_wconf 91' lang='lat' dir='ltr'><strong>in</strong></span> <span class='ocrx_word' id='word_1_719' title='bbox 3549 4120 3811 4179; x_wconf 88' lang='lat' dir='ltr'><strong>Christum</strong></span> 
     </span>
    </p>
   </div>
   <div class='ocr_carea' id='block_1_101' title="bbox 2239 4205 3810 4281">
    <p class='ocr_par' dir='ltr' id='par_1_101' title="bbox 2239 4205 3810 4281">
     <span class='ocr_line' id='line_1_103' title="bbox 2239 4205 3810 4281; baseline 0.001 -22"><span class='ocrx_word' id='word_1_720' title='bbox 2239 4205 2495 4259; x_wconf 90' lang='lat' dir='ltr'><strong>conditor</strong></span> <span class='ocrx_word' id='word_1_721' title='bbox 2521 4206 2838 4278; x_wconf 71' lang='lat' dir='ltr'><strong>Synagogaa,</strong></span> <span class='ocrx_word' id='word_1_722' title='bbox 2877 4207 3055 4263; x_wconf 87' lang='lat' dir='ltr'><strong>multo</strong></span> <span class='ocrx_word' id='word_1_723' title='bbox 3086 4208 3256 4281; x_wconf 82' lang='lat' dir='ltr'><strong>magis</strong></span> <span class='ocrx_word' id='word_1_724' title='bbox 3298 4210 3521 4267; x_wconf 90' lang='lat' dir='ltr'><strong>credere</strong></span> <span class='ocrx_word' id='word_1_725' title='bbox 3549 4209 3704 4266; x_wconf 85' lang='lat' dir='ltr'><strong>debet</strong></span> <span class='ocrx_word' id='word_1_726' title='bbox 3728 4207 3810 4262; x_wconf 81' lang='lat' dir='ltr'><strong>ha-</strong></span> 
     </span>
    </p>
   </div>
   <div class='ocr_carea' id='block_1_102' title="bbox 2240 4291 2991 4368">
    <p class='ocr_par' dir='ltr' id='par_1_102' title="bbox 2240 4291 2991 4368">
     <span class='ocr_line' id='line_1_104' title="bbox 2240 4291 2991 4368; baseline 0.005 -21"><span class='ocrx_word' id='word_1_727' title='bbox 2240 4291 2443 4349; x_wconf 91' lang='lat' dir='ltr'><strong>bitator</strong></span> <span class='ocrx_word' id='word_1_728' title='bbox 2473 4294 2644 4366; x_wconf 91' lang='lat' dir='ltr'><strong>ipsius</strong></span> <span class='ocrx_word' id='word_1_729' title='bbox 2673 4294 2991 4368; x_wconf 69' lang='lat' dir='ltr'><strong>Synagogaa.</strong></span> 
     </span>
    </p>
   </div>
   <div class='ocr_carea' id='block_1_103' title="bbox 2311 4397 3814 4477">
    <p class='ocr_par' dir='ltr' id='par_1_103' title="bbox 2311 4397 3814 4477">
     <span class='ocr_line' id='line_1_105' title="bbox 2311 4397 3814 4477; baseline 0 -23"><span class='ocrx_word' id='word_1_730' title='bbox 2311 4398 2362 4454; x_wconf 90' lang='lat'><strong>3.</strong></span> <span class='ocrx_word' id='word_1_731' title='bbox 2397 4397 2658 4455; x_wconf 90' lang='lat' dir='ltr'><strong>Centurio</strong></span> <span class='ocrx_word' id='word_1_732' title='bbox 2697 4417 2824 4473; x_wconf 91' lang='lat' dir='ltr'><strong>ergo</strong></span> <span class='ocrx_word' id='word_1_733' title='bbox 2854 4401 2899 4456; x_wconf 89' lang='lat' dir='ltr'><strong>si</strong></span> <span class='ocrx_word' id='word_1_734' title='bbox 2933 4400 3268 4473; x_wconf 87' lang='lat' dir='ltr'><strong>justificatus</strong></span> <span class='ocrx_word' id='word_1_735' title='bbox 3312 4411 3393 4460; x_wconf 91' lang='lat' dir='ltr'><strong>est</strong></span> <span class='ocrx_word' id='word_1_736' title='bbox 3446 4413 3664 4477; x_wconf 89' lang='lat' dir='ltr'><strong>propter</strong></span> <span class='ocrx_word' id='word_1_737' title='bbox 3690 4416 3814 4474; x_wconf 91' lang='lat' dir='ltr'><strong>opus</strong></span> 
     </span>
    </p>
   </div>
   <div class='ocr_carea' id='block_1_104' title="bbox 2161 4486 3814 4568">
    <p class='ocr_par' dir='ltr' id='par_1_104' title="bbox 2161 4486 3814 4568">
     <span class='ocr_line' id='line_1_106' title="bbox 2161 4486 3814 4568; baseline 0.002 -28"><span class='ocrx_word' id='word_1_738' title='bbox 2161 4509 2209 4568; x_wconf 83' lang='lat' dir='ltr'>D</span> <span class='ocrx_word' id='word_1_739' title='bbox 2242 4486 2432 4556; x_wconf 87' lang='lat' dir='ltr'><strong>fragile</strong></span> <span class='ocrx_word' id='word_1_740' title='bbox 2460 4490 2548 4543; x_wconf 90' lang='lat' dir='ltr'><strong>vel</strong></span> <span class='ocrx_word' id='word_1_741' title='bbox 2573 4495 2872 4557; x_wconf 89' lang='lat' dir='ltr'><strong>terrenum,</strong></span> <span class='ocrx_word' id='word_1_742' title='bbox 2918 4488 3309 4561; x_wconf 87' lang='lat' dir='ltr'><strong>justiﬁcandus</strong></span> <span class='ocrx_word' id='word_1_743' title='bbox 3337 4493 3497 4564; x_wconf 88' lang='lat' dir='ltr'><strong>plane</strong></span> <span class='ocrx_word' id='word_1_744' title='bbox 3528 4494 3617 4549; x_wconf 88' lang='lat' dir='ltr'><strong>vir</strong></span> <span class='ocrx_word' id='word_1_745' title='bbox 3642 4493 3814 4550; x_wconf 88' lang='lat' dir='ltr'><strong>claris-</strong></span> 
     </span>
    </p>
   </div>
   <div class='ocr_carea' id='block_1_105' title="bbox 2239 4575 3820 4653">
    <p class='ocr_par' dir='ltr' id='par_1_105' title="bbox 2239 4575 3820 4653">
     <span class='ocr_line' id='line_1_107' title="bbox 2239 4575 3820 4653; baseline 0.001 -23"><span class='ocrx_word' id='word_1_746' title='bbox 2239 4575 2411 4631; x_wconf 90' lang='lat' dir='ltr'><strong>simus</strong></span> <span class='ocrx_word' id='word_1_747' title='bbox 2457 4583 2510 4631; x_wconf 92' lang='lat' dir='ltr'><strong>et</strong></span> <span class='ocrx_word' id='word_1_748' title='bbox 2553 4577 3075 4648; x_wconf 91' lang='lat' dir='ltr'><strong>providentissimus</strong></span> <span class='ocrx_word' id='word_1_749' title='bbox 3127 4595 3312 4635; x_wconf 90' lang='lat' dir='ltr'><strong>comes</strong></span> <span class='ocrx_word' id='word_1_750' title='bbox 3359 4589 3565 4647; x_wconf 88' lang='lat' dir='ltr'><strong>noster,</strong></span> <span class='ocrx_word' id='word_1_751' title='bbox 3610 4587 3820 4653; x_wconf 83' lang='lat' dir='ltr'><strong>propter</strong></span> 
     </span>
    </p>
   </div>
   <div class='ocr_carea' id='block_1_106' title="bbox 2241 4667 3821 4742">
    <p class='ocr_par' dir='ltr' id='par_1_106' title="bbox 2241 4667 3821 4742">
     <span class='ocr_line' id='line_1_108' title="bbox 2241 4667 3821 4742; baseline 0.001 -23"><span class='ocrx_word' id='word_1_752' title='bbox 2241 4681 2380 4736; x_wconf 91' lang='lat' dir='ltr'><strong>opus</strong></span> <span class='ocrx_word' id='word_1_753' title='bbox 2402 4672 2510 4720; x_wconf 91' lang='lat' dir='ltr'><strong>tam</strong></span> <span class='ocrx_word' id='word_1_754' title='bbox 2535 4673 2856 4737; x_wconf 90' lang='lat' dir='ltr'><strong>perpetuum</strong></span> <span class='ocrx_word' id='word_1_755' title='bbox 2887 4667 2973 4722; x_wconf 89' lang='lat' dir='ltr'><strong>vel</strong></span> <span class='ocrx_word' id='word_1_756' title='bbox 3023 4667 3240 4724; x_wconf 68' lang='lat' dir='ltr'><strong>caeleste</strong></span> <span class='ocrx_word' id='word_1_757' title='bbox 3273 4687 3284 4724; x_wconf 92' lang='lat'>:</span> <span class='ocrx_word' id='word_1_758' title='bbox 3321 4671 3416 4742; x_wconf 92' lang='lat' dir='ltr'><strong>qui</strong></span> <span class='ocrx_word' id='word_1_759' title='bbox 3447 4686 3630 4727; x_wconf 87' lang='lat' dir='ltr'><strong>comes</strong></span> <span class='ocrx_word' id='word_1_760' title='bbox 3684 4669 3821 4724; x_wconf 88' lang='lat' dir='ltr'><strong>sicut</strong></span> 
     </span>
    </p>
   </div>
   <div class='ocr_carea' id='block_1_107' title="bbox 2237 4751 3819 4825">
    <p class='ocr_par' dir='ltr' id='par_1_107' title="bbox 2237 4751 3819 4825">
     <span class='ocr_line' id='line_1_109' title="bbox 2237 4751 3819 4825; baseline 0 -20"><span class='ocrx_word' id='word_1_761' title='bbox 2237 4761 2316 4805; x_wconf 91' lang='lat' dir='ltr'><strong>est</strong></span> <span class='ocrx_word' id='word_1_762' title='bbox 2367 4751 2688 4807; x_wconf 89' lang='lat' dir='ltr'><strong>centurione</strong></span> <span class='ocrx_word' id='word_1_763' title='bbox 2742 4753 3012 4824; x_wconf 88' lang='lat' dir='ltr'><strong>dignitate</strong></span> <span class='ocrx_word' id='word_1_764' title='bbox 3042 4755 3242 4825; x_wconf 89' lang='lat' dir='ltr'><strong>potior,</strong></span> <span class='ocrx_word' id='word_1_765' title='bbox 3296 4755 3373 4811; x_wconf 87' lang='lat' dir='ltr'><strong>ita</strong></span> <span class='ocrx_word' id='word_1_766' title='bbox 3414 4765 3467 4811; x_wconf 91' lang='lat' dir='ltr'><strong>et</strong></span> <span class='ocrx_word' id='word_1_767' title='bbox 3527 4755 3630 4813; x_wconf 87' lang='lat' dir='ltr'><strong>ﬁde</strong></span> <span class='ocrx_word' id='word_1_768' title='bbox 3658 4755 3819 4811; x_wconf 88' lang='lat' dir='ltr'><strong>debet</strong></span> 
     </span>
    </p>
   </div>
   <div class='ocr_carea' id='block_1_108' title="bbox 2235 4839 3816 4916">
    <p class='ocr_par' dir='ltr' id='par_1_108' title="bbox 2235 4839 3816 4916">
     <span class='ocr_line' id='line_1_110' title="bbox 2235 4839 3816 4916; baseline 0.001 -22"><span class='ocrx_word' id='word_1_769' title='bbox 2235 4855 2350 4894; x_wconf 91' lang='lat' dir='ltr'><strong>esse</strong></span> <span class='ocrx_word' id='word_1_770' title='bbox 2375 4839 2646 4896; x_wconf 90' lang='lat' dir='ltr'><strong>devotior.</strong></span> <span class='ocrx_word' id='word_1_771' title='bbox 2695 4840 2922 4914; x_wconf 90' lang='lat' dir='ltr'><strong>Sapiens</strong></span> <span class='ocrx_word' id='word_1_772' title='bbox 2973 4842 3061 4897; x_wconf 90' lang='lat' dir='ltr'><strong>vir</strong></span> <span class='ocrx_word' id='word_1_773' title='bbox 3090 4851 3145 4898; x_wconf 92' lang='lat' dir='ltr'><strong>et</strong></span> <span class='ocrx_word' id='word_1_774' title='bbox 3176 4845 3467 4916; x_wconf 87' lang='lat' dir='ltr'><strong>religiosus</strong></span> <span class='ocrx_word' id='word_1_775' title='bbox 3494 4861 3698 4910; x_wconf 86' lang='lat' dir='ltr'><strong>comes,</strong></span> <span class='ocrx_word' id='word_1_776' title='bbox 3728 4840 3816 4916; x_wconf 85' lang='lat' dir='ltr'><strong>qui</strong></span> 
     </span>
    </p>
   </div>
   <div class='ocr_carea' id='block_1_109' title="bbox 2235 4930 3820 5002">
    <p class='ocr_par' dir='ltr' id='par_1_109' title="bbox 2235 4930 3820 5002">
     <span class='ocr_line' id='line_1_111' title="bbox 2235 4930 3820 5002; baseline 0 -17"><span class='ocrx_word' id='word_1_777' title='bbox 2235 4937 2501 5002; x_wconf 90' lang='lat' dir='ltr'><strong>quantum</strong></span> <span class='ocrx_word' id='word_1_778' title='bbox 2533 4930 2590 4986; x_wconf 91' lang='lat' dir='ltr'><strong>in</strong></span> <span class='ocrx_word' id='word_1_779' title='bbox 2636 4931 2783 4988; x_wconf 91' lang='lat' dir='ltr'><strong>bello</strong></span> <span class='ocrx_word' id='word_1_780' title='bbox 2834 4931 3152 5002; x_wconf 88' lang='lat' dir='ltr'><strong>imperatori</strong></span> <span class='ocrx_word' id='word_1_781' title='bbox 3183 4933 3410 5002; x_wconf 88' lang='lat' dir='ltr'><strong>militat,</strong></span> <span class='ocrx_word' id='word_1_782' title='bbox 3441 4942 3655 4990; x_wconf 84' lang='lat' dir='ltr'><strong>tantum</strong></span> <span class='ocrx_word' id='word_1_783' title='bbox 3685 4941 3737 4988; x_wconf 89' lang='lat' dir='ltr'><strong>et</strong></span> <span class='ocrx_word' id='word_1_784' title='bbox 3765 4931 3820 4986; x_wconf 92' lang='lat' dir='ltr'><strong>in</strong></span> 
     </span>
    </p>
   </div>
   <div class='ocr_carea' id='block_1_110' title="bbox 2232 5019 3820 5093">
    <p class='ocr_par' dir='ltr' id='par_1_110' title="bbox 2232 5019 3820 5093">
     <span class='ocr_line' id='line_1_112' title="bbox 2232 5019 3820 5093; baseline 0 -18"><span class='ocrx_word' id='word_1_785' title='bbox 2232 5035 2362 5091; x_wconf 89' lang='lat' dir='ltr'><strong>pace</strong></span> <span class='ocrx_word' id='word_1_786' title='bbox 2393 5019 2595 5076; x_wconf 87' lang='lat' dir='ltr'><strong>militat</strong></span> <span class='ocrx_word' id='word_1_787' title='bbox 2627 5019 2897 5076; x_wconf 90' lang='lat' dir='ltr'><strong>Salvatori</strong></span> <span class='ocrx_word' id='word_1_788' title='bbox 2934 5038 2946 5075; x_wconf 92' lang='lat'><em>:</em></span> <span class='ocrx_word' id='word_1_789' title='bbox 2980 5028 3033 5074; x_wconf 92' lang='lat' dir='ltr'><strong>et</strong></span> <span class='ocrx_word' id='word_1_790' title='bbox 3071 5029 3338 5093; x_wconf 89' lang='lat' dir='ltr'><strong>quantum</strong></span> <span class='ocrx_word' id='word_1_791' title='bbox 3372 5023 3598 5079; x_wconf 88' lang='lat' dir='ltr'><strong>festinat</strong></span> <span class='ocrx_word' id='word_1_792' title='bbox 3623 5023 3690 5078; x_wconf 89' lang='lat' dir='ltr'><strong>de</strong></span> <span class='ocrx_word' id='word_1_793' title='bbox 3718 5021 3820 5077; x_wconf 92' lang='lat' dir='ltr'><strong>ho—</strong></span> 
     </span>
    </p>
   </div>
   <div class='ocr_carea' id='block_1_111' title="bbox 2233 5109 3822 5184">
    <p class='ocr_par' dir='ltr' id='par_1_111' title="bbox 2233 5109 3822 5184">
     <span class='ocr_line' id='line_1_113' title="bbox 2233 5109 3822 5184; baseline 0 -20"><span class='ocrx_word' id='word_1_794' title='bbox 2233 5109 2398 5165; x_wconf 91' lang='lat' dir='ltr'><strong>stium</strong></span> <span class='ocrx_word' id='word_1_795' title='bbox 2431 5109 2684 5166; x_wconf 88' lang='lat' dir='ltr'><strong>manibus</strong></span> <span class='ocrx_word' id='word_1_796' title='bbox 2733 5109 2982 5181; x_wconf 90' lang='lat' dir='ltr'><strong>captivos</strong></span> <span class='ocrx_word' id='word_1_797' title='bbox 3011 5125 3222 5178; x_wconf 89' lang='lat' dir='ltr'><strong>eruere,</strong></span> <span class='ocrx_word' id='word_1_798' title='bbox 3269 5119 3425 5168; x_wconf 90' lang='lat' dir='ltr'><strong>tanto</strong></span> <span class='ocrx_word' id='word_1_799' title='bbox 3463 5112 3637 5184; x_wconf 89' lang='lat' dir='ltr'><strong>magis</strong></span> <span class='ocrx_word' id='word_1_800' title='bbox 3665 5109 3822 5167; x_wconf 87' lang='lat' dir='ltr'><strong>festi-</strong></span> 
     </span>
    </p>
   </div>
   <div class='ocr_carea' id='block_1_112' title="bbox 2232 5200 3824 5274">
    <p class='ocr_par' dir='ltr' id='par_1_112' title="bbox 2232 5200 3824 5274">
     <span class='ocr_line' id='line_1_114' title="bbox 2232 5200 3824 5274; baseline 0 -16"><span class='ocrx_word' id='word_1_801' title='bbox 2232 5211 2326 5258; x_wconf 91' lang='lat' dir='ltr'><strong>nat</strong></span> <span class='ocrx_word' id='word_1_802' title='bbox 2371 5219 2403 5257; x_wconf 90' lang='lat' dir='ltr'><strong>a</strong></span> <span class='ocrx_word' id='word_1_803' title='bbox 2449 5200 2653 5258; x_wconf 89' lang='lat' dir='ltr'><strong>diaboli</strong></span> <span class='ocrx_word' id='word_1_804' title='bbox 2703 5217 2762 5257; x_wconf 90' lang='lat' dir='ltr'><strong>se</strong></span> <span class='ocrx_word' id='word_1_805' title='bbox 2822 5201 3106 5274; x_wconf 87' lang='lat' dir='ltr'><strong>sacrilegio</strong></span> <span class='ocrx_word' id='word_1_806' title='bbox 3161 5202 3410 5260; x_wconf 89' lang='lat' dir='ltr'><strong>liberare.</strong></span> <span class='ocrx_word' id='word_1_807' title='bbox 3457 5204 3539 5261; x_wconf 91' lang='lat' dir='ltr'><strong>Ibi</strong></span> <span class='ocrx_word' id='word_1_808' title='bbox 3574 5202 3824 5260; x_wconf 86' lang='lat' dir='ltr'><strong>inimicos</strong></span> 
     </span>
    </p>
   </div>
   <div class='ocr_carea' id='block_1_113' title="bbox 2231 5289 3820 5364">
    <p class='ocr_par' dir='ltr' id='par_1_113' title="bbox 2231 5289 3820 5364">
     <span class='ocr_line' id='line_1_115' title="bbox 2231 5289 3820 5364; baseline 0.001 -18"><span class='ocrx_word' id='word_1_809' title='bbox 2231 5291 2431 5348; x_wconf 90' lang='lat' dir='ltr'><strong>terreni</strong></span> <span class='ocrx_word' id='word_1_810' title='bbox 2467 5291 2605 5364; x_wconf 89' lang='lat' dir='ltr'><strong>regis</strong></span> <span class='ocrx_word' id='word_1_811' title='bbox 2633 5289 2918 5357; x_wconf 84' lang='lat' dir='ltr'><strong>interﬁcit,</strong></span> <span class='ocrx_word' id='word_1_812' title='bbox 2961 5289 3055 5346; x_wconf 92' lang='lat' dir='ltr'><strong>hic</strong></span> <span class='ocrx_word' id='word_1_813' title='bbox 3083 5292 3430 5349; x_wconf 88' lang='lat' dir='ltr'><strong>adversarios</strong></span> <span class='ocrx_word' id='word_1_814' title='bbox 3468 5293 3690 5350; x_wconf 91' lang='lat' dir='ltr'><strong>Domini</strong></span> <span class='ocrx_word' id='word_1_815' title='bbox 3719 5307 3820 5348; x_wconf 64' lang='lat' dir='ltr'><strong>cae-</strong></span> 
     </span>
    </p>
   </div>
   <div class='ocr_carea' id='block_1_114' title="bbox 2231 5379 3820 5453">
    <p class='ocr_par' dir='ltr' id='par_1_114' title="bbox 2231 5379 3820 5453">
     <span class='ocr_line' id='line_1_116' title="bbox 2231 5379 3820 5453; baseline -0.003 -17"><span class='ocrx_word' id='word_1_816' title='bbox 2231 5382 2380 5437; x_wconf 88' lang='lat' dir='ltr'><strong>lestis</strong></span> <span class='ocrx_word' id='word_1_817' title='bbox 2409 5381 2719 5453; x_wconf 85' lang='lat' dir='ltr'><strong>insequitur</strong></span> <span class='ocrx_word' id='word_1_818' title='bbox 2751 5397 2762 5434; x_wconf 91' lang='lat'><em>:</em></span> <span class='ocrx_word' id='word_1_819' title='bbox 2793 5379 2870 5436; x_wconf 90' lang='lat' dir='ltr'><strong>ibi</strong></span> <span class='ocrx_word' id='word_1_820' title='bbox 2898 5380 3158 5437; x_wconf 88' lang='lat' dir='ltr'><strong>barbaros</strong></span> <span class='ocrx_word' id='word_1_821' title='bbox 3179 5381 3375 5450; x_wconf 90' lang='lat' dir='ltr'><strong>vincit,</strong></span> <span class='ocrx_word' id='word_1_822' title='bbox 3399 5381 3491 5438; x_wconf 93' lang='lat' dir='ltr'><strong>hic</strong></span> <span class='ocrx_word' id='word_1_823' title='bbox 3521 5382 3820 5438; x_wconf 73' lang='lat' dir='ltr'><strong>daemones.</strong></span> 
     </span>
    </p>
   </div>
   <div class='ocr_carea' id='block_1_115' title="bbox 2225 5467 3821 5543">
    <p class='ocr_par' dir='ltr' id='par_1_115' title="bbox 2225 5467 3821 5543">
     <span class='ocr_line' id='line_1_117' title="bbox 2225 5467 3821 5543; baseline 0 -18"><span class='ocrx_word' id='word_1_824' title='bbox 2225 5467 2469 5542; x_wconf 89' lang='lat' dir='ltr'><strong>Sapiens,</strong></span> <span class='ocrx_word' id='word_1_825' title='bbox 2501 5469 2749 5542; x_wconf 87' lang='lat' dir='ltr'><strong>inquam,</strong></span> <span class='ocrx_word' id='word_1_826' title='bbox 2797 5469 2894 5543; x_wconf 88' lang='lat' dir='ltr'><strong>qui</strong></span> <span class='ocrx_word' id='word_1_827' title='bbox 2930 5468 3074 5526; x_wconf 89' lang='lat' dir='ltr'><strong>sicut</strong></span> <span class='ocrx_word' id='word_1_828' title='bbox 3103 5485 3287 5526; x_wconf 90' lang='lat' dir='ltr'><strong>comes</strong></span> <span class='ocrx_word' id='word_1_829' title='bbox 3337 5469 3689 5543; x_wconf 89' lang='lat' dir='ltr'><strong>imperatoris</strong></span> <span class='ocrx_word' id='word_1_830' title='bbox 3718 5475 3821 5535; x_wconf 84' lang='lat' dir='ltr'><strong>est,</strong></span> 
     </span>
    </p>
   </div>
  </div>
