4020 6200
238 372 336 428 757
1112 364 1481 423 SERMONES
1518 364 1693 421 TRES
1732 364 1831 420 EX
1869 363 2127 423 CODICE
2164 363 2610 422 SESSORIANO.

3415 357 3522 420 758

234 495 308 551 ita
333 498 387 549 et
413 506 592 548 comes
621 489 829 547 Christi
860 505 978 546 esse
1008 488 1300 545 desiderat.
1332 489 1468 543 Nam
1507 488 1647 544 bene
1695 488 1818 543 uti-
1850 500 1900 558 Α
1927 490 2103 563 pergit
2149 488 2217 545 ad
2260 490 2487 546 domum
2532 489 2822 546 Dominus.
2854 487 2973 546 Non
3012 486 3189 562 pergit
3224 486 3520 560 Dominus,

232 596 334 654 que
371 586 426 636 et
452 577 706 649 religiose
731 576 960 649 agendo,
992 576 1314 649 dignitatem
1344 594 1499 633 suam
1530 578 1683 649 cupit
1706 593 1821 633 esse

230 675 568 741 perpetuam,
588 666 890 723 secundum
923 666 1070 740 quod
1100 667 1364 738 scriptum
1395 675 1475 721 est
1504 665 1563 721 in
1591 665 1820 737 prophe-

230 765 322 814 ta:
370 782 388 807 ι
422 760 496 814 Et
525 775 644 827 vos,
694 774 728 814 ο
767 758 896 815 boni
946 774 1117 830 reges,
1149 757 1320 814 bonas
1349 758 1512 815 facite
1540 758 1661 815 vias
1690 775 1822 815 ves-

225 857 335 906 tras
361 856 423 906 et
446 848 632 905 studia
661 857 859 918 vestra,
893 857 948 905 et
989 848 1175 904 audite
1222 865 1412 905 vocem
1464 850 1689 906 Domini
1722 851 1820 907 Dei

223 940 432 1008 vestri;
466 949 522 997 et
551 940 840 1013 pmnitebit
878 941 1177 997 Dominum
1209 941 1364 1009 mali,
1408 940 1555 1014 quod
1605 943 1822 998 locutus

223 1037 304 1085 est
328 1030 597 1087 adversus
625 1048 724 1087 vos
756 1031 970 1101 (Jerem.
1010 1047 1167 1099 xxvi,
1203 1030 1313 1102 l3).
1347 1056 1366 1079 ›

293 1118 347 1175 4.
383 1121 531 1193 Ergo
562 1138 687 1177 cum
731 1121 987 1177 centurio
1029 1128 1244 1193 rogaret
1285 1120 1606 1185 Dominum,
1648 1127 1709 1175 ut
1753 1120 1822 1177 de

222 1218 400 1267 morte
431 1219 646 1268 erueret
673 1220 1048 1284 aegrotantem,
1066 1219 1119 1267 et
1140 1212 1305 1266 vellet
1333 1210 1603 1265 Dominus
1630 1210 1699 1265 ad
1727 1211 1822 1268 do-

220 1318 376 1358 mum
408 1304 751 1361 centurionis
778 1321 1021 1377 pergere,
1054 1303 1112 1359 in
1147 1320 1254 1377 qua
1295 1302 1547 1359 servulus
1587 1304 1823 1361 decum-

220 1389 405 1458 bebat,
455 1392 533 1447 ait
588 1393 887 1449 centurio:
925 1399 1072 1456 477
1142 1416 1160 1438 ι
1217 1392 1470 1460 Domine,
1530 1408 1642 1448 non
1697 1410 1819 1449 sum

223 1488 422 1561 dignus
450 1497 514 1545 ut
541 1490 714 1545 intres
740 1488 844 1545 sub
875 1497 1078 1545 tectum
1108 1505 1290 1545 meum
1324 1490 1535 1561 (Matth.
1568 1489 1804 1559 vm,v).n

222 1582 466 1639 Excusat
495 1581 665 1655 igitur
693 1582 967 1650 centurio,
997 1590 1050 1637 et
1089 1598 1157 1637 ne
1192 1580 1295 1637 sub
1328 1588 1530 1636 tectum
1561 1582 1680 1653 ejus
1722 1582 1820 1637 in-

223 1672 571 1744 grediebatur
586 1672 877 1740 Dominus,
902 1672 1193 1744 indignum
1212 1687 1267 1727 se
1287 1671 1443 1727 dicit.
1457 1671 1599 1727 Ecce
1620 1672 1819 1744 dignus

222 1771 303 1818 est
338 1778 526 1819 comes
559 1769 765 1829 noster,
810 1761 912 1817 sub
939 1761 1100 1833 cujus
1131 1768 1337 1817 tectum
1378 1760 1542 1816 hodie
1570 1761 1820 1817 Salvator

221 1848 552 1923 ingreditur.

291 1950 347 2009 5.
389 1951 693 2008 Videamus
749 1950 866 2023 ipsa
920 1949 1261 2006 centurionis
1308 1948 1592 2005 excusatio
1654 1964 1818 2021 quam

220 2039 421 2097 habeat
449 2042 680 2114 gratiam
705 2060 719 2109 ;
768 2042 845 2096 ait
874 2041 1021 2097 enim
1056 2058 1068 2096 :
1122 2068 1138 2087 -
1168 2040 1423 2108 Domine,
1454 2056 1565 2096 non
1592 2058 1712 2097 sum
1739 2041 1820 2097 di-

220 2145 362 2201 gnus
392 2139 453 2188 ut
482 2130 654 2188 intres
680 2130 783 2186 sub
811 2136 1015 2186 tectum
1048 2145 1230 2185 meum
1266 2146 1278 2184 :
1332 2128 1426 2185 sed
1476 2128 1567 2185 dic
1604 2137 1817 2185 tantum

221 2220 410 2288 verbo,
466 2228 522 2277 et
567 2219 851 2276 sanabitur
896 2235 1032 2291 puer
1079 2234 1234 2274 meus
1286 2218 1498 2290 (Ibid)
1533 2243 1550 2265 ι
1608 2219 1652 2275 Ο
1681 2218 1819 2274 ﬁdes

222 2307 558 2379 Christiana,
606 2327 727 2382 quas
775 2326 900 2366 cum
947 2308 1262 2365 humilitate
1306 2317 1483 2365 totum
1527 2308 1819 2382 impetrare

220 2399 533 2455 consuesti!
583 2398 724 2455 Ecce
752 2397 1040 2470 religiosus
1069 2398 1319 2453 centurio
1346 2397 1415 2453 ad
1444 2398 1816 2469 accipiendam

222 2489 455 2547 salutem
493 2488 713 2563 dignior
740 2488 822 2558 ﬁt,
856 2488 986 2544 dum
1017 2503 1073 2545 se
1103 2488 1390 2561 proﬁtetur
1415 2488 1704 2561 indignum
1729 2507 1739 2543 :
1766 2497 1820 2545 et

221 2576 351 2634 dum
381 2580 531 2636 aedes
559 2596 684 2635 suas
717 2578 1013 2650 injuriosas
1042 2584 1219 2651 putat,
1267 2577 1437 2649 magis
1476 2594 1564 2633 eas
1594 2576 1816 2633 honori-

218 2665 349 2724 ﬁcas
376 2668 513 2726 fecit
538 2675 592 2724 et
616 2676 813 2741 gratas.
847 2668 1055 2740 Magnae
1101 2666 1250 2722 enim
1299 2674 1354 2721 et
1400 2666 1650 2739 perfectae
1689 2665 1816 2721 ﬁdei

217 2756 305 2812 vir
324 2759 431 2830 (7),
460 2757 556 2831 qui
579 2757 910 2829 intelligeret
925 2757 1207 2815 Christum
1232 2756 1533 2813 Dominum
1552 2757 1815 2813 cmlorum

216 2860 350 2915 esse,
383 2848 517 2904 dum
564 2847 853 2904 verebatur
900 2864 968 2903 ne
1010 2846 1238 2918 hospitii
1288 2845 1373 2902 sui
1418 2861 1543 2900 eum
1590 2852 1819 2916 angusta

218 2951 329 2993 non
357 2938 687 3011 acciperent.
719 2937 868 3010 Ergo
892 2935 1303 2995 contradicente
1332 2933 1673 3000 centurione,
1706 2948 1818 2987 non

1930 579 2023 635 sed
2057 578 2233 650 pergit
2280 578 2502 633 Domini
2547 576 2865 634 medicina:
2912 592 3023 632 non
3080 576 3270 633 visitat
3312 594 3518 652 aegrum

1929 667 2200 736 Salvator,
2232 667 2326 723 sed
2356 666 2546 723 visitat
2576 668 2780 724 sanitas
2804 666 3125 724 Salvatoris.

2001 783 2053 839 6.
2086 785 2164 839 De
2194 784 2454 839 fratribus
2484 800 2616 839 vero
2641 784 2844 840 nostris
2873 784 3078 841 sanctis
3105 783 3244 841 viris
3274 784 3522 843 Vitalino

1930 879 1986 927 et
2020 872 2236 928 Maiano
2265 874 2399 945 quid
2429 873 2609 929 dicam
2636 874 2665 929 ?
2711 873 2835 930 Scio
2882 873 3008 929 illos
3055 873 3282 946 gloriam
3325 874 3395 931 ab
3424 873 3521 931 ho-

1932 960 2179 1018 minibus
2219 978 2331 1017 non
2382 978 2644 1037 quaerere,
2675 968 2823 1025 478
2852 962 2961 1018 nisi
3004 977 3037 1016 a
3088 963 3207 1018 solo
3236 963 3350 1019 Deo
3382 980 3395 1019 :
3425 961 3522 1019 sed

1931 1066 2111 1113 tamen
2152 1059 2370 1116 laudem
2403 1075 2591 1115 eorum
2622 1062 2725 1116 etsi
2771 1077 2869 1133 ego
2917 1069 3144 1131 taceam,
3196 1062 3313 1135 ipsa
3359 1078 3524 1135 opera

1932 1148 2271 1219 loquuntur;
2303 1150 2371 1205 ad
2395 1150 2638 1221 ipsorum
2660 1152 2807 1206 enim
2837 1151 3054 1207 laudem
3085 1152 3341 1224 pertinet,
3364 1151 3523 1226 quid-

1930 1236 2065 1308 quid
2098 1236 2156 1292 in
2186 1237 2310 1294 aliis
2347 1240 2511 1311 paulo
2557 1247 2683 1295 ante
2726 1238 3090 1295 laudavimus.
3122 1242 3258 1297 Nam
3288 1240 3396 1299 hoc
3426 1249 3525 1299 ta-

1930 1325 2289 1383 bernaculum
2335 1330 2434 1385 etsi
2484 1328 2710 1401 plurimi
2756 1337 3207 1396 construxerunt,
3240 1329 3299 1386 hi
3335 1340 3521 1389 tamen

1930 1425 2154 1489 sumptu
2183 1418 2391 1489 operati
2420 1424 2549 1473 sunt
2576 1434 2688 1474 uno
2717 1434 2960 1475 assensu.
3006 1420 3078 1477 Et
3131 1436 3240 1493 quo
3294 1420 3519 1477 tandem

1929 1514 2171 1580 sumptu,
2204 1523 2331 1562 cum
2361 1505 2473 1561 sint
2503 1506 2561 1561 in
2615 1508 2817 1563 saeculo
2870 1506 3172 1565 mediocres
3201 1517 3254 1565 et
3280 1509 3521 1566 tenues?

1929 1594 2031 1650 Illo
2059 1594 2291 1663 scilicet,
2334 1595 2402 1650 de
2441 1610 2551 1667 quo
2600 1595 2678 1651 ait
2730 1598 3068 1668 Apostolus:
3117 1622 3135 1645 ι
3164 1598 3523 1655 Abundantia

1927 1684 2078 1753 ﬁdei,
2108 1692 2161 1739 et
2197 1684 2412 1740 divitiis
2468 1685 2840 1756 simplicitatis
2896 1689 2986 1758 (II
3026 1690 3152 1745 Cor.
3202 1705 3324 1756 VIII,
3375 1688 3456 1761 2).
3490 1714 3509 1737 ι

1928 1773 2026 1829 Est
2056 1773 2201 1829 enim
2234 1773 2437 1829 sanctis
2468 1772 2605 1829 viris
2634 1789 2848 1847 semper
2874 1774 3029 1832 dives
3063 1776 3180 1848 ipsa
3206 1784 3518 1849 paupertas.

1850 1855 1894 1916 Β
1930 1862 2083 1918 Unde
2122 1862 2287 1919 credo
2329 1862 2431 1918 hos
2458 1862 2645 1919 beatos
2678 1862 2820 1919 hanc
2850 1864 3136 1921 ecclesiam
3184 1881 3296 1921 non
3336 1866 3523 1923 minus

1928 1951 2269 2007 orationibus
2301 1968 2464 2025 quam
2513 1952 2808 2023 impendiis
2852 1952 3183 2020 fabricasse;
3240 1953 3322 2010 sic
3372 1954 3521 2013 enim

1927 2040 2214 2112 oportebat
2241 2047 2303 2095 ut
2350 2056 2488 2111 opus
2538 2039 2744 2096 Christi
2790 2040 3043 2112 precibus
3090 2041 3264 2115 magis
3302 2057 3522 2100 cresce-

1928 2136 2010 2183 ret
2039 2144 2203 2201 quam
2232 2128 2529 2184 caementis.
2564 2128 2758 2184 Totam
2799 2129 2947 2185 enim
2977 2130 3340 2188 substantiam
3377 2140 3433 2189 et
3462 2131 3522 2188 in

1929 2217 2096 2289 hujus
2141 2217 2408 2272 facturam
2454 2216 2635 2289 operis
2678 2217 3077 2289 expenderunt,
3108 2229 3163 2276 et
3196 2220 3329 2293 ipsis
3372 2227 3523 2280 certe

1930 2305 2071 2360 nihil
2114 2306 2284 2361 deest.
2333 2307 2453 2377 Ipsa
2504 2307 2665 2378 plane
2702 2316 2801 2376 est,
2864 2308 3008 2365 sicut
3047 2306 3314 2378 diximus,
3366 2307 3523 2368 dives

1930 2396 2283 2468 locuplesque
2312 2404 2619 2467 paupertas,
2651 2413 2773 2469 qua:
2794 2396 3059 2471 expendit
3086 2398 3295 2467 omnia,
3317 2405 3372 2454 et
3400 2415 3521 2472 pos-

1927 2486 2067 2541 sidet
2109 2484 2313 2541 omnia.
2373 2485 2477 2542 Sed
2531 2486 2648 2543 haec
2692 2503 2723 2542 a
2753 2488 2866 2543 Deo
2916 2487 3200 2545 benedicta
3235 2495 3338 2557 est,
3379 2488 3523 2545 sicut

1928 2573 2025 2628 illa
2053 2574 2241 2643 vidua,
2289 2574 2356 2631 de
2392 2592 2498 2648 qua
2547 2575 2686 2632 dicit
2744 2577 3013 2633 Dominus
3068 2577 3128 2632 in
3176 2576 3516 2650 Evangelia:

1926 2662 2126 2719 Mulier
2154 2663 2271 2721 haec
2300 2664 2468 2720 vidua
2494 2682 2699 2737 pauper
2728 2668 2850 2737 plus
2881 2682 3046 2739 quam
3093 2682 3286 2723 omnes
3324 2665 3477 2723 misit
3503 2684 3520 2734 ;

1928 2769 2055 2808 nam
2098 2770 2290 2809 omnes
2334 2753 2393 2809 hi
2421 2770 2490 2810 ex
2519 2755 2823 2811 abundanti
2851 2756 2957 2812 sibi
2985 2756 3255 2813 miserunt
3293 2756 3353 2813 in
3404 2772 3523 2813 mu-

1927 2860 2055 2899 nera
2084 2844 2205 2912 Dei,
2234 2843 2353 2901 haec
2394 2852 2577 2901 autem
2622 2854 2800 2904 totum
2853 2846 3064 2906 victum
3116 2862 3303 2916 suum,
3358 2861 3521 2920 quem

1926 2932 2143 2999 habuit,
2175 2933 2344 2990 misit.

291 3088 376 3161 (7)
409 3090 619 3149 Caetera
649 3106 822 3164 usque
852 3089 921 3145 ad
948 3088 1116 3145 ﬁnem
1145 3086 1313 3159 hujus
1340 3084 1612 3142 sermonis
1639 3084 1699 3141 in
1730 3083 1853 3141 cod.
1888 3084 2063 3159 Lugd.
2097 3085 2317 3146 desunt.

691 3471 2181 3652 SERMONES
2314 3407 3050 3642 'TRES

1177 3749 1251 3806 IN
1286 3746 1781 3817 ANTIQUISSIMO
1819 3745 2078 3807 CODICE
2116 3743 2545 3805 SESSORIANO

1039 3896 1673 4091 SANCTI
1815 3930 2698 4084 AMBROSII

1741 4225 1991 4276 NOMINE
2704 4264 2707 4265 ,

819 4407 1315 4476 INSCRIPTI
1395 4407 1511 4474 ET
1592 4407 1722 4473 EX
1805 4404 2138 4473 EODEM
2222 4400 2569 4470 CODICE
2644 4397 2906 4465 EDITI

1103 4746 1304 4810 (Romae
1330 4759 1393 4795 ex
1426 4745 1629 4795 ofﬁcina
1665 4742 1871 4793 libraria
1917 4742 2177 4791 Bonarum
2207 4740 2433 4802 Artium,
2463 4742 2622 4804 l833.)

3250 4908 3301 4952 Ο

218 5094 755 5163 Eminentissimo
804 5104 870 5159 et
919 5094 1475 5159 Reverendissimo
1519 5093 1813 5174 Principi
1840 5092 2338 5157 Iacobo-Aloisio
2375 5090 2678 5173 Brignole
2710 5091 3027 5158 Ianucrm'
3051 5096 3126 5159 in
3153 5079 3431 5176 amplisi

296 5215 486 5259 mum
516 5205 793 5278 patrum
825 5194 1282 5257 cardinalium
1310 5192 1654 5272 collegium
1696 5213 1736 5254 a
1766 5191 2062 5271 Gregorio
2093 5191 2242 5256 XVI.
2282 5192 2471 5255 Pont.
2500 5191 2682 5256 Μαω.
2714 5194 3031 5257 bonorum
3054 5195 3359 5255 omnium
3388 5189 3506 5252 ad-

292 5293 671 5371 probatione
730 5293 1000 5365 adlecto,
1048 5290 1118 5352 D.
1171 5289 1453 5352 Leander
1497 5290 1578 5351 De
1623 5287 2320 5355 Corrz’eris-Schelmius
2355 5289 2727 5354 Hetruscus.
2773 5289 2845 5354 Β.
2885 5289 2952 5355 6'.
2995 5287 3066 5350 D.
3101 5286 3180 5351 Ν.
3212 5288 3284 5350 Α.
3320 5287 3391 5361 0.
3424 5281 3502 5345 Ε.

287 5400 374 5453 'c1:
407 5394 639 5455 animo
660 5390 953 5473 plaudit,
996 5407 1078 5454 ac
1104 5387 1354 5470 publice
1376 5387 1777 5468 gratulatur.

308 5555 626 5621 Proximis
672 5555 775 5617 his
814 5553 1175 5631 mensibus,
1208 5552 1513 5632 Princeps
1544 5552 2093 5631 Eminentissime,
2124 5571 2327 5633 quum
2360 5572 2396 5615 a
2420 5555 2737 5634 Gregorio
2764 5553 2925 5615 XVI
2958 5548 3270 5614 Pontiﬂce
3298 5547 3505 5611 Maxi-

224 5668 328 5716 mo
356 5656 424 5716 in
462 5657 725 5718 Patrum
757 5655 1270 5731 Purpuratorum
1299 5648 1659 5729 Collegium
1687 5659 2076 5730 coaptarere,
2125 5653 2196 5713 in
2226 5651 2342 5714 illa
2366 5652 2589 5728 Urbis,
2623 5669 2697 5714 ac
2726 5648 3051 5711 Hetruriae
3083 5662 3245 5709 mem
3284 5652 3514 5728 gratu-
