4068 6182
480 292 582 350 759
1493 284 1590 339 ΑΙ)
1630 280 1864 339 ΟΡΕΒΑ
1901 281 1958 338 S.
1994 281 2115 339 AM]

2174 281 2328 340 lOSII
2365 281 2744 340 APPENDIX.
3669 291 3770 349 760

477 418 719 481 latione
753 413 846 496 (ί),
882 418 1200 492 Optassem
1231 416 1399 472 certe
1444 409 1711 489 aliquod
1735 411 1883 473 Tibi
1931 411 2193 489 signum
2223 410 2558 474 ostendere
2579 407 2964 472 exsultantis
2989 408 3195 470 animi
3216 427 3350 489 pra
3368 408 3622 489 latitia,
3647 414 3772 478 nisi

480 515 816 594 dignitatis
860 511 1238 589 magnitudo
1263 509 1642 588 obstitisset,
1673 517 1733 571 et
1770 509 2038 571 facultas
2073 508 2381 571 defuisset
2407 506 2727 570 voluntati
2756 525 2935 570 mea.
2966 505 3148 582 Quod
3175 509 3352 570 enim
3380 527 3590 572 unum
3621 517 3772 578 tunc

480 621 614 677 erat
658 610 845 688 mihi,
887 627 1039 671 sane
1073 627 1364 688 parvum,
1410 608 1476 669 id
1514 609 1778 669 vixdum
1817 608 2218 682 inchoatum,
2270 625 2479 686 neque
2529 605 2741 668 adhuc
2787 607 2968 668 omni
3023 605 3346 669 industria
3388 607 3769 688 perpolitum

481 709 841 789 refugiebat
884 709 1289 787 splendorem
1343 727 1668 789 purpura,
1703 717 1766 772 et
1799 711 1998 772 ferme
2024 705 2402 787 postulabat,
2437 722 2518 766 ne
2552 723 2619 766 se
2667 705 2739 766 in
2770 705 2976 767 oculis
3013 713 3202 785 atque
3251 715 3597 786 conspectu
3638 709 3771 772 Tuo

482 827 777 889 cogerem
826 807 1088 888 pudere.
1139 809 1334 870 Nunc
1387 825 1563 876 vero,
1623 825 1825 888 quum
1886 808 2101 888 ipsum
2163 805 2324 867 illud
2378 822 2566 883 opere
2622 812 2816 887 atque
2884 823 3084 868 manu
3145 805 3521 885 perfectum,
3579 826 3617 870 a
3671 827 3770 872 me

483 910 941 994 quoquomodo
972 910 1078 986 sit,
1121 909 1200 970 ad
1238 909 1538 971 eumdem
1569 909 1657 970 Te
1693 911 1876 987 quasi
1897 912 2046 988 jure
2072 908 2356 987 mancipi
2386 907 2572 977 redit,
2608 907 2714 969 cui
2745 905 2991 984 pridem
3028 907 3277 969 domini
3313 909 3414 969 sui
3446 906 3770 974 voluntate

481 1012 766 1074 dicatum
806 1009 1250 1086 donatumque
1302 1015 1420 1068 est.
1462 1006 1616 1070 Sine
1646 1007 1848 1082 igitur
1892 1023 2006 1086 pro
2045 1007 2343 1070 comitate
2374 1005 2486 1067 illa
2515 1007 2652 1067 Tua
2683 1022 2816 1068 non
2853 1013 2981 1066 tam
3029 1005 3260 1085 specie,
3309 1023 3502 1084 quam
3536 1025 3606 1069 re
3639 1008 3773 1087 ipsa

481 1112 735 1186 cognita
764 1117 953 1186 atque
987 1113 1335 1184 perspecta,
1370 1105 1508 1167 sine
1540 1105 1618 1166 ad
1645 1106 1812 1167 Tuas
1841 1123 2074 1166 manus
2103 1109 2322 1167 venire
2350 1106 2657 1184 exiguum
2685 1103 2878 1167 hocce
2911 1103 3246 1165 literarum
3283 1106 3769 1186 munusculum,

478 1210 649 1289 quod
678 1207 817 1268 dari
857 1204 1003 1265 Tibi
1044 1222 1081 1264 a
1135 1221 1278 1264 mea
1318 1205 1628 1266 tenuitate
1656 1212 1878 1284 potest,
1908 1223 1944 1266 a
1975 1207 2060 1266 Te
2088 1213 2303 1266 autem
2335 1204 2540 1283 accipi
2574 1202 2875 1281 Principe
2915 1201 3398 1264 humanissimo
3427 1210 3488 1266 et
3525 1207 3770 1284 sapien-

480 1308 733 1368 tissimo
763 1303 970 1364 debet.
1027 1301 1112 1364 Hi
1168 1308 1320 1362 sunt
1365 1308 1490 1364 tres
1535 1301 1882 1364 Sermones
1931 1301 1995 1363 S.
2034 1302 2384 1378 Ambrosii,
2416 1311 2479 1364 et
2520 1302 2783 1381 quidem
2835 1299 3033 1377 illius,
3070 1309 3143 1363 ut
3169 1300 3470 1374 arbitror,
3501 1305 3617 1382 qui
3652 1305 3766 1368 fuit

481 1403 988 1467 Mediolanensis
1015 1402 1390 1480 Episc0pus,
1424 1401 1634 1464 Patris
1663 1400 2206 1480 eloquentissimi,
2240 1417 2449 1480 nuper
2479 1417 2517 1461 a
2548 1418 2649 1461 me
2678 1401 2747 1461 in
2775 1399 3178 1462 Sessorianis
3219 1399 3454 1480 pluteis
3489 1401 3768 1480 inventi;

483 1504 618 1583 qui,
649 1503 748 1563 vel
793 1501 974 1563 nulla
1012 1518 1155 1562 mea
1186 1517 1398 1579 Opera,
1433 1499 1560 1578 ipsi
1607 1517 1721 1579 per
1769 1517 1836 1561 se
1876 1498 2025 1560 addi
2063 1499 2218 1563 Tua
2269 1497 2690 1562 Bibliotheca
2750 1496 3012 1576 vellent,
3067 1499 3364 1561 omnium
3410 1508 3771 1564 sanctorum

481 1603 748 1664 Patrum
802 1601 1129 1680 Sapientia
1180 1601 1450 1662 referta.
1511 1601 1676 1662 Mihi
1726 1617 1882 1663 vero
1925 1607 2400 1679 perOpportuna
2429 1600 2618 1663 oﬂ‘ert
2645 1616 2713 1661 se
2763 1597 3014 1662 occasio
3043 1595 3330 1678 alicujus
3362 1597 3511 1659 Tibi
3553 1598 3772 1676 gratia

478 1699 860 1774 referenda,
891 1700 946 1760 si
975 1699 1098 1762 hoc
1121 1701 1387 1761 nomine
1419 1698 1799 1777 appellanda
1833 1705 1930 1760 est
1959 1697 2273 1760 exhibitio
2303 1697 2667 1760 devotionis
2695 1715 2842 1775 erga
2875 1697 2965 1758 Te
2994 1714 3159 1758 mea
3192 1713 3307 1774 pro
3337 1695 3772 1773 singularibus

481 1799 554 1860 in
590 1817 696 1860 me
725 1799 977 1860 meritis
1017 1800 1192 1872 Tuis,
1244 1817 1390 1877 qua
1422 1797 1688 1877 rependi
1724 1813 1910 1876 aquo
1940 1797 2130 1860 modo
2160 1813 2448 1875 unquam
2487 1813 2669 1875 posse
2701 1795 3022 1872 proﬁteor.
3061 1793 3254 1867 Quod
3298 1792 3624 1872 reliquum
3651 1801 3768 1870 est,

481 1899 568 1960 Te
604 1915 841 1977 quaso,
879 1904 950 1958 ut
979 1896 1034 1958 si
1067 1896 1204 1959 hac
1237 1897 1567 1958 Ambrosii
1605 1898 1844 1974 scripta
1887 1893 2195 1972 aliquam,
2247 1895 2414 1972 quod
2446 1894 2719 1955 minime
2749 1892 2996 1968 dubito,
3028 1909 3067 1953 a
3102 1891 3191 1952 Te
3221 1891 3502 1971 gratiam
3526 1895 3769 1967 ineant,

481 2015 554 2060 ea
583 1999 722 2076 ipsa
753 2003 921 2073 utar,
951 2003 1027 2058 ut
1069 1994 1232 2056 mihi
1261 1995 1452 2056 ﬁdem
1487 2001 1550 2055 et
1580 1993 2108 2057 benevolentiam
2136 1993 2347 2054 Tuam
2377 1995 2690 2070 maiorem
2714 1992 3092 2071 adjungam.

561 2098 806 2159 Dabam
836 2096 1061 2159 Roma
1089 2113 1161 2156 ex
1196 2093 1441 2156 adibus
1471 2093 1862 2156 Sessoriaua
1893 2090 2317 2155 Bibliotheca
2349 2093 2522 2156 va.
2555 2089 2703 2155 Kal.
2734 2090 2947 2154 Julias
2976 2089 3534 2154 u.ro.ccc.xxxm[.

556 2339 626 2411 (‘)
669 2337 801 2393 Ems
830 2335 1149 2413 vir,_quum
1181 2333 1494 2413 apostolica
1524 2333 1815 2413 legationis
1843 2333 1987 2405 apud
2018 2332 2273 2413 Magnum
2305 2331 2592 2388 Hetruriae
2620 2332 2827 2413 Ducem
2877 2331 3216 2413 Lnorocpun
3249 2333 3299 2390 ΙΙ
3315 2348 3518 2413 _nupe_r
3545 2350 3774 2413 munere

485 2403 826 2482 fungeretur,
856 2403 925 2464 eo
950 2403 1250 2482 honoreac
1290 2405 1558 2482 dignitate
1585 2403 1946 2482 praefulgens,
1981 2403 2152 2482 magis
2190 2405 2398 2462 virtute
2429 2412 2653 2482 et_recte
2683 2403 2865 2482 factis,
2892 2404 3284 2482 augustissimo
3310 2403 3581 2482 Principi,
3612 2414 3771 2482 atque

485 2423 826 2482 tungeretur,
856 2425 920 2464 eo
950 2423 1158 2462 nonore
1188 2425 1250 2463 ac
1290 2423 1558 2476 dignitate
1597 2423 1946 2476 prarungens,
1981 2423 2152 2532 magnes
2190 2423 2398 2462 virtute
2429 2423 2482 2460 et
2512 2423 2653 2460 recte
2684 2423 2865 2483 Iactis,
2892 2423 3188 2485 augusussi
3196 2423 3284 2460 mo
3310 2423 3581 2477 l’l‘lllClpl,
3612 2423 3771 2482 atque

483 2479 970 2560 omnibusrcharus
996 2477 1121 2533 fuit.
1155 2479 1357 2560 Hinea
1384 2477 1671 2560 GREGOlllO
1709 2477 2078 2560 XVIrPont."
2142 2494 2231 2532 ax.
2268 2482 2460 2560 (quem
2488 2475 2764 2560 Deusdlu
2794 2478 3070 2560 sospitet),
3102 2493 3260 2548 cujus
3289 2477 3471 2560 statim
3505 2493 3701 2536 amore
3723 2487 3772 2560 et

483 2551 892 2608 existimatione
921 2552 1125 2622 clarere
1153 2550 1342 2622 coepit,
1373 2559 1426 2622 et
1450 2549 1686 2604 maxime
1725 2548 1902 2618 ﬂoret,
1942 2549 1998 2604 in
2021 2548 2120 2622 illa
2139 2548 2318 2622 rerum
2351 2548 3193 2622 perturbationeactemporurn
3212 2548 3529 2622 acerbitate,
3563 2566 3692 2622 qua
3721 2550 3772 2607 in

483 2625 606 2695 ipso
624 2623 706 2700 sui
726 2622 1083 2700 pontiﬁcatus
1099 2617 1347 2700 ingressu
1371 2620 1570 2700 iterum
1595 2622 1903 2693 iterumque
1934 2620 2234 2700 recruduit,
2260 2617 2494 2700 quatuor
2528 2617 2830 2700 provinciis
2853 2617 3132 2686 Bononia,
3144 2620 3442 2700 ferrariae,
3476 2617 3777 2700 Ravenna,

483 2689 539 2773 et
568 2689 798 2773 Foril‘iivi
831 2702 988 2749 extra
1017 2689 1265 2773 ordinem
1296 2694 1617 2773 praepositus
1645 2699 1726 2772 est
1741 2711 1761 2772 ‘;
1799 2689 1863 2748 ac
1884 2692 2088 2773 exinde
2129 2689 2298 2773 veluti
2329 2689 2589 2771 contento
2617 2689 3358 2773 adumetamcursunPublicfi‘
3391 2694 3609 2773 Aerarii
3645 2694 3776 2773 Pra-

484 2767 661 2838 fectus
697 2765 899 2833 dictus,
927 2780 1071 2820 anno
1119 2760 1430 2838 insequenti
1472 2763 1555 2838 ad
1574 2763 1850 2838 fastigium
1884 2763 2110 2838 honoris
2147 2770 2387 2838 evectus,
2430 2762 2527 2838 vix
2557 2761 2890 2838 septilustris
2919 2760 3064 2838 inter
3103 2763 3289 2838 Patres
3321 2762 3650 2838 Cardinales
3677 2765 3779 2838 ad-

488 2837 725 2908 scriptus
765 2845 864 2892 est.
885 2831 1010 2892 ’Hac
1040 2853 1169 2892 vero
1200 2831 1288 2891 die
1326 2853 1427 2908 vni
1467 2831 1865 2908 1.,kal.ﬁ.l'ulias
1889 2835 2228 2908 IdemPont.
2263 2835 2406 2908 Max.
2441 2831 2814 2908 illurn—Titulo
2853 2833 2908 2888 S.
2946 2833 3173 2908 Joannis
3192 2842 3336 2908 ante
3367 2842 3579 2908 portam
3616 2837 3775 2908 Lati-

485 2905 618 2988 naui
645 2908 900 2988 donavit,
925 2916 1087 2988 atque
1119 2910 1297 2988 sacris
1321 2907 1590 2988 ‘Consilii‘s
1620 2907 1799 2987 .Libris
1831 2905 2110 2988 notandis,
2148 2906 2432 2988 Legitimis
2469 2905 2688 2963 Ritibus
2731 2905 3147 2976 cognoscendis,
3191 2905 3774 2980 Veris'Indulgentiis

484 2979 758 3050 sacrisque
785 2977 1054 3052 Reliquiis
1084 2977 1410 3046 statuendis,
1438 2984 1492 3033 et
1529 2977 1816 3050 Episcopls
1844 2977 2141 3050 probaudis
2169 2977 2424 3034 adscivit.

1304 3449 1424 3573 n.
1516 3485 2110 3572 LEANDRI
2194 3482 2949 3573 PRZEFATIO.

555 3908 596 3963 Ι.
623 3904 801 3962 Sancti
828 3903 1096 3960 Ambrosii
1119 3903 1320 3976 scripta
1348 3922 1549 3962 summa
1575 3906 1633 3960 in
1657 3905 1852 3961 honore
1879 3904 2058 3962 habita
2092 3908 2135 3970 Ο
2171 3906 2415 3962 alienum
2447 3905 2740 3964 redderent
2764 3907 2862 3981 (b).
2887 3905 3065 3975 Quare
3085 3919 3196 3961 non
3222 3902 3516 3960 defuerunt
3535 3901 3774 3960 Romani

484 4003 627 4067 sunt,
653 4011 813 4067 eaque
839 3995 896 4050 in
925 3996 1107 4050 multis
1128 3997 1255 4051 olim
1283 3996 1472 4051 vitiata
1495 4015 1530 4052 α
1549 3998 1817 4054 Maurinis
1828 4017 2072 4072 prcepur-

482 4094 606 4158 gata
642 4085 810 4156 fuere.
848 4115 918 4126 —
956 4083 1141 4141 Sancti
1175 4084 1476 4153 Ambrosii,
1510 4085 1605 4159 qui
1647 4087 1848 4142 saculo
1879 4097 2072 4161 quarto

483 4175 845 4249 episcopalem
880 4173 1172 4230 Mediolani
1203 4172 1603 4230 nobilissimam
1648 4174 1830 4231 sedem
1870 4179 2069 4249 tenuit,

485 4265 712 4338 plurimi
770 4280 982 4336 semper
1018 4264 1221 4336 scripta
1277 4263 1468 4320 fecisse
1533 4266 1739 4334 Patres,
1784 4267 2073 4337 pontiﬁces

481 4356 776 4422 maximos,
803 4352 1038 4410 concilia
1066 4353 1425 4421 acumenica,
1471 4361 1523 4410 et
1553 4354 1815 4426 ipsosmet
1844 4355 2071 4415 hetero-

482 4444 657 4500 doxos
686 4459 847 4498 nemo
876 4442 1124 4498 eruditus
1154 4443 1370 4514 ignorat
1395 4443 1498 4514 (a).
1516 4444 1776 4500 Attamen
1795 4463 1947 4519 aque
1975 4462 2068 4503 no-

482 4541 614 4589 runt
639 4548 848 4599 omnes,
867 4531 1010 4587 inter
1029 4546 1192 4600 opera
1213 4530 1439 4603 hujusce
1465 4533 1796 4590 sanctissimi
1822 4537 2068 4607 prasulis

478 4620 798 4693 apocrypha
825 4620 1001 4675 multa
1033 4618 1202 4675 fuisse
1232 4621 1402 4676 relata
1425 4621 1722 4694 multisque
1749 4624 1885 4680 adeo
1914 4626 2068 4682 vitiis

480 4711 698 4780 referta,
730 4719 792 4767 ut
821 4709 1084 4785 quiddam
1114 4709 1279 4768 etiam
1296 4726 1328 4766 a
1347 4711 1620 4769 catholico
1649 4729 1814 4770 sensu
1845 4731 2066 4788 prorsus

551 4893 632 4964 (a)
673 4863 903 4964 Videris
938 4893 1137 4949 selecta
1192 4900 1438 4950 veterum
1481 4893 1814 4963 testimonia,
1857 4912 1976 4964 qua
2007 4897 2064 4953 in

476 4962 656 5040 primo
695 4962 980 5040 volumine
1025 4964 1391 5040 S._A_mbrosii
1421 4981 1570 5037 oper.
1613 4967 1714 5024 sub
1745 4962 2064 5040 prafatione

474 5035 506 5091 ἐι
533 5035 801 5091 Maurinis
827 5035 1059 5092 collecta
1088 5035 1381 5093 habentur.

572 5108 625 5179 b)
660 5106 833 5180 Porro
864 5106 995 5162 olim
1026 5110 1078 5165 S.
1114 5108 1406 5165 Ambrosio
1426 5110 1494 5166 ad
1524 5111 1780 5167 Paulinas
1806 5110 2061 5180 epistolas

475 5177 861 5253 tribuebantur
885 5181 1299 5253 commentaria,
1323 5197 1560 5253 quorum
1593 5199 1719 5238 sane
1751 5177 1942 5253 auctor
1965 5183 2059 5237 ali-

2183 3996 2490 4069 pontiﬁces,
2522 3997 2616 4070 qui
2646 4014 2772 4053 cum
2799 4005 2910 4053 tam
2942 3994 3143 4051 veteris
3167 4003 3386 4066 tamque
3413 3992 3552 4049 bene
3587 3995 3774 4058 meriti

2181 4085 2249 4142 de
2275 4085 2524 4141 Ecclesia
2559 4085 2735 4142 Patris
2764 4085 2966 4158 scripta
2993 4085 3060 4142 ad
3090 4099 3234 4140 sana
3265 4081 3528 4140 doctrina
3551 4085 3770 4144 laudem

2181 4184 2443 4247 cuperent
2472 4174 2827 4244 eﬂlorescere,
2859 4175 2997 4231 viris
3026 4173 3204 4230 doctis
3219 4172 3572 4230 vehementer
3591 4186 3772 4234 essent

2182 4274 2447 4334 auctores,
2483 4275 2546 4323 ut
2581 4267 2795 4324 collatis
2822 4267 2991 4336 curis,
3019 4266 3086 4322 ad
3114 4282 3314 4323 novam
3343 4266 3655 4326 editionem
3685 4288 3768 4327 ex-

2179 4355 2482 4412 cudendam
2501 4357 2722 4428 optima
2747 4365 2891 4414 nota
2920 4355 3136 4414 codices
3155 4357 3344 4414 sedulo
3365 4359 3768 4432 perquirerent,

2179 4444 2452 4518 simulque
2471 4446 2818 4512 conferrent;
2852 4462 2920 4501 ex
2946 4445 3150 4519 Quibus
3168 4454 3221 4503 et
3248 4447 3516 4519 genuinos
3547 4459 3770 4522 possent

2178 4534 2572 4590 Ambrosianos
2600 4535 2745 4591 fetus
2773 4535 3019 4607 seligere,
3053 4536 3218 4593 falsos
3246 4552 3520 4610 respuere,
3561 4548 3621 4596 et
3659 4555 3767 4597 cer-

2179 4631 2261 4678 tas
2289 4623 2530 4694 ejusdem
2571 4625 2822 4696 prasulis
2861 4627 3160 4682 sententias
3187 4625 3401 4683 elicere.
3436 4627 3579 4684 Hinc
3618 4642 3768 4684 man-

2176 4711 2316 4768 datis
2345 4728 2684 4770 summorum
2703 4714 3029 4787 pontiﬁcum
3059 4716 3143 4772 Pii
3173 4717 3270 4786 IV,
3289 4725 3342 4774 et
3367 4717 3452 4773 Pii
3472 4718 3544 4790 V,
3565 4718 3766 4792 Grego-

2176 4901 2354 4969 tendit,
2378 4918 2546 4979 uxore
2565 4911 2784 4974 propter
2792 4905 3124 4979 adulterium
3141 4907 3447 4979 repudiata,
3476 4907 3651 4963 aliam
3672 4908 3762 4964 duo

2171 4989 2282 5050 cere
2313 4991 2326 5050 _:
2357 4975 2519 5050 uxori
2550 4981 2723 5050 autem
2751 4976 3078 5050 abeadultero
3117 4975 3330 5050 conjuge
3357 4986 3619 5050 separata
3649 4996 3763 5034 cum

2171 5044 2281 5124 alio
2301 5045 2438 5124 inire
2467 5045 2768 5124 conjugi‘um
2796 5048 2946 5103 licere
2970 5056 3122 5124 negat
3152 5044 3320 5124 (Hinc
3333 5044 3544 5124 Cahon,
3569 5051 3763 5108 Uxora

2169 5117 2288 5194 uiro
2330 5117 2431 5194 l7_,_
2447 5133 2595 5194 caus.
2629 5117 2942 5194 32,»quas_t.
2987 5117 3051 5188 7,’
3069 5120 3136 5194 de
3155 5117 3263 5194 quo
3289 5122 3760 5194 Romanicorrec-

2170 5193 2314 5243 tores
2341 5187 2564 5244 videndi
2596 5187 2781 5256 sunt).‘
2811 5191 2912 5246 Sed
2943 5187 3033 5246 nec
3082 5187 3184 5249 illa
3230 5195 3386 5249 etiam
3434 5193 3564 5248 satis
3626 5211 3760 5249 sana

471 5251 604 5335 quid
626 5250 1862 5335 cumnsana‘doctrinahaud‘conspnumhabet.
1889 5254 2056 5335 Certe,
2087 5278 2134 5335 Β
2169 5265 2308 5335 sunt,
2341 5261 2480 5327 quod
2504 5258 2700 5335 factam
2729 5250 2799 5316 ad
2828 5262 3105 5333 imaginem
3161 5266 3259 5321 Dei
3286 5267 3556 5320 mulierem
3595 5282 3705 5320 esse
3741 5283 3758 5318 :

470 5323 720 5396 scribunt
735 5322 1078 5396 Benedictini
1103 5324 1341 5396 editores
1358 5324 1413 5379 in
1435 5323 1702 5380 admonit.
1729 5340 1894 5396 prav.
1910 5327 2055 5394 t.IV,

468 5393 525 5449 in
555 5394 787 5466 append.
809 5394 924 5468 col.
958 5395 1047 5468 30,
1075 5393 1282 5462 defendi
1310 5412 1416 5468 non
1445 5403 1608 5464 potest
1636 5393 1817 5451 eorum
1850 5397 1930 5468 (id
1952 5393 2052 5468 est,

465 5465 1356 5590 oommentariorum)anatantium
1371 5481 1487 5520 cum
1511 5467 1731 5537 Origene
1753 5465 2053 5538 senserimus

465 5535 729 5590 voluntate
752 5538 1045 5590 damonum
1074 5555 1177 5590 esse
1203 5554 1237 5590 α
1298 5554 1480 5590 errore
1508 5539 1736 5590 resilire.
1762 5541 2051 5590 Eamlom—

465 5535 729 5592 voluntate
752 5535 1045 5594 damonum
1074 5555 1177 5594 esse
1203 5535 1269 5611 al)
1298 5554 1480 5611 errore
1508 5535 1736 5611 resilire.
1762 5535 2051 5611 Explora-

467 5611 576 5661 tum
602 5625 805 5678 quoque
828 5611 976 5666 ulcus
1005 5618 1096 5679 est,
1117 5608 1258 5682 quod
1276 5609 1472 5666 marito
1500 5610 1586 5682 fas
1616 5628 1775 5684 usque
1802 5608 1907 5668 esse
1933 5631 2050 5670 con-

2167 5329 2429 5408 episcopos
2485 5333 2810 5408 superiorem
2853 5329 3172 5408 presbyteris
3224 5338 3450 5408 gradum
3505 5336 3758 5402 obtinere,

2161 5407 2255 5480 a_ut
2291 5401 2499 5480 diuersa
2534 5401 2738 5480 institui
2771 5401 3131 5480 ordinatione,
3165 5401 3472 5480 iniciatur;
3515 5415 3562 5463 et
3598 5401 3761 5478 quae?

2161 5472 2284 5599 dagn
2301 5473 2698 5601 (fileiatcplidnitnuni
2725 5479 3103 5536 catholicorum
3116 5472 3304 5537 sensui
3332 5472 3506 5537 minus
3522 5472 3756 5550 cming

2161 5559 2221 5598 su
2260 5562 2313 5599 ιη
2346 5582 2348 5584 τ
2437 5563 2466 5599 r
2541 5565 2598 5601 ι.

2160 5559 2377 5600 suoznae
2417 5559 2598 5602 tradit.
