4068 6182
253 292 336 351 761

1115 256 1485 351 SERMONES
1523 291 1700 351 TRES
1738 292 1842 350 EX
1879 291 2140 352 CODICE
2180 293 2630 353 SESSORIANO.

3419 295 3524 355 762

246 419 308 476 rii
327 417 470 485 XIII,
501 431 566 473 ac
580 415 768 474 studio
786 424 841 474 et
869 416 1054 474 labore
1069 417 1212 474 Sixti
1233 418 1304 486 V,
1326 419 1570 475 Romana
1587 417 1820 474 Ambro-
1853 426 1904 484 Α
1934 417 2040 487 bis,
2073 419 2296 490 accipio,
2327 427 2382 476 et
2410 421 2618 492 arripio
2643 440 2656 488 ;
2681 438 2777 478 con
2804 438 2936 479 vero
2963 431 3149 481 servat
3175 439 3209 478 n
3237 429 3365 480 ante
3384 424 3422 492 ι,
3448 439 3524 491 m,

246 509 306 566 sii
332 523 554 583 operum
584 505 758 562 editio
785 515 1107 564 caaterarum
1135 507 1386 564 omnium
1415 507 1821 564 absolutissima

247 597 432 673 prodiit
464 597 523 652 in
547 597 725 653 lucem
750 596 856 668 (a).
875 597 1080 653 Verum
1111 613 1235 653 cum
1252 606 1306 653 et
1326 597 1494 653 inilla
1519 613 1630 653 non
1653 613 1823 670 pauca

244 687 622 761 reperirentur,
655 702 798 758 quae,
854 693 915 741 ut
946 686 1004 742 in
1034 685 1278 758 ejusdem
1310 686 1346 742 S
1393 687 1636 745 doctoris
1659 703 1821 759 opera

243 778 438 853 praefati
479 784 610 834 sunt
653 776 889 833 Maurini
923 777 1026 847 (b),
1061 793 1172 832 non
1222 776 1386 833 modo
1415 777 1484 833 ab
1520 776 1816 846 haereticis,

242 885 418 926 verum
448 867 612 924 etiam
644 867 713 923 ab
737 866 1065 923 orthodoxis
1077 866 1223 924 haud
1253 867 1372 924 sine
1401 883 1564 924 causa
1591 868 1821 924 minime

242 957 630 1033 probarentur;
663 964 861 1029 praesto
891 957 1000 1012 fuit
1023 956 1141 1028 ipsa
1191 957 1564 1013 Maurinorum
1603 973 1818 1026 manus,

241 1049 325 1123 qui
353 1047 660 1114 Herculeis,
693 1053 754 1102 ut
776 1046 852 1102 ita
872 1046 1074 1116 dicam,
1110 1047 1280 1102 ferme
1309 1046 1818 1104 exantlatislabori-

239 1139 330 1196 bus
341 1139 393 1194 in
416 1136 688 1194 rimandis
699 1135 1079 1205 bibliothecis,
1101 1145 1156 1192 et
1173 1136 1459 1194 codicibus
1475 1137 1821 1194 conferendis

240 1229 462 1302 episcopi
495 1225 924 1284 Mediolanensis
979 1225 1182 1298 scripta
1225 1227 1377 1282 omni
1407 1243 1565 1282 naivo
1599 1235 1822 1300 purgata

239 1327 442 1376 suomet
463 1315 826 1374 restituerunt
846 1315 1068 1385 honori,
1091 1332 1289 1373 novam
1314 1317 1689 1390 pervulgando
1708 1318 1819 1374 edi-

240 1410 456 1477 tionem,
485 1424 608 1482 quae
637 1407 948 1479 superiores
973 1423 1165 1463 omnes
1197 1406 1397 1480 judicii
1427 1406 1744 1466 maturitate
1767 1415 1821 1464 et

238 1499 586 1558 multitudine
616 1497 948 1556 eruditionis
990 1498 1150 1556 facile
1178 1500 1458 1571 superavit
1491 1499 1588 1571 (ο).

297 1591 360 1649 II.
415 1590 796 1650 Maurinorum
849 1590 1008 1646 editio
1067 1589 1235 1644 tribus
1264 1591 1470 1646 ditatur
1497 1590 1820 1646 sermonibus

235 1698 258 1737 ο
279 1681 445 1738 codice
475 1679 781 1738 Sessoriano
810 1679 1150 1752 dupromptis.
1181 1709 1252 1720 —
1279 1680 1397 1735 1am
1444 1696 1574 1737 vero
1621 1680 1820 1752 quibus

1925 524 1986 578 p,
2013 523 2074 569 νς
2094 515 2255 579 atque
2273 507 2330 562 in
2357 525 2642 582 nunquam
2670 511 2906 568 dimittit
2924 519 3102 570 naute
3126 513 3175 580 b,
3211 529 3282 580 m,
3309 529 3367 584 p,
3401 529 3446 581 ε,
3477 511 3524 569 si

1930 596 2118 668 impleo
2141 596 2366 652 verbum
2387 599 2686 672 exceperis.
2705 601 2986 659 Vocabula
3005 609 3186 658 autem
3208 602 3522 673 aput,aliut,

1930 685 2773 762 illul,islul,jubat,etc.,quorum
2795 691 2958 748 lectio
2975 693 3296 764 plerumque
3314 708 3347 746 a
3361 707 3524 748 sensu

1931 775 2147 830 aurium
2171 776 2461 832 scribentis
2476 777 2681 834 dictata
2696 779 2862 836 verba
2880 781 3214 853 excipientis
3230 780 3522 853 pendebat,

1932 863 2044 919 fere
2073 881 2285 936 semper
2315 866 2542 922 recitato
2573 869 2736 925 modo
2764 869 2820 924 in
2834 871 3021 928 codice
3040 871 3243 943 scripta
3264 871 3520 942 reperies,

1930 952 1988 1008 in
2018 970 2127 1027 quo
2175 954 2318 1010 bona
2357 965 2615 1030 rectaque
2649 959 2922 1030 scriptura
2976 959 3272 1026 habentur,
3315 961 3520 1029 celum,

1929 1043 2712 1116 condicio,intellego,querella,
2735 1049 2938 1116 uincla,
2955 1057 3118 1122 atque
3137 1050 3244 1106 alia
3261 1049 3520 1121 plurima,

1931 1148 2050 1203 quae
2073 1131 2129 1187 in
2149 1134 2284 1189 meis
2303 1134 2531 1192 scholiis
2548 1137 2997 1210 palaeographicis
3025 1138 3202 1194 textui
3231 1137 3522 1195 substratis

1931 1217 2076 1274 haud
2111 1219 2461 1279 inobservata
2515 1225 2736 1297 reliqui.
2766 1225 2931 1282 Nulla
2957 1235 3214 1297 praeterea
3244 1225 3300 1281 in
3334 1224 3522 1281 codice

1930 1323 2098 1379 pausa
2153 1318 2255 1378 est,
2309 1312 2464 1369 nulla
2511 1312 2894 1370 admirationis
2952 1315 3039 1372 vel
3074 1312 3523 1385 interrogationis

1931 1397 2109 1469 signa,
2141 1399 2296 1455 nulla
2342 1399 2638 1457 verborum
2669 1402 2955 1459 distinctio
2983 1411 3242 1476 apparet;
3275 1403 3369 1459 sed
3400 1418 3523 1458 raro

1930 1495 2134 1560 puncta
2163 1494 2217 1542 et
2236 1488 2423 1545 eadem
2454 1506 2667 1562 semper
2697 1493 2896 1559 media,
2927 1510 2989 1550 ac
3019 1493 3097 1549 ita
3126 1502 3328 1548 temere
3357 1507 3520 1564 appo-

1929 1574 2053 1642 sita,
2087 1582 2149 1632 ut
2178 1577 2348 1649 magis
2377 1595 2572 1637 sensus
2589 1590 2821 1652 augeant
2839 1582 3274 1654 ambiguitatem.
3303 1582 3523 1638 Littera:

1930 1662 1990 1720 in
2019 1663 2130 1721 ﬁne
2159 1682 2418 1725 versuum
2449 1670 2747 1742 aliquando
2779 1671 3090 1737 minuntur,
3119 1672 3205 1727 vel
3244 1672 3302 1727 in
3333 1688 3523 1729 mouo~

232 1771 444 1828 laudata
473 1769 645 1828 editio
672 1769 859 1842 augeri
908 1769 1101 1840 possit,
1135 1785 1280 1838 ecce,
1314 1777 1374 1826 ut
1404 1785 1502 1841 ego
1557 1769 1818 1836 arbitror,
1850 1785 1894 1844 Β
1929 1770 2174 1844 giramma
2201 1767 2420 1815 coeunt.
2481 1759 2761 1814 Librarius
2791 1759 3014 1816 nonnisi
3078 1759 3296 1832 parcius
3322 1759 3526 1816 litteris

231 1866 332 1916 tres
361 1859 503 1915 mihi
529 1873 806 1914 sermones
832 1856 1027 1914 inediti
1051 1856 1110 1914 in
1145 1857 1477 1914 Sessorianis
1504 1873 1680 1928 nuper
1698 1859 1816 1930 plu-

230 1951 332 2009 teis
351 1949 676 2026 deprehensi
696 1956 989 2022 sunt,quos
1007 1948 1209 2005 eruditi
1226 1948 1334 2005 viri
1351 1951 1467 2006 sive
1483 1949 1652 2005 fontis
1671 1949 1818 2006 unde

231 2047 453 2097 manant
481 2047 804 2096 vetustatem
843 2045 1112 2112 spectent,
1143 2038 1261 2094 sive
1287 2037 1617 2095 documenta
1641 2038 1817 2095 utilis-

228 2130 376 2199 sima,
401 2145 523 2203 quae
544 2127 673 2186 inde
689 2128 758 2185 ad
781 2126 1162 2184 informandos
1182 2125 1620 2184 Christianorum
1640 2143 1818 2185 mores

227 2220 526 2279 redundare
553 2228 766 2278 certum
798 2225 900 2286 est,
957 2217 1234 2291 paulisper
1263 2215 1592 2290 respiciant,
1622 2217 1818 2290 dignos

227 2309 373 2383 plane
404 2315 729 2383 agnoscent,
764 2306 1004 2376 conﬁdo,
1031 2322 1170 2380 quos
1197 2306 1396 2379 cupide
1424 2322 1616 2364 omnes
1644 2323 1708 2366 ac
1725 2307 1816 2364 be-

227 2402 413 2458 nevole
447 2399 750 2472 excipiant.

288 2497 374 2553 IlI.
419 2493 722 2552 Sessoriani
750 2491 941 2548 codicis
958 2497 1206 2560 vetustas,
1235 2497 1283 2546 et
1304 2491 1726 2564 palwographia.
1749 2521 1819 2532 —

227 2584 360 2642 Fons
377 2583 610 2659 quidem
630 2581 825 2638 horum
846 2597 1161 2639 sermonum
1179 2580 1627 2654 praeclarissimus
1645 2580 1819 2638 codex

228 2671 314 2730 ille
331 2674 760 2731 Nouantulanus
784 2671 1109 2738 est,'formaa
1133 2671 1244 2726 fere
1266 2670 1564 2743 quadrate,
1587 2678 1640 2726 et
1666 2670 1820 2726 sotti-

227 2764 454 2822 lissimis
502 2761 836 2819 membranis
883 2768 1217 2834 compactus,
1267 2759 1363 2833 qui
1384 2760 1660 2832 quondam
1706 2753 1851 2816 nu-i

225 2856 381 2914 meris
439 2853 625 2922 60,90,
675 2860 771 2909 aut
821 2851 922 2908 134
950 2851 1330 2924 ριέεεὶεῐιειιιιε,
1378 2849 1542 2906 modo
1585 2849 1644 2905 in
1674 2866 1820 2906 novo

223 2946 472 3018 catalogo
497 2959 529 2998 a
567 2958 654 2998 me
700 2941 951 2999 confecto
993 2938 1510 3012 quinquagesimum
1564 2937 1819 3012 quintum

226 3035 460 3092 sortitus
515 3042 595 3090 est
622 3047 937 3090 numerum.
972 3028 1108 3101 Ejus
1163 3029 1515 3100 scripturam,
1570 3043 1692 3101 quae
1742 3027 1822 3085 ita

220 3124 460 3183 evanida
487 3129 588 3192 est,
617 3130 680 3178 ut
708 3123 894 3196 plures
920 3126 1185 3178 occurant
1219 3119 1429 3191 paginae
1487 3117 1646 3174 valde
1676 3117 1821 3176 lectu

219 3213 473 3273 difﬁciles
484 3221 538 3269 et
552 3212 951 3270 obscurationee
967 3210 1024 3265 in
1039 3225 1243 3265 excuso
1260 3205 1732 3283 specimine,quod
1761 3207 1818 3264 in

217 3304 470 3364 Romana
498 3306 553 3363 S.
584 3303 812 3362 Maximi
833 3302 1076 3359 editione
1097 3300 1227 3356 anni
1256 3298 1412 3367 1784,
1444 3297 1554 3355 tab.
1583 3299 1634 3366 1,
1667 3314 1725 3354 ιι.
1761 3297 1816 3367 2,

217 3410 334 3470 pag.
366 3397 480 3454 200
507 3395 730 3463 visitur,
760 3399 1094 3467 cognoscent
1122 3389 1346 3447 eruditi.
1373 3389 1475 3446 Illa
1503 3387 1705 3462 quippe
1723 3405 1819 3445 se-

215 3489 434 3558 cundas,
466 3495 527 3544 ut
577 3486 794 3556 dicunt,
825 3487 1083 3544 Romanae
1115 3484 1294 3540 aetatis
1322 3483 1390 3539 ad
1425 3481 1817 3555 Longobardi-

215 3595 338 3636 cum
372 3579 461 3652 (ἀ)
492 3578 839 3646 inclinantis,
879 3592 948 3632 ne
971 3591 1099 3634 cum
1130 3573 1574 3632 eminentissimo
1594 3571 1817 3629 Besutio

214 3666 395 3725 dicam
422 3686 481 3725 v1
532 3669 628 3742 (e),
662 3667 801 3726 mihi
845 3669 1045 3724 saeculo
1075 3682 1156 3723 vn
1185 3667 1271 3721 vel
1303 3664 1372 3721 ad
1409 3679 1688 3722 summum
1720 3661 1819 3720 iu-

210 3773 377 3821 eunte
410 3781 512 3821 vui
543 3771 766 3821 exarata
792 3763 1031 3820 videtur.
1062 3761 1324 3835 Ejusdem
1349 3761 1498 3818 enim
1532 3759 1815 3832 orthogra-

209 3853 347 3928 phia
375 3854 445 3910 ad
477 3855 710 3926 priscam
760 3872 1008 3911 normam
1039 3854 1347 3911 rectissime
1375 3853 1580 3927 scripta
1608 3859 1724 3920 est;
1763 3861 1817 3910 et

206 3943 443 4016 quidem
469 3944 743 3999 constanti
772 3944 904 3999 adeo
927 3952 1176 4000 veterum
1209 3945 1461 4001 codicum
1484 3943 1814 4000 auctoritate

207 4029 460 4097 ﬁrmata,
487 4039 548 4086 ut
576 4031 736 4102 plane
765 4030 832 4085 ad
868 4032 1156 4087 rectiorem
1188 4033 1346 4088 illum
1377 4033 1660 4090 scribendi
1683 4049 1812 4088 mo-

204 4121 350 4178 dum
384 4117 587 4174 reverti
615 4134 830 4176 necesse
855 4119 947 4175 sit.
981 4119 1100 4174 Jam
1131 4136 1260 4178 vero
1280 4121 1384 4178 hoc
1415 4122 1605 4179 eodem
1638 4123 1694 4178 in
1726 4139 1811 4178 co-

206 4210 336 4267 dice
379 4224 664 4280 nunquam
698 4207 875 4264 forma
905 4207 1243 4276 Vscribitur,
1276 4211 1369 4266 sed
1390 4228 1601 4284 semper
1627 4219 1710 4268 est
1731 4213 1778 4270 U
1795 4229 1808 4278 ;

206 4315 396 4374 neque
415 4299 530 4355 ulla
545 4297 654 4354 alia
669 4314 832 4372 quam
855 4314 965 4353 una
976 4296 1351 4370 diphthongus
1369 4318 1430 4354 ae
1445 4301 1645 4374 absque
1665 4317 1811 4358 nexu

209 4397 553 4462 usurpatur;
604 4388 699 4462 qui
743 4387 802 4443 in
838 4387 1169 4460 pervetustis
1208 4387 1490 4444 codicibus
1518 4400 1810 4462 perpetuus

1851 3151 1895 3212 Ο

208 4479 324 4536 fere
372 4495 493 4534 mos
521 4485 622 4534 est.
669 4478 999 4536 Constanter
1031 4493 1250 4550 quoque
1279 4477 1338 4532 in
1368 4477 1466 4534 illo
1497 4480 1808 4550 praepositio
1840 4510 1890 4570 Β

206 4570 279 4624 ad
307 4567 517 4624 retinet
562 4567 800 4624 litteram
834 4567 868 4622 d
897 4573 1022 4622 ante
1050 4582 1098 4634 c,
1127 4583 1170 4633 e,
1200 4583 1272 4634 m,
1304 4584 1358 4634 η,
1389 4583 1447 4638 p,
1479 4585 1528 4635 r,
1558 4585 1601 4636 s,
1639 4583 1811 4641 eaque

206 4657 276 4714 ad
296 4663 622 4732 sequentem
651 4672 944 4714 consonam
965 4671 1076 4711 non
1097 4655 1451 4728 reformatur,
1475 4656 1584 4715 nisi
1602 4657 1659 4714 in
1691 4675 1808 4715 vero

280 4794 369 4864 (a)
403 4790 492 4848 Ab
517 4807 662 4864 anno
693 4791 830 4848 1580
856 4791 923 4848 ad
952 4807 1042 4848 an.
1078 4791 1234 4850 1585.

306 4811 343 4848 a
403 4794 492 4848 Ab
517 4807 662 4847 anno
693 4794 830 4848 1580
856 4808 878 4848 a

305 4794 369 5006 ὁξ
395 4864 458 4920 In
503 4863 735 4944 praefat,
768 4871 806 4944 t.
837 4864 878 4919 Ι.

305 4954 332 4990 c
395 4935 733 5006 Haeceditio,
767 4951 878 4990 incc

304 4933 356 5006 c)
395 4933 740 5007 Haeceditio,
767 4935 1002 5007 inccepta
1021 4951 1111 4990 an.
1134 4934 1289 5007 I686,
1313 4933 1564 4994 absoluta
1585 4937 1691 4994 fuit
1711 4955 1778 4994 an
1792 4985 1804 4995 .

206 5005 348 5064 1690
365 5005 596 5062 Parisiis
615 5006 832 5062 duobus
847 5005 1066 5062 inifolio
1084 5005 1463 5063 voluminibus
1488 5026 1501 5074 ;
1526 5018 1580 5064 et
1605 5009 1804 5065 iterum

203 5077 412 5152 Veneti
420 5079 466 5152 is
493 5085 727 5150 quatuor
751 5077 984 5152 inf-folio
1012 5076 1390 5152 voluminibus
1405 5095 1497 5152 an.
1511 5079 1679 5152 1748,
1701 5097 1808 5152 qua

202 5157 352 5205 utor.
391 5148 545 5204 Hanc
583 5151 748 5204 etiam
798 5149 990 5205 formis
1017 5148 1213 5204 excudi
1241 5149 1455 5206 curavit
1484 5148 1808 5208 Franciscus

202 5219 477 5277 Pitterius
507 5220 564 5275 in
585 5236 684 5276 sua
703 5220 924 5276 oﬂicina
952 5219 1176 5276 libraria
1205 5221 1412 5278 Veneta
1438 5231 1564 5279 octo
1584 5222 1806 5280 in-folio

203 5291 546 5348 voluminib.
584 5307 676 5346 an.
706 5292 861 5348 1781.

276 5364 368 5444 (ᾳ)
412 5363 474 5444 Id
505 5371 608 5444 est,
634 5379 752 5444 non
795 5363 862 5418 ad
890 5380 1005 5444 eam
1039 5363 1385 5444 scripturam,
1432 5381 1539 5439 qua
1581 5367 1804 5444 Longo-

200 5433 363 5508 bardi
422 5433 740 5503 utebantur,
772 5436 960 5508 populi
989 5433 1212 5508 quidem
1244 5435 1406 5493 rudes
1449 5433 1508 5494 et
1547 5433 1798 5496 omnium

201 5505 520 5564 litterarum
547 5505 829 5582 expertes,
847 5505 948 5582 sed
978 5505 1045 5563 ad
1073 5523 1215 5577 eam,
1247 5525 1354 5582 qua
1402 5509 1525 5566 Itali
1555 5512 1640 5568 usi
1671 5519 1803 5568 sunt

200 5585 596 5720 ggotempore
621 5577 1111 5654 Longobardorum
1136 5577 1322 5656 regum
1391 5581 1658 5656 parebant
1677 5584 1800 5641 im-

1927 1843 2302 1916 singularibus
2322 1848 2408 1903 vel
2432 1848 2476 1903 si
2483 1849 2588 1921 glis
2601 1849 2680 1904 uti
2689 1859 2856 1915 tur,et
2867 1849 3088 1922 quidem
3103 1848 3318 1922 iis,qum
3330 1847 3526 1921 priscis

1926 1931 2233 1990 tabellariis
2259 1935 2424 1992 obvia
2451 1937 2697 2006 fuerunt,
2727 1946 2896 1994 utex.
2924 1955 3005 2011 gr.
3033 1939 3206 2010 Incp.,
3239 1938 3376 2003 Dns,
3423 1938 3523 2004 Ds,

1927 2021 2030 2090 ihs,
2057 2040 2182 2096 aps,
2231 2041 2338 2096 sps,
2378 2043 2480 2095 ses,
2521 2045 2609 2096 nr,
2663 2044 2760 2100 pro
2790 2027 3004 2098 Incipit,
3047 2027 3328 2095 Dominus,
3359 2027 3523 2093 Deus,

1927 2111 2093 2180 Iesus,
2129 2113 2392 2184 Christus,
2427 2116 2682 2186 Spiritus,
2717 2118 2962 2186 Sanctus,
2994 2123 3194 2184 noster,
3227 2123 3282 2172 et
3327 2115 3386 2171 in
3414 2114 3524 2172 line

1929 2215 2127 2258 vocum
2155 2201 2203 2259 b.
2239 2210 2292 2258 et
2316 2221 2369 2275 q.
2396 2221 2518 2260 cum
2553 2205 2736 2262 medio
2765 2213 2969 2278 puncto
2999 2221 3099 2278 pro
3130 2204 3223 2261 bus
3252 2211 3307 2261 et
3333 2221 3451 2276 que.

2000 2299 2095 2356 IV.
2126 2301 2471 2358 Ambrosiani
2520 2320 2782 2360 sermones
2817 2310 2918 2359 tres
2947 2303 3005 2358 in
3041 2303 3134 2358 hoc
3162 2303 3335 2359 eodem
3355 2300 3526 2357 codice

1928 2390 2154 2445 contenti
2183 2407 2287 2461 qua
2305 2392 2367 2447 de
2386 2410 2444 2448 re
2457 2399 2765 2449 censeantur
2792 2393 2996 2449 inediti.
3028 2423 3098 2434 —
3117 2392 3275 2460 Quod
3304 2407 3434 2446 vero
3463 2389 3521 2446 in

1929 2475 2036 2534 hoc
2063 2478 2456 2553 antiquissimo
2483 2482 2674 2539 codice
2709 2498 2990 2539 sermones
3018 2489 3128 2538 tres
3154 2480 3210 2536 S.
3241 2477 3520 2536 Ambrosii

1929 2571 2154 2627 nomine
2195 2571 2492 2646 inscriptos
2519 2574 2758 2631 inveniri
2791 2574 3029 2632 ineditos
3069 2588 3326 2639 asseram,
3356 2588 3520 2628 coar-

1930 2667 2060 2730 guat
2092 2677 2179 2716 me
2208 2677 2405 2728 nemo;
2432 2679 2558 2718 nam
2584 2664 2628 2719 si
2663 2663 2720 2719 id
2749 2664 2934 2719 minus
2963 2669 3126 2729 recte,
3160 2660 3305 2716 haud
3334 2668 3520 2717 tamen

1931 2755 2132 2804 temere
2149 2750 2343 2806 dixero
2362 2769 2374 2818 ;
2405 2769 2529 2808 cum
2561 2752 2815 2808 adhibita
2831 2769 2962 2810 cura
2976 2768 3084 2825 qua
3098 2767 3210 2808 non
3234 2749 3388 2822 potui
3410 2765 3520 2806 ma-

1929 2833 2064 2908 jore,
2094 2837 2220 2894 illos
2242 2854 2342 2895 nec
2373 2839 2431 2895 in
2463 2840 2744 2896 Ambrosii
2765 2841 3050 2914 hucusque
3079 2838 3318 2912 vulgatis
3345 2838 3520 2912 operi-

1930 2925 2053 2993 bus,
2085 2942 2187 2985 nec
2214 2927 2360 2985 inter
2388 2929 2482 2985 SS.
2535 2930 2857 3003 Augustini,
2906 2929 3134 2987 Maximi
3162 2938 3217 2986 et
3245 2927 3520 3002 Fulgentii

1931 3032 2115 3088 opera,
2146 3033 2266 3090 quae
2296 3026 2515 3076 vetusta
2563 3027 2720 3077 aetate
2752 3036 2877 3078 cum
2907 3018 3288 3077 Ambrosianis
3316 3019 3522 3077 scimus

1930 3105 2094 3161 ivisse
2126 3109 2417 3180 permixta,
2448 3126 2550 3167 nec
2579 3111 2724 3166 inter
2749 3112 2985 3168 aliorum
3019 3109 3114 3168 SS.
3134 3111 3356 3166 Patrum
3386 3109 3517 3167 scri-

1928 3203 2020 3267 pta
2049 3198 2364 3270 repererim.
2399 3200 2678 3272 Praecipue
2707 3208 2891 3257 autem
2923 3217 3104 3257 meum
3139 3199 3246 3258 hoc
3264 3198 3517 3272 prejudi-

1925 3285 2072 3342 cium
2102 3288 2460 3345 cumulabant
2479 3291 2584 3345 tria
2610 3290 2705 3346 illa
2721 3290 2872 3346 Isaiae
2895 3289 3211 3347 testimonia
3238 3305 3298 3356 χ,
3319 3288 3408 3357 33,
3426 3287 3515 3356 34,

1925 3381 1980 3430 et
1998 3391 2078 3442 x1,
2111 3376 2167 3444 5,
2198 3393 2320 3451 quae
2350 3377 2563 3452 integra
2593 3381 2850 3453 leguntur
2869 3380 2928 3436 in
2955 3379 3118 3436 tertio
3144 3393 3394 3435 sermone
3415 3377 3514 3450 (f);

1925 3463 2056 3534 quia
2103 3479 2298 3538 nempe
2353 3467 2688 3525 Sabatierius
2746 3469 2804 3524 in
2837 3467 2952 3524 suis
3007 3467 3232 3523 biblicis
3279 3466 3520 3539 antiquas

1926 3553 2199 3611 versionis
2251 3556 2575 3629 fragmentis
2603 3559 2714 3626 vel,
2743 3565 2805 3614 ut
2832 3557 2929 3613 illa
2955 3574 3014 3626 x,
3048 3556 3137 3624 33,
3168 3555 3260 3624 34,
3293 3552 3517 3610 nonnisi

1926 3642 2124 3698 mutila
2170 3643 2390 3713 referat,
2420 3647 2508 3702 vel
2537 3655 2599 3703 ut
2637 3646 2779 3701 illud
2806 3663 2885 3713 x1,
2927 3646 2984 3713 5,
3024 3660 3248 3716 prorsus
3277 3642 3516 3699 omittat.

1927 3729 2062 3788 Cum
2093 3732 2241 3790 enim
2263 3741 2456 3790 auctor
2486 3735 2581 3790 ille
2603 3734 2659 3791 in
2691 3734 3000 3809 quaerendis
3016 3741 3263 3790 veterum
3292 3730 3519 3788 biblica-

1927 3836 2049 3876 rum
2079 3822 2397 3880 versionum
2417 3823 2774 3891 testimoniis,
2799 3825 3040 3880 maxime
3063 3823 3120 3880 in
3139 3821 3414 3889 Patribus,
3437 3820 3517 3877 di-

1925 3909 2207 3983 ligentiam
2237 3929 2458 3970 omnem
2490 3912 2751 3971 adhibere
2781 3914 2980 3970 solitus
2996 3913 3180 3981 fuerit,
3213 3911 3346 3968 hinc
3367 3909 3515 3966 haud

1922 4001 2235 4058 inconsulte
2288 4003 2701 4076 conjiciendum
2753 4004 2964 4077 putavi,
3001 4018 3187 4076 reapse
3215 3997 3515 4057 Sabatierii

1922 4098 2078 4147 aetate
2106 4092 2289 4150 adhuc
2317 4094 2650 4150 membranis
2693 4094 2792 4149 hos
2821 4091 3107 4149 delituisse
3135 4104 3437 4147 sermones.

1992 4199 2062 4256 V.
2094 4202 2300 4256 Eorum
2329 4220 2625 4258 sermonum
2657 4203 2797 4259 tituli
2816 4209 2863 4258 et
2908 4200 3166 4272 analysis.
3199 4228 3271 4239 —
3305 4197 3512 4254 Horum

1920 4298 2101 4346 autem
2135 4291 2345 4363 primus
2381 4309 2559 4349 sermo
2592 4293 2939 4360 inscribitur,
2975 4292 3037 4348 de
3065 4290 3339 4361 Perfecto;
3377 4289 3516 4345 alter

1917 4383 1985 4440 de
2013 4383 2202 4440 eodem
2230 4393 2573 4457 argumento,
2605 4385 2872 4441 Adversus
2887 4401 2971 4440 eos
3000 4383 3092 4456 qui
3122 4382 3304 4439 dicunt
3312 4400 3514 4456 posses-

1918 4475 2116 4530 sionem
2144 4493 2248 4532 non
2263 4477 2682 4545 distrahendam,
2703 4477 2790 4532 sed
2799 4476 2825 4546 /
2831 4475 3068 4531 ructibus
3089 4474 3516 4530 misericordiam

1917 4562 2236 4635 faciendam;
2269 4567 2465 4622 tertius
2493 4583 2644 4635 vero,
2660 4566 2722 4622 de
2737 4567 3010 4624 Charitate
3032 4581 3096 4620 ιτ
3114 4565 3327 4620 lectione
3345 4563 3514 4619 sancti

1917 4655 2080 4711 Pauli
2106 4657 2334 4727 apostoli
2353 4663 2539 4712 contra
2567 4657 2736 4712 malos
2764 4655 2858 4726 qui
2898 4653 3047 4709 bonis
3079 4653 3332 4710 invident.
3365 4653 3513 4710 titu-

1989 4792 2062 4864 (e)
2094 4793 2217 4848 Em.
2246 4793 2523 4859 Besutius,
2546 4793 2634 4848 vir
2654 4791 2929 4864 excellens
2953 4790 3106 4864 omni
3139 4788 3314 4864 laude
3333 4790 3508 4846 virtu-

1916 4862 2071 4946 tis'et
2100 4865 2326 4946 ingenii,
2354 4865 2639 4946 _ide_mque
2687 4862 3080 4946 adeoprofaua
3097 4871 3152 4946 et
3171 4862 3410 4946 maxime
3430 4879 3510 4919 sa-

1915 4951 2008 4992 cra
2035 4933 2230 4993 doctus
2255 4933 2625 5008 archeologia,
2654 4943 2716 4992 ut
2745 4933 2995 5008 sibi‘eum
3024 4933 3324 5008 academici
3347 4934 3508 4990 Etru-

1916 5023 2129 5081 scarum
2193 5005 2585 5081 antiquitatum
2621 5006 3017 5081 vetustissima
3061 5005 3215 5081 urbis
3257 5005 3508 5081 cortone)

1916 5079 2221 5150 principem
2253 5075 2537 5135 Locumoni
2567 5081 2792 5135 nomine
2823 5078 3108 5150 elegerint,
3128 5149 3133 5150 ί
3155 5077 3272 5133 haec
3299 5075 3509 5150 deth

1916 5146 2116 5205 codice
2136 5150 2456 5223 inquadam
2489 5150 2778 5223 chartacea
2806 5146 3075 5223 schédula
3088 5149 3236 5223 circa
3253 5163 3344 5203 an.
3370 5146 3507 5223 I730

1914 5228 2100 5295 notata
2119 5217 2378 5295 reliquit:
2407 5223 2536 5295 Cod.
2573 5221 2696 5288 134,
2725 5223 2781 5277 in
2794 5238 3032 5295 pergam.
3057 5217 3503 5295 in_-fol.,vetustis-

1913 5293 2037 5366 simi
2063 5291 2404 5361 characteris,
2427 5300 2475 5349 et
2500 5293 2750 5366 fortassis
2786 5291 3134 5366 seculisexti,
3177 5296 3225 5366 et
3242 5295 3372 5366 certe
3391 5305 3505 5366 mea

1913 5365 2122 5440 quidem
2172 5360 2424 5440 sententia
2451 5360 2578 5440 plus
2634 5367 2779 5424 mille
2827 5365 3046 5440 abhinc_
3067 5361 3223 5440 annis
3250 5360 3498 5440 scriptus.

1912 5431 2100 5566 ἵζιαῖᾳο
2117 5439 2359 5566 conttinet,
2390 5431 2469 5495 σι’
2482 5439 2662 5512 primo
2690 5453 2982 5496 sermonem
3007 5436 3064 5493 S.
3125 5431 3412 5503 Augustini
3439 5431 3505 5488 de

1964 5525 2034 5566 un
2059 5527 2143 5566 ns.
2171 5527 2200 5566 e
2228 5529 2276 5566 ο.

1964 5509 2143 5568 'untiis.
2171 5517 2276 5568 etc.

2009 5552 2356 5656 Ῠῖξῶξὶῳ.
2389 5583 2456 5644 27
2486 5591 2540 5640 et
2567 5583 2636 5639 28
2669 5581 2856 5651 (In/ra
2873 5579 2999 5638 coll.
3033 5574 3134 5631 ise
3159 5578 3209 5629 et
3239 5572 3391 5646 138).
