4068 6182
497 334 600 391 763

1309 326 1678 387 SERMONES
1715 328 1771 384 S.
1813 326 2167 384 AMBROSIO
2208 326 2576 386 HACTENUS
2615 326 2951 384 ASCRIPTI.

3684 331 3792 388 765

496 463 610 519 lum
641 460 877 534 praefert.
935 460 995 514 In
1033 456 1204 530 priori
1246 470 1496 512 sermone
1554 464 1745 510 auctor
1792 453 2081 510 nonnullis
2113 455 2158 514 A
2190 451 2287 508 stri
2316 453 2440 508 Iesu
2473 452 2677 510 Christi
2709 452 2901 507 divina
2932 459 2984 508 et
3015 451 3256 509 humana
3283 461 3515 526 utraque
3545 457 3787 528 perfecta

493 548 897 622 Scripturarum
950 543 1283 602 testimoniis
1337 543 1577 599 recitatis
1625 542 1884 610 ostendit,
1915 542 2086 599 Chri-

495 638 799 695 stianorum
827 651 964 703 esse,
1013 642 1074 690 ut
1105 633 1392 705 pervenire
1417 633 1638 688 valeant
1665 632 1733 687 ad
1762 647 2083 704 supremum

495 729 719 803 gradum
743 725 1114 800 perfectionis,
1137 741 1262 780 suas
1291 740 1482 780 omnes
1514 722 1799 778 facultates
1829 723 2084 790 vendere,

494 829 548 877 et
574 817 811 892 pretium
855 815 1185 889 pauperibus
1207 813 1557 882 distribuere,
1587 830 1752 886 seque
1787 815 1882 870 Dei
1908 815 2088 885 provi-

491 908 690 964 dentiae
714 905 850 961 adeo
865 903 1230 971 committere,
1268 911 1328 958 ut
1353 903 1559 959 divinae
1590 904 1723 975 legis
1744 919 1957 976 semper
1980 920 2085 959 me-

492 999 757 1056 ditatione
787 995 1016 1064 detenti,
1048 1010 1367 1067 semperque
1406 1001 1804 1065 praeceptorum
1834 993 2086 1049 custodia

491 1085 767 1158 occupati,
799 1101 909 1140 non
939 1084 1175 1140 habeant
1212 1100 1447 1140 vacuum
1477 1091 1693 1154 tempus
1716 1099 1824 1155 quo
1844 1083 2087 1154 cogitent

489 1174 790 1242 saecularia,
821 1190 929 1246 quo
960 1189 1099 1228 vane
1132 1171 1307 1243 hujus
1332 1171 1523 1226 mundi
1557 1171 1920 1226 incommodis
1953 1188 2078 1243 per-

489 1264 803 1330 turbentur,
834 1278 942 1334 quo
996 1261 1339 1317 terrestrium
1371 1260 1697 1316 divitiarum
1727 1277 1822 1332 spe
1875 1261 2084 1317 caduca

489 1354 774 1409 fallantur.
806 1353 866 1407 In
897 1353 1072 1407 altero
1106 1352 1316 1419 eadem,
1351 1367 1469 1423 quae
1526 1350 1804 1422 superiore
1832 1367 2082 1406 sermone

488 1442 726 1512 dixerat,
755 1451 946 1498 auctor
973 1441 1296 1509 conﬁrmat;
1343 1449 1505 1514 atque
1536 1458 1718 1498 rerum
1743 1450 2078 1496 terrenarum

487 1537 854 1603 contemptus,
879 1529 1222 1588 etabdicatio
1251 1546 1412 1603 quam
1445 1531 1697 1602 gloriosa,
1724 1530 1878 1584 utilis
1908 1547 1970 1586 ac
1991 1547 2079 1585 ne-

484 1619 716 1676 cessaria
759 1620 850 1688 sit,
902 1619 1108 1676 Christi
1155 1628 1433 1691 praecepto
1457 1629 1619 1690 atque
1660 1619 1814 1674 Pauli
1845 1619 2077 1690 apostoli

485 1709 741 1782 exemplo
771 1708 1088 1780 propositis,
1121 1717 1312 1764 contra
1333 1707 1485 1762 illius
1511 1706 1736 1761 virtutis
1751 1706 2078 1762 obtrectato-

2198 552 2410 609 natura,
2441 542 2614 615 deque
2645 543 2992 615 hypostatica
3013 543 3218 599 unione
3249 560 3313 600 ac
3350 544 3417 599 de
3446 543 3567 615 ejus
3586 545 3790 618 baptis-

2197 651 2305 700 mo,
2339 633 2609 706 passione,
2634 641 2808 688 morte
2837 640 2890 688 et
2921 635 3156 704 gloriosa
3185 633 3584 690 resurrectione
3613 636 3796 708 loqui-

2200 736 2304 796 tur,
2344 746 2444 785 nec
2494 746 2604 784 non
2654 729 2902 802 quaedam
2957 730 3024 785 de
3069 739 3406 786 sacramento
3455 729 3796 803 baptismatis

2195 822 2550 895 ejusdemque
2581 823 2864 878 effectibus
2893 823 3136 878 disserit.

2269 905 2361 958 VI.
2414 905 2612 970 Quibus
2661 904 2872 958 indiciis
2901 904 2956 958 hi
2987 911 3088 958 tres
3117 920 3376 958 sermones
3408 903 3796 973 adjudicantur

2195 994 2574 1048 Mediolauensi
2604 994 2837 1064 episcopo
2881 993 3180 1048 Ambrosio.
3212 1024 3281 1034 —
3311 993 3470 1059 Quod
3513 1002 3696 1049 autem
3736 994 3791 1051 hi

2195 1101 2471 1139 sermones
2502 1084 2602 1156 ipsi
2638 1084 2930 1140 Ambrosio
2961 1084 3358 1140 Mediolanensi
3389 1086 3648 1156 episcopo
3685 1085 3790 1140 tri-

2193 1175 2398 1230 buendi
2429 1173 2560 1242 sint,
2612 1173 2666 1228 id
2710 1174 2982 1245 permulta
3020 1184 3073 1228 et
3105 1174 3302 1229 idonea
3333 1173 3540 1228 indicia
3570 1173 3792 1230 demon-

2193 1271 2365 1319 strare
2409 1261 2688 1317 videntur.
2740 1264 2794 1316 1°
2823 1263 2882 1317 In
2927 1262 3040 1317 illis
3066 1261 3266 1334 quippe
3299 1262 3680 1318 Ambrosianae
3711 1264 3785 1318 lo-
3821 1287 3824 1290 η

2192 1355 2443 1410 cutiones
2473 1353 2790 1425 frequenter
2826 1361 3146 1421 occurrunt,
3175 1363 3227 1409 et
3254 1354 3563 1424 complures
3597 1355 3791 1410 crebro

2192 1442 2544 1514 reperiuntur
2573 1442 2881 1507 sementim,
2915 1459 3034 1514 quae
3071 1459 3293 1514 prorsus
3325 1443 3679 1499 Ambrosium
3711 1461 3788 1499 sa-

2192 1533 2350 1604 piunt
2385 1550 2397 1598 ;
2441 1532 2496 1586 id
2544 1531 2687 1604 quod
2725 1532 2780 1586 in
2829 1532 3056 1588 scholiis
3102 1532 3402 1588 identidem
3436 1534 3614 1603 palam
3657 1534 3786 1599 feci,

2193 1621 2476 1692 multoque
2515 1620 2732 1692 plenius
2770 1629 2822 1676 et
2873 1621 3097 1677 uberius
3126 1621 3243 1676 ﬁeri
3277 1628 3504 1693 poterat.
3547 1621 3648 1678 Cui
3689 1638 3790 1679 nec

2189 1710 2404 1766 obstare
2435 1719 2490 1765 et
2520 1711 2735 1766 oﬂicere
2762 1711 3034 1780 videatur,
3065 1711 3111 1766 si
3151 1711 3449 1782 aliquando
3477 1727 3782 1768 sermonem

487 1814 572 1854 res
598 1797 824 1853 evincit.
857 1800 1089 1854 Demum
1121 1800 1178 1851 in
1197 1797 1359 1853 tertio
1377 1812 1628 1851 sermone
1657 1795 1724 1851 de
1745 1796 1950 1852 virtute
1973 1795 2077 1851 fra-
2119 1815 2166 1875 Β
2191 1800 2557 1855 remissiorem
2590 1799 2646 1854 in
2679 1799 2789 1854 illis
2817 1816 2980 1872 quam
3009 1800 3066 1855 in
3097 1800 3220 1856 aliis
3259 1801 3314 1855 S.
3352 1800 3605 1872 praesulis
3633 1809 3782 1858 trac-

487 1892 654 1940 ternze
670 1885 954 1941 charitatis
977 1885 1098 1958 (qui
1127 1885 1198 1941 ita
1221 1886 1276 1940 in
1300 1885 1516 1957 longius
1533 1884 1878 1956 producitur,
1897 1893 1957 1940 ut
1978 1884 2077 1939 mi-

485 1993 592 2032 nus
621 1993 800 2032 sermo
816 1993 978 2049 quam
998 1985 1265 2034 tractatus
1291 1977 1646 2033 inscriberem
1667 1977 1893 2033 moralia
1913 1979 2076 2033 docu-

485 2074 670 2121 menta
697 2065 1024 2137 dogmaticis
1053 2067 1378 2123 cumulavit.
1409 2066 1705 2138 Illaitaque
1737 2066 1916 2138 primo
1936 2083 2080 2137 apo-

483 2154 679 2210 stolica
708 2153 875 2211 verba
903 2156 924 2211 Ι
954 2155 1210 2214 Corinth.
1238 2172 1364 2225 xm,
1399 2157 1450 2223 1,
1481 2156 1534 2223 2,
1559 2155 1612 2220 3,
1650 2163 1842 2212 auctor
1861 2173 2078 2227 expen-

485 2241 642 2311 dens,
669 2242 810 2298 nihil
839 2243 999 2299 nobis
1022 2243 1274 2300 omnium
1305 2244 1576 2300 virtutum
1605 2261 1799 2317 genera
1821 2246 2075 2316 prodesse

483 2332 644 2390 docet
685 2333 888 2407 absque
949 2335 1238 2403 charitate,
1297 2343 1486 2408 utpote
1520 2352 1640 2408 quae
1687 2352 1796 2392 una
1853 2345 2075 2392 caeteras

482 2423 674 2480 omnes
723 2425 1086 2496 amplectatur
1104 2425 1359 2492 virtutes,
1375 2434 1537 2498 atque
1562 2425 1734 2481 totius
1746 2425 2072 2482 Christianae

481 2515 833 2588 perfectionis
878 2519 952 2572 sit
999 2517 1484 2588 complementum.
1525 2517 1776 2572 Secundo
1823 2516 1890 2572 ad
1922 2517 2074 2572 varia

479 2601 768 2659 charitatis
781 2619 946 2676 opera
973 2604 1329 2672 descendens,
1354 2605 1484 2660 dum
1512 2623 1574 2660 ea
1596 2606 1868 2678 praecipue
1891 2605 2070 2661 humi-

481 2689 1934 2766 litatis,mansuetudinis,benignitatisetsimplicitatis
1955 2710 2071 2750 esse

477 2779 1038 2856 declarat.eademque
1052 2784 1106 2838 in
1120 2783 1385 2840 Davidica
1395 2792 1450 2839 et
1465 2783 1766 2856 apostolica
1779 2785 2066 2853 electione,

481 2885 544 2927 ac
572 2870 630 2926 in
659 2870 939 2929 dominico
973 2873 1226 2944 exemplo
1256 2873 1688 2945 contemplanda
1717 2882 1771 2929 et
1802 2874 2070 2930 imitanda

481 2958 759 3030 proponit;
782 2959 837 3014 in
865 2959 1139 3015 contraria
1155 2961 1311 3028 vitia,
1335 2961 1568 3016 scillicet
1587 2962 2068 3034 superbiain,invi-

478 3044 993 3115 diam,iracundiam
1005 3091 1019 3117 ,
1034 3048 1385 3105 inimicitiam
1399 3058 1701 3124 casteraque
1723 3052 1778 3107 id
1796 3068 1964 3124 genus
1981 3069 2068 3108 ve-

2190 1888 2396 1943 tatibus
2443 1887 2726 1944 advertere
2773 1887 2879 1955 sit;
2915 1905 3062 1953 nam,
3098 1895 3158 1942 ut
3194 1888 3570 1943 Maurinorum
3602 1888 3788 1944 verbis

2189 1988 2398 2060 loquar,
2437 2013 2452 2032 -
2485 1987 2693 2059 stylum
2725 1986 2928 2040 variari
2957 1987 3025 2042 ab
3050 1986 3388 2055 auctoribus,
3420 1994 3474 2041 et
3505 2003 3604 2058 pro
3635 2003 3694 2042 re
3729 2003 3787 2043 ac

2187 2085 2431 2150 tempore
2474 2077 2638 2132 modo
2683 2076 2884 2144 attolli,
2919 2077 3081 2132 modo
3125 2077 3360 2148 deprimi
3411 2092 3522 2131 non
3573 2076 3786 2148 ignora-

2187 2185 2308 2223 mus
2341 2167 2444 2240 (a).
2479 2167 2681 2235 I-Quin,
2715 2173 2774 2221 ut
2807 2167 2908 2238 ipsi
2942 2184 3064 2223 cum
3100 2167 3327 2222 Gillotio
3366 2167 3632 2234 fatentur,
3668 2167 3787 2224 sci-

2185 2275 2328 2326 mus,
2359 2274 2565 2313 novum
2603 2284 2620 2304 ι
2652 2275 2760 2312 non
2784 2274 2920 2326 esse,
2952 2259 3232 2330 inquiunt,
3263 2258 3308 2313 si
3338 2266 3561 2314 sanctus
3591 2257 3786 2315 doctor

2184 2363 2283 2419 pro
2306 2364 2383 2414 re,
2404 2347 2546 2415 loco,
2566 2357 2832 2419 tempore,
2856 2347 3122 2418 personis,
3145 2348 3350 2419 stylum
3380 2348 3616 2402 mutavit
3641 2349 3770 2420 (b).'

2184 2437 2303 2492 Huc
2333 2436 2496 2491 etiam
2527 2436 2652 2492 addi
2687 2443 2882 2507 potest,
2905 2436 3152 2508 reliquis,
3175 2437 3268 2510 qui
3293 2437 3453 2492 modo
3484 2437 3782 2505 habentur,

2141 2562 2149 2569 .
2183 2524 2529 2579 sermonibus
2551 2523 2901 2579 Ambrosium
2927 2523 3124 2579 iterum
3147 2524 3503 2591 ostetriciam,
3524 2533 3586 2579 ut
3603 2525 3684 2580 ita
3705 2524 3783 2580 di-

2181 2631 2322 2682 cam,
2355 2630 2576 2668 manum
2609 2613 2940 2682 admovisse,
2975 2630 3100 2669 cum
3133 2614 3259 2669 illos
3287 2614 3549 2670 collectos
3584 2614 3646 2670 in
3706 2615 3786 2670 li-

2179 2704 2308 2760 bros
2350 2703 2658 2775 redegerit;
2711 2705 2779 2776 (c)
2826 2713 3045 2760 nostros
3094 2712 3296 2772 autem,
3332 2721 3458 2760 cum
3498 2712 3659 2760 extra
3694 2721 3787 2762 va-

2179 2801 2437 2865 garentur
2464 2793 2748 2866 disjuncti,
2782 2810 2846 2850 eo
2887 2795 3051 2850 modo
3089 2810 3198 2866 quo
3245 2810 3313 2848 ex
3352 2793 3471 2864 ejus
3507 2810 3600 2850 ore
3644 2811 3789 2866 pro-

2180 2883 2315 2954 lapsi
2346 2891 2494 2951 sunt,
2521 2900 2747 2939 munere
2777 2884 3137 2957 tachygraphi
3171 2885 3246 2938 ita
3273 2883 3341 2938 ad
3373 2900 3474 2938 nos
3509 2899 3789 2954 permeas-

2177 2987 2233 3028 se
2264 2973 2564 3045 impolitos.
2601 2975 2890 3041 Caeterum,
2925 2973 3012 3029 his
3053 2974 3108 3028 in
3150 2974 3378 3046 gratiam
3419 2989 3633 3041 eorum,
3689 2961 3786 3047 qui

2179 3062 2346 3117 nimis
2376 3063 2602 3118 naribus
2639 3063 2946 3135 indulgent,
2999 3065 3238 3129 notatis;
3289 3062 3431 3118 nihil
3471 3078 3599 3118 sane
3667 3079 3787 3118 om-

479 3133 794 3192 hementius
821 3135 1076 3210 insurgit.
1101 3139 1327 3194 Interim
1354 3155 1383 3194 e
1411 3157 1469 3194 re
1487 3148 1615 3196 nata
1637 3140 1703 3197 de
1719 3141 1940 3197 Domini
1973 3159 2067 3198 no-
2105 3181 2148 3241 Ο
2184 3151 2317 3206 nino
2337 3152 2609 3208 contineri
2627 3152 2682 3207 in
2706 3133 2821 3208 illis
2840 3152 3160 3225 pronuntio,
3175 3152 3321 3224 quod
3342 3170 3374 3208 θ,
3393 3153 3560 3224 stylo,
3585 3151 3676 3223 (ιι)
3705 3152 3787 3207 in-

574 3251 632 3324 a)
665 3253 726 3309 In
755 3253 964 3324 praefat.
1009 3253 1079 3309 ad
1110 3252 1278 3310 libros
1299 3255 1360 3309 de
1390 3256 1763 3323 Sacramentis,
1805 3263 1940 3312 tom.
1967 3258 2060 3313 III.

575 3325 650 3400 b)_
661 3324 798 3400 Vide
814 3324 1366 3400 admonitpraeﬁxam
1388 3329 1651 3400 opusculo
1671 3329 1963 3400 degApolog.
1982 3331 2062 3384 al-

475 3401 588 3523 tera
607 3397 801 3523 Dlavid,
833 3404 888 3452 et
935 3395 1104 3452 illam'
1141 3413 1262 3470 qua
1291 3395 1653 3470 prafnittitur
1683 3395 1880 3454 libfde
1917 3395 2058 3456 'Tob.

499 3484 610 3523 om.
675 3510 687 3522 .

474 3476 610 3524 tom.
645 3476 687 3523 Ι.

546 3538 620 3612 (ς)
653 3538 900 3612 Auctoris
928 3537 1259 3612 quidem,_ait
1287 3539 1364 3612 cl_._
1390 3538 1652 3612 Majusin
1684 3541 1836 3612 praef.
1869 3543 1936 3598 ad
1960 3540 2058 3598 lib.

472 3606 645 3689 defle
675 3607 805 3679 pub.
844 3606 1139 3689 ιιιιιμρειε.⁸
1165 3609 1235 3665 56
1282 3608 1422 3689 edit.
1467 3606 1633 3689 1828,
1675 3606 2062 3689 autographum

465 3681 778 3755 plerumque
813 3679 1233 3755 eranttiberiare
1259 3681 1529 3751 scriptura
1561 3684 1774 3755 schedia.
1803 3679 1940 3755 quas
1962 3685 2060 3741 Isi-

470 3749 636 3825 dorus
670 3749 818 3820 Orig.
850 3765 932 3825 vi,
965 3749 1387 3825 1&,_def_i_nit_esse
1411 3778 1439 3825 _-
1469 3753 1614 3825 quod
1646 3749 1830 3811 adhuc
1863 3773 2061 3813 emen-

470 3819 653 3888 datur,
702 3828 756 3876 et
774 3819 1022 3876 necdum
1055 3821 1111 3876 in
1136 3819 1300 3877 libris
1333 3819 1613 3880 redactum
1638 3833 1737 3881 est.
1762 3851 1779 3873 ι
1814 3828 1982 3883 Nemo
2004 3827 2061 3884 id

549 3891 822 3972 tissimum
851 3892 1021 3948 moris
1037 3892 1498 3975 Ambrosiifuisse
1522 3899 1762 3975 negavit,
1785 3907 1846 3975 ut
1869 3899 1936 3975 ad
1950 3901 2058 3975 ple-

473 3969 592 4018 bem
617 3969 731 4035 jam
766 3969 877 4017 sine
901 3981 1094 4035 magna
1119 3969 1514 4036 prmparatione
1545 3969 1728 4038 (Praef.
1750 3970 1819 4025 ad
1868 3969 1967 4026 lib:
1999 3971 2060 4026 de

473 4035 658 4117 Sacr”.
680 4035 786 4117 col.
811 4034 954 4117 .432,
987 4043 1149 4117 tom;
1169 4037 1275 4117 Ill).
1300 4036 1513 4094 habitas
1538 4040 1852 4109 conciones,
1876 4049 2060 4114 postea

466 4106 780 4163 emendatas
808 4106 865 4161 in
899 4107 1068 4162 libros
1096 4106 1470 4164 distribuerat.

541 4177 644 4305 (άέ⁹
665 4178 724 4258 In
757 4177 842 4233 his
872 4178 1216 4235 sermonibus
1247 4187 1376 4234 sunt
1405 4179 1672 4252 quaedam,
1695 4182 1886 4250 fateor,
1912 4200 2056 4255 pau-

633 4255 862 4304 ictiones
892 4265 1012 4305 quae
1042 4251 1327 4305 nonnullis
1361 4255 1570 4305 nasutis
1603 4253 1900 4305 nhiloloais
1932 4255 2056 4305 for—

463 4265 541 4324 (ιφ
591 4251 871 4324 dictiones
892 4265 1012 4322 quae
1034 4251 1327 4324 nonnullis
1361 4251 1570 4324 nasutis
1603 4251 2057 4324 philologis—for—

464 4319 608 4375 sitan
625 4388 628 4389 ν
647 4319 991 4376 stomachum
1025 4321 1247 4389 facient,
1271 4338 1336 4377 eo
1350 4322 1496 4389 quod
1527 4319 1650 4378 illas
1666 4333 1760 4380 aut
1787 4319 1897 4379 non
1921 4326 2055 4381 refe-

465 4396 590 4462 rant
619 4388 899 4462 hucusque
924 4390 1072 4446 edita
1101 4388 1302 4462 scripta
1351 4388 1737 4462 Ambrosiana,
1772 4404 1867 4451 aut
1894 4396 2053 4453 bonae

466 4459 927 4538 Latini_ta_t_is,_pro
956 4478 1144 4538 eorum
1173 4459 1467 4538 sententia,
1496 4473 1680 4520 notam
1707 4459 1817 4521 non
1853 4468 2057 4538 praefe-

2182 3251 2302 3324 loco
2329 3259 2383 3306 et
2414 3258 2654 3322 tempore
2669 3250 2908 3322 juridica
2941 3252 3107 3307 verba
3129 3253 3451 3324 usurpavit;
3487 3250 3781 3324 utisaltem

2173 3321 2360 3395 videre
2384 3332 2490 3395 est,
2504 3321 2592 3378 ex.
2623 3321 2727 3395 gr.,
2749 3331 2884 3378 tom.
2909 3324 2976 3390 II,
3003 3340 3124 3395 pag.
3145 3321 3343 3390 338,'et
3366 3331 3498 3378 tom.
3523 3323 3628 3395 III,
3655 3338 3779 3395 pag.

2172 3393 2296 3460 918,
2328 3400 2432 3448 etc.
2465 3393 3154 3450 Iurisconsultorum’vero
3185 3411 3295 3449 vox
3340 3401 3420 3448 est
3474 3393 3784 3448 distrahere

2172 3479 2271 3536 pro
2301 3465 2533 3532 vendere,
2566 3483 2673 3536 qua
2715 3482 2854 3536 saepe
2892 3483 3022 3521 usus
3051 3473 3132 3521 est
3172 3466 3434 3535 Ulpianus
3461 3465 3518 3519 in
3549 3465 3637 3531 ΠΖ,
3681 3464 3777 3536 qui

2172 3483 2271 3534 pro
2301 3483 2533 3532 venaere,
2603 3483 2673 3521 ua
2715 3483 2854 3536 saepe
2892 3483 3022 3521 usus
3051 3483 3132 3521 eat
3175 3483 3434 3535 Ulpianus
3461 3483 3518 3519 in
3549 3483 3637 3531 ιι.,
3681 3483 3777 3536 qui

2171 3535 2334 3609 etiam
2367 3483 2631 3592 vocabutia
2661 3537 2934 3609 distractio
2966 3554 3062 3609 pro
3091 3537 3316 3591 venditio
3351 3537 3406 3591 ﬁ'.
3446 3536 3532 3603 14,
3564 3535 3621 3602 3,
3661 3537 3718 3603 5,
3753 3552 3785 3590 a

2171 3606 2314 3661 med.
2342 3614 2396 3662 et
2417 3608 2471 3671 2,
2494 3609 2577 3675 15,
2606 3609 2658 3675 8,
2677 3609 2778 3664 cir.
2800 3606 3040 3675 med.,'et
3059 3625 3363 3678 prwrogare
3386 3623 3481 3678 pro
3510 3614 3639 3661 ante
3661 3623 3780 3660 ero-

2170 3695 2295 3751 gare
2322 3679 2378 3733 ﬂ'.
2413 3679 2516 3735 loc.
2545 3687 2598 3735 et
2620 3679 2780 3735 cond.
2817 3680 2853 3735 Ι.
2886 3681 2974 3734 sed
3002 3678 3163 3734 addes
3193 3679 3323 3751 trita
3353 3678 3568 3744 habuit,
3605 3685 3778 3751 atque

2169 3749 2388 3804 usitata.
2422 3751 2482 3804 In
2545 3751 2717 3806 simili
2765 3751 3169 3820 signiﬁcatione
3207 3750 3436 3805 verbum
3466 3749 3781 3820 distrahere

2168 3820 2312 3899 apud
2337 3821 2509 3899 Tacit.
2543 3839 2598 3876 v1
2629 3824 2796 3889 Ann.,
2824 3819 2910 3886 17,
2941 3822 3079 3899 Just.
3113 3839 3191 3899 ix,
3228 3823 3276 3888 1,
3308 3829 3361 3875 et
3389 3819 3534 3892 apud
3560 3820 3781 3876 Sueto-

2168 3893 2323 3965 nium
2345 3893 2406 3965 in
2448 3893 2588 3965 Vesp.
2625 3911 2740 3959 va,
2760 3893 3018 3960 occurrit,
3042 3893 3186 3965 apud
3217 3909 3376 3964 quem
3399 3902 3452 3946 et
3475 3907 3781 3965 prerogarc

2169 3962 2452 4018 invenitur
2479 3962 2696 4036 in’Aug.
2713 3965 2804 4032 53,
2824 3974 2876 4020 et
2907 3965 3045 4036 illud
3077 3962 3288 4019 obtinet
3317 3962 3779 4036 demandare’pro

2166 4035 2318 4088 valde
2347 4033 2670 4090 mandarein
2690 4036 2891 4091 Neron.
2917 4035 3006 4103 35,
3026 4035 3082 4090 in
3102 4037 3242 4104 Aug.
3280 4035 3364 4101 10,
3399 4043 3451 4089 et
3472 4035 3531 4088 in
3562 4033 3774 4091 Caesar.

2165 4105 2254 4160 83.
2281 4105 2407 4178 Vox
2425 4106 2644 4178 quidem
2665 4109 2986 4178 prwrogatio
3011 4125 3042 4161 a
3066 4107 3274 4161 Latinis
3296 4105 3643 4178 lexigraphis
3666 4104 3776 4177 pri-

2167 4192 2319 4230 mum
2347 4176 2596 4233 adhibita
2624 4176 2877 4234 dicitura
2903 4179 3192 4248 Fulgentio
3225 4195 3241 4232 ι
3267 4178 3490 4248 Mythol.
3524 4176 3580 4241 2,
3618 4176 3773 4232 init.:

2165 4254 2219 4301 at
2247 4254 2308 4301 ut
2336 4249 2618 4319 antiquius
2633 4266 2665 4304 a
2684 4250 2977 4304 distrahere
2997 4249 3291 4315 distractio,
3318 4250 3391 4302 ita
3413 4264 3443 4302 a
3455 4263 3777 4318 praerogare

2158 4319 2481 4392 prwrogatio
2499 4319 2657 4392 facile
2678 4321 2832 4376 reddi
2851 4320 3298 4392 potuit.Verbum
3316 4327 3500 4392 autem
3522 4319 3778 4392 similar:

2165 4405 2262 4462 pro
2284 4390 2505 4444 similem
2526 4391 2718 4460 facere,
2749 4389 3180 4455 seu—assimilare,
3203 4399 3257 4446 et
3285 4391 3508 4462 quidem
3527 4406 3660 4462 cum
3681 4389 3774 4462 da-

2164 4461 2281 4514 tivo
2311 4469 2712 4536 conqstructum,
2751 4471 2976 4536 usurpat
3005 4460 3422 4536 antiquissimus
3452 4460 3648 4536 Esdrm
3686 4461 3773 4536 in-

464 4531 780 4615 rant.'1‘alia
801 4531 928 4587 sunt
949 4531 1132 4615 verba,
1152 4533 1472 4615 demandari:
1492 4553 1590 4607 pro
1607 4539 1758 4615 valde
1773 4531 2053 4615 mandare,
2087 4537 2134 4595 D
2164 4538 2371 4602 ιθτρτθε
2394 4533 2489 4615 lib_.
2517 4552 2592 4615 ιν.
2615 4553 2662 4590 c.
2687 4536 2745 4615 β,
2773 4531 3005 4615 ρειεῖφι,
3031 4531 3308 4615 (ιιιοἾᾱθῐη
3340 4531 3775 4615 ξ;.Αῐ;ηζ).Γο8ίΠ³

463 4602 757 4680 distrahere
785 4619 883 4674 pro
907 4603 1138 4680 vendere.
1157 4604 1436 4680 distractio
1470 4602 1566 4680 pro
1588 4609 1834 4676 venditio,
1853 4602 2054 4680 prtem;

462 4689 589 4744 gare
607 4674 837 4751 pretium
859 4674 944 4730 vel
979 4674 1319 4751 quantitatem
1352 4679 1437 4733 vel
1470 4674 1622 4745 odia,
1662 4696 1759 4751 pro
1784 4674 1904 4736 ante
1927 4700 2056 4736 ero-

464 4745 864 4816 gare’pretium
921 4747 1007 4801 vel
1065 4748 1429 4816 quantitatem,
1460 4751 1549 4805 vel
1603 4745 1726 4806 ante
1768 4753 1951 4806 odium
1997 4755 2050 4807 in

461 4815 697 4895 aliquem
710 4817 914 4882 habere,
936 4833 967 4872 a
997 4815 1105 4895 quo
1125 4821 1486 4895 prwrogatio;
1515 4829 1568 4895 et
1595 4823 1831 4878 similare
1855 4841 1951 4895 pro
1972 4826 2054 4878 si-

461 4885 636 4941 milem
664 4885 838 4956 facere
856 4903 952 4943 seu
980 4885 1276 4945 assimitare
1304 4885 1428 4946 cum
1457 4892 1646 4949 dativo
1674 4885 2051 4951 constructum

463 4957 672 5038 Xerum
702 4959 955 5038 quamvis
983 4959 1066 5016 hae
1096 4977 1277 5029 voces,
1327 4979 1390 5017 ea
1425 4963 1829 5038 signiﬁcatione
1857 4983 1963 5038 qua
1993 4967 2049 5021 in

460 5026 550 5085 bis
564 5026 1217 5104 sermonibusponuntur
1244 5026 1338 5089 aut
1363 5026 1598 5104 perbene
1628 5038 1816 5092 Latine
1837 5026 1946 5092 non
1964 5054 2049 5092 so-

460 5109 613 5169 nent,
660 5108 755 5177 a_ut
810 5101 1088 5177 {ambrosii
1134 5101 1398 5177 hactenus
1444 5109 1768 5163 auctoritate
1805 5116 2046 5177 careant,

459 5177 642 5248 tamen
682 5171 829 5248 haud
843 5173 925 5248 _ab
947 5175 1314 5248 Ambrosiano
1343 5177 1490 5248 stylo
1527 5178 1806 5234 recedunt.
1842 5171 2045 5235 Eadem

457 5243 607 5320 enim
625 5244 893 5320 vocabula
914 5247 998 5301 vel
1017 5245 1130 5318 jam
1155 5247 1210 5301 in
1229 5243 1512 5320 auctorum
1538 5250 2044 5320 scriptisAmbrosii

457 5314 883 5393 Mediolanensis
903 5314 1059 5393 aetate
1095 5319 1439 5393 superiorum
1461 5314 1770 5393 exstabant,
1794 5324 1877 5376 vel
1900 5323 2044 5393 apud

457 5387 1102 5464 veteresjurisconsultos
1117 5387 1547 5464 reperiebantur.
1571 5387 1799 5464 Minime
1816 5387 2043 5464 proinde

457 5457 658 5536 mirum
678 5457 737 5536 ἐξ
772 5460 1098 5515 Ambrosius
1119 5457 1283 5536 verba
1324 5460 1596 5536 adhibuit,
1633 5479 1752 5536 qum
1781 5457 1895 5534 jam
1929 5464 2044 5536 ejus

456 5533 702 5605 tempore
723 5531 778 5605 i_n
797 5547 900 5585 usu
912 5539 1068 5605 erant
1091 5549 1105 5597 ;
1135 5531 1489 5605 minimesuis
1512 5531 1756 5589 moribus
1776 5531 2043 5605 alienum,

457 5596 503 5684 si
520 5596 784 5684 juridici‘s
813 5596 1229 5684 verbislocutus
1248 5611 1348 5684 est.
1380 5603 1498 5684 Ipse
1524 5605 1694 5684 enim,
1718 5615 1934 5684 ut__pote
1955 5596 2043 5663 vir

367 5734 384 5748 ε
458 5666 660 5725 forensi
679 5680 794 5728 arte
811 5672 1164 5744 exercitatus,
1189 5674 1389 5748 passim
1405 5666 1475 5732 in
1506 5675 1620 5734 suis
1639 5666 1898 5752 operibus
1917 5696 2038 5753 pro-

2164 4619 2274 4658 non
2320 4606 2582 4676 semeliin
2617 4603 2737 4661 suis
2773 4603 3028 4676 operibus
3048 4603 3190 4660 'usus
3223 4612 3329 4676 est.
3361 4603 3459 4659 His
3491 4603 3675 4676 igitur
3697 4617 3774 4676 ex

2164 4675 2366 4741 verbis,
2390 4685 2451 4730 ut
2481 4675 2620 4745 dixi,
2652 4674 2928 4732 Ambrosii
2960 4684 3115 4732 aetate
3145 4675 3364 4731 usitatis
3396 4676 3482 4730 vel
3499 4674 3774 4745 juridicis

2163 4745 2304 4800 nihil
2323 4755 2511 4802 contra
2524 4754 2840 4828 γνησιότητα
2854 4748 3050 4802 horum
3071 4763 3385 4802 sermonum
3409 4754 3589 4818 potest
3609 4746 3774 4828 evin-

2161 4825 2208 4899 c_i
2221 4827 2394 4892 .Quod
2409 4822 2553 4882 enini
2571 4827 2663 4882 illa
2675 4844 2785 4882 non
2809 4828 3151 4899 reperiantur
3167 4827 3223 4881 in
3239 4822 3770 4899 hucusqueAmbro~

2160 4897 2242 4952 sio
2263 4899 2481 4968 scriptis
2500 4899 2740 4964 assertis,
2757 4901 2841 4954 vel
2859 4897 3001 4953 inter
3024 4899 3294 4954 vocabula
3309 4907 3471 4952 rectae
3493 4897 3772 4951 Latinita-

2161 4968 2232 5023 tis
2256 4985 2362 5050 non
2386 4970 2497 5050 sint
2517 4970 2700 5050 allata,
2722 4970 2777 5026 id
2803 4970 3023 5050 quidem
3047 4987 3156 5050 non
3181 4968 3384 5050 ofﬁcit;
3414 4983 3552 5050 nam‘
3571 4968 3771 5050 plerae-

2159 5056 2261 5112 que
2283 5040 2552 5096 dictiones
2573 5042 2701 5096 etin
2723 5038 2944 5112 scriptis
2965 5041 3242 5096 Ambrosii
3265 5040 3507 5112 vulgatis
3537 5038 3774 5112 haben-

2158 5110 2268 5184 tur,
2291 5129 2412 5184 quae
2436 5113 2489 5166 in
2514 5130 2623 5166 uno
2645 5114 2730 5167 vel
2753 5110 2925 5167 altero
2949 5113 3109 5178 libro,
3133 5121 3187 5167 et
3214 5112 3369 5184 nullo
3392 5111 3514 5184 alio
3544 5111 3602 5184 in
3636 5110 3774 5164 loco

2157 5181 2706 5256 leguntur,plerazque
2721 5201 2840 5256 qua:
2863 5201 2893 5239 a
2917 5184 3124 5238 Latinis
3144 5181 3480 5256 lexigraphis
3492 5181 3772 5236 omittun-

2156 5259 2264 5326 tur,
2290 5271 2383 5308 seu
2405 5255 2629 5309 diversa
2650 5255 3050 5326 signiﬁcatione
3072 5255 3488 5326 notantur.‘lta,
3522 5267 3770 5326 exr.__gr.,

2157 5323 2338 5398 |_ib._1v
2359 5327 2635 5393 Hexaem.,
2660 5321 2743 5393 ιιῖ,
2781 5327 2863 5393 10,
2885 5327 3187 5398 perfunctio
3220 5323 3564 5398 profruitio,
3589 5321 3695 5376 lib.
3729 5337 3771 5375 ιι

2153 5395 2220 5450 de
2242 5395 2375 5469 Cain
2397 5407 2450 5452 et
2470 5399 2603 5453 Abel
2625 5395 2921 5468 conspersio
2940 5395 3036 5469 pro
3053 5395 3377 5469 confusio,in
3404 5396 3512 5466 psal
3528 5440 3539 5450 .
3554 5408 3769 5469 cxvin,

2152 5468 2389 5544 serm._1,
2405 5485 2524 5544 pag.
2556 5469 2640 5544 13,
2670 5465 2958 5544 col—ludium
2981 5485 3076 5540 pro
3096 5468 3338 5544 collusio,
3359 5465 3524 5537 atque
3543 5481 3610 5544 ne
3636 5465 3773 5544 lop-

2152 5537 2279 5612 gius
2295 5538 2339 5593 si
2350 5557 2398 5593 ni
2409 5537 2745 5612 tentandum,
2771 5557 2867 5612 pro
2893 5537 3022 5595 lente
3044 5540 3386 5612 morandum,
3410 5545 3515 5612 etc:
3543 5537 3620 5612 Ut.
3639 5537 3772 5606 igi-

2151 5605 2240 5681 tur
2269 5611 2447 5666 insani
2480 5605 2886 5667 hominis'e'ssct
2915 5627 3154 5667 asserere
3211 5611 3457 5681 singulos
3503 5605 3772 5681 laudatos

2149 5680 2319 5737 libros
2344 5682 2488 5737 haud
2511 5683 2945 5753 Ambrosiiopus
2959 5699 3096 5749 esse,
3132 5681 3261 5755 quia
3291 5677 3557 5736 vocabula
3589 5677 3771 5733 nullo
