4068 6182
354 412 364 421 .
430 346 533 405 767

1234 346 1602 406 SERMONES
1639 347 1696 406 S.
1739 345 2094 406 AMBROSIO
2132 343 2501 406 HACTENUS
2539 344 2879 406 ASCRIPTI.

3622 350 3721 409 768

427 495 515 536 res
543 477 831 537 notissima
857 484 939 534 est
967 476 1072 549 (a).
1103 477 1186 533 En
1220 486 1403 534 autem
1433 477 1640 534 similia
1677 478 1936 550 leguntur
1966 478 2022 533 in
2052 479 2100 538 A
2137 473 2648 549 potiusexcludant;
2669 491 2788 549 quas
2806 474 3029 549 quidem
3050 475 3238 532 omnia
3251 478 3493 535 maxime
3513 478 3728 553 liquent

427 566 518 624 his
569 565 897 624 Sessorianis
948 566 1315 634 sermonibus,
1362 582 1498 639 quos
1556 566 1760 639 pariter
1807 583 2022 640 quoque

428 653 624 713 habuit
651 655 720 711 ad
745 653 894 722 illos,
926 654 1020 728 qui
1045 653 1158 727 jam
1191 654 1383 711 divina
1413 655 1750 727 professione
1779 655 2022 728 deputati

427 751 556 800 sunt
591 743 731 800 coaln
767 744 872 815 (b),
903 744 1110 817 quique
1147 742 1260 814 jam
1291 745 1498 801 mortui
1553 763 1648 818 per
1689 745 2022 817 baptismum

425 831 704 888 natalibus
735 832 950 900 mundi,
1002 832 1283 888 nobilitati
1321 849 1418 906 per
1461 835 1691 906 gratiam
1742 835 1857 890 nati
1895 840 2025 890 sunt

425 922 564 979 calo
605 924 710 994 (ο).
747 922 806 979 9ο
837 922 948 979 Nec
992 930 1056 978 ut
1105 922 1204 979 bos
1232 939 1511 980 sermones
1536 924 1844 980 tribuamus
1881 928 2027 980 Am-

424 1010 632 1081 brosio,
663 1010 794 1069 inde
835 1011 980 1067 nihil
1031 1012 1254 1069 videtur
1282 1013 1538 1070 accedere
1563 1013 2023 1082 conﬁrmationis,

425 1101 574 1174 quod
605 1102 662 1158 in
697 1100 812 1158 illis
837 1101 906 1157 ad
935 1101 1158 1172 vigilias
1190 1102 1574 1169 traducendas,
1606 1102 1950 1176 hymnosque
1973 1111 2027 1160 et

425 1191 666 1264 psalmos
686 1190 964 1248 canendos
984 1189 1174 1246 ﬁdeles
1189 1190 1390 1248 invitet
1407 1193 1519 1263 (d):
1544 1209 1668 1248 nam
1683 1191 1789 1248 hoc
1812 1191 1953 1248 nihil
1969 1192 2025 1248 in

425 1280 540 1336 suis
558 1280 781 1354 scriptis
797 1278 1128 1336 familiarius
1148 1279 1441 1339 Ambrosio
1460 1282 1556 1353 (e);
1577 1297 1736 1355 quem
1760 1281 2022 1354 primum,

425 1368 654 1426 Iustina
682 1367 1061 1441 persecutione
1089 1368 1356 1438 fervente,
1381 1370 1618 1443 vigilias,
1643 1388 1707 1428 ac
1735 1380 1796 1428 ut
1827 1372 2024 1444 hymni

425 1465 481 1514 et
525 1457 722 1531 psalmi
767 1457 824 1514 in
855 1457 1088 1515 ecclesia
1118 1467 1447 1516 canerentur
1479 1461 1785 1518 secundum
1818 1477 2024 1518 morem

426 1551 790 1609 Orientalium
810 1551 1051 1625 partium
1067 1551 2024 1626 iustituisse,tumSAugustinus“),

425 1648 543 1698 tum
575 1641 842 1698 Paulinus
870 1642 929 1698 in
958 1641 1239 1698 Ambrosii
1261 1642 1392 1698 Vita
1423 1644 1500 1714 (g)
1531 1650 1823 1699 testantur.
1855 1643 1946 1700 10o
1972 1651 2026 1700 et

428 1735 519 1792 11°
544 1735 750 1792 Verum
783 1743 847 1790 ut
866 1743 1190 1806 argumenta
1217 1734 1325 1790 alia
1356 1750 1467 1789 non
1498 1743 1698 1803 essent,
1731 1734 1862 1804 duo,
1881 1735 2025 1791 scili-

2131 581 2200 620 ex
2230 565 2398 621 variis
2435 565 2766 621 lectionibus
2795 565 3004 622 codicis
3032 567 3206 623 nostri
3234 567 3414 624 textui
3442 567 3724 641 subjectis,

2131 661 2194 710 ut
2221 655 2275 710 in
2303 671 2362 710 re
2381 655 2556 711 oculis
2582 653 2717 726 ipsis
2738 653 3078 726 inspicienda
3101 654 3310 711 diutius
3339 655 3624 712 immorari
3643 673 3728 714 su-

2134 759 2527 816 pervacaneum
2560 742 2788 799 omnino
2813 743 2905 812 sit,
2936 761 2996 801 ac
3023 744 3242 801 inutile.
3276 744 3365 800 12°
3396 752 3450 802 et
3481 746 3571 802 13°
3593 747 3728 804 Prai-

2136 842 2282 890 terea
2308 842 2455 891 certe
2480 834 2756 906 praeterire
2784 850 2895 890 non
2923 851 3166 906 possum,
3197 834 3347 891 hisce
3377 835 3434 891 in
3465 837 3730 894 sermoni-

2133 923 2237 980 bus
2258 941 2356 996 pro
2385 923 2751 980 Ambrosiano
2774 941 2923 981 more
2948 941 3226 998 nunquam
3257 925 3534 983 auditores
3554 925 3728 993 allici,

2137 1029 2314 1086 neque
2335 1021 2653 1070 accuratum
2681 1013 2954 1082 ordinem,
2984 1030 3162 1087 neque
3191 1014 3540 1071 artiﬁciosam
3567 1015 3732 1088 parti-

2135 1103 2345 1159 tionem
2363 1102 2568 1159 servari
2593 1121 2607 1171 ;
2627 1103 2902 1175 simulque
2921 1103 3306 1173 animadverti,
3324 1114 3605 1160 auctorem
3621 1121 3732 1162 non

2135 1193 2301 1248 semel
2331 1191 2601 1263 respicere
2643 1191 2710 1247 ad
2758 1193 2813 1249 S.
2860 1193 3051 1248 Basilii
3095 1209 3277 1265 opera,
3327 1209 3488 1266 quem
3519 1193 3732 1250 fontem

2135 1280 2489 1339 Ambrosium
2522 1281 2579 1336 in
2610 1282 2724 1338 suis
2745 1282 3044 1354 pangendis
3067 1281 3223 1338 libris
3245 1291 3599 1355 praegustasse
3619 1300 3734 1341 cer-

2136 1371 2415 1428 tissimum
2437 1379 2538 1428 est.
2562 1371 2797 1428 Exstant
2818 1370 3038 1444 quidem
3061 1388 3172 1444 prae
3189 1371 3314 1427 aliis
3332 1372 3387 1427 S.
3415 1372 3606 1430 Basilii
3637 1372 3733 1430 ho-

2138 1461 2326 1528 milim,
2359 1476 2478 1534 quas
2511 1460 2655 1516 inter
2681 1461 2854 1518 editas
2874 1467 3005 1517 sunt
3026 1461 3075 1528 7,
3108 1461 3161 1527 8,
3195 1460 3263 1519 20
3292 1467 3346 1516 et
3375 1460 3437 1518 21
3461 1459 3755 1541 (j),cujus

2136 1569 2264 1608 sane
2296 1552 2524 1608 materia
2567 1569 2692 1608 cum
2726 1552 2848 1608 istis
2881 1551 3160 1608 Ambrosii
3193 1551 3554 1610 concionibus
3583 1552 3734 1612 haud

2135 1657 2323 1714 parum
2369 1641 2533 1697 habet
2580 1640 2883 1698 aﬂinitatis.
2937 1639 3026 1696 14°
3064 1640 3198 1708 Quis
3249 1641 3472 1697 demum
3516 1642 3737 1716 ignorat

2135 1732 2340 1788 multos
2379 1730 2774 1789 Ambrosianos
2821 1729 3092 1788 excidisse
3131 1731 3452 1788 sermones?
3481 1731 3732 1790 Profecto

424 1832 510 1882 cet
538 1831 649 1880 tam
680 1839 897 1880 summa
923 1839 1138 1892 eorum,
1169 1840 1290 1897 quas
1339 1823 1397 1880 in
1429 1823 1516 1880 his
1547 1825 1892 1882 sermonibus
1929 1825 2026 1882 di—
2053 1840 2098 1900 Β
2132 1821 2371 1878 Maurini
2404 1823 2608 1878 multos
2636 1820 2915 1877 Ambrosii
2946 1819 3259 1894 deperditos
3288 1828 3595 1877 memorant
3628 1821 3734 1892 (k),

424 1919 631 1971 cuntur
659 1913 998 1970 contractius
1027 1929 1152 1970 cum
1201 1913 1299 1981 eis,
1333 1930 1453 1987 quas
1491 1915 1549 1970 in
1583 1914 2022 1971 enarrationibus

424 2003 484 2060 in
514 2002 758 2074 psalmis,
789 2003 1088 2076 praesertim
1113 2004 1306 2077 psalmi
1329 2022 1504 2061 cxvm
1543 2005 1719 2062 fusius
1745 2007 2019 2080 leguntur,

424 2091 752 2158 consensio;
785 2107 948 2164 quam
988 2091 1199 2161 eadem,
1245 2109 1352 2166 qua
1383 2093 1440 2148 in
1472 2093 1584 2149 illis
1627 2095 1827 2163 utitur,
1859 2102 1921 2150 ut
1964 2094 2021 2149 in

423 2180 707 2255 hucusque
725 2179 979 2237 admissis
1003 2180 1281 2237 Ambrosii
1300 2183 1558 2255 operibus
1578 2183 1866 2255 reperitur,
1891 2183 2020 2240 Vul-

425 2279 568 2344 gata,
585 2269 673 2326 vel
701 2270 814 2328 sola
828 2270 1142 2328 sufﬁcerent
1163 2280 1226 2327 ut
1255 2271 1648 2329 Ambrosianus
1677 2273 1780 2330 hos
1809 2281 2023 2330 nostros

423 2376 702 2419 sermones
729 2376 864 2429 esse,
897 2360 1106 2417 nemini
1135 2367 1346 2418 certum
1368 2377 1480 2418 non
1501 2361 1656 2418 ﬁeret
1684 2371 1739 2419 et
1775 2366 2022 2438 explora-

423 2459 563 2508 tum.
595 2453 834 2524 lngenue
862 2459 1045 2509 tamen
1076 2452 1251 2509 fateor
1277 2451 1395 2509 illic
1419 2451 1744 2526 quandoque
1774 2454 1899 2510 aliis
1925 2455 2022 2512 ali-

423 2541 570 2615 quod
592 2558 756 2600 sacrae
778 2541 1072 2615 Scriptura
1095 2542 1245 2598 locos
1268 2541 1450 2598 verbis
1470 2543 1628 2599 citari
1654 2562 1668 2610 ;
1700 2552 1755 2600 at
1785 2544 1839 2601 id
1877 2543 2020 2600 nihil

423 2646 648 2704 prorsus
663 2647 796 2688 mere
813 2631 1098 2688 sententiae
1111 2631 1327 2689 ofﬁcere
1346 2648 1526 2688 assero
1552 2649 1564 2688 :
1599 2640 1714 2688 tum
1745 2633 1874 2706 quia
1913 2659 1930 2680 ι
1953 2651 2023 2690 ex

422 2736 647 2794 operum
675 2720 732 2778 S.
750 2720 1029 2779 Ambrosii
1062 2721 1296 2778 lectione
1321 2721 1406 2793 (ut
1425 2721 1632 2779 Natalis
1655 2722 1814 2778 Alex.
1840 2721 2024 2780 verbis

419 2817 543 2866 utar
556 2810 662 2882 (h),
681 2826 801 2883 quae
818 2809 1160 2868 Benedictini
1181 2811 1418 2868 editores
1427 2810 1756 2867 conﬁrmant
1771 2813 1867 2885 (i))
1895 2829 2020 2868 con-

421 2907 546 2967 stat,
565 2916 692 2957 eum
714 2916 824 2956 non
847 2899 1041 2957 iisdem
1055 2917 1167 2957 sem
1178 2917 1272 2972 per
1287 2901 1473 2957 verbis
1489 2901 1705 2958 eosdem
1727 2902 2021 2974 Scriptum

422 3005 588 3047 sacras
617 2989 767 3047 locos
797 2991 1043 3047 laudasse
1070 3009 1084 3057 ;
1119 3015 1137 3038 ι
1175 2999 1289 3047 tum
1320 2991 1449 3064 quia
1479 2991 1535 3047 in
1565 2990 1894 3048 Sessorianis
1913 3009 2022 3050 ser-

423 3079 683 3138 monibus
710 3080 825 3137 haac
850 3097 962 3137 non
984 3080 1343 3137 conﬁrmatur
1361 3080 1651 3151 dissensio,
1675 3082 1781 3138 nisi
1805 3098 1943 3150 raro,
1969 3090 2022 3139 et

2135 1913 2430 1985 pluresque
2468 1911 2555 1967 vel
2591 1910 2720 1968 inde
2747 1909 3019 1982 conjicere
3061 1918 3163 1979 est,
3195 1926 3319 1967 cum
3355 1909 3498 1966 nihil
3528 1911 3738 1968 certius

2133 2001 2224 2069 sit,
2248 2001 2604 2059 Ambrosium
2632 2016 2742 2056 non
2778 1999 2942 2056 modo
2971 1999 3203 2073 singulis
3229 1999 3424 2056 diebus
3437 1998 3739 2058 dominicis

2131 2091 2516 2148 concionatnm
2537 2092 2724 2159 fuisse,
2749 2107 2939 2147 verum
2962 2091 3123 2147 etiam
3137 2090 3462 2164 quotidiauo
3481 2109 3739 2150 sermone

2133 2190 2277 2240 stato
2325 2182 2456 2238 anni
2503 2190 2750 2255 tempore
2780 2181 3222 2251 catechumenos,
3253 2189 3654 2254 competentes,
3689 2190 3742 2238 et

2133 2288 2322 2331 recens
2378 2272 2678 2345 baptizatos
2741 2272 2808 2343 (ι)
2869 2270 3217 2341 instruxisse,
3259 2279 3321 2328 ut
3365 2289 3431 2329 ex
3489 2272 3740 2346 ejusdem

2132 2362 2352 2435 scriptis
2389 2362 2512 2434 (m),
2545 2362 2630 2418 vel
2659 2369 2714 2417 et
2760 2378 2829 2418 ex
2875 2361 3324 2418 loculentissimis
3352 2362 3661 2435 Augustini
3690 2371 3742 2420 et

2131 2449 2350 2510 Paulini
2381 2449 2716 2507 testimoniis
2745 2446 3083 2524 compertum
3117 2450 3382 2508 habemus
3409 2453 3499 2523 (η)
3535 2470 3548 2508 :
3580 2469 3741 2510 aneo-

2132 2541 2292 2599 dotos
2313 2557 2441 2613 ergo
2460 2538 2853 2597 Ambrosianos
2880 2539 3156 2598 invenisse
3177 2556 3454 2597 sermones
3482 2541 3628 2598 mihi
3662 2543 3741 2597 in-

2134 2632 2320 2688 videat
2349 2647 2530 2698 nemo,
2563 2645 2738 2704 neque
2768 2630 3114 2687 conﬁdentiae
3164 2646 3250 2686 me
3299 2631 3607 2690 insimulet.
3652 2631 3738 2689 15.

2133 2723 2206 2779 Et
2235 2737 2292 2778 re
2317 2720 2540 2794 quidem
2573 2735 2703 2776 vera
2732 2735 2914 2776 nonne
2944 2719 3140 2776 horum
3163 2735 3479 2776 sermonum
3500 2719 3739 2778 Ambro-

2133 2812 2277 2868 sium
2300 2819 2576 2868 auctorem
2615 2809 2748 2866 facit
2765 2809 3042 2866 Sessorian
3053 2826 3113 2865 us
3133 2810 3354 2883 optimae
3383 2819 3527 2866 nota:
3558 2809 3740 2867 codex

2133 2901 2411 2958 miscellus
2433 2898 2534 2970 (ο),
2550 2899 2642 2971 qui
2665 2898 2890 2955 invidus
2913 2899 3063 2956 mille
3083 2909 3136 2957 et
3147 2901 3270 2973 plus
3293 2899 3453 2957 annis
3473 2899 3573 2957 bas
3587 2904 3742 2959 Am-

2131 2989 2417 3047 brosianas
2442 3003 2686 3059 gemmas
2701 2987 2952 3044 obvolvit
2973 2989 3002 3044 i’
3021 2989 3082 3046 In
3103 3006 3167 3045 eo
3188 2989 3410 3063 quippe,
3447 3005 3619 3046 manu
3649 3007 3739 3048 co-

2131 3079 2272 3136 dicis
2300 3076 2629 3150 antiquitate
2658 3078 2796 3151 pari,
2838 3077 2900 3136 S.
2954 3079 3232 3136 Ambrosii
3265 3079 3488 3137 nomine
3520 3079 3580 3136 hi
3623 3089 3737 3138 tres

421 3169 480 3226 in
527 3169 597 3226 iis
643 3176 858 3227 tantum
905 3170 1040 3228 locis
1079 3171 1338 3239 citandis,
1367 3188 1504 3245 quos
1540 3171 1773 3228 diversis
1801 3188 2016 3244 semper
2047 3202 2090 3263 ο
2131 3167 2513 3225 inscribuntur
2538 3182 2834 3226 sermones.
2859 3166 2960 3225 Cui
2983 3184 3109 3240 ergo
3130 3165 3295 3240 hujus
3313 3167 3559 3227 nominis
3577 3169 3732 3239 viro,

419 3257 605 3316 verbis
626 3274 757 3316 usus
777 3265 858 3316 est
878 3260 1204 3317 Ambrosius
1218 3260 1406 3328 citare;
1435 3267 1553 3317 tum
1574 3261 1704 3334 quia
1723 3259 2012 3317 varietates

420 3347 531 3406 illa
559 3349 694 3408 tales
713 3357 864 3422 sunt,
885 3357 948 3407 ut
968 3348 1104 3426 quin
1128 3350 1404 3424 duplicem
1425 3359 1657 3424 arguant
1677 3350 2007 3419 versionem,

491 3569 574 3642 (a)
604 3568 807 3642 Videris
837 3567 942 3624 hac
966 3568 1034 3624 de
1062 3582 1121 3624 re
1137 3565 1446 3642 Augustini
1477 3563 1876 3642 Confessiolmm
1909 3563 2007 3622 lib.

418 3636 632 3710 vr,'cap.
657 3638 690 3694 3
708 3647 763 3694 et
777 3638 830 3710 4,
854 3655 955 3694 nec
979 3654 1091 3710 non
1116 3636 1393 3710 Ambrosii
1426 3653 1608 3710 opera,
1636 3636 1698 3710 de
1729 3637 1879 3709 Fuga
1904 3653 2013 3692 ste-

416 3709 544 3777 culi,
573 3707 812 3766 delacob
840 3717 889 3763 et
925 3710 1039 3765 Vita
1078 3709 1247 3776 beata,
1269 3715 1323 3763 et
1351 3707 1412 3762 de
1439 3707 1725 3778 Mysteriis.

517 3781 569 3871 ιθ)
596 3780 777 3871 ἓεεξξῑιο
803 3781 862 3871 ἑ»
888 3779 923 3871 .§
954 3781 1014 3871 θλ
1037 3797 1090 3871 νς
1126 3777 1557 3871 ίξηατξίςεαξξίο
1590 3777 1882 3871 ίρὲπίίεο)

509 3849 564 3924 Ῐο)
595 3851 768 3908 Serm.
801 3851 854 3919 3,
887 3849 916 3923 ἓ
949 3849 1116 3924 10,“ρ.
1148 3851 1217 3907 26
1236 3849 1433 3921 (Infra
1468 3851 1560 3906 col.
1603 3850 1750 3922 135).
1862 3849 1868 3851 '

509 3923 569 3995 cl)
609 3922 784 3980 Serm.
838 3925 888 3992 1,
923 3921 1048 3995 Sb,
1079 3930 1139 3995 et
1168 3939 1331 3979 serm.
1362 3922 1416 3991 3,
1465 3922 1493 3994 ἓ
1539 3922 1626 3991 11,
1659 3939 1748 3995 pp.
1782 3922 1815 3979 6
1861 3930 1914 3979 et
1943 3921 2011 3980 30

420 3993 606 4066 (Infra
634 3996 756 4050 coll.
791 3995 894 4052 116
921 3993 968 4049 et
999 3993 1144 4064 140).

489 4063 561 4139 (e)
594 4067 675 4139 ita
697 4067 754 4139 in
790 4066 884 4139 lib.
917 4083 981 4135 ur
1007 4063 1259 4139 Heraens.
1301 4066 1326 4121 1
1363 4074 1420 4139 et_
1444 4065 1515 4132 5;
1544 4063 1642 4139 lib.
1676 4064 1807 4139 nde
1832 4067 2012 4139 Inter-

408 4135 551 4210 pell.
582 4138 804 4210 David,
835 4137 888 4205 6,
914 4144 1056 4210 tom.
1093 4139 1135 4205 Ι,
1185 4136 1242 4192 in
1275 4136 1489 4208 prcefat.
1523 4135 1591 4190 ad
1623 4136 1758 4210 psal.
1793 4153 1832 4202 ι,
1872 4137 2011 4210 etin

415 4205 642 4281 psalmis
670 4227 868 4278 vaui,
900 4209 990 4280 23,
1013 4225 1188 4266 cxvm
1212 4227 1225 4276 ;
1254 4205 1416 4264 serm.
1445 4210 1494 4276 7,
1528 4205 1648 4278 pag.
1667 4205 1756 4274 25,
1781 4214 1915 4263 tom.
1941 4209 2007 4277 ΙΙ,

415 4287 578 4336 atoue
605 4281 761 4336 alibi.

413 4287 578 4338 atque
605 4281 761 4338 alibi.

471 4296 578 4424 Ἐξ
595 4296 937 4422 Altigiistinus
967 4350 1158 4424 desua
1188 4357 1363 4424 matre
1379 4349 1503 4424 jam
1542 4349 1840 4424 Mediolani
1865 4366 2010 4407 com-

487 4367 563 4424 υ)
595 4367 937 4422 Augustinus
967 4367 1034 4407 (te
1060 4367 1158 4406 sua
1188 4367 1363 4406 matre
1416 4367 1503 4405 am
1542 4367 1840 4410 meatmam
1865 4367 2010 4407 com-

415 4423 652 4480 morauti
677 4423 752 4502 ita
769 4423 1014 4502 loquitur
1031 4421 1133 4502 lib.
1161 4367 1578 4502 tx_Con/Jess..,c.
1690 4423 2012 4502 :__Ib_i_ntater

414 4511 548 4560 mea,
580 4494 782 4549 ancilla
822 4492 912 4548 tua
943 4492 1177 4562 (scilicet
1205 4492 1510 4563 Ambrosii)
1540 4494 1936 4562 sollicitudinis,
1966 4501 2014 4549 et

2126 3272 2194 3313 ne
2215 3256 2422 3314 codicis
2442 3255 3194 3330 praetergrediamuraatatem,
3216 3258 3361 3327 illos,
3395 3266 3594 3332 praeter
3619 3259 3731 3315 Me-

2119 3347 2518 3416 diolanensem,
2548 3346 2895 3406 tribuemus?
2921 3349 3042 3406 Non
3077 3357 3222 3406 certe
3250 3349 3547 3407 Ambrosio
3576 3350 3723 3408 Ori-

2189 3567 2272 3640 (k)
2293 3568 2355 3640 In
2374 3566 2592 3624 Praefat.
2615 3566 2682 3640 ad
2711 3575 2846 3640 tom.
2870 3567 2945 3624 III
2965 3574 3019 3640 et
3040 3567 3137 3633 IV,
3151 3583 3310 3640 roper.
3332 3567 3395 3640 S.
3411 3566 3726 3626 Ambrosii.

2128 3638 2434 3698 Vide'etiam
2453 3640 2532 3695 sic
2563 3639 2905 3708 Cerilietum,
2929 3639 3067 3696 Hist.
3101 3638 3340 3708 générale
3366 3639 3454 3694 des
3484 3643 3728 3695 Auteurs

2119 3710 2818 3785 sacifésjt‘ecctésiastiques,
2852 3710 3143 3785 tom:_VlI,
3186 3727 3304 3785 pag.
3344 3709 3450 3767 574
3477 3718 3725 3785 etseqq.

2194 3783 2261 3852 (l)
2294 3781 2461 3837 Trina
2485 3781 2601 3838 haec
2633 3788 2944 3853 pervetusta
2962 3780 3402 3853 distinctio'cum
3429 3780 3729 3840 codicibus

2120 3853 2401 3926 Vaticanis
2430 3852 2740 3926 explicatur
2771 3869 2803 3908 a
2830 3853 2900 3909 cl.
2934 3853 3078 3926 Maio
3108 3852 3167 3907 in
3192 3860 3322 3926 nota
3352 3853 3377 3908 1
3410 3853 3482 3926 ad
3507 3855 3726 3926 Expla-

2130 3869 2401 3910 vaucanis
2430 3869 2740 3980 exooicatur
2771 3869 2803 3908 a
2830 3869 2900 3909 Cl.
2934 3869 3078 3909 maio
3108 3869 3167 3907 in
3192 3869 3322 3908 nora
3352 3869 3377 3908 ι
3410 3869 3482 3908 aa
3507 3869 3726 3926 Expla-

2119 3931 2230 4005 oat.
2262 3925 2512 4005 symbol‘ih
2559 3969 2570 3981 .
2605 3925 2831 4005 Nicetis
2850 3924 3161 3998 Aquileien.
3199 3924 3462 3996 episcopi,
3495 3941 3628 3998 pag.
3659 3925 3729 3983 35

2119 3994 2376 4054 Romanas
2407 3995 2539 4052 edit.
2569 4011 2659 4052 an.
2696 3994 2852 4051 1827.

2193 4069 2300 4138 (m)
2322 4067 2435 4122 Lib.
2473 4067 2540 4124 de
2569 4065 2847 4138 Mysteriis
2874 4083 2914 4134 ι,
2947 4066 3219 4138 tom.rAIII,
3235 4065 3345 4138 col.
3372 4065 3499 4138 408.

2194 4136 2279 4210 (η)
2310 4139 2514 4210 Reapse
2542 4136 2896 4210 Ambrosium
2931 4136 3162 4208 singulis
3187 4137 3396 4210 diebus~
3414 4137 3728 4195 dominicis

2121 4207 2506 4266 concionatnm
2533 4225 2648 4265 esse
2677 4209 2832 4265 testis
2861 4217 2943 4264 est
2973 4207 3310 4280 Augustinus
3343 4208 3438 4264 lib.
3467 4226 3530 4267 vr
3564 4210 3727 4268 Con-

2119 4281 2268 4362 [ess.,
2299 4298 2416 4362 cap.
2440 4280 2502 4362 8,
2536 4281 2816 4362 scribens:
2848 4281 2989 4362 Eum
3003 4281 3211 4362 quidem
3243 4280 3297 4362 in
3324 4281 3588 4362 populum
3607 4299 3725 4362 θεν.

2121 4353 2242 4408 bum
2261 4351 2498 4408 veritatis
2518 4359 2652 4407 recte
2671 4357 2978 4407 tractantem
2992 4351 3136 4406 omni
3149 4351 3232 4408 die
3250 4351 3511 4407 dominico
3535 4353 3724 4408 audie-

2121 4424 2258 4496 bam,
2290 4425 2368 4480 De
2405 4423 2724 4480 assiduitate
2743 4440 2907 4496 vero,
2934 4439 3041 4496 qua
3071 4423 3449 4496 baptizandos
3473 4423 3720 4496 docebat

2121 4495 2465 4561 Ambrosius,
2493 4496 2573 4552 sic
2601 4495 2864 4551 Paulinus
2884 4493 3089 4566 in'ejus
3113 4493 3266 4562 Vita,
3298 4511 3358 4566 n.
3391 4494 3481 4561 38,
3515 4495 3723 4566 loqui—

410 4564 723 4638 vigiliarum
746 4566 956 4638 primas
973 4570 1161 4638 (sums,
1194 4561 1521 4638 orationibus
1549 4565 1769 4638 vivebat;
1803 4573 1857 4621 et
1887 4561 2009 4636 pust
2041 4561 2091 4621 D
2120 4574 2211 4623 tur
2237 4585 2248 4624 :
2281 4569 2346 4623 In
2375 4567 2528 4622 rebus
2556 4567 2712 4622 etiam
2751 4567 2946 4622 divinis
2970 4561 3256 4638 implendis
3277 4561 3630 4635 fortissimus,
3663 4568 3724 4622 in

414 4635 585 4710 pauca
614 4635 998 4710 prosequitur:
1031 4637 1173 4710 (tunc
1190 4635 1370 4710 hymni
1391 4640 1440 4689 et
1455 4636 1653 4710 psalmi
1682 4643 1743 4710 ut
1767 4635 2008 4710 caneren-

2119 4645 2320 4694 tantum
2349 4645 2409 4694 ut
2432 4637 2572 4708 quod
2587 4639 2772 4693 solitus
2801 4645 2917 4694 erat
2938 4637 3079 4693 circa
3095 4638 3440 4709 baptizandus
3454 4640 3602 4694 solus
3622 4640 3721 4694 im-

416 4706 506 4763 tur
534 4706 816 4782 secundum
845 4723 1044 4782 rnorem
1076 4706 1426 4764 Orientalium
1441 4706 1682 4782 partium
1711 4708 2009 4782 institutum
2111 4711 2276 4782 plere,
2300 4706 2528 4780 quinéue
2545 4715 2726 4780 postea
2751 4709 2979 4781 episcopi
2993 4706 3222 4781 tempore
3247 4727 3350 4780 quo
3369 4710 3608 4779 decessit,
3623 4711 3722 4765 vis:

414 4785 507 4848 est,
533 4785 579 4851 et
596 4797 661 4834 ea;
680 4781 776 4836 illo
795 4780 853 4834 in
871 4778 1178 4834 hodiernum
1199 4784 1472 4846 retentum,
1498 4781 1679 4835 multis
1692 4779 1810 4848 jam
1829 4787 1875 4835 et
1884 4798 2010 4851 pene

413 4850 654 4923 omnibus
679 4852 930 4923 gregibus,
949 4851 1073 4917 tuis,
1095 4856 1143 4904 et
1164 4867 1261 4923 per
1287 4856 1474 4923 cetera
1490 4851 1634 4923 orbis
1655 4850 2002 4908 imitantibus.

414 4921 652 4980 Consule
682 4921 845 4979 etiam
879 4921 974 4978 lib.
1009 4937 1066 4976 ιχ
1097 4921 1341 4978 άεείυἱι.
1365 4922 1483 4982 Dei,
1509 4922 1594 4990 12,
1626 4923 1730 4979 col.
1771 4923 1894 4980 162.

487 4993 565 5066 (g)
597 4993 763 5066 Ibid,
785 5011 840 5066 n.
876 4993 961 5066 13,
986 4993 1063 5048 ait
1083 4993 1376 5066 Paulinus:
1402 4994 1511 5066 Hoc
1538 5001 2007 5066 tempore,onempe

412 5064 524 5138 quo
546 5064 743 5138 Ariani
782 5065 1064 5138 basilicam
1099 5065 1412 5138 Portianam
1456 5064 1715 5138 invadere
1745 5064 2008 5138 niteban-

412 5136 524 5203 tur,
553 5137 788 5208 primum
812 5137 1135 5209 antiphonas,
1149 5137 1348 5209 hymni,
1379 5153 1442 5191 ac
1470 5136 1666 5206 vigiliae
1691 5137 1747 5190 in
1775 5136 2010 5209 Ecclesia

409 5207 792 5281 Mediolanensi
815 5207 1069 5266 celebrari
1088 5207 1369 5281 creperum.
1403 5209 1572 5279 Cujus
1591 5207 1904 5281 celebritatis
1917 5208 2007 5281 _de-

411 5280 550 5336 vatio
577 5297 740 5352 usque
777 5282 834 5337 in
871 5279 1181 5338 hodiernum
1209 5283 1347 5338 diem
1391 5281 1698 5352 nonsolum
1740 5279 1796 5333 in
1834 5279 2009 5352 eadm

411 5350 671 5420 Ecclesia,
699 5371 884 5410 verum
906 5369 1006 5426 per
1033 5371 1210 5412 omnes
1231 5369 1362 5425 pene
1403 5351 1691 5407 Occidentis
1704 5350 2009 5422 provincias

408 5432 600 5483 manet.

483 5498 563 5567 (lt)
594 5497 735 5555 Hist.
766 5499 992 5567 Eccles.,
1041 5514 1165 5554 saec.
1199 5513 1276 5554 Iv.
1305 5501 1447 5566 part.
1483 5511 1521 5562 ι,
1562 5509 1616 5565 p.
1648 5493 1774 5567 508,
1815 5495 1918 5550 col.
1952 5496 2004 5552 2.

483 5565 558 5643 (ἰ)
585 5571 647 5643 I_n
679 5570 890 5643 praefat.
921 5565 1010 5643 ap.
1046 5569 1216 5643 libros
1345 5565 1720 5643 socramentio,
1755 5572 1884 5643 tom.
1911 5568 2004 5624 ΠΙ.

483 5631 558 5769 if)
590 5631 746 5696 Tom.
799 5642 849 5697 II
888 5631 1113 5769 operum
1161 5631 1215 5696 S.
1272 5636 1464 5694 Basilii
1499 5636 1633 5694 edit.
1668 5637 1865 5710 Paris.,
1915 5655 2005 5701 an.

413 5710 476 5778 17
520 5710 571 5779 1,
605 5726 728 5786 pag.
752 5711 844 5781 51,
875 5713 910 5770 6
950 5754 967 5782 ,
1007 5713 1109 5771 156
1135 5719 1356 5786 etseqq.

416 5727 571 5779 .1111,
752 5727 844 5781 ea,
875 5727 967 5795 σε,
1007 5727 1109 5771 150
1135 5727 1190 5770 et
1205 5727 1356 5790 seqq.

2115 4782 2410 4837 implerent.

2186 4799 2580 4922 i’otiriii‘eodice
2607 4861 2731 4924 Post
2750 4868 2950 4924 nomen
2979 4851 3464 4924 Αηιὸνφεὶίιίίυ¹¹¹⁸
3481 4851 3722 4924 episcopi

2116 4923 2394 4997 omittitur
2417 4939 2429 4990 ;
2453 4930 2693 4997 attamen
2716 4940 2830 4997 non
2849 4923 2980 4997 hinc
2997 4923 3315 4997 aliquisbos
3338 4939 3621 4997 sermones
3640 4923 3722 4979 al-

2115 4995 2220 5051 teri
2265 4994 2558 5067 Ambrosio
2611 5013 2641 5050 a
2691 4994 3392 5067 Mediolanensi'episcopo
3444 4994 3721 5052 distincto

2116 5075 2367 5140 acceptos
2394 5066 2626 5122 referat:
2655 5083 2783 5140 nam
2815 5067 2860 5122 si
2891 5067 3098 5124 codicis
3125 5066 3295 5140 aetati,
3325 5066 3370 5122 si
3393 5082 3718 5140 sermonum

2117 5136 2284 5209 style,
2328 5145 2382 5194 et
2410 5136 2717 5205 sententiis,
2751 5154 3052 5209 eorumque
3074 5137 3322 5209 auctoris
3359 5138 3629 5204 moribus,
3663 5145 3721 5194 et

2118 5208 2372 5266 instituto
2404 5210 2544 5265 ratio
2565 5209 2846 5274 habeatur,
2881 5208 3018 5265 nulli
3037 5208 3154 5280 ejus
3182 5209 3445 5276 nominis,
3474 5209 3583 5265 nisi
3603 5209 3719 5264 Me-

2117 5281 2422 5353 diolanensi
2454 5281 2708 5353 episcopo
2728 5281 3051 5338 tribuendos
3064 5281 3454 5353 esse,fateatur
3473 5287 3717 5353 oportet,

2117 5351 2384 5410 Caeterum
2417 5351 2532 5409 tum
2564 5351 2888 5419 sanctitatis,
2908 5369 3033 5408 cum
3065 5351 3565 5424 dignitatistituIOS
3591 5367 3716 5424 pas-

2118 5424 2219 5480 sim
2252 5424 2310 5480 in
2339 5424 2583 5496 antiquis
2611 5424 2895 5482 codicibus
2925 5425 3011 5480 vel
3041 5421 3460 5496 consuetudine,
3498 5421 3717 5496 vel'po-

2119 5495 2232 5576 tius
2250 5493 2507 5576 socordia
2546 5496 2973 5568 praetermittunt
3006 5495 3264 5576 librarii;
3297 5503 3351 5576 et
3395 5493 3715 5576 quidomiin

2117 5567 2233 5640 hoc,
2247 5567 2365 5639 ipso
2386 5566 2595 5640 codice,
2608 5585 2696 5624 ex.
2717 5585 2791 5640 g.,
2810 5567 3081 5640 nonnulla
3090 5567 3361 5640 popuscula
3380 5566 3719 5638 simpliciter

2118 5640 2179 5710 S.
2206 5637 2517 5710 Augustino
2561 5637 2872 5696 constanter
2917 5637 3316 5710 inscribuntur,
3351 5637 3715 5710 quaa’tamen

2117 5709 2186 5774 ad
2217 5708 2481 5784 Hippone:
2508 5711 2822 5786 episcopum
2847 5709 3151 5768 certissime
3181 5708 3479 5782 pertinent.
