  <div class='ocr_page' id='page_1' title='image "/cluster/home/n/w/nwhite01/storage/ocr_20150623/17/hvd.32044096580436/391.png"; bbox 0 0 4068 6182; ppageno 0'>
   <div class='ocr_carea' id='block_1_1' title="bbox 463 249 563 308">
    <p class='ocr_par' dir='ltr' id='par_1_1' title="bbox 463 249 563 308">
     <span class='ocr_line' id='line_1_1' title="bbox 463 249 563 308; baseline 0 0"><span class='ocrx_word' id='word_1_1' title='bbox 463 249 563 308; x_wconf 91' lang='lat'><strong>771</strong></span> 
     </span>
    </p>
   </div>
   <div class='ocr_carea' id='block_1_2' title="bbox 1469 248 2726 309">
    <p class='ocr_par' dir='ltr' id='par_1_2' title="bbox 1469 248 2726 309">
     <span class='ocr_line' id='line_1_2' title="bbox 1469 248 2726 309; baseline 0 -1"><span class='ocrx_word' id='word_1_2' title='bbox 1469 252 1564 308; x_wconf 88' lang='lat' dir='ltr'><strong>AD</strong></span> <span class='ocrx_word' id='word_1_3' title='bbox 1603 251 1840 308; x_wconf 81' lang='lat' dir='ltr'><strong>OPERA</strong></span> <span class='ocrx_word' id='word_1_4' title='bbox 1877 251 1933 308; x_wconf 93' lang='lat' dir='ltr'><strong>S.</strong></span> <span class='ocrx_word' id='word_1_5' title='bbox 1975 249 2308 309; x_wconf 84' lang='lat' dir='ltr'><strong>AMBROSII</strong></span> <span class='ocrx_word' id='word_1_6' title='bbox 2345 248 2726 308; x_wconf 86' lang='lat' dir='ltr'><strong>APPENDIX.</strong></span> 
     </span>
    </p>
   </div>
   <div class='ocr_carea' id='block_1_3' title="bbox 3656 250 3765 309">
    <p class='ocr_par' dir='ltr' id='par_1_3' title="bbox 3656 250 3765 309">
     <span class='ocr_line' id='line_1_3' title="bbox 3656 250 3765 309; baseline -0.018 0"><span class='ocrx_word' id='word_1_7' title='bbox 3656 250 3765 309; x_wconf 74' lang='lat'><strong>772</strong></span> 
     </span>
    </p>
   </div>
   <div class='ocr_carea' id='block_1_4' title="bbox 462 373 3766 448">
    <p class='ocr_par' dir='ltr' id='par_1_4' title="bbox 462 373 3766 448">
     <span class='ocr_line' id='line_1_4' title="bbox 462 373 3766 448; baseline 0 -15"><span class='ocrx_word' id='word_1_8' title='bbox 462 377 601 434; x_wconf 90' lang='lat' dir='ltr'><strong>situs</strong></span> <span class='ocrx_word' id='word_1_9' title='bbox 629 375 696 432; x_wconf 89' lang='lat' dir='ltr'><strong>ab</strong></span> <span class='ocrx_word' id='word_1_10' title='bbox 729 375 991 431; x_wconf 91' lang='lat' dir='ltr'><strong>Anselmo</strong></span> <span class='ocrx_word' id='word_1_11' title='bbox 1022 374 1235 442; x_wconf 92' lang='lat' dir='ltr'><strong>abbate,</strong></span> <span class='ocrx_word' id='word_1_12' title='bbox 1268 374 1622 431; x_wconf 81' lang='lat' dir='ltr'><strong>continentur</strong></span> <span class='ocrx_word' id='word_1_13' title='bbox 1651 374 1898 430; x_wconf 72' lang='lat' dir='ltr'><strong>homilize</strong></span> <span class='ocrx_word' id='word_1_14' title='bbox 1931 373 2040 430; x_wconf 55' lang='lat'><strong>73&#39;:</strong></span> <span class='ocrx_word' id='word_1_15' title='bbox 2083 379 2134 437; x_wconf 85' lang='grc' dir='ltr'><strong>Α</strong></span> <span class='ocrx_word' id='word_1_16' title='bbox 2161 374 2396 431; x_wconf 89' lang='lat' dir='ltr'><strong>rissimis</strong></span> <span class='ocrx_word' id='word_1_17' title='bbox 2424 375 2626 440; x_wconf 84' lang='lat' dir='ltr'><strong>verbis,</strong></span> <span class='ocrx_word' id='word_1_18' title='bbox 2658 383 2713 430; x_wconf 89' lang='lat' dir='ltr'><strong>et</strong></span> <span class='ocrx_word' id='word_1_19' title='bbox 2741 373 2964 448; x_wconf 98' lang='lat' dir='ltr'><strong>quidem</strong></span> <span class='ocrx_word' id='word_1_20' title='bbox 2986 373 3164 446; x_wconf 89' lang='lat' dir='ltr'><strong>prima</strong></span> <span class='ocrx_word' id='word_1_21' title='bbox 3180 390 3348 430; x_wconf 88' lang='lat' dir='ltr'><strong>manu</strong></span> <span class='ocrx_word' id='word_1_22' title='bbox 3377 374 3433 431; x_wconf 93' lang='lat' dir='ltr'><strong>S.</strong></span> <span class='ocrx_word' id='word_1_23' title='bbox 3465 375 3766 433; x_wconf 79' lang='lat' dir='ltr'><strong>Ambrosio</strong></span> 
     </span>
    </p>
   </div>
   <div class='ocr_carea' id='block_1_5' title="bbox 462 463 2053 539">
    <p class='ocr_par' dir='ltr' id='par_1_5' title="bbox 462 463 2053 539">
     <span class='ocr_line' id='line_1_5' title="bbox 462 463 2053 539; baseline -0.002 -18"><span class='ocrx_word' id='word_1_24' title='bbox 462 480 531 521; x_wconf 92' lang='lat' dir='ltr'><strong>ex</strong></span> <span class='ocrx_word' id='word_1_25' title='bbox 561 465 764 539; x_wconf 86' lang='lat' dir='ltr'><strong>quibus</strong></span> <span class='ocrx_word' id='word_1_26' title='bbox 808 465 1078 536; x_wconf 74' lang='lat' dir='ltr'><strong>pleneque</strong></span> <span class='ocrx_word' id='word_1_27' title='bbox 1104 463 1163 517; x_wconf 90' lang='lat' dir='ltr'><strong>in</strong></span> <span class='ocrx_word' id='word_1_28' title='bbox 1201 463 1388 519; x_wconf 85' lang='lat' dir='ltr'><strong>Sancti</strong></span> <span class='ocrx_word' id='word_1_29' title='bbox 1418 463 1562 518; x_wconf 87' lang='lat' dir='ltr'>Galli</span> <span class='ocrx_word' id='word_1_30' title='bbox 1594 464 1896 535; x_wconf 88' lang='lat' dir='ltr'><strong>exemplari</strong></span> <span class='ocrx_word' id='word_1_31' title='bbox 1944 463 2053 518; x_wconf 88' lang='lat' dir='ltr'><strong>ha-</strong></span> 
     </span>
    </p>
   </div>
   <div class='ocr_carea' id='block_1_6' title="bbox 461 551 2050 624">
    <p class='ocr_par' dir='ltr' id='par_1_6' title="bbox 461 551 2050 624">
     <span class='ocr_line' id='line_1_6' title="bbox 461 551 2050 624; baseline -0.004 -12"><span class='ocrx_word' id='word_1_32' title='bbox 461 555 682 612; x_wconf 85' lang='lat' dir='ltr'><strong>bentur.</strong></span> <span class='ocrx_word' id='word_1_33' title='bbox 712 553 1045 624; x_wconf 89' lang='lat' dir='ltr'><strong>Inscriptum</strong></span> <span class='ocrx_word' id='word_1_34' title='bbox 1079 560 1194 608; x_wconf 90' lang='lat' dir='ltr'><strong>erat</strong></span> <span class='ocrx_word' id='word_1_35' title='bbox 1223 552 1281 606; x_wconf 89' lang='lat' dir='ltr'><strong>in</strong></span> <span class='ocrx_word' id='word_1_36' title='bbox 1301 551 1483 606; x_wconf 89' lang='lat' dir='ltr'><strong>fronte</strong></span> <span class='ocrx_word' id='word_1_37' title='bbox 1513 551 1718 608; x_wconf 86' lang='lat' dir='ltr'><strong>codicis</strong></span> <span class='ocrx_word' id='word_1_38' title='bbox 1741 568 1941 608; x_wconf 89' lang='lat' dir='ltr'><strong>nomen</strong></span> <span class='ocrx_word' id='word_1_39' title='bbox 1961 569 2050 606; x_wconf 86' lang='lat' dir='ltr'><strong>au-</strong></span> 
     </span>
    </p>
   </div>
   <div class='ocr_carea' id='block_1_7' title="bbox 461 641 2050 709">
    <p class='ocr_par' dir='ltr' id='par_1_7' title="bbox 461 641 2050 709">
     <span class='ocr_line' id='line_1_7' title="bbox 461 641 2050 709; baseline -0.001 -8"><span class='ocrx_word' id='word_1_40' title='bbox 461 643 662 709; x_wconf 86' lang='lat' dir='ltr'><strong>ctoris;</strong></span> <span class='ocrx_word' id='word_1_41' title='bbox 689 643 784 697; x_wconf 87' lang='lat' dir='ltr'><strong>sed</strong></span> <span class='ocrx_word' id='word_1_42' title='bbox 811 657 875 697; x_wconf 91' lang='lat' dir='ltr'><strong>eo</strong></span> <span class='ocrx_word' id='word_1_43' title='bbox 895 642 1089 697; x_wconf 90' lang='lat' dir='ltr'><strong>abraso</strong></span> <span class='ocrx_word' id='word_1_44' title='bbox 1118 641 1290 697; x_wconf 79' lang='lat' dir='ltr'>sancti</span> <span class='ocrx_word' id='word_1_45' title='bbox 1316 641 1595 696; x_wconf 83' lang='lat' dir='ltr'><strong>Ambrosii</strong></span> <span class='ocrx_word' id='word_1_46' title='bbox 1617 658 1817 698; x_wconf 89' lang='lat' dir='ltr'>nomen</span> <span class='ocrx_word' id='word_1_47' title='bbox 1848 643 2050 699; x_wconf 90' lang='lat' dir='ltr'><strong>substi-</strong></span> 
     </span>
    </p>
   </div>
   <div class='ocr_carea' id='block_1_8' title="bbox 463 731 2053 804">
    <p class='ocr_par' dir='ltr' id='par_1_8' title="bbox 463 731 2053 804">
     <span class='ocr_line' id='line_1_8' title="bbox 463 731 2053 804; baseline -0.001 -16"><span class='ocrx_word' id='word_1_48' title='bbox 463 740 664 788; x_wconf 87' lang='lat' dir='ltr'><strong>tutum.</strong></span> <span class='ocrx_word' id='word_1_49' title='bbox 695 732 936 787; x_wconf 87' lang='lat' dir='ltr'><strong>Maxima</strong></span> <span class='ocrx_word' id='word_1_50' title='bbox 967 748 1090 804; x_wconf 86' lang='lat' dir='ltr'><strong>pars</strong></span> <span class='ocrx_word' id='word_1_51' title='bbox 1118 738 1300 786; x_wconf 89' lang='lat' dir='ltr'><strong>tamen</strong></span> <span class='ocrx_word' id='word_1_52' title='bbox 1331 731 1526 786; x_wconf 90' lang='lat' dir='ltr'><strong>harum</strong></span> <span class='ocrx_word' id='word_1_53' title='bbox 1547 731 1900 787; x_wconf 82' lang='lat' dir='ltr'><strong>homiliaruin</strong></span> <span class='ocrx_word' id='word_1_54' title='bbox 1925 741 2053 788; x_wconf 89' lang='lat' dir='ltr'><strong>sunt</strong></span> 
     </span>
    </p>
   </div>
   <div class='ocr_carea' id='block_1_9' title="bbox 458 821 2052 894">
    <p class='ocr_par' dir='ltr' id='par_1_9' title="bbox 458 821 2052 894">
     <span class='ocr_line' id='line_1_9' title="bbox 458 821 2052 894; baseline 0.001 -17"><span class='ocrx_word' id='word_1_55' title='bbox 458 822 708 890; x_wconf 83' lang='lat' dir='ltr'><strong>Maximi,</strong></span> <span class='ocrx_word' id='word_1_56' title='bbox 740 822 952 878; x_wconf 85' lang='lat' dir='ltr'><strong>tametsi</strong></span> <span class='ocrx_word' id='word_1_57' title='bbox 991 822 1238 894; x_wconf 72' lang='lat' dir='ltr'><strong>quaedam</strong></span> <span class='ocrx_word' id='word_1_58' title='bbox 1271 821 1392 877; x_wconf 59' lang='lat' dir='ltr'><strong>alia)</strong></span> <span class='ocrx_word' id='word_1_59' title='bbox 1426 822 1748 894; x_wconf 85' lang='lat' dir='ltr'><strong>Hieronymi</strong></span> <span class='ocrx_word' id='word_1_60' title='bbox 1778 830 1831 877; x_wconf 92' lang='lat' dir='ltr'><strong>et</strong></span> <span class='ocrx_word' id='word_1_61' title='bbox 1857 823 2052 894; x_wconf 80' lang='lat' dir='ltr'><strong>Augu—</strong></span> 
     </span>
    </p>
   </div>
   <div class='ocr_carea' id='block_1_10' title="bbox 459 910 2054 985">
    <p class='ocr_par' dir='ltr' id='par_1_10' title="bbox 459 910 2054 985">
     <span class='ocr_line' id='line_1_10' title="bbox 459 910 2054 985; baseline 0.001 -19"><span class='ocrx_word' id='word_1_62' title='bbox 459 911 591 967; x_wconf 90' lang='lat' dir='ltr'><strong>stini</strong></span> <span class='ocrx_word' id='word_1_63' title='bbox 642 910 743 966; x_wconf 88' lang='lat' dir='ltr'><strong>sub</strong></span> <span class='ocrx_word' id='word_1_64' title='bbox 785 928 973 966; x_wconf 88' lang='lat' dir='ltr'><strong>eorum</strong></span> <span class='ocrx_word' id='word_1_65' title='bbox 1007 911 1231 966; x_wconf 90' lang='lat' dir='ltr'><strong>nomine</strong></span> <span class='ocrx_word' id='word_1_66' title='bbox 1271 911 1488 985; x_wconf 67' lang='lat' dir='ltr'><strong>insertae</strong></span> <span class='ocrx_word' id='word_1_67' title='bbox 1518 919 1663 966; x_wconf 89' lang='lat' dir='ltr'><strong>sunt.</strong></span> <span class='ocrx_word' id='word_1_68' title='bbox 1692 936 1710 959; x_wconf 75' lang='grc' dir='ltr'><strong><em>ι</em></strong></span> <span class='ocrx_word' id='word_1_69' title='bbox 1769 911 1880 967; x_wconf 87' lang='lat' dir='ltr'><strong>Nec</strong></span> <span class='ocrx_word' id='word_1_70' title='bbox 1931 911 2054 967; x_wconf 85' lang='lat' dir='ltr'><strong>aliis</strong></span> 
     </span>
    </p>
   </div>
   <div class='ocr_carea' id='block_1_11' title="bbox 459 1001 2054 1074">
    <p class='ocr_par' dir='ltr' id='par_1_11' title="bbox 459 1001 2054 1074">
     <span class='ocr_line' id='line_1_11' title="bbox 459 1001 2054 1074; baseline -0.001 -16"><span class='ocrx_word' id='word_1_71' title='bbox 459 1002 645 1058; x_wconf 84' lang='lat' dir='ltr'><strong>verbis</strong></span> <span class='ocrx_word' id='word_1_72' title='bbox 675 1002 825 1058; x_wconf 91' lang='lat' dir='ltr'><strong>hunc</strong></span> <span class='ocrx_word' id='word_1_73' title='bbox 853 1001 1096 1057; x_wconf 87' lang='lat' dir='ltr'><strong>codicem</strong></span> <span class='ocrx_word' id='word_1_74' title='bbox 1121 1002 1357 1057; x_wconf 83' lang='lat' dir='ltr'><strong>celebrat</strong></span> <span class='ocrx_word' id='word_1_75' title='bbox 1381 1001 1760 1070; x_wconf 91' lang='lat' dir='ltr'><strong>Blanchinius,</strong></span> <span class='ocrx_word' id='word_1_76' title='bbox 1779 1002 2054 1074; x_wconf 83' lang='lat' dir='ltr'><strong>simulque</strong></span> 
     </span>
    </p>
   </div>
   <div class='ocr_carea' id='block_1_12' title="bbox 459 1089 2054 1162">
    <p class='ocr_par' dir='ltr' id='par_1_12' title="bbox 459 1089 2054 1162">
     <span class='ocr_line' id='line_1_12' title="bbox 459 1089 2054 1162; baseline -0.001 -16"><span class='ocrx_word' id='word_1_77' title='bbox 459 1089 798 1146; x_wconf 86' lang='lat' dir='ltr'><strong>novissimus</strong></span> <span class='ocrx_word' id='word_1_78' title='bbox 827 1090 1004 1146; x_wconf 88' lang='lat' dir='ltr'><strong>editor</strong></span> <span class='ocrx_word' id='word_1_79' title='bbox 1032 1092 1309 1146; x_wconf 81' lang='lat' dir='ltr'><strong>Romanus</strong></span> <span class='ocrx_word' id='word_1_80' title='bbox 1339 1106 1562 1161; x_wconf 88' lang='lat' dir='ltr'><strong>operum</strong></span> <span class='ocrx_word' id='word_1_81' title='bbox 1590 1090 1645 1145; x_wconf 92' lang='lat' dir='ltr'><strong>S.</strong></span> <span class='ocrx_word' id='word_1_82' title='bbox 1685 1089 1934 1156; x_wconf 84' lang='lat' dir='ltr'><strong>Maximi,</strong></span> <span class='ocrx_word' id='word_1_83' title='bbox 1959 1089 2054 1162; x_wconf 87' lang='lat' dir='ltr'><strong>qui</strong></span> 
     </span>
    </p>
   </div>
   <div class='ocr_carea' id='block_1_13' title="bbox 460 1176 2056 1251">
    <p class='ocr_par' dir='ltr' id='par_1_13' title="bbox 460 1176 2056 1251">
     <span class='ocr_line' id='line_1_13' title="bbox 460 1176 2056 1251; baseline 0 -17"><span class='ocrx_word' id='word_1_84' title='bbox 460 1176 518 1234; x_wconf 88' lang='lat' dir='ltr'><strong>in</strong></span> <span class='ocrx_word' id='word_1_85' title='bbox 548 1179 870 1251; x_wconf 76' lang='lat' dir='ltr'><strong>praefatione</strong></span> <span class='ocrx_word' id='word_1_86' title='bbox 902 1180 984 1250; x_wconf 86' lang='grc' dir='ltr'><strong>(α)</strong></span> <span class='ocrx_word' id='word_1_87' title='bbox 1017 1179 1094 1234; x_wconf 89' lang='lat' dir='ltr'><strong>ita</strong></span> <span class='ocrx_word' id='word_1_88' title='bbox 1126 1178 1286 1234; x_wconf 92' lang='lat' dir='ltr'><strong>illum</strong></span> <span class='ocrx_word' id='word_1_89' title='bbox 1306 1187 1557 1234; x_wconf 88' lang='lat' dir='ltr'><strong>accurate</strong></span> <span class='ocrx_word' id='word_1_90' title='bbox 1576 1179 1856 1235; x_wconf 86' lang='lat' dir='ltr'><strong>describit:</strong></span> <span class='ocrx_word' id='word_1_91' title='bbox 1880 1181 2056 1234; x_wconf 76' lang='lat' dir='ltr'><strong>«Alter</strong></span> 
     </span>
    </p>
   </div>
   <div class='ocr_carea' id='block_1_14' title="bbox 463 1267 2053 1340">
    <p class='ocr_par' dir='ltr' id='par_1_14' title="bbox 463 1267 2053 1340">
     <span class='ocr_line' id='line_1_14' title="bbox 463 1267 2053 1340; baseline -0.001 -17"><span class='ocrx_word' id='word_1_92' title='bbox 463 1275 545 1323; x_wconf 90' lang='lat' dir='ltr'><strong>est</strong></span> <span class='ocrx_word' id='word_1_93' title='bbox 575 1268 999 1340; x_wconf 66' lang='lat' dir='ltr'><strong>praecipuorum,</strong></span> <span class='ocrx_word' id='word_1_94' title='bbox 1025 1284 1161 1340; x_wconf 91' lang='lat' dir='ltr'><strong>quos</strong></span> <span class='ocrx_word' id='word_1_95' title='bbox 1177 1267 1318 1335; x_wconf 86' lang='lat' dir='ltr'><strong>dixi,</strong></span> <span class='ocrx_word' id='word_1_96' title='bbox 1336 1267 1510 1324; x_wconf 85' lang='lat' dir='ltr'><strong>codex</strong></span> <span class='ocrx_word' id='word_1_97' title='bbox 1524 1268 1898 1323; x_wconf 85' lang='lat' dir='ltr'><strong>Nonantulani</strong></span> <span class='ocrx_word' id='word_1_98' title='bbox 1920 1268 2053 1322; x_wconf 89' lang='lat' dir='ltr'><strong>olim</strong></span> 
     </span>
    </p>
   </div>
   <div class='ocr_carea' id='block_1_15' title="bbox 461 1356 2055 1427">
    <p class='ocr_par' dir='ltr' id='par_1_15' title="bbox 461 1356 2055 1427">
     <span class='ocr_line' id='line_1_15' title="bbox 461 1356 2055 1427; baseline -0.002 -13"><span class='ocrx_word' id='word_1_99' title='bbox 461 1356 781 1414; x_wconf 85' lang='lat' dir='ltr'><strong>monasterii</strong></span> <span class='ocrx_word' id='word_1_100' title='bbox 813 1356 868 1411; x_wconf 89' lang='lat' dir='ltr'><strong>in</strong></span> <span class='ocrx_word' id='word_1_101' title='bbox 895 1372 1023 1427; x_wconf 83' lang='lat' dir='ltr'><strong>agro</strong></span> <span class='ocrx_word' id='word_1_102' title='bbox 1051 1356 1540 1424; x_wconf 87' lang='lat' dir='ltr'><strong>Mutinensi,nunc</strong></span> <span class='ocrx_word' id='word_1_103' title='bbox 1565 1357 1826 1412; x_wconf 68' lang='lat' dir='ltr'><strong>Romana:</strong></span> <span class='ocrx_word' id='word_1_104' title='bbox 1856 1356 2055 1411; x_wconf 88' lang='lat' dir='ltr'><strong>biblio-</strong></span> 
     </span>
    </p>
   </div>
   <div class='ocr_carea' id='block_1_16' title="bbox 461 1444 2056 1503">
    <p class='ocr_par' dir='ltr' id='par_1_16' title="bbox 461 1444 2056 1503">
     <span class='ocr_line' id='line_1_16' title="bbox 461 1444 2056 1503; baseline -0.001 -1"><span class='ocrx_word' id='word_1_105' title='bbox 461 1446 634 1502; x_wconf 65' lang='lat' dir='ltr'><strong>thecae</strong></span> <span class='ocrx_word' id='word_1_106' title='bbox 664 1445 1111 1503; x_wconf 88' lang='lat' dir='ltr'><strong>Cisterciensium</strong></span> <span class='ocrx_word' id='word_1_107' title='bbox 1135 1444 1529 1500; x_wconf 84' lang='lat' dir='ltr'><strong>monachorum</strong></span> <span class='ocrx_word' id='word_1_108' title='bbox 1548 1446 1756 1502; x_wconf 77' lang='lat' dir='ltr'><strong>Sanctae</strong></span> <span class='ocrx_word' id='word_1_109' title='bbox 1779 1445 1970 1502; x_wconf 91' lang='lat' dir='ltr'><strong>Crucis</strong></span> <span class='ocrx_word' id='word_1_110' title='bbox 1998 1445 2056 1501; x_wconf 90' lang='lat' dir='ltr'><strong>in</strong></span> 
     </span>
    </p>
   </div>
   <div class='ocr_carea' id='block_1_17' title="bbox 463 1533 2057 1603">
    <p class='ocr_par' dir='ltr' id='par_1_17' title="bbox 463 1533 2057 1603">
     <span class='ocr_line' id='line_1_17' title="bbox 463 1533 2057 1603; baseline -0.001 -11"><span class='ocrx_word' id='word_1_111' title='bbox 463 1536 789 1592; x_wconf 86' lang='lat' dir='ltr'><strong>Jerusalem.</strong></span> <span class='ocrx_word' id='word_1_112' title='bbox 809 1535 909 1590; x_wconf 87' lang='lat' dir='ltr'><strong>Est</strong></span> <span class='ocrx_word' id='word_1_113' title='bbox 928 1533 976 1590; x_wconf 93' lang='lat' dir='ltr'><strong>is</strong></span> <span class='ocrx_word' id='word_1_114' title='bbox 993 1533 1167 1590; x_wconf 84' lang='lat' dir='ltr'><strong>codex</strong></span> <span class='ocrx_word' id='word_1_115' title='bbox 1189 1533 1637 1590; x_wconf 88' lang='lat' dir='ltr'><strong>membranaceus</strong></span> <span class='ocrx_word' id='word_1_116' title='bbox 1662 1535 1883 1603; x_wconf 79' lang='lat' dir='ltr'><strong>in-tol.,</strong></span> <span class='ocrx_word' id='word_1_117' title='bbox 1906 1547 2057 1590; x_wconf 84' lang='lat' dir='ltr'><strong>nota-</strong></span> 
     </span>
    </p>
   </div>
   <div class='ocr_carea' id='block_1_18' title="bbox 461 1621 2057 1699">
    <p class='ocr_par' dir='ltr' id='par_1_18' title="bbox 461 1621 2057 1699">
     <span class='ocr_line' id='line_1_18' title="bbox 461 1621 2057 1699; baseline -0.001 -19"><span class='ocrx_word' id='word_1_118' title='bbox 461 1631 802 1699; x_wconf 68' lang='lat' dir='ltr'><strong>tusnumero</strong></span> <span class='ocrx_word' id='word_1_119' title='bbox 830 1624 946 1692; x_wconf 89' lang='lat' dir='ltr'><strong>XC,</strong></span> <span class='ocrx_word' id='word_1_120' title='bbox 971 1632 1033 1679; x_wconf 90' lang='lat' dir='ltr'><strong>ut</strong></span> <span class='ocrx_word' id='word_1_121' title='bbox 1047 1625 1203 1680; x_wconf 87' lang='lat' dir='ltr'><strong>frons</strong></span> <span class='ocrx_word' id='word_1_122' title='bbox 1226 1623 1465 1678; x_wconf 88' lang='lat' dir='ltr'><strong>exterior</strong></span> <span class='ocrx_word' id='word_1_123' title='bbox 1487 1621 1786 1679; x_wconf 79' lang='lat' dir='ltr'><strong>voluminis</strong></span> <span class='ocrx_word' id='word_1_124' title='bbox 1811 1623 2057 1691; x_wconf 88' lang='lat' dir='ltr'><strong>exhibet,</strong></span> 
     </span>
    </p>
   </div>
   <div class='ocr_carea' id='block_1_19' title="bbox 2162 462 3764 537">
    <p class='ocr_par' dir='ltr' id='par_1_19' title="bbox 2162 462 3764 537">
     <span class='ocr_line' id='line_1_19' title="bbox 2162 462 3764 537; baseline 0 -17"><span class='ocrx_word' id='word_1_125' title='bbox 2162 464 2563 520; x_wconf 84' lang='lat' dir='ltr'><strong>inscribuntur.</strong></span> <span class='ocrx_word' id='word_1_126' title='bbox 2595 468 2777 536; x_wconf 85' lang='lat' dir='ltr'><strong>Atque</strong></span> <span class='ocrx_word' id='word_1_127' title='bbox 2807 462 2914 518; x_wconf 92' lang='lat' dir='ltr'><strong>hoc</strong></span> <span class='ocrx_word' id='word_1_128' title='bbox 2930 464 3050 518; x_wconf 92' lang='lat' dir='ltr'><strong>loco</strong></span> <span class='ocrx_word' id='word_1_129' title='bbox 3077 479 3190 518; x_wconf 90' lang='lat' dir='ltr'><strong>rem</strong></span> <span class='ocrx_word' id='word_1_130' title='bbox 3213 463 3466 529; x_wconf 89' lang='lat' dir='ltr'><strong>eruditis,</strong></span> <span class='ocrx_word' id='word_1_131' title='bbox 3488 472 3551 519; x_wconf 90' lang='lat' dir='ltr'><strong>ut</strong></span> <span class='ocrx_word' id='word_1_132' title='bbox 3582 481 3764 537; x_wconf 90' lang='lat' dir='ltr'><strong>spero,</strong></span> 
     </span>
    </p>
   </div>
   <div class='ocr_carea' id='block_1_20' title="bbox 2155 551 3766 626">
    <p class='ocr_par' dir='ltr' id='par_1_20' title="bbox 2155 551 3766 626">
     <span class='ocr_line' id='line_1_20' title="bbox 2155 551 3766 626; baseline 0.002 -18"><span class='ocrx_word' id='word_1_133' title='bbox 2155 551 2460 623; x_wconf 89' lang='lat' dir='ltr'><strong>jucundam</strong></span> <span class='ocrx_word' id='word_1_134' title='bbox 2484 570 2593 608; x_wconf 91' lang='lat' dir='ltr'><strong>non</strong></span> <span class='ocrx_word' id='word_1_135' title='bbox 2615 552 2857 609; x_wconf 88' lang='lat' dir='ltr'><strong>reticebo</strong></span> <span class='ocrx_word' id='word_1_136' title='bbox 2879 570 2892 618; x_wconf 89' lang='lat'><strong>;</strong></span> <span class='ocrx_word' id='word_1_137' title='bbox 2919 567 3114 623; x_wconf 90' lang='lat' dir='ltr'><strong>nempe</strong></span> <span class='ocrx_word' id='word_1_138' title='bbox 3134 551 3282 626; x_wconf 90' lang='lat' dir='ltr'><strong>quod</strong></span> <span class='ocrx_word' id='word_1_139' title='bbox 3302 569 3370 606; x_wconf 91' lang='lat' dir='ltr'><strong>ex</strong></span> <span class='ocrx_word' id='word_1_140' title='bbox 3401 551 3507 608; x_wconf 90' lang='lat' dir='ltr'><strong>hoc</strong></span> <span class='ocrx_word' id='word_1_141' title='bbox 3535 552 3656 624; x_wconf 90' lang='lat' dir='ltr'><strong>ipso</strong></span> <span class='ocrx_word' id='word_1_142' title='bbox 3677 571 3766 611; x_wconf 85' lang='lat' dir='ltr'><strong>co-</strong></span> 
     </span>
    </p>
   </div>
   <div class='ocr_carea' id='block_1_21' title="bbox 2161 639 3765 712">
    <p class='ocr_par' dir='ltr' id='par_1_21' title="bbox 2161 639 3765 712">
     <span class='ocr_line' id='line_1_21' title="bbox 2161 639 3765 712; baseline 0.001 -16"><span class='ocrx_word' id='word_1_143' title='bbox 2161 641 2282 698; x_wconf 91' lang='lat' dir='ltr'><strong>dice</strong></span> <span class='ocrx_word' id='word_1_144' title='bbox 2311 642 2470 712; x_wconf 88' lang='lat' dir='ltr'><strong>plane</strong></span> <span class='ocrx_word' id='word_1_145' title='bbox 2517 641 2815 709; x_wconf 86' lang='lat' dir='ltr'><strong>evincitur,</strong></span> <span class='ocrx_word' id='word_1_146' title='bbox 2866 639 3250 697; x_wconf 84' lang='lat' dir='ltr'><strong>Mabillonium</strong></span> <span class='ocrx_word' id='word_1_147' title='bbox 3300 649 3354 696; x_wconf 91' lang='lat' dir='ltr'><strong>et</strong></span> <span class='ocrx_word' id='word_1_148' title='bbox 3394 640 3681 697; x_wconf 90' lang='lat' dir='ltr'><strong>laudatum</strong></span> <span class='ocrx_word' id='word_1_149' title='bbox 3708 641 3765 698; x_wconf 90' lang='lat' dir='ltr'><strong>S.</strong></span> 
     </span>
    </p>
   </div>
   <div class='ocr_carea' id='block_1_22' title="bbox 2162 730 3770 806">
    <p class='ocr_par' dir='ltr' id='par_1_22' title="bbox 2162 730 3770 806">
     <span class='ocr_line' id='line_1_22' title="bbox 2162 730 3770 806; baseline 0.002 -20"><span class='ocrx_word' id='word_1_150' title='bbox 2162 732 2390 787; x_wconf 88' lang='lat' dir='ltr'><strong>Maximi</strong></span> <span class='ocrx_word' id='word_1_151' title='bbox 2419 732 2686 787; x_wconf 89' lang='lat' dir='ltr'><strong>editorem</strong></span> <span class='ocrx_word' id='word_1_152' title='bbox 2732 733 2788 786; x_wconf 90' lang='lat' dir='ltr'><strong>in</strong></span> <span class='ocrx_word' id='word_1_153' title='bbox 2821 730 3180 787; x_wconf 88' lang='lat' dir='ltr'><strong>numerandis</strong></span> <span class='ocrx_word' id='word_1_154' title='bbox 3208 732 3574 800; x_wconf 87' lang='lat' dir='ltr'><strong>sermonibus,</strong></span> <span class='ocrx_word' id='word_1_155' title='bbox 3608 734 3706 806; x_wconf 90' lang='lat' dir='ltr'><strong>qui</strong></span> <span class='ocrx_word' id='word_1_156' title='bbox 3737 751 3770 789; x_wconf 90' lang='lat' dir='ltr'><strong>a</strong></span> 
     </span>
    </p>
   </div>
   <div class='ocr_carea' id='block_1_23' title="bbox 2161 819 3768 892">
    <p class='ocr_par' dir='ltr' id='par_1_23' title="bbox 2161 819 3768 892">
     <span class='ocr_line' id='line_1_23' title="bbox 2161 819 3768 892; baseline 0.002 -16"><span class='ocrx_word' id='word_1_157' title='bbox 2161 819 2256 876; x_wconf 91' lang='lat' dir='ltr'><strong>cit.</strong></span> <span class='ocrx_word' id='word_1_158' title='bbox 2288 837 2408 892; x_wconf 87' lang='lat' dir='ltr'><strong>pag.</strong></span> <span class='ocrx_word' id='word_1_159' title='bbox 2444 821 2544 876; x_wconf 94' lang='grc'><strong>129</strong></span> <span class='ocrx_word' id='word_1_160' title='bbox 2576 821 2633 875; x_wconf 91' lang='lat' dir='ltr'><strong>in</strong></span> <span class='ocrx_word' id='word_1_161' title='bbox 2665 821 2768 876; x_wconf 91' lang='lat' dir='ltr'><strong>hoc</strong></span> <span class='ocrx_word' id='word_1_162' title='bbox 2799 820 2986 876; x_wconf 91' lang='lat' dir='ltr'><strong>codice</strong></span> <span class='ocrx_word' id='word_1_163' title='bbox 3017 821 3393 889; x_wconf 87' lang='lat' dir='ltr'><strong>continentur,</strong></span> <span class='ocrx_word' id='word_1_164' title='bbox 3427 821 3574 878; x_wconf 89' lang='lat' dir='ltr'><strong>haud</strong></span> <span class='ocrx_word' id='word_1_165' title='bbox 3612 839 3768 878; x_wconf 91' lang='lat' dir='ltr'><strong>accu-</strong></span> 
     </span>
    </p>
   </div>
   <div class='ocr_carea' id='block_1_24' title="bbox 2163 909 3770 982">
    <p class='ocr_par' dir='ltr' id='par_1_24' title="bbox 2163 909 3770 982">
     <span class='ocr_line' id='line_1_24' title="bbox 2163 909 3770 982; baseline 0.002 -18"><span class='ocrx_word' id='word_1_166' title='bbox 2163 917 2276 964; x_wconf 90' lang='lat' dir='ltr'><strong>rate</strong></span> <span class='ocrx_word' id='word_1_167' title='bbox 2308 911 2487 981; x_wconf 90' lang='lat' dir='ltr'><strong>ipsum</strong></span> <span class='ocrx_word' id='word_1_168' title='bbox 2530 909 2776 966; x_wconf 91' lang='lat' dir='ltr'><strong>codicem</strong></span> <span class='ocrx_word' id='word_1_169' title='bbox 2825 909 3190 978; x_wconf 90' lang='lat' dir='ltr'><strong>consuluisse,</strong></span> <span class='ocrx_word' id='word_1_170' title='bbox 3241 927 3365 966; x_wconf 91' lang='lat' dir='ltr'><strong>cum</strong></span> <span class='ocrx_word' id='word_1_171' title='bbox 3411 910 3622 982; x_wconf 92' lang='lat' dir='ltr'><strong>primus</strong></span> <span class='ocrx_word' id='word_1_172' title='bbox 3676 928 3770 967; x_wconf 90' lang='lat' dir='ltr'><strong>eos</strong></span> 
     </span>
    </p>
   </div>
   <div class='ocr_carea' id='block_1_25' title="bbox 2163 1000 3768 1071">
    <p class='ocr_par' dir='ltr' id='par_1_25' title="bbox 2163 1000 3768 1071">
     <span class='ocr_line' id='line_1_25' title="bbox 2163 1000 3768 1071; baseline 0.001 -15"><span class='ocrx_word' id='word_1_173' title='bbox 2163 1017 2352 1056; x_wconf 89' lang='lat' dir='ltr'><strong>omnes</strong></span> <span class='ocrx_word' id='word_1_174' title='bbox 2376 1001 2441 1056; x_wconf 88' lang='lat'><strong>73</strong></span> <span class='ocrx_word' id='word_1_175' title='bbox 2463 1000 2854 1066; x_wconf 83' lang='lat' dir='ltr'><strong>numeraverit,</strong></span> <span class='ocrx_word' id='word_1_176' title='bbox 2877 1000 3016 1054; x_wconf 88' lang='lat' dir='ltr'><strong>alter</strong></span> <span class='ocrx_word' id='word_1_177' title='bbox 3034 1000 3288 1071; x_wconf 88' lang='lat' dir='ltr'><strong>quamvis</strong></span> <span class='ocrx_word' id='word_1_178' title='bbox 3303 1006 3365 1054; x_wconf 89' lang='lat' dir='ltr'><strong>ut</strong></span> <span class='ocrx_word' id='word_1_179' title='bbox 3380 1000 3435 1055; x_wconf 93' lang='lat' dir='ltr'><strong>S.</strong></span> <span class='ocrx_word' id='word_1_180' title='bbox 3459 1000 3768 1059; x_wconf 87' lang='lat' dir='ltr'><strong>Maximi60</strong></span> 
     </span>
    </p>
   </div>
   <div class='ocr_carea' id='block_1_26' title="bbox 2165 1087 3772 1162">
    <p class='ocr_par' dir='ltr' id='par_1_26' title="bbox 2165 1087 3772 1162">
     <span class='ocr_line' id='line_1_26' title="bbox 2165 1087 3772 1162; baseline 0.001 -17"><span class='ocrx_word' id='word_1_181' title='bbox 2165 1087 2568 1162; x_wconf 88' lang='lat' dir='ltr'><strong>recognoverit,</strong></span> <span class='ocrx_word' id='word_1_182' title='bbox 2601 1097 2782 1143; x_wconf 90' lang='lat' dir='ltr'><strong>tamen</strong></span> <span class='ocrx_word' id='word_1_183' title='bbox 2828 1087 2886 1142; x_wconf 90' lang='lat' dir='ltr'><strong>in</strong></span> <span class='ocrx_word' id='word_1_184' title='bbox 2919 1087 3134 1143; x_wconf 88' lang='lat' dir='ltr'><strong>notitiis</strong></span> <span class='ocrx_word' id='word_1_185' title='bbox 3166 1087 3382 1160; x_wconf 62' lang='lat' dir='ltr'><strong>praeviis</strong></span> <span class='ocrx_word' id='word_1_186' title='bbox 3425 1089 3498 1161; x_wconf 88' lang='lat' dir='ltr'><strong>(c)</strong></span> <span class='ocrx_word' id='word_1_187' title='bbox 3540 1088 3684 1146; x_wconf 87' lang='lat' dir='ltr'><strong>duos</strong></span> <span class='ocrx_word' id='word_1_188' title='bbox 3718 1105 3772 1152; x_wconf 80' lang='lat' dir='ltr'><strong>et</strong></span> 
     </span>
    </p>
   </div>
   <div class='ocr_carea' id='block_1_27' title="bbox 2163 1176 3771 1250">
    <p class='ocr_par' dir='ltr' id='par_1_27' title="bbox 2163 1176 3771 1250">
     <span class='ocr_line' id='line_1_27' title="bbox 2163 1176 3771 1250; baseline 0.001 -15"><span class='ocrx_word' id='word_1_189' title='bbox 2163 1179 2447 1250; x_wconf 86' lang='lat' dir='ltr'><strong>sexaginta</strong></span> <span class='ocrx_word' id='word_1_190' title='bbox 2462 1176 2832 1249; x_wconf 89' lang='lat' dir='ltr'><strong>exscripserit.</strong></span> <span class='ocrx_word' id='word_1_191' title='bbox 2857 1178 3095 1250; x_wconf 89' lang='lat' dir='ltr'><strong>Uterque</strong></span> <span class='ocrx_word' id='word_1_192' title='bbox 3123 1178 3269 1233; x_wconf 82' lang='lat' dir='ltr'><strong>enim</strong></span> <span class='ocrx_word' id='word_1_193' title='bbox 3296 1178 3428 1234; x_wconf 85' lang='lat' dir='ltr'><strong>satis</strong></span> <span class='ocrx_word' id='word_1_194' title='bbox 3454 1178 3654 1235; x_wconf 89' lang='lat' dir='ltr'><strong>habuit</strong></span> <span class='ocrx_word' id='word_1_195' title='bbox 3681 1180 3771 1237; x_wconf 75' lang='lat' dir='ltr'><strong>ad&#39;</strong></span> 
     </span>
    </p>
   </div>
   <div class='ocr_carea' id='block_1_28' title="bbox 2168 1267 3773 1340">
    <p class='ocr_par' dir='ltr' id='par_1_28' title="bbox 2168 1267 3773 1340">
     <span class='ocr_line' id='line_1_28' title="bbox 2168 1267 3773 1340; baseline 0.002 -18"><span class='ocrx_word' id='word_1_196' title='bbox 2168 1275 2380 1322; x_wconf 85' lang='lat' dir='ltr'><strong>vertere</strong></span> <span class='ocrx_word' id='word_1_197' title='bbox 2409 1267 2672 1335; x_wconf 90' lang='lat' dir='ltr'><strong>indicem,</strong></span> <span class='ocrx_word' id='word_1_198' title='bbox 2706 1267 2800 1340; x_wconf 89' lang='lat' dir='ltr'><strong>qui</strong></span> <span class='ocrx_word' id='word_1_199' title='bbox 2820 1267 2969 1323; x_wconf 89' lang='lat' dir='ltr'><strong>hisce</strong></span> <span class='ocrx_word' id='word_1_200' title='bbox 2988 1267 3334 1322; x_wconf 87' lang='lat' dir='ltr'><strong>sermonibus</strong></span> <span class='ocrx_word' id='word_1_201' title='bbox 3358 1267 3454 1323; x_wconf 85' lang='lat' dir='ltr'><strong>fol.</strong></span> <span class='ocrx_word' id='word_1_202' title='bbox 3487 1268 3587 1324; x_wconf 91' lang='lat' dir='ltr'><strong>cit.</strong></span> <span class='ocrx_word' id='word_1_203' title='bbox 3621 1276 3773 1326; x_wconf 86' lang='lat' dir='ltr'><strong>recto</strong></span> 
     </span>
    </p>
   </div>
   <div class='ocr_carea' id='block_1_29' title="bbox 2166 1354 3772 1428">
    <p class='ocr_par' dir='ltr' id='par_1_29' title="bbox 2166 1354 3772 1428">
     <span class='ocr_line' id='line_1_29' title="bbox 2166 1354 3772 1428; baseline 0.002 -18"><span class='ocrx_word' id='word_1_204' title='bbox 2166 1356 2548 1428; x_wconf 63' lang='lat' dir='ltr'><strong>praemittitur,</strong></span> <span class='ocrx_word' id='word_1_205' title='bbox 2578 1363 2632 1411; x_wconf 92' lang='lat' dir='ltr'><strong>et</strong></span> <span class='ocrx_word' id='word_1_206' title='bbox 2661 1363 2955 1428; x_wconf 88' lang='lat' dir='ltr'><strong>utrumque</strong></span> <span class='ocrx_word' id='word_1_207' title='bbox 3000 1354 3145 1410; x_wconf 91' lang='lat' dir='ltr'><strong>idem</strong></span> <span class='ocrx_word' id='word_1_208' title='bbox 3179 1354 3345 1410; x_wconf 87' lang='lat' dir='ltr'><strong>index</strong></span> <span class='ocrx_word' id='word_1_209' title='bbox 3377 1354 3612 1422; x_wconf 84' lang='lat' dir='ltr'><strong>fefellit;</strong></span> <span class='ocrx_word' id='word_1_210' title='bbox 3645 1372 3772 1413; x_wconf 88' lang='lat' dir='ltr'><strong>nam</strong></span> 
     </span>
    </p>
   </div>
   <div class='ocr_carea' id='block_1_30' title="bbox 2165 1446 3773 1520">
    <p class='ocr_par' dir='ltr' id='par_1_30' title="bbox 2165 1446 3773 1520">
     <span class='ocr_line' id='line_1_30' title="bbox 2165 1446 3773 1520; baseline 0.002 -19"><span class='ocrx_word' id='word_1_211' title='bbox 2165 1446 2227 1501; x_wconf 91' lang='lat' dir='ltr'><strong>in</strong></span> <span class='ocrx_word' id='word_1_212' title='bbox 2253 1463 2319 1502; x_wconf 92' lang='lat' dir='ltr'><strong>eo</strong></span> <span class='ocrx_word' id='word_1_213' title='bbox 2344 1448 2623 1519; x_wconf 86' lang='lat' dir='ltr'><strong>geminato</strong></span> <span class='ocrx_word' id='word_1_214' title='bbox 2653 1463 2806 1503; x_wconf 92' lang='lat' dir='ltr'><strong>num.</strong></span> <span class='ocrx_word' id='word_1_215' title='bbox 2842 1447 2908 1502; x_wconf 87' lang='lat'><strong>13</strong></span> <span class='ocrx_word' id='word_1_216' title='bbox 2937 1455 3299 1503; x_wconf 87' lang='lat' dir='ltr'><strong>numerantur</strong></span> <span class='ocrx_word' id='word_1_217' title='bbox 3327 1454 3436 1502; x_wconf 89' lang='lat' dir='ltr'><strong>tres</strong></span> <span class='ocrx_word' id='word_1_218' title='bbox 3459 1454 3514 1502; x_wconf 92' lang='lat' dir='ltr'><strong>et</strong></span> <span class='ocrx_word' id='word_1_219' title='bbox 3543 1457 3773 1520; x_wconf 90' lang='lat' dir='ltr'><strong>septua-</strong></span> 
     </span>
    </p>
   </div>
   <div class='ocr_carea' id='block_1_31' title="bbox 2167 1534 3773 1609">
    <p class='ocr_par' dir='ltr' id='par_1_31' title="bbox 2167 1534 3773 1609">
     <span class='ocr_line' id='line_1_31' title="bbox 2167 1534 3773 1609; baseline 0.001 -19"><span class='ocrx_word' id='word_1_220' title='bbox 2167 1535 2318 1608; x_wconf 81' lang='lat' dir='ltr'><strong>ginta</strong></span> <span class='ocrx_word' id='word_1_221' title='bbox 2351 1552 2650 1602; x_wconf 87' lang='lat' dir='ltr'><strong>sermones,</strong></span> <span class='ocrx_word' id='word_1_222' title='bbox 2681 1536 2934 1609; x_wconf 85' lang='lat' dir='ltr'><strong>quamvis</strong></span> <span class='ocrx_word' id='word_1_223' title='bbox 2959 1551 3146 1608; x_wconf 87' lang='lat' dir='ltr'><strong>reapse</strong></span> <span class='ocrx_word' id='word_1_224' title='bbox 3166 1534 3279 1591; x_wconf 91' lang='lat' dir='ltr'><strong>sint</strong></span> <span class='ocrx_word' id='word_1_225' title='bbox 3298 1535 3448 1592; x_wconf 88' lang='lat' dir='ltr'><strong>tituli</strong></span> <span class='ocrx_word' id='word_1_226' title='bbox 3467 1535 3535 1592; x_wconf 74' lang='grc'>74</span> <span class='ocrx_word' id='word_1_227' title='bbox 3555 1554 3566 1591; x_wconf 91' lang='lat'>:</span> <span class='ocrx_word' id='word_1_228' title='bbox 3587 1535 3773 1592; x_wconf 87' lang='lat' dir='ltr'><strong>simul-</strong></span> 
     </span>
    </p>
   </div>
   <div class='ocr_carea' id='block_1_32' title="bbox 2167 1623 3774 1698">
    <p class='ocr_par' dir='ltr' id='par_1_32' title="bbox 2167 1623 3774 1698">
     <span class='ocr_line' id='line_1_32' title="bbox 2167 1623 3774 1698; baseline 0.001 -18"><span class='ocrx_word' id='word_1_229' title='bbox 2167 1641 2273 1697; x_wconf 91' lang='lat' dir='ltr'><strong>que</strong></span> <span class='ocrx_word' id='word_1_230' title='bbox 2303 1625 2549 1680; x_wconf 88' lang='lat' dir='ltr'><strong>Maximo</strong></span> <span class='ocrx_word' id='word_1_231' title='bbox 2586 1625 2655 1681; x_wconf 97' lang='grc'><strong>62</strong></span> <span class='ocrx_word' id='word_1_232' title='bbox 2698 1624 3034 1692; x_wconf 87' lang='lat' dir='ltr'><strong>tribuantur,</strong></span> <span class='ocrx_word' id='word_1_233' title='bbox 3080 1623 3182 1680; x_wconf 89' lang='lat' dir='ltr'><strong>etsi</strong></span> <span class='ocrx_word' id='word_1_234' title='bbox 3230 1640 3418 1680; x_wconf 90' lang='lat' dir='ltr'><strong>eorum</strong></span> <span class='ocrx_word' id='word_1_235' title='bbox 3461 1634 3774 1698; x_wconf 89' lang='lat' dir='ltr'><strong>postremus</strong></span> 
     </span>
    </p>
   </div>
   <div class='ocr_carea' id='block_1_33' title="bbox 463 1711 3774 1790">
    <p class='ocr_par' dir='ltr' id='par_1_33' title="bbox 463 1711 3774 1790">
     <span class='ocr_line' id='line_1_33' title="bbox 463 1711 3774 1790; baseline 0.001 -22"><span class='ocrx_word' id='word_1_236' title='bbox 463 1729 775 1788; x_wconf 88' lang='lat' dir='ltr'><strong>quanquam</strong></span> <span class='ocrx_word' id='word_1_237' title='bbox 807 1713 957 1768; x_wconf 90' lang='lat' dir='ltr'><strong>intus</strong></span> <span class='ocrx_word' id='word_1_238' title='bbox 988 1729 1106 1784; x_wconf 87' lang='lat' dir='ltr'><strong>pag.</strong></span> <span class='ocrx_word' id='word_1_239' title='bbox 1145 1714 1194 1779; x_wconf 93' lang='lat'><strong>1,</strong></span> <span class='ocrx_word' id='word_1_240' title='bbox 1227 1728 1338 1783; x_wconf 70' lang='lat' dir='ltr'><strong>prae</strong></span> <span class='ocrx_word' id='word_1_241' title='bbox 1365 1728 1422 1767; x_wconf 91' lang='lat' dir='ltr'><strong>se</strong></span> <span class='ocrx_word' id='word_1_242' title='bbox 1452 1727 1742 1766; x_wconf 89' lang='lat' dir='ltr'><strong>numerum</strong></span> <span class='ocrx_word' id='word_1_243' title='bbox 1775 1711 2059 1769; x_wconf 82' lang='lat' dir='ltr'><strong>CXXXIV</strong></span> <span class='ocrx_word' id='word_1_244' title='bbox 2093 1730 2139 1790; x_wconf 84' lang='grc' dir='ltr'>Β</span> <span class='ocrx_word' id='word_1_245' title='bbox 2175 1729 2405 1770; x_wconf 88' lang='lat' dir='ltr'><strong>numero</strong></span> <span class='ocrx_word' id='word_1_246' title='bbox 2450 1715 2514 1769; x_wconf 91' lang='lat' dir='ltr'><strong>6l</strong></span> <span class='ocrx_word' id='word_1_247' title='bbox 2561 1721 2800 1770; x_wconf 88' lang='lat' dir='ltr'><strong>notetur.</strong></span> <span class='ocrx_word' id='word_1_248' title='bbox 2833 1715 3179 1787; x_wconf 84' lang='lat' dir='ltr'><strong>Neque‘vero</strong></span> <span class='ocrx_word' id='word_1_249' title='bbox 3217 1713 3276 1768; x_wconf 91' lang='lat' dir='ltr'><strong>in</strong></span> <span class='ocrx_word' id='word_1_250' title='bbox 3306 1731 3532 1772; x_wconf 89' lang='lat' dir='ltr'><strong>numero</strong></span> <span class='ocrx_word' id='word_1_251' title='bbox 3560 1717 3774 1786; x_wconf 87' lang='lat' dir='ltr'><strong>solum,</strong></span> 
     </span>
    </p>
   </div>
   <div class='ocr_carea' id='block_1_34' title="bbox 461 1801 2058 1876">
    <p class='ocr_par' dir='ltr' id='par_1_34' title="bbox 461 1801 2058 1876">
     <span class='ocr_line' id='line_1_34' title="bbox 461 1801 2058 1876; baseline -0.001 -16"><span class='ocrx_word' id='word_1_252' title='bbox 461 1804 602 1861; x_wconf 89' lang='lat' dir='ltr'><strong>ferat</strong></span> <span class='ocrx_word' id='word_1_253' title='bbox 626 1822 639 1870; x_wconf 91' lang='lat'><strong>;</strong></span> <span class='ocrx_word' id='word_1_254' title='bbox 674 1802 994 1876; x_wconf 58' lang='lat' dir='ltr'><strong>ceterisque</strong></span> <span class='ocrx_word' id='word_1_255' title='bbox 1017 1803 1184 1874; x_wconf 90' lang='lat' dir='ltr'><strong>hujus</strong></span> <span class='ocrx_word' id='word_1_256' title='bbox 1198 1801 1550 1858; x_wconf 80' lang='lat' dir='ltr'><strong>bibliothecae</strong></span> <span class='ocrx_word' id='word_1_257' title='bbox 1573 1801 1856 1858; x_wconf 90' lang='lat' dir='ltr'><strong>codicibus</strong></span> <span class='ocrx_word' id='word_1_258' title='bbox 1879 1812 1939 1858; x_wconf 91' lang='lat' dir='ltr'><strong>ut</strong></span> <span class='ocrx_word' id='word_1_259' title='bbox 1966 1820 2058 1858; x_wconf 90' lang='lat' dir='ltr'><strong>an-</strong></span> 
     </span>
    </p>
   </div>
   <div class='ocr_carea' id='block_1_35' title="bbox 464 1891 2064 1966">
    <p class='ocr_par' dir='ltr' id='par_1_35' title="bbox 464 1891 2064 1966">
     <span class='ocr_line' id='line_1_35' title="bbox 464 1891 2064 1966; baseline 0 -17"><span class='ocrx_word' id='word_1_260' title='bbox 464 1892 739 1965; x_wconf 87' lang='lat' dir='ltr'><strong>tiquitate,</strong></span> <span class='ocrx_word' id='word_1_261' title='bbox 763 1895 841 1948; x_wconf 90' lang='lat' dir='ltr'><strong>ita</strong></span> <span class='ocrx_word' id='word_1_262' title='bbox 859 1893 1200 1948; x_wconf 88' lang='lat' dir='ltr'><strong>accuratiore</strong></span> <span class='ocrx_word' id='word_1_263' title='bbox 1219 1891 1513 1965; x_wconf 71' lang='lat' dir='ltr'><strong>Scriptum</strong></span> <span class='ocrx_word' id='word_1_264' title='bbox 1531 1893 1768 1948; x_wconf 92' lang='lat' dir='ltr'><strong>lectione</strong></span> <span class='ocrx_word' id='word_1_265' title='bbox 1784 1894 2064 1966; x_wconf 86' lang='lat' dir='ltr'><strong>integrita-</strong></span> 
     </span>
    </p>
   </div>
   <div class='ocr_carea' id='block_1_36' title="bbox 463 1982 2065 2056">
    <p class='ocr_par' dir='ltr' id='par_1_36' title="bbox 463 1982 2065 2056">
     <span class='ocr_line' id='line_1_36' title="bbox 463 1982 2065 2056; baseline 0.001 -18"><span class='ocrx_word' id='word_1_266' title='bbox 463 1989 625 2054; x_wconf 90' lang='lat' dir='ltr'><strong>teque</strong></span> <span class='ocrx_word' id='word_1_267' title='bbox 655 1983 937 2054; x_wconf 66' lang='lat' dir='ltr'><strong>praecellit,</strong></span> <span class='ocrx_word' id='word_1_268' title='bbox 970 1992 1283 2056; x_wconf 89' lang='lat' dir='ltr'><strong>spectatque</strong></span> <span class='ocrx_word' id='word_1_269' title='bbox 1313 1982 1382 2038; x_wconf 89' lang='lat' dir='ltr'><strong>ad</strong></span> <span class='ocrx_word' id='word_1_270' title='bbox 1411 2000 1490 2040; x_wconf 86' lang='lat' dir='ltr'><strong>vu</strong></span> <span class='ocrx_word' id='word_1_271' title='bbox 1562 1985 1646 2039; x_wconf 86' lang='lat' dir='ltr'><strong>vel</strong></span> <span class='ocrx_word' id='word_1_272' title='bbox 1687 2000 1965 2039; x_wconf 79' lang='lat' dir='ltr'><strong>summum</strong></span> <span class='ocrx_word' id='word_1_273' title='bbox 1997 1983 2065 2040; x_wconf 90' lang='lat' dir='ltr'><strong>ad</strong></span> 
     </span>
    </p>
   </div>
   <div class='ocr_carea' id='block_1_37' title="bbox 466 2070 2064 2128">
    <p class='ocr_par' dir='ltr' id='par_1_37' title="bbox 466 2070 2064 2128">
     <span class='ocr_line' id='line_1_37' title="bbox 466 2070 2064 2128; baseline 0 -2"><span class='ocrx_word' id='word_1_274' title='bbox 466 2087 567 2126; x_wconf 85' lang='lat' dir='ltr'><strong>VIII</strong></span> <span class='ocrx_word' id='word_1_275' title='bbox 596 2071 854 2128; x_wconf 62' lang='lat' dir='ltr'><strong>Ecclesia</strong></span> <span class='ocrx_word' id='word_1_276' title='bbox 881 2073 1165 2128; x_wconf 87' lang='lat' dir='ltr'><strong>saeculum.</strong></span> <span class='ocrx_word' id='word_1_277' title='bbox 1201 2073 1410 2128; x_wconf 91' lang='lat' dir='ltr'><strong>Ductus</strong></span> <span class='ocrx_word' id='word_1_278' title='bbox 1439 2070 1744 2126; x_wconf 89' lang='lat' dir='ltr'><strong>litterarum</strong></span> <span class='ocrx_word' id='word_1_279' title='bbox 1779 2071 1836 2126; x_wconf 90' lang='lat' dir='ltr'><strong>in</strong></span> <span class='ocrx_word' id='word_1_280' title='bbox 1867 2087 1931 2127; x_wconf 89' lang='lat' dir='ltr'><strong>eo</strong></span> <span class='ocrx_word' id='word_1_281' title='bbox 1960 2073 2064 2128; x_wconf 84' lang='lat' dir='ltr'><strong>Bo-</strong></span> 
     </span>
    </p>
   </div>
   <div class='ocr_carea' id='block_1_38' title="bbox 467 2160 2061 2232">
    <p class='ocr_par' dir='ltr' id='par_1_38' title="bbox 467 2160 2061 2232">
     <span class='ocr_line' id='line_1_38' title="bbox 467 2160 2061 2232; baseline -0.001 -14"><span class='ocrx_word' id='word_1_282' title='bbox 467 2175 666 2218; x_wconf 88' lang='lat' dir='ltr'><strong>manus</strong></span> <span class='ocrx_word' id='word_1_283' title='bbox 697 2167 797 2229; x_wconf 90' lang='lat' dir='ltr'><strong>est,</strong></span> <span class='ocrx_word' id='word_1_284' title='bbox 815 2161 1010 2216; x_wconf 65' lang='lat' dir='ltr'><strong>aetatis.</strong></span> <span class='ocrx_word' id='word_1_285' title='bbox 1043 2169 1104 2217; x_wconf 93' lang='lat' dir='ltr'><strong>ut</strong></span> <span class='ocrx_word' id='word_1_286' title='bbox 1131 2160 1309 2228; x_wconf 90' lang='lat' dir='ltr'><strong>aiunt,</strong></span> <span class='ocrx_word' id='word_1_287' title='bbox 1335 2160 1608 2229; x_wconf 73' lang='lat' dir='ltr'><strong>secundae,</strong></span> <span class='ocrx_word' id='word_1_288' title='bbox 1633 2161 1920 2232; x_wconf 88' lang='lat' dir='ltr'><strong>paululum</strong></span> <span class='ocrx_word' id='word_1_289' title='bbox 1944 2178 2061 2217; x_wconf 89' lang='lat' dir='ltr'><strong>ver-</strong></span> 
     </span>
    </p>
   </div>
   <div class='ocr_carea' id='block_1_39' title="bbox 468 2249 2067 2324">
    <p class='ocr_par' dir='ltr' id='par_1_39' title="bbox 468 2249 2067 2324">
     <span class='ocr_line' id='line_1_39' title="bbox 468 2249 2067 2324; baseline -0.001 -17"><span class='ocrx_word' id='word_1_290' title='bbox 468 2267 598 2324; x_wconf 85' lang='lat' dir='ltr'><strong>gens</strong></span> <span class='ocrx_word' id='word_1_291' title='bbox 627 2249 697 2306; x_wconf 90' lang='lat' dir='ltr'><strong>ad</strong></span> <span class='ocrx_word' id='word_1_292' title='bbox 737 2249 1245 2322; x_wconf 86' lang='lat' dir='ltr'><strong>Longobardicum.</strong></span> <span class='ocrx_word' id='word_1_293' title='bbox 1279 2251 1329 2305; x_wconf 90' lang='lat' dir='ltr'><strong>A</strong></span> <span class='ocrx_word' id='word_1_294' title='bbox 1381 2265 1502 2322; x_wconf 86' lang='lat' dir='ltr'><strong>pag.</strong></span> <span class='ocrx_word' id='word_1_295' title='bbox 1538 2249 1639 2306; x_wconf 95' lang='grc'><strong>129</strong></span> <span class='ocrx_word' id='word_1_296' title='bbox 1669 2250 1737 2304; x_wconf 90' lang='lat' dir='ltr'><strong>ad</strong></span> <span class='ocrx_word' id='word_1_297' title='bbox 1769 2249 1869 2306; x_wconf 91' lang='lat'><strong>169</strong></span> <span class='ocrx_word' id='word_1_298' title='bbox 1899 2267 2067 2306; x_wconf 86' lang='lat' dir='ltr'><strong>sexa—</strong></span> 
     </span>
    </p>
   </div>
   <div class='ocr_carea' id='block_1_40' title="bbox 467 2338 2066 2411">
    <p class='ocr_par' dir='ltr' id='par_1_40' title="bbox 467 2338 2066 2411">
     <span class='ocr_line' id='line_1_40' title="bbox 467 2338 2066 2411; baseline 0 -17"><span class='ocrx_word' id='word_1_299' title='bbox 467 2339 620 2411; x_wconf 84' lang='lat' dir='ltr'><strong>ginta</strong></span> <span class='ocrx_word' id='word_1_300' title='bbox 635 2338 832 2410; x_wconf 90' lang='lat' dir='ltr'><strong>partim</strong></span> <span class='ocrx_word' id='word_1_301' title='bbox 855 2338 1034 2394; x_wconf 88' lang='lat' dir='ltr'><strong>homil</strong></span> <span class='ocrx_word' id='word_1_302' title='bbox 1045 2339 1350 2410; x_wconf 87' lang='lat' dir='ltr'><strong>ias,partim</strong></span> <span class='ocrx_word' id='word_1_303' title='bbox 1365 2354 1644 2393; x_wconf 87' lang='lat' dir='ltr'><strong>sermones</strong></span> <span class='ocrx_word' id='word_1_304' title='bbox 1659 2355 1776 2394; x_wconf 90' lang='lat' dir='ltr'><strong>com</strong></span> <span class='ocrx_word' id='word_1_305' title='bbox 1786 2339 2066 2409; x_wconf 85' lang='lat' dir='ltr'><strong>plectitur,</strong></span> 
     </span>
    </p>
   </div>
   <div class='ocr_carea' id='block_1_41' title="bbox 467 2427 2068 2501">
    <p class='ocr_par' dir='ltr' id='par_1_41' title="bbox 467 2427 2068 2501">
     <span class='ocr_line' id='line_1_41' title="bbox 467 2427 2068 2501; baseline -0.001 -17"><span class='ocrx_word' id='word_1_306' title='bbox 467 2429 534 2484; x_wconf 91' lang='lat' dir='ltr'><strong>de</strong></span> <span class='ocrx_word' id='word_1_307' title='bbox 546 2428 748 2501; x_wconf 90' lang='lat' dir='ltr'><strong>quibus</strong></span> <span class='ocrx_word' id='word_1_308' title='bbox 761 2428 1232 2484; x_wconf 86' lang='lat' dir='ltr'><strong>eminentissimus</strong></span> <span class='ocrx_word' id='word_1_309' title='bbox 1244 2427 1806 2484; x_wconf 88' lang='lat' dir='ltr'><strong>cardinalisBesutius</strong></span> <span class='ocrx_word' id='word_1_310' title='bbox 1820 2427 2068 2483; x_wconf 91' lang='lat' dir='ltr'><strong>inindice</strong></span> 
     </span>
    </p>
   </div>
   <div class='ocr_carea' id='block_1_42' title="bbox 473 2515 2065 2588">
    <p class='ocr_par' dir='ltr' id='par_1_42' title="bbox 473 2515 2065 2588">
     <span class='ocr_line' id='line_1_42' title="bbox 473 2515 2065 2588; baseline -0.001 -17"><span class='ocrx_word' id='word_1_311' title='bbox 473 2516 824 2572; x_wconf 88' lang='lat' dir='ltr'><strong>bibliothecae</strong></span> <span class='ocrx_word' id='word_1_312' title='bbox 854 2516 1063 2572; x_wconf 77' lang='lat' dir='ltr'><strong>Sancta:</strong></span> <span class='ocrx_word' id='word_1_313' title='bbox 1083 2517 1277 2573; x_wconf 90' lang='lat' dir='ltr'><strong>Crucis</strong></span> <span class='ocrx_word' id='word_1_314' title='bbox 1310 2517 1386 2588; x_wconf 89' lang='lat' dir='ltr'><strong>(b)</strong></span> <span class='ocrx_word' id='word_1_315' title='bbox 1417 2515 1498 2572; x_wconf 92' lang='lat' dir='ltr'><strong>sic</strong></span> <span class='ocrx_word' id='word_1_316' title='bbox 1526 2516 1719 2572; x_wconf 89' lang='lat' dir='ltr'><strong>statuit</strong></span> <span class='ocrx_word' id='word_1_317' title='bbox 1751 2534 1763 2572; x_wconf 95' lang='lat'><strong>:</strong></span> <span class='ocrx_word' id='word_1_318' title='bbox 1797 2524 2065 2571; x_wconf 80' lang='lat' dir='ltr'><strong>auctorem</strong></span> 
     </span>
    </p>
   </div>
   <div class='ocr_carea' id='block_1_43' title="bbox 467 2604 2068 2672">
    <p class='ocr_par' dir='ltr' id='par_1_43' title="bbox 467 2604 2068 2672">
     <span class='ocr_line' id='line_1_43' title="bbox 467 2604 2068 2672; baseline 0.001 -13"><span class='ocrx_word' id='word_1_319' title='bbox 467 2605 668 2660; x_wconf 82' lang='lat' dir='ltr'><strong>eosdem</strong></span> <span class='ocrx_word' id='word_1_320' title='bbox 677 2605 865 2660; x_wconf 84' lang='lat' dir='ltr'><strong>habere</strong></span> <span class='ocrx_word' id='word_1_321' title='bbox 874 2611 1108 2658; x_wconf 82' lang='lat' dir='ltr'><strong>sanctum</strong></span> <span class='ocrx_word' id='word_1_322' title='bbox 1119 2605 1420 2662; x_wconf 80' lang='lat' dir='ltr'><strong>Maximum</strong></span> <span class='ocrx_word' id='word_1_323' title='bbox 1431 2605 1558 2658; x_wconf 83' lang='lat' dir='ltr'><strong>mihi</strong></span> <span class='ocrx_word' id='word_1_324' title='bbox 1569 2611 1764 2659; x_wconf 84' lang='lat' dir='ltr'><strong>certum</strong></span> <span class='ocrx_word' id='word_1_325' title='bbox 1776 2611 1868 2660; x_wconf 88' lang='lat' dir='ltr'><strong>est.</strong></span> <span class='ocrx_word' id='word_1_326' title='bbox 1876 2631 1893 2652; x_wconf 76' lang='grc' dir='ltr'><strong><em>ι</em></strong></span> <span class='ocrx_word' id='word_1_327' title='bbox 1910 2604 2068 2672; x_wconf 90' lang='lat' dir='ltr'><strong>Quod</strong></span> 
     </span>
    </p>
   </div>
   <div class='ocr_carea' id='block_1_44' title="bbox 471 2692 2066 2750">
    <p class='ocr_par' dir='ltr' id='par_1_44' title="bbox 471 2692 2066 2750">
     <span class='ocr_line' id='line_1_44' title="bbox 471 2692 2066 2750; baseline -0.001 0"><span class='ocrx_word' id='word_1_328' title='bbox 471 2703 653 2750; x_wconf 89' lang='lat' dir='ltr'><strong>autem</strong></span> <span class='ocrx_word' id='word_1_329' title='bbox 684 2693 743 2748; x_wconf 90' lang='lat' dir='ltr'><strong>hi</strong></span> <span class='ocrx_word' id='word_1_330' title='bbox 774 2692 1138 2749; x_wconf 87' lang='lat' dir='ltr'><strong>laudatissimi</strong></span> <span class='ocrx_word' id='word_1_331' title='bbox 1163 2694 1270 2748; x_wconf 80' lang='lat' dir='ltr'><strong>viri</strong></span> <span class='ocrx_word' id='word_1_332' title='bbox 1307 2694 1362 2749; x_wconf 92' lang='lat' dir='ltr'><strong>in</strong></span> <span class='ocrx_word' id='word_1_333' title='bbox 1395 2694 1710 2750; x_wconf 87' lang='lat' dir='ltr'><strong>Sessoriano</strong></span> <span class='ocrx_word' id='word_1_334' title='bbox 1740 2693 1927 2750; x_wconf 91' lang='lat' dir='ltr'><strong>codice</strong></span> <span class='ocrx_word' id='word_1_335' title='bbox 1946 2693 2066 2750; x_wconf 90' lang='lat' dir='ltr'><strong>nul-</strong></span> 
     </span>
    </p>
   </div>
   <div class='ocr_carea' id='block_1_45' title="bbox 473 2782 2066 2854">
    <p class='ocr_par' dir='ltr' id='par_1_45' title="bbox 473 2782 2066 2854">
     <span class='ocr_line' id='line_1_45' title="bbox 473 2782 2066 2854; baseline -0.001 -15"><span class='ocrx_word' id='word_1_336' title='bbox 473 2785 586 2839; x_wconf 92' lang='lat' dir='ltr'><strong>lum</strong></span> <span class='ocrx_word' id='word_1_337' title='bbox 618 2782 900 2838; x_wconf 85' lang='lat' dir='ltr'><strong>Ambrosii</strong></span> <span class='ocrx_word' id='word_1_338' title='bbox 922 2783 1219 2854; x_wconf 87' lang='lat' dir='ltr'><strong>genuinum</strong></span> <span class='ocrx_word' id='word_1_339' title='bbox 1251 2799 1557 2838; x_wconf 89' lang='lat' dir='ltr'><strong>sermonem</strong></span> <span class='ocrx_word' id='word_1_340' title='bbox 1580 2791 1887 2838; x_wconf 90' lang='lat' dir='ltr'><strong>memorent</strong></span> <span class='ocrx_word' id='word_1_341' title='bbox 1918 2783 2066 2838; x_wconf 89' lang='lat' dir='ltr'><strong>inve-</strong></span> 
     </span>
    </p>
   </div>
   <div class='ocr_carea' id='block_1_46' title="bbox 471 2870 2069 2943">
    <p class='ocr_par' dir='ltr' id='par_1_46' title="bbox 471 2870 2069 2943">
     <span class='ocr_line' id='line_1_46' title="bbox 471 2870 2069 2943; baseline 0 -16"><span class='ocrx_word' id='word_1_342' title='bbox 471 2871 603 2940; x_wconf 91' lang='lat' dir='ltr'><strong>niri,</strong></span> <span class='ocrx_word' id='word_1_343' title='bbox 631 2872 766 2943; x_wconf 90' lang='lat' dir='ltr'><strong>quin</strong></span> <span class='ocrx_word' id='word_1_344' title='bbox 787 2888 977 2926; x_wconf 91' lang='lat' dir='ltr'><strong>omnes</strong></span> <span class='ocrx_word' id='word_1_345' title='bbox 996 2871 1249 2942; x_wconf 82' lang='lat' dir='ltr'><strong>quamvis</strong></span> <span class='ocrx_word' id='word_1_346' title='bbox 1266 2873 1558 2928; x_wconf 89' lang='lat' dir='ltr'><strong>recentiori</strong></span> <span class='ocrx_word' id='word_1_347' title='bbox 1591 2889 1756 2927; x_wconf 88' lang='lat' dir='ltr'><strong>manu</strong></span> <span class='ocrx_word' id='word_1_348' title='bbox 1774 2870 2069 2927; x_wconf 85' lang='lat' dir='ltr'><strong>Ambrosio</strong></span> 
     </span>
    </p>
   </div>
   <div class='ocr_carea' id='block_1_47' title="bbox 470 2960 2067 3032">
    <p class='ocr_par' dir='ltr' id='par_1_47' title="bbox 470 2960 2067 3032">
     <span class='ocr_line' id='line_1_47' title="bbox 470 2960 2067 3032; baseline -0.001 -16"><span class='ocrx_word' id='word_1_349' title='bbox 470 2961 730 3028; x_wconf 88' lang='lat' dir='ltr'><strong>tributos,</strong></span> <span class='ocrx_word' id='word_1_350' title='bbox 743 2962 836 3016; x_wconf 88' lang='lat' dir='ltr'><strong>SS.</strong></span> <span class='ocrx_word' id='word_1_351' title='bbox 853 2963 936 3015; x_wconf 90' lang='lat' dir='ltr'><strong>Au</strong></span> <span class='ocrx_word' id='word_1_352' title='bbox 944 2960 1526 3032; x_wconf 85' lang='lat' dir='ltr'><strong>gustino,Hieronymo</strong></span> <span class='ocrx_word' id='word_1_353' title='bbox 1543 2970 1598 3016; x_wconf 94' lang='lat' dir='ltr'><strong>et</strong></span> <span class='ocrx_word' id='word_1_354' title='bbox 1612 2963 1854 3017; x_wconf 87' lang='lat' dir='ltr'><strong>Maximo</strong></span> <span class='ocrx_word' id='word_1_355' title='bbox 1868 2960 2067 3018; x_wconf 89' lang='lat' dir='ltr'><strong>ascribi</strong></span> 
     </span>
    </p>
   </div>
   <div class='ocr_carea' id='block_1_48' title="bbox 473 3049 2138 3144">
    <p class='ocr_par' dir='ltr' id='par_1_48' title="bbox 473 3049 2138 3144">
     <span class='ocr_line' id='line_1_48' title="bbox 473 3049 2138 3144; baseline 0 -39"><span class='ocrx_word' id='word_1_356' title='bbox 473 3050 670 3116; x_wconf 84' lang='lat' dir='ltr'><strong>velint,</strong></span> <span class='ocrx_word' id='word_1_357' title='bbox 705 3049 756 3104; x_wconf 88' lang='lat' dir='ltr'><strong>id</strong></span> <span class='ocrx_word' id='word_1_358' title='bbox 791 3050 1068 3104; x_wconf 89' lang='lat' dir='ltr'><strong>neminem</strong></span> <span class='ocrx_word' id='word_1_359' title='bbox 1104 3049 1370 3119; x_wconf 82' lang='lat' dir='ltr'><strong>movebit,</strong></span> <span class='ocrx_word' id='word_1_360' title='bbox 1431 3050 1525 3120; x_wconf 91' lang='lat' dir='ltr'><strong>qui</strong></span> <span class='ocrx_word' id='word_1_361' title='bbox 1568 3058 1774 3105; x_wconf 84' lang='lat' dir='ltr'><strong>attente</strong></span> <span class='ocrx_word' id='word_1_362' title='bbox 1802 3051 2065 3106; x_wconf 91' lang='lat' dir='ltr'><strong>conside-</strong></span> <span class='ocrx_word' id='word_1_363' title='bbox 2095 3085 2138 3144; x_wconf 75' lang='lat' dir='ltr'><strong>G</strong></span> 
     </span>
    </p>
   </div>
   <div class='ocr_carea' id='block_1_49' title="bbox 475 3138 2064 3212">
    <p class='ocr_par' dir='ltr' id='par_1_49' title="bbox 475 3138 2064 3212">
     <span class='ocr_line' id='line_1_49' title="bbox 475 3138 2064 3212; baseline 0.001 -19"><span class='ocrx_word' id='word_1_364' title='bbox 475 3147 576 3206; x_wconf 90' lang='lat' dir='ltr'><strong>ret,</strong></span> <span class='ocrx_word' id='word_1_365' title='bbox 611 3138 737 3193; x_wconf 89' lang='lat' dir='ltr'><strong>illos</strong></span> <span class='ocrx_word' id='word_1_366' title='bbox 767 3138 834 3193; x_wconf 91' lang='lat' dir='ltr'><strong>de</strong></span> <span class='ocrx_word' id='word_1_367' title='bbox 864 3138 933 3192; x_wconf 89' lang='lat' dir='ltr'><strong>iis</strong></span> <span class='ocrx_word' id='word_1_368' title='bbox 962 3147 1173 3193; x_wconf 89' lang='lat' dir='ltr'><strong>tantum</strong></span> <span class='ocrx_word' id='word_1_369' title='bbox 1206 3139 1552 3194; x_wconf 88' lang='lat' dir='ltr'><strong>sermonibus</strong></span> <span class='ocrx_word' id='word_1_370' title='bbox 1585 3139 1756 3212; x_wconf 91' lang='lat' dir='ltr'><strong>loqui,</strong></span> <span class='ocrx_word' id='word_1_371' title='bbox 1785 3157 1921 3212; x_wconf 90' lang='lat' dir='ltr'><strong>quos</strong></span> <span class='ocrx_word' id='word_1_372' title='bbox 1960 3156 2064 3196; x_wconf 93' lang='lat' dir='ltr'><strong>co-</strong></span> 
     </span>
    </p>
   </div>
   <div class='ocr_carea' id='block_1_50' title="bbox 473 3228 2062 3300">
    <p class='ocr_par' dir='ltr' id='par_1_50' title="bbox 473 3228 2062 3300">
     <span class='ocr_line' id='line_1_50' title="bbox 473 3228 2062 3300; baseline 0 -14"><span class='ocrx_word' id='word_1_373' title='bbox 473 3229 582 3286; x_wconf 91' lang='lat' dir='ltr'><strong>dex</strong></span> <span class='ocrx_word' id='word_1_374' title='bbox 610 3245 640 3282; x_wconf 80' lang='lat' dir='ltr'><strong>s</strong></span> <span class='ocrx_word' id='word_1_375' title='bbox 694 3245 813 3300; x_wconf 86' lang='lat' dir='ltr'><strong>pag.</strong></span> <span class='ocrx_word' id='word_1_376' title='bbox 849 3228 950 3284; x_wconf 90' lang='grc'><strong>129</strong></span> <span class='ocrx_word' id='word_1_377' title='bbox 981 3229 1384 3300; x_wconf 88' lang='lat' dir='ltr'><strong>complectitur,</strong></span> <span class='ocrx_word' id='word_1_378' title='bbox 1434 3246 1543 3285; x_wconf 91' lang='lat' dir='ltr'><strong>non</strong></span> <span class='ocrx_word' id='word_1_379' title='bbox 1587 3247 1716 3286; x_wconf 88' lang='lat' dir='ltr'><strong>vero</strong></span> <span class='ocrx_word' id='word_1_380' title='bbox 1745 3230 1811 3286; x_wconf 92' lang='lat' dir='ltr'><strong>de</strong></span> <span class='ocrx_word' id='word_1_381' title='bbox 1841 3232 2062 3299; x_wconf 90' lang='lat' dir='ltr'><strong>nostris,</strong></span> 
     </span>
    </p>
   </div>
   <div class='ocr_carea' id='block_1_51' title="bbox 480 3316 2065 3394">
    <p class='ocr_par' dir='ltr' id='par_1_51' title="bbox 480 3316 2065 3394">
     <span class='ocr_line' id='line_1_51' title="bbox 480 3316 2065 3394; baseline 0.002 -20"><span class='ocrx_word' id='word_1_382' title='bbox 480 3335 617 3393; x_wconf 93' lang='lat' dir='ltr'><strong>quos</strong></span> <span class='ocrx_word' id='word_1_383' title='bbox 645 3320 952 3392; x_wconf 90' lang='lat' dir='ltr'><strong>superiores</strong></span> <span class='ocrx_word' id='word_1_384' title='bbox 977 3316 1243 3375; x_wconf 85' lang='lat' dir='ltr'><strong>exhibent</strong></span> <span class='ocrx_word' id='word_1_385' title='bbox 1265 3320 1506 3392; x_wconf 60' lang='lat' dir='ltr'><strong>pagella),</strong></span> <span class='ocrx_word' id='word_1_386' title='bbox 1526 3321 1728 3394; x_wconf 90' lang='lat' dir='ltr'><strong>quique</strong></span> <span class='ocrx_word' id='word_1_387' title='bbox 1749 3320 1807 3375; x_wconf 91' lang='lat' dir='ltr'><strong>in</strong></span> <span class='ocrx_word' id='word_1_388' title='bbox 1827 3320 1940 3376; x_wconf 90' lang='lat' dir='ltr'><strong>illis</strong></span> <span class='ocrx_word' id='word_1_389' title='bbox 1961 3321 2065 3377; x_wconf 90' lang='lat' dir='ltr'><strong>cla-</strong></span> 
     </span>
    </p>
   </div>
   <div class='ocr_carea' id='block_1_52' title="bbox 532 3454 2064 3584">
    <p class='ocr_par' dir='ltr' id='par_1_52' title="bbox 532 3454 2064 3584">
     <span class='ocr_line' id='line_1_52' title="bbox 532 3454 2064 3584; baseline 0.001 -75"><span class='ocrx_word' id='word_1_390' title='bbox 660 3454 1007 3580; x_wconf 40' lang='lat' dir='ltr'><strong>Patitili§158ﬂ</strong></span> <span class='ocrx_word' id='word_1_391' title='bbox 1039 3470 1158 3584; x_wconf 66' lang='lat' dir='ltr'><strong>pa)g.</strong></span> <span class='ocrx_word' id='word_1_392' title='bbox 1204 3455 1270 3510; x_wconf 87' lang='lat'><strong>16</strong></span> <span class='ocrx_word' id='word_1_393' title='bbox 1298 3464 1353 3512; x_wconf 92' lang='lat' dir='ltr'><strong>et</strong></span> <span class='ocrx_word' id='word_1_394' title='bbox 1380 3472 1491 3528; x_wconf 89' lang='lat' dir='ltr'><strong>seq.</strong></span> <span class='ocrx_word' id='word_1_395' title='bbox 1529 3456 1762 3525; x_wconf 71' lang='lat' dir='ltr'><strong>(Nostra:</strong></span> <span class='ocrx_word' id='word_1_396' title='bbox 1779 3456 1990 3511; x_wconf 82' lang='lat' dir='ltr'><strong>Patrol.</strong></span> <span class='ocrx_word' id='word_1_397' title='bbox 2027 3460 2064 3510; x_wconf 85' lang='lat' dir='ltr'><strong>t.</strong></span> 
     </span>
     <span class='ocr_line' id='line_1_53' title="bbox 638 3542 1085 3584; baseline -0.011 0"><span class='ocrx_word' id='word_1_398' title='bbox 638 3568 651 3584; x_wconf 86' lang='lat'><strong>.</strong></span> <span class='ocrx_word' id='word_1_399' title='bbox 681 3543 736 3579; x_wconf 91' lang='lat' dir='ltr'><strong>co</strong></span> <span class='ocrx_word' id='word_1_400' title='bbox 768 3569 780 3580; x_wconf 93' lang='lat'><strong>.</strong></span> <span class='ocrx_word' id='word_1_401' title='bbox 883 3556 916 3565; x_wconf 89' lang='lat'><em>-</em></span> <span class='ocrx_word' id='word_1_402' title='bbox 1007 3542 1085 3584; x_wconf 84' lang='lat' dir='ltr'><strong>sa.</strong></span> 
     </span>
    </p>
   </div>
   <div class='ocr_carea' id='block_1_53' title="bbox 473 3525 1113 3596">
    <p class='ocr_par' dir='ltr' id='par_1_53' title="bbox 473 3525 1113 3596">
     <span class='ocr_line' id='line_1_54' title="bbox 473 3525 1113 3596; baseline -0.005 -14"><span class='ocrx_word' id='word_1_403' title='bbox 473 3525 651 3592; x_wconf 87' lang='lat' dir='ltr'><strong>LVII,</strong></span> <span class='ocrx_word' id='word_1_404' title='bbox 681 3527 780 3580; x_wconf 81' lang='lat' dir='ltr'><strong>col.</strong></span> <span class='ocrx_word' id='word_1_405' title='bbox 815 3525 989 3580; x_wconf 87' lang='lat'><strong>17-18</strong></span> <span class='ocrx_word' id='word_1_406' title='bbox 1007 3528 1113 3596; x_wconf 83' lang='lat' dir='ltr'><strong>sq.)</strong></span> 
     </span>
    </p>
   </div>
   <div class='ocr_carea' id='block_1_54' title="bbox 549 3595 2065 3667">
    <p class='ocr_par' dir='ltr' id='par_1_54' title="bbox 549 3595 2065 3667">
     <span class='ocr_line' id='line_1_55' title="bbox 549 3595 2065 3667; baseline 0.001 -17"><span class='ocrx_word' id='word_1_407' title='bbox 549 3597 627 3667; x_wconf 84' lang='lat' dir='ltr'><strong>(b)</strong></span> <span class='ocrx_word' id='word_1_408' title='bbox 660 3596 880 3650; x_wconf 88' lang='lat' dir='ltr'><strong>Utinam</strong></span> <span class='ocrx_word' id='word_1_409' title='bbox 913 3595 1281 3667; x_wconf 53' lang='lat' dir='ltr'><strong>modojndex</strong></span> <span class='ocrx_word' id='word_1_410' title='bbox 1313 3595 1407 3650; x_wconf 92' lang='lat' dir='ltr'><strong>ille</strong></span> <span class='ocrx_word' id='word_1_411' title='bbox 1443 3603 1682 3652; x_wconf 86' lang='lat' dir='ltr'><strong>exstaret</strong></span> <span class='ocrx_word' id='word_1_412' title='bbox 1715 3598 1726 3652; x_wconf 85' lang='lat' dir='ltr'><strong>l</strong></span> <span class='ocrx_word' id='word_1_413' title='bbox 1787 3613 1889 3652; x_wconf 92' lang='lat' dir='ltr'><strong>nos</strong></span> <span class='ocrx_word' id='word_1_414' title='bbox 1918 3597 2065 3652; x_wconf 92' lang='lat' dir='ltr'><strong>enim</strong></span> 
     </span>
    </p>
   </div>
   <div class='ocr_carea' id='block_1_55' title="bbox 476 3664 2069 3794">
    <p class='ocr_par' dir='ltr' id='par_1_55' title="bbox 476 3664 2069 3794">
     <span class='ocr_line' id='line_1_56' title="bbox 476 3664 2069 3738; baseline 0 -16"><span class='ocrx_word' id='word_1_415' title='bbox 476 3664 727 3722; x_wconf 84' lang='lat' dir='ltr'><strong>accurate</strong></span> <span class='ocrx_word' id='word_1_416' title='bbox 753 3674 806 3720; x_wconf 89' lang='lat' dir='ltr'><strong>et</strong></span> <span class='ocrx_word' id='word_1_417' title='bbox 826 3665 1040 3720; x_wconf 89' lang='lat' dir='ltr'><strong>erudite</strong></span> <span class='ocrx_word' id='word_1_418' title='bbox 1070 3664 1288 3720; x_wconf 92' lang='lat' dir='ltr'><strong>doceret</strong></span> <span class='ocrx_word' id='word_1_419' title='bbox 1352 3683 1432 3721; x_wconf 74' lang='lat' dir='ltr'><strong>uae</strong></span> <span class='ocrx_word' id='word_1_420' title='bbox 1453 3676 1657 3737; x_wconf 88' lang='lat' dir='ltr'><strong>quanta</strong></span> <span class='ocrx_word' id='word_1_421' title='bbox 1697 3684 1764 3723; x_wconf 91' lang='lat' dir='ltr'><strong>ue</strong></span> <span class='ocrx_word' id='word_1_422' title='bbox 1796 3667 2069 3738; x_wconf 86' lang='lat' dir='ltr'><strong>pretiosis-</strong></span> 
     </span>
     <span class='ocr_line' id='line_1_57' title="bbox 476 3683 2065 3794; baseline 0.001 -2"><span class='ocrx_word' id='word_1_423' title='bbox 476 3735 615 3792; x_wconf 85' lang='lat' dir='ltr'><strong>sima</strong></span> <span class='ocrx_word' id='word_1_424' title='bbox 645 3735 700 3790; x_wconf 92' lang='lat' dir='ltr'><strong>in</strong></span> <span class='ocrx_word' id='word_1_425' title='bbox 724 3753 783 3791; x_wconf 91' lang='lat' dir='ltr'><strong>ea</strong></span> <span class='ocrx_word' id='word_1_426' title='bbox 805 3735 936 3790; x_wconf 90' lang='lat' dir='ltr'><strong>olim</strong></span> <span class='ocrx_word' id='word_1_427' title='bbox 957 3734 1292 3792; x_wconf 89' lang='lat' dir='ltr'><strong>bibliotheca</strong></span> <span class='ocrx_word' id='word_1_428' title='bbox 1313 3683 1574 3794; x_wconf 61' lang='lat' dir='ltr'><strong>(inissent;</strong></span> <span class='ocrx_word' id='word_1_429' title='bbox 1600 3684 1693 3794; x_wconf 63' lang='lat' dir='ltr'><strong>sed</strong></span> <span class='ocrx_word' id='word_1_430' title='bbox 1725 3755 1787 3793; x_wconf 83' lang='lat' dir='ltr'><strong>ex</strong></span> <span class='ocrx_word' id='word_1_431' title='bbox 1799 3739 1969 3794; x_wconf 90' lang='lat' dir='ltr'><strong>ternis</strong></span> <span class='ocrx_word' id='word_1_432' title='bbox 1985 3755 2065 3793; x_wconf 76' lang='lat' dir='ltr'><strong>ar-</strong></span> 
     </span>
    </p>
   </div>
   <div class='ocr_carea' id='block_1_56' title="bbox 475 3734 2065 3803">
    <p class='ocr_par' dir='ltr' id='par_1_56' title="bbox 475 3734 2065 3803">
     <span class='ocr_line' id='line_1_58' title="bbox 475 3734 2065 3803; baseline 0.001 -11"><span class='ocrx_word' id='word_1_433' title='bbox 475 3735 615 3792; x_wconf 85' lang='lat' dir='ltr'><strong>sima</strong></span> <span class='ocrx_word' id='word_1_434' title='bbox 645 3735 700 3790; x_wconf 92' lang='lat' dir='ltr'><strong>in</strong></span> <span class='ocrx_word' id='word_1_435' title='bbox 724 3753 783 3791; x_wconf 91' lang='lat' dir='ltr'><strong>ea</strong></span> <span class='ocrx_word' id='word_1_436' title='bbox 805 3735 936 3790; x_wconf 90' lang='lat' dir='ltr'><strong>olim</strong></span> <span class='ocrx_word' id='word_1_437' title='bbox 957 3734 1292 3792; x_wconf 89' lang='lat' dir='ltr'><strong>bibliotheca</strong></span> <span class='ocrx_word' id='word_1_438' title='bbox 1322 3734 1574 3803; x_wconf 82' lang='lat' dir='ltr'><strong>fuissent;</strong></span> <span class='ocrx_word' id='word_1_439' title='bbox 1600 3734 1693 3794; x_wconf 91' lang='lat' dir='ltr'><strong>sed</strong></span> <span class='ocrx_word' id='word_1_440' title='bbox 1725 3734 2065 3794; x_wconf 76' lang='lat' dir='ltr'><strong>externisar-</strong></span> 
     </span>
    </p>
   </div>
   <div class='ocr_carea' id='block_1_57' title="bbox 479 3807 2070 3875">
    <p class='ocr_par' dir='ltr' id='par_1_57' title="bbox 479 3807 2070 3875">
     <span class='ocr_line' id='line_1_59' title="bbox 479 3807 2070 3875; baseline 0.002 -13"><span class='ocrx_word' id='word_1_441' title='bbox 479 3807 584 3863; x_wconf 89' lang='lat' dir='ltr'><strong>mis</strong></span> <span class='ocrx_word' id='word_1_442' title='bbox 607 3807 818 3862; x_wconf 89' lang='lat' dir='ltr'><strong>Italiam</strong></span> <span class='ocrx_word' id='word_1_443' title='bbox 851 3807 1604 3875; x_wconf 89' lang='lat' dir='ltr'><strong>invadentibus,hihliotheca</strong></span> <span class='ocrx_word' id='word_1_444' title='bbox 1625 3826 1770 3864; x_wconf 91' lang='lat' dir='ltr'><strong>anno</strong></span> <span class='ocrx_word' id='word_1_445' title='bbox 1804 3809 1939 3864; x_wconf 89' lang='lat'><strong>1809</strong></span> <span class='ocrx_word' id='word_1_446' title='bbox 1962 3826 2070 3865; x_wconf 88' lang='lat' dir='ltr'><strong>ex—</strong></span> 
     </span>
    </p>
   </div>
   <div class='ocr_carea' id='block_1_58' title="bbox 477 3877 2069 3952">
    <p class='ocr_par' dir='ltr' id='par_1_58' title="bbox 477 3877 2069 3952">
     <span class='ocr_line' id='line_1_60' title="bbox 477 3877 2069 3952; baseline 0.002 -19"><span class='ocrx_word' id='word_1_447' title='bbox 477 3879 677 3952; x_wconf 72' lang='lat' dir='ltr'><strong>pilata,</strong></span> <span class='ocrx_word' id='word_1_448' title='bbox 697 3892 809 3952; x_wconf 78' lang='lat' dir='ltr'><strong>una</strong></span> <span class='ocrx_word' id='word_1_449' title='bbox 825 3894 948 3952; x_wconf 84' lang='lat' dir='ltr'><strong>cum</strong></span> <span class='ocrx_word' id='word_1_450' title='bbox 979 3877 1148 3952; x_wconf 82' lang='lat' dir='ltr'><strong>variis</strong></span> <span class='ocrx_word' id='word_1_451' title='bbox 1178 3895 1306 3952; x_wconf 65' lang='lat' dir='ltr'><strong>mss.</strong></span> <span class='ocrx_word' id='word_1_452' title='bbox 1330 3879 1635 3949; x_wconf 88' lang='lat' dir='ltr'><strong>codicibus,</strong></span> <span class='ocrx_word' id='word_1_453' title='bbox 1670 3880 1967 3952; x_wconf 90' lang='lat' dir='ltr'><strong>multisque</strong></span> <span class='ocrx_word' id='word_1_454' title='bbox 1989 3897 2069 3936; x_wconf 92' lang='lat' dir='ltr'><strong>ra-</strong></span> 
     </span>
    </p>
   </div>
   <div class='ocr_carea' id='block_1_59' title="bbox 475 3949 2069 4023">
    <p class='ocr_par' dir='ltr' id='par_1_59' title="bbox 475 3949 2069 4023">
     <span class='ocr_line' id='line_1_61' title="bbox 475 3949 2069 4023; baseline 0.001 -17"><span class='ocrx_word' id='word_1_455' title='bbox 475 3949 933 4023; x_wconf 77' lang='lat' dir='ltr'><strong>rissimis__libris,_</strong></span> <span class='ocrx_word' id='word_1_456' title='bbox 958 3957 1012 4005; x_wconf 89' lang='lat' dir='ltr'><strong>et</strong></span> <span class='ocrx_word' id='word_1_457' title='bbox 1069 3950 1177 4023; x_wconf 78' lang='lat' dir='ltr'><strong>hic</strong></span> <span class='ocrx_word' id='word_1_458' title='bbox 1208 3949 1379 4023; x_wconf 80' lang='lat' dir='ltr'><strong>index</strong></span> <span class='ocrx_word' id='word_1_459' title='bbox 1427 3968 1642 4023; x_wconf 90' lang='lat' dir='ltr'><strong>pessum</strong></span> <span class='ocrx_word' id='word_1_460' title='bbox 1676 3952 1777 4008; x_wconf 90' lang='lat' dir='ltr'><strong>ivit</strong></span> <span class='ocrx_word' id='word_1_461' title='bbox 1810 3949 1919 4007; x_wconf 78' lang='lat' dir='ltr'><strong>non</strong></span> <span class='ocrx_word' id='word_1_462' title='bbox 1952 3952 2069 4008; x_wconf 91' lang='lat' dir='ltr'><strong>sine</strong></span> 
     </span>
    </p>
   </div>
   <div class='ocr_carea' id='block_1_60' title="bbox 476 4020 2068 4095">
    <p class='ocr_par' dir='ltr' id='par_1_60' title="bbox 476 4020 2068 4095">
     <span class='ocr_line' id='line_1_62' title="bbox 476 4020 2068 4095; baseline 0.001 -18"><span class='ocrx_word' id='word_1_463' title='bbox 476 4037 676 4094; x_wconf 84' lang='lat' dir='ltr'><strong>magno</strong></span> <span class='ocrx_word' id='word_1_464' title='bbox 707 4020 1323 4095; x_wconf 61' lang='lat' dir='ltr'><strong>litterariaereipublicw</strong></span> <span class='ocrx_word' id='word_1_465' title='bbox 1343 4020 1693 4095; x_wconf 78' lang='lat' dir='ltr'><strong>detrimento.</strong></span> <span class='ocrx_word' id='word_1_466' title='bbox 1729 4023 1826 4079; x_wconf 87' lang='lat' dir='ltr'><strong>His</strong></span> <span class='ocrx_word' id='word_1_467' title='bbox 1846 4023 2068 4095; x_wconf 92' lang='lat' dir='ltr'><strong>quidem</strong></span> 
     </span>
    </p>
   </div>
   <div class='ocr_carea' id='block_1_61' title="bbox 476 4091 2071 4166">
    <p class='ocr_par' dir='ltr' id='par_1_61' title="bbox 476 4091 2071 4166">
     <span class='ocr_line' id='line_1_63' title="bbox 476 4091 2071 4166; baseline 0.001 -18"><span class='ocrx_word' id='word_1_468' title='bbox 476 4091 615 4166; x_wconf 63' lang='lat' dir='ltr'><strong>mss.</strong></span> <span class='ocrx_word' id='word_1_469' title='bbox 631 4092 960 4166; x_wconf 81' lang='lat' dir='ltr'><strong>codicumin</strong></span> <span class='ocrx_word' id='word_1_470' title='bbox 979 4091 1334 4166; x_wconf 82' lang='lat' dir='ltr'><strong>bibliothecis</strong></span> <span class='ocrx_word' id='word_1_471' title='bbox 1349 4093 1792 4166; x_wconf 87' lang='lat' dir='ltr'><strong>delitescentium</strong></span> <span class='ocrx_word' id='word_1_472' title='bbox 1811 4091 2071 4166; x_wconf 73' lang='lat' dir='ltr'><strong>catalogis</strong></span> 
     </span>
    </p>
   </div>
   <div class='ocr_carea' id='block_1_62' title="bbox 475 4163 2072 4238">
    <p class='ocr_par' dir='ltr' id='par_1_62' title="bbox 475 4163 2072 4238">
     <span class='ocr_line' id='line_1_64' title="bbox 475 4163 2072 4238; baseline 0 -17"><span class='ocrx_word' id='word_1_473' title='bbox 475 4163 619 4238; x_wconf 82' lang='lat' dir='ltr'><strong>nihil</strong></span> <span class='ocrx_word' id='word_1_474' title='bbox 642 4180 757 4219; x_wconf 91' lang='lat' dir='ltr'><strong>esse</strong></span> <span class='ocrx_word' id='word_1_475' title='bbox 777 4164 1060 4238; x_wconf 76' lang='lat' dir='ltr'><strong>utiliusad</strong></span> <span class='ocrx_word' id='word_1_476' title='bbox 1093 4165 1490 4238; x_wconf 86' lang='lat' dir='ltr'><strong>exornandam,</strong></span> <span class='ocrx_word' id='word_1_477' title='bbox 1522 4163 2072 4238; x_wconf 47' lang='lat' dir='ltr'><strong>ampliﬁcandamfet</strong></span> 
     </span>
    </p>
   </div>
   <div class='ocr_carea' id='block_1_63' title="bbox 477 4234 2072 4308">
    <p class='ocr_par' dir='ltr' id='par_1_63' title="bbox 477 4234 2072 4308">
     <span class='ocr_line' id='line_1_65' title="bbox 477 4234 2072 4308; baseline 0 -17"><span class='ocrx_word' id='word_1_478' title='bbox 477 4236 643 4308; x_wconf 82' lang='lat' dir='ltr'><strong>altius</strong></span> <span class='ocrx_word' id='word_1_479' title='bbox 673 4234 1078 4308; x_wconf 89' lang='lat' dir='ltr'><strong>provehendam</strong></span> <span class='ocrx_word' id='word_1_480' title='bbox 1112 4253 1226 4290; x_wconf 91' lang='lat' dir='ltr'><strong>rem</strong></span> <span class='ocrx_word' id='word_1_481' title='bbox 1241 4237 1560 4292; x_wconf 89' lang='lat' dir='ltr'><strong>litterariam</strong></span> <span class='ocrx_word' id='word_1_482' title='bbox 1592 4234 1736 4308; x_wconf 76' lang='lat' dir='ltr'><strong>apud</strong></span> <span class='ocrx_word' id='word_1_483' title='bbox 1767 4236 1959 4293; x_wconf 87' lang='lat' dir='ltr'><strong>doctos</strong></span> <span class='ocrx_word' id='word_1_484' title='bbox 1979 4253 2072 4292; x_wconf 84' lang='lat' dir='ltr'><strong>ex-</strong></span> 
     </span>
    </p>
   </div>
   <div class='ocr_carea' id='block_1_64' title="bbox 475 4307 2071 4380">
    <p class='ocr_par' dir='ltr' id='par_1_64' title="bbox 475 4307 2071 4380">
     <span class='ocr_line' id='line_1_66' title="bbox 475 4307 2071 4380; baseline 0.001 -19"><span class='ocrx_word' id='word_1_485' title='bbox 475 4307 751 4378; x_wconf 87' lang='lat' dir='ltr'><strong>ploratum</strong></span> <span class='ocrx_word' id='word_1_486' title='bbox 783 4307 1203 4380; x_wconf 82' lang='lat' dir='ltr'><strong>confessumque</strong></span> <span class='ocrx_word' id='word_1_487' title='bbox 1233 4315 1334 4364; x_wconf 90' lang='lat' dir='ltr'><strong>est.</strong></span> <span class='ocrx_word' id='word_1_488' title='bbox 1376 4308 1605 4376; x_wconf 91' lang='lat' dir='ltr'><strong>Verum,</strong></span> <span class='ocrx_word' id='word_1_489' title='bbox 1629 4307 1835 4380; x_wconf 75' lang='lat' dir='ltr'><strong>praeter</strong></span> <span class='ocrx_word' id='word_1_490' title='bbox 1861 4324 1922 4363; x_wconf 89' lang='lat' dir='ltr'><strong>ea</strong></span> <span class='ocrx_word' id='word_1_491' title='bbox 1950 4325 2071 4380; x_wconf 71' lang='lat' dir='ltr'><strong>quae</strong></span> 
     </span>
    </p>
   </div>
   <div class='ocr_carea' id='block_1_65' title="bbox 477 4378 2071 4452">
    <p class='ocr_par' dir='ltr' id='par_1_65' title="bbox 477 4378 2071 4452">
     <span class='ocr_line' id='line_1_67' title="bbox 477 4378 2071 4452; baseline 0.002 -21"><span class='ocrx_word' id='word_1_492' title='bbox 477 4393 640 4452; x_wconf 77' lang='lat' dir='ltr'><strong>supra</strong></span> <span class='ocrx_word' id='word_1_493' title='bbox 697 4378 1014 4452; x_wconf 71' lang='lat' dir='ltr'><strong>retulimus,</strong></span> <span class='ocrx_word' id='word_1_494' title='bbox 1064 4378 1181 4452; x_wconf 64' lang='lat' dir='ltr'><strong>haec</strong></span> <span class='ocrx_word' id='word_1_495' title='bbox 1210 4380 1375 4452; x_wconf 84' lang='lat' dir='ltr'><strong>etiam</strong></span> <span class='ocrx_word' id='word_1_496' title='bbox 1419 4378 1718 4452; x_wconf 63' lang='lat' dir='ltr'><strong>praenotata</strong></span> <span class='ocrx_word' id='word_1_497' title='bbox 1759 4378 1982 4435; x_wconf 79' lang='lat' dir='ltr'><strong>exstant</strong></span> <span class='ocrx_word' id='word_1_498' title='bbox 2005 4379 2071 4435; x_wconf 90' lang='lat' dir='ltr'><strong>de</strong></span> 
     </span>
    </p>
   </div>
   <div class='ocr_carea' id='block_1_66' title="bbox 2174 1801 3775 1862">
    <p class='ocr_par' dir='ltr' id='par_1_66' title="bbox 2174 1801 3775 1862">
     <span class='ocr_line' id='line_1_68' title="bbox 2174 1801 3775 1862; baseline 0.003 -4"><span class='ocrx_word' id='word_1_499' title='bbox 2174 1801 2269 1858; x_wconf 89' lang='lat' dir='ltr'><strong>sed</strong></span> <span class='ocrx_word' id='word_1_500' title='bbox 2299 1802 2464 1858; x_wconf 90' lang='lat' dir='ltr'><strong>etiam</strong></span> <span class='ocrx_word' id='word_1_501' title='bbox 2494 1802 2552 1858; x_wconf 93' lang='lat' dir='ltr'><strong>in</strong></span> <span class='ocrx_word' id='word_1_502' title='bbox 2575 1803 2754 1858; x_wconf 91' lang='lat' dir='ltr'><strong>titulis</strong></span> <span class='ocrx_word' id='word_1_503' title='bbox 2783 1803 2838 1859; x_wconf 93' lang='lat' dir='ltr'><strong>S.</strong></span> <span class='ocrx_word' id='word_1_504' title='bbox 2872 1802 3100 1858; x_wconf 84' lang='lat' dir='ltr'><strong>Maximi</strong></span> <span class='ocrx_word' id='word_1_505' title='bbox 3127 1802 3309 1859; x_wconf 89' lang='lat' dir='ltr'><strong>editor</strong></span> <span class='ocrx_word' id='word_1_506' title='bbox 3333 1819 3457 1859; x_wconf 91' lang='lat' dir='ltr'><strong>cum</strong></span> <span class='ocrx_word' id='word_1_507' title='bbox 3479 1804 3666 1862; x_wconf 86' lang='lat' dir='ltr'><strong>indice</strong></span> <span class='ocrx_word' id='word_1_508' title='bbox 3691 1822 3775 1862; x_wconf 84' lang='lat' dir='ltr'><strong>er-</strong></span> 
     </span>
    </p>
   </div>
   <div class='ocr_carea' id='block_1_67' title="bbox 2173 1891 3774 1966">
    <p class='ocr_par' dir='ltr' id='par_1_67' title="bbox 2173 1891 3774 1966">
     <span class='ocr_line' id='line_1_69' title="bbox 2173 1891 3774 1966; baseline 0.002 -19"><span class='ocrx_word' id='word_1_509' title='bbox 2173 1891 2318 1947; x_wconf 90' lang='lat' dir='ltr'><strong>ravit</strong></span> <span class='ocrx_word' id='word_1_510' title='bbox 2344 1909 2358 1959; x_wconf 90' lang='lat'><strong>;</strong></span> <span class='ocrx_word' id='word_1_511' title='bbox 2391 1892 2537 1965; x_wconf 90' lang='lat' dir='ltr'><strong>quod</strong></span> <span class='ocrx_word' id='word_1_512' title='bbox 2569 1900 2630 1947; x_wconf 93' lang='lat' dir='ltr'><strong>ut</strong></span> <span class='ocrx_word' id='word_1_513' title='bbox 2659 1892 2860 1948; x_wconf 91' lang='lat' dir='ltr'><strong>clarius</strong></span> <span class='ocrx_word' id='word_1_514' title='bbox 2888 1901 3163 1964; x_wconf 86' lang='lat' dir='ltr'><strong>appareat,</strong></span> <span class='ocrx_word' id='word_1_515' title='bbox 3205 1892 3298 1948; x_wconf 90' lang='lat' dir='ltr'><strong>hic</strong></span> <span class='ocrx_word' id='word_1_516' title='bbox 3323 1909 3502 1964; x_wconf 64' lang='lat' dir='ltr'><strong>opera;</strong></span> <span class='ocrx_word' id='word_1_517' title='bbox 3532 1895 3774 1966; x_wconf 90' lang='lat' dir='ltr'><strong>pretium</strong></span> 
     </span>
    </p>
   </div>
   <div class='ocr_carea' id='block_1_68' title="bbox 2173 1979 3772 2060">
    <p class='ocr_par' dir='ltr' id='par_1_68' title="bbox 2173 1979 3772 2060">
     <span class='ocr_line' id='line_1_70' title="bbox 2173 1979 3772 2060; baseline 0.003 -25"><span class='ocrx_word' id='word_1_518' title='bbox 2173 1979 2314 2036; x_wconf 90' lang='lat' dir='ltr'><strong>duxi</strong></span> <span class='ocrx_word' id='word_1_519' title='bbox 2341 1982 2527 2037; x_wconf 86' lang='lat' dir='ltr'><strong>omnia</strong></span> <span class='ocrx_word' id='word_1_520' title='bbox 2543 1998 2638 2053; x_wconf 89' lang='lat' dir='ltr'><strong>per</strong></span> <span class='ocrx_word' id='word_1_521' title='bbox 2665 1981 2882 2060; x_wconf 88' lang='lat' dir='ltr'><strong>singula</strong></span> <span class='ocrx_word' id='word_1_522' title='bbox 2897 1997 3200 2050; x_wconf 90' lang='lat' dir='ltr'><strong>recensere,</strong></span> <span class='ocrx_word' id='word_1_523' title='bbox 3222 1997 3343 2055; x_wconf 88' lang='lat' dir='ltr'><strong>quae</strong></span> <span class='ocrx_word' id='word_1_524' title='bbox 3364 1983 3422 2037; x_wconf 90' lang='lat' dir='ltr'><strong>in</strong></span> <span class='ocrx_word' id='word_1_525' title='bbox 3453 1982 3562 2040; x_wconf 80' lang='lat' dir='ltr'><strong>hoc</strong></span> <span class='ocrx_word' id='word_1_526' title='bbox 3581 1984 3772 2040; x_wconf 90' lang='lat' dir='ltr'><strong>eodem</strong></span> 
     </span>
    </p>
   </div>
   <div class='ocr_carea' id='block_1_69' title="bbox 2174 2070 2770 2128">
    <p class='ocr_par' dir='ltr' id='par_1_69' title="bbox 2174 2070 2770 2128">
     <span class='ocr_line' id='line_1_71' title="bbox 2174 2070 2770 2128; baseline -0.003 -2"><span class='ocrx_word' id='word_1_527' title='bbox 2174 2070 2365 2128; x_wconf 89' lang='lat' dir='ltr'><strong>codice</strong></span> <span class='ocrx_word' id='word_1_528' title='bbox 2395 2071 2770 2127; x_wconf 89' lang='lat' dir='ltr'><strong>continentur.</strong></span> 
     </span>
    </p>
   </div>
   <div class='ocr_carea' id='block_1_70' title="bbox 2181 2159 3778 2228">
    <p class='ocr_par' dir='ltr' id='par_1_70' title="bbox 2181 2159 3778 2228">
     <span class='ocr_line' id='line_1_72' title="bbox 2181 2159 3778 2228; baseline -0.003 -10"><span class='ocrx_word' id='word_1_529' title='bbox 2181 2213 2186 2222; x_wconf 76' lang='grc'><strong>,</strong></span> <span class='ocrx_word' id='word_1_530' title='bbox 2246 2162 2392 2218; x_wconf 79' lang='lat' dir='ltr'><strong>VIII.</strong></span> <span class='ocrx_word' id='word_1_531' title='bbox 2427 2163 2555 2228; x_wconf 75' lang='lat' dir='ltr'><strong>Quae</strong></span> <span class='ocrx_word' id='word_1_532' title='bbox 2581 2159 2639 2214; x_wconf 89' lang='lat' dir='ltr'><strong>in</strong></span> <span class='ocrx_word' id='word_1_533' title='bbox 2661 2159 2968 2216; x_wconf 88' lang='lat' dir='ltr'><strong>Sessoriano</strong></span> <span class='ocrx_word' id='word_1_534' title='bbox 3005 2159 3174 2215; x_wconf 90' lang='lat' dir='ltr'><strong>codice</strong></span> <span class='ocrx_word' id='word_1_535' title='bbox 3213 2161 3565 2217; x_wconf 82' lang='lat' dir='ltr'><strong>continentur.</strong></span> <span class='ocrx_word' id='word_1_536' title='bbox 3599 2193 3672 2204; x_wconf 96' lang='lat'><strong>—</strong></span> <span class='ocrx_word' id='word_1_537' title='bbox 3708 2163 3778 2219; x_wconf 88' lang='lat' dir='ltr'><strong>Et</strong></span> 
     </span>
    </p>
   </div>
   <div class='ocr_carea' id='block_1_71' title="bbox 2175 2248 3777 2323">
    <p class='ocr_par' dir='ltr' id='par_1_71' title="bbox 2175 2248 3777 2323">
     <span class='ocr_line' id='line_1_73' title="bbox 2175 2248 3777 2323; baseline 0.001 -18"><span class='ocrx_word' id='word_1_538' title='bbox 2175 2251 2399 2323; x_wconf 90' lang='lat' dir='ltr'><strong>quidem</strong></span> <span class='ocrx_word' id='word_1_539' title='bbox 2437 2249 2668 2304; x_wconf 88' lang='lat' dir='ltr'><strong>habetur</strong></span> <span class='ocrx_word' id='word_1_540' title='bbox 2696 2248 2755 2304; x_wconf 89' lang='lat' dir='ltr'><strong>in</strong></span> <span class='ocrx_word' id='word_1_541' title='bbox 2778 2264 2845 2304; x_wconf 92' lang='lat' dir='ltr'><strong>eo</strong></span> <span class='ocrx_word' id='word_1_542' title='bbox 2869 2249 2969 2305; x_wconf 85' lang='lat' dir='ltr'><strong>fol.</strong></span> <span class='ocrx_word' id='word_1_543' title='bbox 3004 2249 3031 2304; x_wconf 93' lang='lat'><strong>1</strong></span> <span class='ocrx_word' id='word_1_544' title='bbox 3062 2257 3211 2305; x_wconf 90' lang='lat' dir='ltr'><strong>recto</strong></span> <span class='ocrx_word' id='word_1_545' title='bbox 3241 2251 3298 2306; x_wconf 94' lang='lat' dir='ltr'><strong>S.</strong></span> <span class='ocrx_word' id='word_1_546' title='bbox 3337 2251 3639 2323; x_wconf 80' lang='lat' dir='ltr'><strong>Augustini</strong></span> <span class='ocrx_word' id='word_1_547' title='bbox 3668 2268 3777 2308; x_wconf 86' lang='lat' dir='ltr'><strong>ser-</strong></span> 
     </span>
    </p>
   </div>
   <div class='ocr_carea' id='block_1_72' title="bbox 2179 2338 3776 2412">
    <p class='ocr_par' dir='ltr' id='par_1_72' title="bbox 2179 2338 3776 2412">
     <span class='ocr_line' id='line_1_74' title="bbox 2179 2338 3776 2412; baseline 0.001 -18"><span class='ocrx_word' id='word_1_548' title='bbox 2179 2356 2268 2395; x_wconf 91' lang='lat' dir='ltr'><strong>mo</strong></span> <span class='ocrx_word' id='word_1_549' title='bbox 2296 2339 2364 2395; x_wconf 92' lang='lat' dir='ltr'><strong>de</strong></span> <span class='ocrx_word' id='word_1_550' title='bbox 2393 2340 2633 2412; x_wconf 88' lang='lat' dir='ltr'><strong>Nuptiis,</strong></span> <span class='ocrx_word' id='word_1_551' title='bbox 2667 2338 2760 2412; x_wconf 90' lang='lat' dir='ltr'><strong>qui</strong></span> <span class='ocrx_word' id='word_1_552' title='bbox 2809 2339 3014 2411; x_wconf 91' lang='lat' dir='ltr'><strong>absque</strong></span> <span class='ocrx_word' id='word_1_553' title='bbox 3055 2340 3218 2395; x_wconf 89' lang='lat' dir='ltr'><strong>titulo</strong></span> <span class='ocrx_word' id='word_1_554' title='bbox 3246 2340 3357 2396; x_wconf 90' lang='lat' dir='ltr'><strong>inc.</strong></span> <span class='ocrx_word' id='word_1_555' title='bbox 3423 2342 3686 2412; x_wconf 69' lang='lat' dir='ltr'><strong>«Nuptiae</strong></span> <span class='ocrx_word' id='word_1_556' title='bbox 3721 2343 3776 2396; x_wconf 91' lang='lat' dir='ltr'><strong>in</strong></span> 
     </span>
    </p>
   </div>
   <div class='ocr_carea' id='block_1_73' title="bbox 2176 2429 3775 2501">
    <p class='ocr_par' dir='ltr' id='par_1_73' title="bbox 2176 2429 3775 2501">
     <span class='ocr_line' id='line_1_75' title="bbox 2176 2429 3775 2501; baseline 0 -16"><span class='ocrx_word' id='word_1_557' title='bbox 2176 2429 2378 2501; x_wconf 89' lang='lat' dir='ltr'><strong>quibus</strong></span> <span class='ocrx_word' id='word_1_558' title='bbox 2397 2429 2650 2486; x_wconf 86' lang='lat' dir='ltr'><strong>Christus</strong></span> <span class='ocrx_word' id='word_1_559' title='bbox 2681 2438 2735 2484; x_wconf 91' lang='lat' dir='ltr'><strong>et</strong></span> <span class='ocrx_word' id='word_1_560' title='bbox 2765 2439 3103 2495; x_wconf 89' lang='lat' dir='ltr'><strong>munerator,</strong></span> <span class='ocrx_word' id='word_1_561' title='bbox 3135 2436 3189 2484; x_wconf 89' lang='lat' dir='ltr'><strong>et</strong></span> <span class='ocrx_word' id='word_1_562' title='bbox 3216 2430 3453 2485; x_wconf 87' lang='lat' dir='ltr'><strong>conviva</strong></span> <span class='ocrx_word' id='word_1_563' title='bbox 3489 2431 3775 2499; x_wconf 89' lang='lat' dir='ltr'><strong>decubuit,</strong></span> 
     </span>
    </p>
   </div>
   <div class='ocr_carea' id='block_1_74' title="bbox 2176 2519 3776 2592">
    <p class='ocr_par' dir='ltr' id='par_1_74' title="bbox 2176 2519 3776 2592">
     <span class='ocr_line' id='line_1_76' title="bbox 2176 2519 3776 2592; baseline 0.001 -17"><span class='ocrx_word' id='word_1_564' title='bbox 2176 2527 2281 2576; x_wconf 91' lang='lat' dir='ltr'><strong>etc.</strong></span> <span class='ocrx_word' id='word_1_565' title='bbox 2314 2545 2332 2568; x_wconf 78' lang='grc' dir='ltr'><strong><em>ι</em></strong></span> <span class='ocrx_word' id='word_1_566' title='bbox 2374 2521 2498 2575; x_wconf 91' lang='lat' dir='ltr'><strong>Des.</strong></span> <span class='ocrx_word' id='word_1_567' title='bbox 2538 2544 2555 2566; x_wconf 78' lang='grc' dir='ltr'>ι</span> <span class='ocrx_word' id='word_1_568' title='bbox 2587 2521 2775 2592; x_wconf 89' lang='lat' dir='ltr'><strong>Itaque</strong></span> <span class='ocrx_word' id='word_1_569' title='bbox 2803 2521 2889 2575; x_wconf 90' lang='lat' dir='ltr'><strong>illi</strong></span> <span class='ocrx_word' id='word_1_570' title='bbox 2919 2519 3178 2576; x_wconf 90' lang='lat' dir='ltr'><strong>desiccati</strong></span> <span class='ocrx_word' id='word_1_571' title='bbox 3226 2528 3358 2575; x_wconf 89' lang='lat' dir='ltr'><strong>sunt</strong></span> <span class='ocrx_word' id='word_1_572' title='bbox 3386 2528 3439 2576; x_wconf 92' lang='lat' dir='ltr'><strong>et</strong></span> <span class='ocrx_word' id='word_1_573' title='bbox 3469 2529 3776 2588; x_wconf 85' lang='lat' dir='ltr'><strong>aruerunt;</strong></span> 
     </span>
    </p>
   </div>
   <div class='ocr_carea' id='block_1_75' title="bbox 2177 2607 3781 2676">
    <p class='ocr_par' dir='ltr' id='par_1_75' title="bbox 2177 2607 3781 2676">
     <span class='ocr_line' id='line_1_77' title="bbox 2177 2607 3781 2676; baseline 0.001 -13"><span class='ocrx_word' id='word_1_574' title='bbox 2177 2624 2278 2664; x_wconf 90' lang='lat' dir='ltr'><strong>nos</strong></span> <span class='ocrx_word' id='word_1_575' title='bbox 2309 2624 2440 2664; x_wconf 86' lang='lat' dir='ltr'><strong>vero</strong></span> <span class='ocrx_word' id='word_1_576' title='bbox 2475 2609 2836 2676; x_wconf 90' lang='lat' dir='ltr'><strong>comedimus,</strong></span> <span class='ocrx_word' id='word_1_577' title='bbox 2887 2619 2941 2664; x_wconf 90' lang='lat' dir='ltr'><strong>et</strong></span> <span class='ocrx_word' id='word_1_578' title='bbox 2968 2607 3235 2676; x_wconf 88' lang='lat' dir='ltr'><strong>bibimus,</strong></span> <span class='ocrx_word' id='word_1_579' title='bbox 3275 2616 3329 2664; x_wconf 91' lang='lat' dir='ltr'><strong>et</strong></span> <span class='ocrx_word' id='word_1_580' title='bbox 3357 2609 3548 2665; x_wconf 83' lang='lat' dir='ltr'><strong>refecti</strong></span> <span class='ocrx_word' id='word_1_581' title='bbox 3587 2626 3781 2665; x_wconf 87' lang='lat' dir='ltr'><strong>sumus</strong></span> 
     </span>
    </p>
   </div>
   <div class='ocr_carea' id='block_1_76' title="bbox 2177 2696 3783 2771">
    <p class='ocr_par' dir='ltr' id='par_1_76' title="bbox 2177 2696 3783 2771">
     <span class='ocr_line' id='line_1_78' title="bbox 2177 2696 3783 2771; baseline 0 -16"><span class='ocrx_word' id='word_1_582' title='bbox 2177 2714 2272 2771; x_wconf 88' lang='lat' dir='ltr'><strong>per</strong></span> <span class='ocrx_word' id='word_1_583' title='bbox 2298 2699 2477 2771; x_wconf 89' lang='lat' dir='ltr'><strong>ipsum</strong></span> <span class='ocrx_word' id='word_1_584' title='bbox 2505 2698 2685 2752; x_wconf 87' lang='lat' dir='ltr'><strong>Jesum</strong></span> <span class='ocrx_word' id='word_1_585' title='bbox 2718 2697 3021 2765; x_wconf 87' lang='lat' dir='ltr'><strong>Christum,</strong></span> <span class='ocrx_word' id='word_1_586' title='bbox 3063 2696 3157 2770; x_wconf 88' lang='lat' dir='ltr'><strong>qui</strong></span> <span class='ocrx_word' id='word_1_587' title='bbox 3186 2697 3328 2753; x_wconf 86' lang='lat' dir='ltr'><strong>vivit</strong></span> <span class='ocrx_word' id='word_1_588' title='bbox 3355 2714 3481 2754; x_wconf 90' lang='lat' dir='ltr'><strong>cum</strong></span> <span class='ocrx_word' id='word_1_589' title='bbox 3513 2699 3696 2767; x_wconf 86' lang='lat' dir='ltr'><strong>Patre,</strong></span> <span class='ocrx_word' id='word_1_590' title='bbox 3728 2709 3783 2756; x_wconf 89' lang='lat' dir='ltr'><strong>et</strong></span> 
     </span>
    </p>
   </div>
   <div class='ocr_carea' id='block_1_77' title="bbox 2176 2786 3767 2859">
    <p class='ocr_par' dir='ltr' id='par_1_77' title="bbox 2176 2786 3767 2859">
     <span class='ocr_line' id='line_1_79' title="bbox 2176 2786 3767 2859; baseline 0 -15"><span class='ocrx_word' id='word_1_591' title='bbox 2176 2804 2302 2844; x_wconf 91' lang='lat' dir='ltr'><strong>cum</strong></span> <span class='ocrx_word' id='word_1_592' title='bbox 2327 2787 2536 2859; x_wconf 89' lang='lat' dir='ltr'><strong>Spiritu</strong></span> <span class='ocrx_word' id='word_1_593' title='bbox 2568 2796 2759 2844; x_wconf 90' lang='lat' dir='ltr'><strong>sancto</strong></span> <span class='ocrx_word' id='word_1_594' title='bbox 2785 2786 2845 2841; x_wconf 89' lang='lat' dir='ltr'><strong>in</strong></span> <span class='ocrx_word' id='word_1_595' title='bbox 2884 2788 3084 2843; x_wconf 69' lang='lat' dir='ltr'><strong>saecula</strong></span> <span class='ocrx_word' id='word_1_596' title='bbox 3114 2789 3463 2845; x_wconf 80' lang='lat' dir='ltr'><strong>saeculorum.</strong></span> <span class='ocrx_word' id='word_1_597' title='bbox 3504 2791 3708 2844; x_wconf 88' lang='lat' dir='ltr'><strong>Amen.</strong></span> <span class='ocrx_word' id='word_1_598' title='bbox 3748 2813 3767 2836; x_wconf 83' lang='grc' dir='ltr'><strong><em>ι</em></strong></span> 
     </span>
    </p>
   </div>
   <div class='ocr_carea' id='block_1_78' title="bbox 2177 2876 3784 2948">
    <p class='ocr_par' dir='ltr' id='par_1_78' title="bbox 2177 2876 3784 2948">
     <span class='ocr_line' id='line_1_80' title="bbox 2177 2876 3784 2948; baseline 0.001 -17"><span class='ocrx_word' id='word_1_599' title='bbox 2177 2877 2336 2932; x_wconf 88' lang='lat' dir='ltr'><strong>Hunc</strong></span> <span class='ocrx_word' id='word_1_600' title='bbox 2358 2892 2685 2943; x_wconf 89' lang='lat' dir='ltr'><strong>sermonem,</strong></span> <span class='ocrx_word' id='word_1_601' title='bbox 2718 2876 2772 2930; x_wconf 88' lang='lat' dir='ltr'><strong>in</strong></span> <span class='ocrx_word' id='word_1_602' title='bbox 2793 2893 2900 2948; x_wconf 92' lang='lat' dir='ltr'><strong>quo</strong></span> <span class='ocrx_word' id='word_1_603' title='bbox 2932 2877 3276 2948; x_wconf 86' lang='lat' dir='ltr'><strong>Augustinus</strong></span> <span class='ocrx_word' id='word_1_604' title='bbox 3304 2885 3490 2932; x_wconf 89' lang='lat' dir='ltr'><strong>tuetur</strong></span> <span class='ocrx_word' id='word_1_605' title='bbox 3513 2877 3784 2933; x_wconf 84' lang='lat' dir='ltr'><strong>adversus</strong></span> 
     </span>
    </p>
   </div>
   <div class='ocr_carea' id='block_1_79' title="bbox 2177 2964 3784 3038">
    <p class='ocr_par' dir='ltr' id='par_1_79' title="bbox 2177 2964 3784 3038">
     <span class='ocr_line' id='line_1_81' title="bbox 2177 2964 3784 3038; baseline -0.001 -16"><span class='ocrx_word' id='word_1_606' title='bbox 2177 2965 2526 3033; x_wconf 74' lang='lat' dir='ltr'><strong>Manichaeos,</strong></span> <span class='ocrx_word' id='word_1_607' title='bbox 2557 2981 2684 3021; x_wconf 89' lang='lat' dir='ltr'><strong>vere</strong></span> <span class='ocrx_word' id='word_1_608' title='bbox 2714 2964 2997 3023; x_wconf 88' lang='lat' dir='ltr'><strong>Christum</strong></span> <span class='ocrx_word' id='word_1_609' title='bbox 3029 2966 3335 3022; x_wconf 91' lang='lat' dir='ltr'><strong>instituisse</strong></span> <span class='ocrx_word' id='word_1_610' title='bbox 3365 2965 3638 3038; x_wconf 90' lang='lat' dir='ltr'><strong>conjugia,</strong></span> <span class='ocrx_word' id='word_1_611' title='bbox 3685 2966 3784 3020; x_wconf 90' lang='lat' dir='ltr'><strong>in—</strong></span> 
     </span>
    </p>
   </div>
   <div class='ocr_carea' id='block_1_80' title="bbox 2175 3055 3782 3130">
    <p class='ocr_par' dir='ltr' id='par_1_80' title="bbox 2175 3055 3782 3130">
     <span class='ocr_line' id='line_1_82' title="bbox 2175 3055 3782 3130; baseline -0.001 -18"><span class='ocrx_word' id='word_1_612' title='bbox 2175 3065 2259 3113; x_wconf 90' lang='lat' dir='ltr'><strong>ter</strong></span> <span class='ocrx_word' id='word_1_613' title='bbox 2283 3057 2458 3113; x_wconf 78' lang='lat' dir='ltr'><strong>editos</strong></span> <span class='ocrx_word' id='word_1_614' title='bbox 2478 3057 2715 3130; x_wconf 89' lang='lat' dir='ltr'><strong>reperire</strong></span> <span class='ocrx_word' id='word_1_615' title='bbox 2736 3073 2846 3112; x_wconf 93' lang='lat' dir='ltr'><strong>non</strong></span> <span class='ocrx_word' id='word_1_616' title='bbox 2878 3056 3052 3127; x_wconf 92' lang='lat' dir='ltr'><strong>potui.</strong></span> <span class='ocrx_word' id='word_1_617' title='bbox 3082 3056 3250 3112; x_wconf 89' lang='lat' dir='ltr'><strong>Porro</strong></span> <span class='ocrx_word' id='word_1_618' title='bbox 3278 3056 3344 3112; x_wconf 93' lang='lat' dir='ltr'><strong>de</strong></span> <span class='ocrx_word' id='word_1_619' title='bbox 3378 3055 3523 3111; x_wconf 92' lang='lat' dir='ltr'><strong>bono</strong></span> <span class='ocrx_word' id='word_1_620' title='bbox 3551 3056 3782 3128; x_wconf 87' lang='lat' dir='ltr'><strong>Nuptia-</strong></span> 
     </span>
    </p>
   </div>
   <div class='ocr_carea' id='block_1_81' title="bbox 2174 3144 3780 3216">
    <p class='ocr_par' dir='ltr' id='par_1_81' title="bbox 2174 3144 3780 3216">
     <span class='ocr_line' id='line_1_83' title="bbox 2174 3144 3780 3216; baseline -0.002 -13"><span class='ocrx_word' id='word_1_621' title='bbox 2174 3165 2294 3204; x_wconf 91' lang='lat' dir='ltr'><strong>rum</strong></span> <span class='ocrx_word' id='word_1_622' title='bbox 2313 3163 2621 3203; x_wconf 90' lang='lat' dir='ltr'><strong>sermonem</strong></span> <span class='ocrx_word' id='word_1_623' title='bbox 2645 3145 2903 3201; x_wconf 89' lang='lat' dir='ltr'><strong>habuisse</strong></span> <span class='ocrx_word' id='word_1_624' title='bbox 2923 3144 3292 3215; x_wconf 89' lang='lat' dir='ltr'><strong>Augustinum</strong></span> <span class='ocrx_word' id='word_1_625' title='bbox 3324 3152 3535 3200; x_wconf 86' lang='lat' dir='ltr'><strong>constat</strong></span> <span class='ocrx_word' id='word_1_626' title='bbox 3552 3161 3620 3199; x_wconf 88' lang='lat' dir='ltr'><strong>ex</strong></span> <span class='ocrx_word' id='word_1_627' title='bbox 3637 3144 3780 3216; x_wconf 52' lang='lat' dir='ltr'><strong>ejus-</strong></span> 
     </span>
    </p>
   </div>
   <div class='ocr_carea' id='block_1_82' title="bbox 2173 3233 3782 3309">
    <p class='ocr_par' dir='ltr' id='par_1_82' title="bbox 2173 3233 3782 3309">
     <span class='ocr_line' id='line_1_84' title="bbox 2173 3233 3782 3309; baseline -0.002 -16"><span class='ocrx_word' id='word_1_628' title='bbox 2173 3237 2297 3293; x_wconf 92' lang='lat' dir='ltr'><strong>dem</strong></span> <span class='ocrx_word' id='word_1_629' title='bbox 2353 3238 2680 3309; x_wconf 87' lang='lat' dir='ltr'><strong>fragmento,</strong></span> <span class='ocrx_word' id='word_1_630' title='bbox 2741 3234 2887 3308; x_wconf 91' lang='lat' dir='ltr'><strong>quod</strong></span> <span class='ocrx_word' id='word_1_631' title='bbox 2933 3250 3001 3289; x_wconf 85' lang='lat' dir='ltr'><strong>ex</strong></span> <span class='ocrx_word' id='word_1_632' title='bbox 3051 3233 3198 3289; x_wconf 92' lang='lat' dir='ltr'><strong>Beda</strong></span> <span class='ocrx_word' id='word_1_633' title='bbox 3235 3240 3289 3288; x_wconf 91' lang='lat' dir='ltr'><strong>et</strong></span> <span class='ocrx_word' id='word_1_634' title='bbox 3324 3234 3487 3288; x_wconf 89' lang='lat' dir='ltr'><strong>Floro</strong></span> <span class='ocrx_word' id='word_1_635' title='bbox 3537 3233 3782 3290; x_wconf 77' lang='lat' dir='ltr'><strong>afferunt</strong></span> 
     </span>
    </p>
   </div>
   <div class='ocr_carea' id='block_1_83' title="bbox 2173 3322 3780 3396">
    <p class='ocr_par' dir='ltr' id='par_1_83' title="bbox 2173 3322 3780 3396">
     <span class='ocr_line' id='line_1_85' title="bbox 2173 3322 3780 3396; baseline -0.002 -13"><span class='ocrx_word' id='word_1_636' title='bbox 2173 3326 2410 3383; x_wconf 90' lang='lat' dir='ltr'><strong>Maurini</strong></span> <span class='ocrx_word' id='word_1_637' title='bbox 2443 3333 2483 3381; x_wconf 92' lang='lat' dir='ltr'><strong>t.</strong></span> <span class='ocrx_word' id='word_1_638' title='bbox 2510 3325 2557 3382; x_wconf 88' lang='lat' dir='ltr'>V</span> <span class='ocrx_word' id='word_1_639' title='bbox 2588 3341 2761 3396; x_wconf 66' lang='lat' dir='ltr'><strong>open,</strong></span> <span class='ocrx_word' id='word_1_640' title='bbox 2794 3332 2934 3396; x_wconf 87' lang='lat' dir='ltr'><strong>part.</strong></span> <span class='ocrx_word' id='word_1_641' title='bbox 2968 3340 3029 3391; x_wconf 79' lang='grc' dir='ltr'><strong>ιι,</strong></span> <span class='ocrx_word' id='word_1_642' title='bbox 3062 3322 3166 3378; x_wconf 94' lang='lat' dir='ltr'><strong>col.</strong></span> <span class='ocrx_word' id='word_1_643' title='bbox 3195 3323 3365 3388; x_wconf 84' lang='lat'><strong>1519;</strong></span> <span class='ocrx_word' id='word_1_644' title='bbox 3403 3329 3457 3377; x_wconf 89' lang='lat' dir='ltr'><strong>at</strong></span> <span class='ocrx_word' id='word_1_645' title='bbox 3477 3323 3631 3378; x_wconf 89' lang='lat' dir='ltr'><strong>nulla</strong></span> <span class='ocrx_word' id='word_1_646' title='bbox 3651 3339 3780 3380; x_wconf 90' lang='lat' dir='ltr'><strong>cum</strong></span> 
     </span>
    </p>
   </div>
   <div class='ocr_carea' id='block_1_84' title="bbox 2244 3437 3782 3510">
    <p class='ocr_par' dir='ltr' id='par_1_84' title="bbox 2244 3437 3782 3510">
     <span class='ocr_line' id='line_1_86' title="bbox 2244 3437 3782 3510; baseline -0.003 -12"><span class='ocrx_word' id='word_1_647' title='bbox 2244 3443 2300 3510; x_wconf 88' lang='lat'><strong>9,</strong></span> <span class='ocrx_word' id='word_1_648' title='bbox 2332 3441 2375 3510; x_wconf 82' lang='lat' dir='ltr'><strong>f.</strong></span> <span class='ocrx_word' id='word_1_649' title='bbox 2414 3441 2536 3509; x_wconf 87' lang='lat'><strong>170,</strong></span> <span class='ocrx_word' id='word_1_650' title='bbox 2569 3442 2623 3497; x_wconf 88' lang='lat' dir='ltr'><strong>S.</strong></span> <span class='ocrx_word' id='word_1_651' title='bbox 2645 3441 2871 3510; x_wconf 75' lang='lat' dir='ltr'><strong>August.</strong></span> <span class='ocrx_word' id='word_1_652' title='bbox 2903 3455 3073 3494; x_wconf 82' lang='lat' dir='ltr'><strong>sermo</strong></span> <span class='ocrx_word' id='word_1_653' title='bbox 3101 3438 3174 3510; x_wconf 84' lang='lat' dir='ltr'><strong>ad</strong></span> <span class='ocrx_word' id='word_1_654' title='bbox 3206 3437 3558 3508; x_wconf 84' lang='lat' dir='ltr'><strong>Competentes</strong></span> <span class='ocrx_word' id='word_1_655' title='bbox 3585 3445 3634 3493; x_wconf 85' lang='lat' dir='ltr'><strong>et</strong></span> <span class='ocrx_word' id='word_1_656' title='bbox 3663 3438 3782 3494; x_wconf 87' lang='lat' dir='ltr'><strong>Ca—</strong></span> 
     </span>
    </p>
   </div>
   <div class='ocr_carea' id='block_1_85' title="bbox 2319 3508 3783 3581">
    <p class='ocr_par' dir='ltr' id='par_1_85' title="bbox 2319 3508 3783 3581">
     <span class='ocr_line' id='line_1_87' title="bbox 2319 3508 3783 3581; baseline -0.001 -15"><span class='ocrx_word' id='word_1_657' title='bbox 2319 3508 2658 3580; x_wconf 82' lang='lat' dir='ltr'><strong>thecumenos,</strong></span> <span class='ocrx_word' id='word_1_658' title='bbox 2719 3508 2766 3565; x_wconf 85' lang='lat' dir='ltr'><strong>et</strong></span> <span class='ocrx_word' id='word_1_659' title='bbox 2804 3528 2920 3581; x_wconf 83' lang='lat' dir='ltr'><strong>usq.</strong></span> <span class='ocrx_word' id='word_1_660' title='bbox 2975 3510 3048 3565; x_wconf 87' lang='lat' dir='ltr'><strong>ad</strong></span> <span class='ocrx_word' id='word_1_661' title='bbox 3085 3508 3129 3578; x_wconf 82' lang='lat' dir='ltr'><strong>f.</strong></span> <span class='ocrx_word' id='word_1_662' title='bbox 3179 3509 3296 3579; x_wconf 77' lang='grc'>175,</span> <span class='ocrx_word' id='word_1_663' title='bbox 3339 3517 3630 3580; x_wconf 80' lang='lat' dir='ltr'><strong>sequuntur</strong></span> <span class='ocrx_word' id='word_1_664' title='bbox 3679 3510 3783 3564; x_wconf 79' lang='lat' dir='ltr'><strong>alii</strong></span> 
     </span>
    </p>
   </div>
   <div class='ocr_carea' id='block_1_86' title="bbox 2317 3581 3780 3654">
    <p class='ocr_par' dir='ltr' id='par_1_86' title="bbox 2317 3581 3780 3654">
     <span class='ocr_line' id='line_1_88' title="bbox 2317 3581 3780 3654; baseline -0.002 -16"><span class='ocrx_word' id='word_1_665' title='bbox 2317 3601 2594 3652; x_wconf 86' lang='lat' dir='ltr'><strong>sermones,</strong></span> <span class='ocrx_word' id='word_1_666' title='bbox 2620 3584 2712 3654; x_wconf 88' lang='lat' dir='ltr'><strong>qui</strong></span> <span class='ocrx_word' id='word_1_667' title='bbox 2739 3583 3049 3637; x_wconf 85' lang='lat' dir='ltr'><strong>tribuuntur</strong></span> <span class='ocrx_word' id='word_1_668' title='bbox 3076 3582 3133 3636; x_wconf 89' lang='lat' dir='ltr'><strong>in</strong></span> <span class='ocrx_word' id='word_1_669' title='bbox 3160 3581 3253 3637; x_wconf 90' lang='lat' dir='ltr'><strong>hoc</strong></span> <span class='ocrx_word' id='word_1_670' title='bbox 3290 3582 3459 3637; x_wconf 81' lang='lat' dir='ltr'><strong>codice</strong></span> <span class='ocrx_word' id='word_1_671' title='bbox 3495 3584 3557 3640; x_wconf 89' lang='lat' dir='ltr'><strong>S.</strong></span> <span class='ocrx_word' id='word_1_672' title='bbox 3597 3582 3780 3652; x_wconf 82' lang='lat' dir='ltr'><strong>Augu-</strong></span> 
     </span>
    </p>
   </div>
   <div class='ocr_carea' id='block_1_87' title="bbox 2249 3662 3775 3854">
    <p class='ocr_par' dir='ltr' id='par_1_87' title="bbox 2249 3662 3775 3854">
     <span class='ocr_line' id='line_1_89' title="bbox 2249 3662 3775 3854; baseline -0.002 -72"><span class='ocrx_word' id='word_1_673' title='bbox 2249 3662 2573 3854; x_wconf 37' lang='lat' dir='ltr'><strong>10:lf7.w’1175,</strong></span> <span class='ocrx_word' id='word_1_674' title='bbox 2618 3725 2673 3781; x_wconf 93' lang='lat' dir='ltr'><strong>S.</strong></span> <span class='ocrx_word' id='word_1_675' title='bbox 2710 3725 2964 3798; x_wconf 76' lang='lat' dir='ltr'><strong>Hierony.</strong></span> <span class='ocrx_word' id='word_1_676' title='bbox 3012 3741 3182 3782; x_wconf 85' lang='lat' dir='ltr'><strong>sermo</strong></span> <span class='ocrx_word' id='word_1_677' title='bbox 3230 3725 3294 3781; x_wconf 87' lang='lat' dir='ltr'><strong>de</strong></span> <span class='ocrx_word' id='word_1_678' title='bbox 3322 3723 3516 3780; x_wconf 86' lang='lat' dir='ltr'><strong>Exodo</strong></span> <span class='ocrx_word' id='word_1_679' title='bbox 3554 3722 3613 3776; x_wconf 88' lang='lat' dir='ltr'><strong>in</strong></span> <span class='ocrx_word' id='word_1_680' title='bbox 3659 3723 3775 3794; x_wconf 66' lang='grc' dir='ltr'><strong>νίς.</strong></span> 
     </span>
     <span class='ocr_line' id='line_1_90' title="bbox 2363 3815 2550 3854; baseline 0.016 -3"><span class='ocrx_word' id='word_1_681' title='bbox 2363 3815 2450 3852; x_wconf 87' lang='lat' dir='ltr'><strong>asc</strong></span> <span class='ocrx_word' id='word_1_682' title='bbox 2487 3815 2550 3854; x_wconf 73' lang='lat' dir='ltr'><strong>az.</strong></span> 
     </span>
    </p>
   </div>
   <div class='ocr_carea' id='block_1_88' title="bbox 2363 3815 2550 3854">
    <p class='ocr_par' dir='ltr' id='par_1_88' title="bbox 2363 3815 2550 3854">
     <span class='ocr_line' id='line_1_91' title="bbox 2363 3815 2550 3854; baseline 0.016 -3"><span class='ocrx_word' id='word_1_683' title='bbox 2363 3815 2532 3852; x_wconf 76' lang='grc' dir='ltr'><em>αεσηω</em></span> <span class='ocrx_word' id='word_1_684' title='bbox 2539 3841 2550 3854; x_wconf 87' lang='grc'><strong>.</strong></span> 
     </span>
    </p>
   </div>
   <div class='ocr_carea' id='block_1_89' title="bbox 2249 3867 3782 3939">
    <p class='ocr_par' dir='ltr' id='par_1_89' title="bbox 2249 3867 3782 3939">
     <span class='ocr_line' id='line_1_92' title="bbox 2249 3867 3782 3939; baseline -0.003 -14"><span class='ocrx_word' id='word_1_685' title='bbox 2249 3870 2338 3936; x_wconf 87' lang='grc'><strong>11,</strong></span> <span class='ocrx_word' id='word_1_686' title='bbox 2368 3868 2411 3938; x_wconf 80' lang='lat' dir='ltr'><strong>f.</strong></span> <span class='ocrx_word' id='word_1_687' title='bbox 2447 3870 2568 3936; x_wconf 91' lang='lat'><strong>177,</strong></span> <span class='ocrx_word' id='word_1_688' title='bbox 2602 3869 2657 3926; x_wconf 92' lang='lat' dir='ltr'><strong>S.</strong></span> <span class='ocrx_word' id='word_1_689' title='bbox 2681 3868 2873 3925; x_wconf 86' lang='lat' dir='ltr'><strong>Basilii</strong></span> <span class='ocrx_word' id='word_1_690' title='bbox 2890 3868 3143 3925; x_wconf 84' lang='lat' dir='ltr'><strong>Instituta</strong></span> <span class='ocrx_word' id='word_1_691' title='bbox 3169 3870 3566 3936; x_wconf 84' lang='lat' dir='ltr'><strong>monachorum,</strong></span> <span class='ocrx_word' id='word_1_692' title='bbox 3585 3867 3782 3939; x_wconf 76' lang='lat' dir='ltr'><strong>Ruﬁno</strong></span> 
     </span>
    </p>
   </div>
   <div class='ocr_carea' id='block_1_90' title="bbox 2317 3941 2618 3995">
    <p class='ocr_par' dir='ltr' id='par_1_90' title="bbox 2317 3941 2618 3995">
     <span class='ocr_line' id='line_1_93' title="bbox 2317 3941 2618 3995; baseline 0 -1"><span class='ocrx_word' id='word_1_693' title='bbox 2317 3941 2618 3995; x_wconf 69' lang='lat' dir='ltr'><strong>interprete.</strong></span> 
     </span>
    </p>
   </div>
   <div class='ocr_carea' id='block_1_91' title="bbox 2251 3958 3640 4082">
    <p class='ocr_par' dir='ltr' id='par_1_91' title="bbox 2251 3958 3640 4082">
     <span class='ocr_line' id='line_1_94' title="bbox 2317 3958 2618 3995; baseline 0.003 -1"><span class='ocrx_word' id='word_1_694' title='bbox 2317 3958 2464 3994; x_wconf 75' lang='lat' dir='ltr'><strong>inter</strong></span> <span class='ocrx_word' id='word_1_695' title='bbox 2496 3958 2618 3995; x_wconf 74' lang='lat' dir='ltr'><strong>rete.</strong></span> 
     </span>
     <span class='ocr_line' id='line_1_95' title="bbox 2251 3958 3640 4082; baseline -0.003 -15"><span class='ocrx_word' id='word_1_696' title='bbox 2251 4011 2336 4080; x_wconf 89' lang='grc'><strong>12,</strong></span> <span class='ocrx_word' id='word_1_697' title='bbox 2363 4011 2407 4081; x_wconf 86' lang='lat' dir='ltr'><strong>f.</strong></span> <span class='ocrx_word' id='word_1_698' title='bbox 2441 3958 2566 4076; x_wconf 47' lang='lat'><strong>£90,</strong></span> <span class='ocrx_word' id='word_1_699' title='bbox 2599 4011 2656 4067; x_wconf 87' lang='lat' dir='ltr'><strong>S.</strong></span> <span class='ocrx_word' id='word_1_700' title='bbox 2687 4010 2913 4082; x_wconf 81' lang='lat' dir='ltr'><strong>August.</strong></span> <span class='ocrx_word' id='word_1_701' title='bbox 2948 4027 3115 4068; x_wconf 84' lang='lat' dir='ltr'><strong>sermo</strong></span> <span class='ocrx_word' id='word_1_702' title='bbox 3145 4013 3206 4068; x_wconf 82' lang='lat' dir='ltr'><strong>de</strong></span> <span class='ocrx_word' id='word_1_703' title='bbox 3229 4009 3640 4082; x_wconf 85' lang='lat' dir='ltr'><strong>Resurrectione.</strong></span> 
     </span>
    </p>
   </div>
   <div class='ocr_carea' id='block_1_92' title="bbox 2253 4081 3784 4154">
    <p class='ocr_par' dir='ltr' id='par_1_92' title="bbox 2253 4081 3784 4154">
     <span class='ocr_line' id='line_1_96' title="bbox 2253 4081 3784 4154; baseline -0.004 -13"><span class='ocrx_word' id='word_1_704' title='bbox 2253 4083 2429 4141; x_wconf 82' lang='lat' dir='ltr'><strong>Codex</strong></span> <span class='ocrx_word' id='word_1_705' title='bbox 2446 4082 2576 4136; x_wconf 85' lang='lat' dir='ltr'><strong>mihi</strong></span> <span class='ocrx_word' id='word_1_706' title='bbox 2599 4082 2810 4137; x_wconf 78' lang='lat' dir='ltr'><strong>videtur</strong></span> <span class='ocrx_word' id='word_1_707' title='bbox 2827 4083 3249 4154; x_wconf 81' lang='lat' dir='ltr'><strong>antiquissimus,</strong></span> <span class='ocrx_word' id='word_1_708' title='bbox 3267 4092 3313 4140; x_wconf 88' lang='lat' dir='ltr'><strong>el</strong></span> <span class='ocrx_word' id='word_1_709' title='bbox 3333 4081 3638 4153; x_wconf 80' lang='lat' dir='ltr'><strong>conferendi</strong></span> <span class='ocrx_word' id='word_1_710' title='bbox 3657 4086 3784 4135; x_wconf 77' lang='lat' dir='ltr'><strong>sunt</strong></span> 
     </span>
    </p>
   </div>
   <div class='ocr_carea' id='block_1_93' title="bbox 2176 4155 3585 4211">
    <p class='ocr_par' dir='ltr' id='par_1_93' title="bbox 2176 4155 3585 4211">
     <span class='ocr_line' id='line_1_97' title="bbox 2176 4155 3585 4211; baseline -0.001 -2"><span class='ocrx_word' id='word_1_711' title='bbox 2176 4171 2438 4209; x_wconf 84' lang='lat' dir='ltr'><strong>sermones</strong></span> <span class='ocrx_word' id='word_1_712' title='bbox 2465 4155 2655 4208; x_wconf 85' lang='lat' dir='ltr'><strong>horum</strong></span> <span class='ocrx_word' id='word_1_713' title='bbox 2685 4155 2912 4208; x_wconf 84' lang='lat' dir='ltr'><strong>Patrum</strong></span> <span class='ocrx_word' id='word_1_714' title='bbox 2939 4172 3057 4210; x_wconf 87' lang='lat' dir='ltr'><strong>cum</strong></span> <span class='ocrx_word' id='word_1_715' title='bbox 3086 4156 3237 4210; x_wconf 84' lang='lat' dir='ltr'><strong>editis</strong></span> <span class='ocrx_word' id='word_1_716' title='bbox 3264 4157 3585 4211; x_wconf 78' lang='lat' dir='ltr'><strong>earumdem.</strong></span> 
     </span>
    </p>
   </div>
   <div class='ocr_carea' id='block_1_94' title="bbox 2247 4225 3780 4297">
    <p class='ocr_par' dir='ltr' id='par_1_94' title="bbox 2247 4225 3780 4297">
     <span class='ocr_line' id='line_1_98' title="bbox 2247 4225 3780 4297; baseline -0.002 -16"><span class='ocrx_word' id='word_1_717' title='bbox 2247 4227 2334 4281; x_wconf 88' lang='lat' dir='ltr'><strong>Ex</strong></span> <span class='ocrx_word' id='word_1_718' title='bbox 2362 4225 2450 4281; x_wconf 90' lang='lat' dir='ltr'><strong>his</strong></span> <span class='ocrx_word' id='word_1_719' title='bbox 2471 4225 2652 4297; x_wconf 83' lang='lat' dir='ltr'><strong>verbis</strong></span> <span class='ocrx_word' id='word_1_720' title='bbox 2682 4225 2913 4297; x_wconf 84' lang='lat' dir='ltr'><strong>triapro</strong></span> <span class='ocrx_word' id='word_1_721' title='bbox 2941 4235 3129 4282; x_wconf 89' lang='lat' dir='ltr'><strong>nostra</strong></span> <span class='ocrx_word' id='word_1_722' title='bbox 3147 4226 3417 4282; x_wconf 88' lang='lat' dir='ltr'><strong>sententia</strong></span> <span class='ocrx_word' id='word_1_723' title='bbox 3435 4225 3780 4297; x_wconf 81' lang='lat' dir='ltr'><strong>colligimus:</strong></span> 
     </span>
    </p>
   </div>
   <div class='ocr_carea' id='block_1_95' title="bbox 2177 4296 3785 4369">
    <p class='ocr_par' dir='ltr' id='par_1_95' title="bbox 2177 4296 3785 4369">
     <span class='ocr_line' id='line_1_99' title="bbox 2177 4296 3785 4369; baseline -0.001 -18"><span class='ocrx_word' id='word_1_724' title='bbox 2177 4297 2437 4369; x_wconf 91' lang='lat' dir='ltr'><strong>primum,</strong></span> <span class='ocrx_word' id='word_1_725' title='bbox 2471 4296 2753 4369; x_wconf 85' lang='lat' dir='ltr'><strong>Besutium</strong></span> <span class='ocrx_word' id='word_1_726' title='bbox 2787 4296 2852 4369; x_wconf 65' lang='lat' dir='ltr'><strong>S.</strong></span> <span class='ocrx_word' id='word_1_727' title='bbox 2878 4296 3156 4354; x_wconf 88' lang='lat' dir='ltr'><strong>Ambrosii</strong></span> <span class='ocrx_word' id='word_1_728' title='bbox 3188 4299 3411 4369; x_wconf 90' lang='lat' dir='ltr'><strong>nomine</strong></span> <span class='ocrx_word' id='word_1_729' title='bbox 3447 4311 3619 4369; x_wconf 86' lang='lat' dir='ltr'><strong>unum</strong></span> <span class='ocrx_word' id='word_1_730' title='bbox 3673 4296 3785 4351; x_wconf 81' lang='lat' dir='ltr'><strong>Me-</strong></span> 
     </span>
    </p>
   </div>
   <div class='ocr_carea' id='block_1_96' title="bbox 2183 4367 3787 4435">
    <p class='ocr_par' dir='ltr' id='par_1_96' title="bbox 2183 4367 3787 4435">
     <span class='ocr_line' id='line_1_100' title="bbox 2183 4367 3787 4435; baseline -0.001 -12"><span class='ocrx_word' id='word_1_731' title='bbox 2183 4367 2557 4424; x_wconf 81' lang='lat' dir='ltr'><strong>diolanensem</strong></span> <span class='ocrx_word' id='word_1_732' title='bbox 2601 4367 2954 4423; x_wconf 87' lang='lat' dir='ltr'><strong>Ambrosium</strong></span> <span class='ocrx_word' id='word_1_733' title='bbox 2985 4368 3362 4435; x_wconf 87' lang='lat' dir='ltr'><strong>intellexisse;</strong></span> <span class='ocrx_word' id='word_1_734' title='bbox 3395 4383 3460 4424; x_wconf 89' lang='lat' dir='ltr'><strong>eo</strong></span> <span class='ocrx_word' id='word_1_735' title='bbox 3487 4367 3636 4422; x_wconf 90' lang='lat' dir='ltr'><strong>enim</strong></span> <span class='ocrx_word' id='word_1_736' title='bbox 3671 4382 3787 4421; x_wconf 90' lang='lat' dir='ltr'><strong>no-</strong></span> 
     </span>
    </p>
   </div>
   <div class='ocr_carea' id='block_1_97' title="bbox 479 4436 3786 4524">
    <p class='ocr_par' dir='ltr' id='par_1_97' title="bbox 479 4436 3786 4524">
     <span class='ocr_line' id='line_1_101' title="bbox 479 4436 3786 4524; baseline 0.001 -22"><span class='ocrx_word' id='word_1_737' title='bbox 479 4436 586 4503; x_wconf 67' lang='lat' dir='ltr'><strong>bdc</strong></span> <span class='ocrx_word' id='word_1_738' title='bbox 614 4447 801 4524; x_wconf 75' lang='lat' dir='ltr'><strong>codice</strong></span> <span class='ocrx_word' id='word_1_739' title='bbox 823 4449 890 4524; x_wconf 76' lang='lat' dir='ltr'><strong>ab</strong></span> <span class='ocrx_word' id='word_1_740' title='bbox 909 4436 1348 4524; x_wconf 76' lang='lat' dir='ltr'><strong>eminentissimo</strong></span> <span class='ocrx_word' id='word_1_741' title='bbox 1378 4436 1499 4506; x_wconf 79' lang='lat' dir='ltr'><strong>viro</strong></span> <span class='ocrx_word' id='word_1_742' title='bbox 1520 4452 1579 4506; x_wconf 92' lang='lat' dir='ltr'><strong>in</strong></span> <span class='ocrx_word' id='word_1_743' title='bbox 1608 4451 1810 4507; x_wconf 71' lang='lat' dir='ltr'><strong>chartas</strong></span> <span class='ocrx_word' id='word_1_744' title='bbox 1832 4451 2069 4524; x_wconf 81' lang='lat' dir='ltr'><strong>plagula,</strong></span> <span class='ocrx_word' id='word_1_745' title='bbox 2101 4438 2150 4496; x_wconf 84' lang='lat' dir='ltr'><strong>D</strong></span> <span class='ocrx_word' id='word_1_746' title='bbox 2182 4439 2332 4524; x_wconf 53' lang='lat' dir='ltr'><strong>{13in}?</strong></span> <span class='ocrx_word' id='word_1_747' title='bbox 2361 4438 2687 4524; x_wconf 60' lang='grc' dir='ltr'><strong>ξίῐηῐῖιίοίῐθι·</strong></span> <span class='ocrx_word' id='word_1_748' title='bbox 2710 4438 2908 4524; x_wconf 42' lang='grc' dir='ltr'><strong>υῐίῐιιιζ,</strong></span> <span class='ocrx_word' id='word_1_749' title='bbox 2931 4440 3095 4524; x_wconf 48' lang='lat' dir='ltr'><strong>etiam</strong></span> <span class='ocrx_word' id='word_1_750' title='bbox 3131 4455 3285 4524; x_wconf 57' lang='lat' dir='ltr'><strong>1mm.</strong></span> <span class='ocrx_word' id='word_1_751' title='bbox 3322 4439 3378 4505; x_wconf 65' lang='grc'>6,</span> <span class='ocrx_word' id='word_1_752' title='bbox 3407 4438 3499 4492; x_wconf 73' lang='lat' dir='ltr'><strong>Ubi</strong></span> <span class='ocrx_word' id='word_1_753' title='bbox 3532 4436 3786 4524; x_wconf 53' lang='grc' dir='ltr'><strong>(έθηθὲά</strong></span> 
     </span>
    </p>
   </div>
   <div class='ocr_carea' id='block_1_98' title="bbox 478 4518 1600 4592">
    <p class='ocr_par' dir='ltr' id='par_1_98' title="bbox 478 4518 1600 4592">
     <span class='ocr_line' id='line_1_102' title="bbox 478 4518 1600 4592; baseline 0.004 -19"><span class='ocrx_word' id='word_1_754' title='bbox 478 4533 601 4592; x_wconf 74' lang='lat' dir='ltr'><strong>quae</strong></span> <span class='ocrx_word' id='word_1_755' title='bbox 630 4527 712 4575; x_wconf 93' lang='lat' dir='ltr'><strong>est</strong></span> <span class='ocrx_word' id='word_1_756' title='bbox 741 4518 844 4590; x_wconf 90' lang='lat' dir='ltr'><strong>ipsi</strong></span> <span class='ocrx_word' id='word_1_757' title='bbox 874 4518 1052 4575; x_wconf 89' lang='lat' dir='ltr'><strong>codici</strong></span> <span class='ocrx_word' id='word_1_758' title='bbox 1087 4521 1143 4574; x_wconf 91' lang='lat' dir='ltr'><strong>in</strong></span> <span class='ocrx_word' id='word_1_759' title='bbox 1176 4521 1355 4577; x_wconf 87' lang='lat' dir='ltr'><strong>fronte</strong></span> <span class='ocrx_word' id='word_1_760' title='bbox 1401 4532 1600 4580; x_wconf 86' lang='lat' dir='ltr'><strong>assuta.</strong></span> 
     </span>
    </p>
   </div>
   <div class='ocr_carea' id='block_1_99' title="bbox 1117 4627 1418 4686">
    <p class='ocr_par' dir='ltr' id='par_1_99' title="bbox 1117 4627 1418 4686">
     <span class='ocr_line' id='line_1_103' title="bbox 1117 4627 1418 4686; baseline 0.003 -1"><span class='ocrx_word' id='word_1_761' title='bbox 1117 4627 1252 4685; x_wconf 85' lang='lat' dir='ltr'><strong>Con.</strong></span> <span class='ocrx_word' id='word_1_762' title='bbox 1298 4629 1418 4686; x_wconf 77' lang='grc'>134.</span> 
     </span>
    </p>
   </div>
   <div class='ocr_carea' id='block_1_100' title="bbox 558 4716 2075 4794">
    <p class='ocr_par' dir='ltr' id='par_1_100' title="bbox 558 4716 2075 4794">
     <span class='ocr_line' id='line_1_104' title="bbox 558 4716 2075 4794; baseline 0.003 -21"><span class='ocrx_word' id='word_1_763' title='bbox 558 4716 818 4784; x_wconf 84' lang='lat' dir='ltr'><strong>Continet,</strong></span> <span class='ocrx_word' id='word_1_764' title='bbox 837 4734 961 4794; x_wconf 64' lang='lat' dir='ltr'><strong>pag.</strong></span> <span class='ocrx_word' id='word_1_765' title='bbox 975 4719 1033 4794; x_wconf 83' lang='lat'><strong>_1,</strong></span> <span class='ocrx_word' id='word_1_766' title='bbox 1052 4734 1339 4794; x_wconf 78' lang='lat' dir='ltr'><strong>sermonem</strong></span> <span class='ocrx_word' id='word_1_767' title='bbox 1368 4721 1422 4794; x_wconf 90' lang='lat' dir='ltr'><strong>_S.</strong></span> <span class='ocrx_word' id='word_1_768' title='bbox 1437 4720 1726 4791; x_wconf 81' lang='lat' dir='ltr'><strong>Augustini</strong></span> <span class='ocrx_word' id='word_1_769' title='bbox 1743 4722 1804 4777; x_wconf 86' lang='lat' dir='ltr'><strong>de</strong></span> <span class='ocrx_word' id='word_1_770' title='bbox 1823 4720 2075 4794; x_wconf 82' lang='lat' dir='ltr'><strong>Nuptiis;</strong></span> 
     </span>
    </p>
   </div>
   <div class='ocr_carea' id='block_1_101' title="bbox 656 4789 1964 4866">
    <p class='ocr_par' dir='ltr' id='par_1_101' title="bbox 656 4789 1964 4866">
     <span class='ocr_line' id='line_1_105' title="bbox 656 4789 1964 4866; baseline 0.006 -24"><span class='ocrx_word' id='word_1_771' title='bbox 656 4806 689 4866; x_wconf 70' lang='grc' dir='ltr'><em>ᾳ</em></span> <span class='ocrx_word' id='word_1_772' title='bbox 707 4789 925 4866; x_wconf 54' lang='lat' dir='ltr'><strong>pag},</strong></span> <span class='ocrx_word' id='word_1_773' title='bbox 943 4790 1107 4866; x_wconf 73' lang='lat' dir='ltr'><strong>tibros</strong></span> <span class='ocrx_word' id='word_1_774' title='bbox 1140 4789 1540 4866; x_wconf 59' lang='lat' dir='ltr'><strong>Confessionmrt</strong></span> <span class='ocrx_word' id='word_1_775' title='bbox 1569 4794 1629 4866; x_wconf 85' lang='lat' dir='ltr'><strong>S.</strong></span> <span class='ocrx_word' id='word_1_776' title='bbox 1661 4789 1964 4866; x_wconf 76' lang='lat' dir='ltr'><strong>Augustini.</strong></span> 
     </span>
    </p>
   </div>
   <div class='ocr_carea' id='block_1_102' title="bbox 552 4858 1756 4928">
    <p class='ocr_par' dir='ltr' id='par_1_102' title="bbox 552 4858 1756 4928">
     <span class='ocr_line' id='line_1_106' title="bbox 552 4858 1756 4928; baseline 0.003 -12"><span class='ocrx_word' id='word_1_777' title='bbox 552 4860 608 4924; x_wconf 81' lang='grc'><strong>2,</strong></span> <span class='ocrx_word' id='word_1_778' title='bbox 653 4858 799 4928; x_wconf 51' lang='grc'><strong>[80</strong></span> <span class='ocrx_word' id='word_1_779' title='bbox 826 4861 880 4915; x_wconf 90' lang='lat' dir='ltr'><strong>S.</strong></span> <span class='ocrx_word' id='word_1_780' title='bbox 914 4861 1184 4916; x_wconf 86' lang='lat' dir='ltr'><strong>Ambrosii</strong></span> <span class='ocrx_word' id='word_1_781' title='bbox 1209 4858 1376 4917; x_wconf 81' lang='lat' dir='ltr'><strong>sermo</strong></span> <span class='ocrx_word' id='word_1_782' title='bbox 1406 4864 1468 4916; x_wconf 77' lang='lat' dir='ltr'><strong>de</strong></span> <span class='ocrx_word' id='word_1_783' title='bbox 1500 4858 1756 4920; x_wconf 46' lang='lat' dir='ltr'><strong>Caritate;</strong></span> 
     </span>
    </p>
   </div>
   <div class='ocr_carea' id='block_1_103' title="bbox 556 4929 1856 5005">
    <p class='ocr_par' dir='ltr' id='par_1_103' title="bbox 556 4929 1856 5005">
     <span class='ocr_line' id='line_1_107' title="bbox 556 4929 1856 5005; baseline 0.007 -21"><span class='ocrx_word' id='word_1_784' title='bbox 556 4931 611 5005; x_wconf 66' lang='grc' dir='ltr'>β,</span> <span class='ocrx_word' id='word_1_785' title='bbox 840 4931 894 5005; x_wconf 77' lang='lat' dir='ltr'><strong>S.</strong></span> <span class='ocrx_word' id='word_1_786' title='bbox 927 4933 1146 4987; x_wconf 85' lang='lat' dir='ltr'><strong>Hieron.</strong></span> <span class='ocrx_word' id='word_1_787' title='bbox 1178 4935 1528 5005; x_wconf 84' lang='lat' dir='ltr'><strong>Epitaphium</strong></span> <span class='ocrx_word' id='word_1_788' title='bbox 1561 4937 1615 4991; x_wconf 91' lang='lat' dir='ltr'><strong>S.</strong></span> <span class='ocrx_word' id='word_1_789' title='bbox 1653 4935 1856 4994; x_wconf 61' lang='lat' dir='ltr'><strong>Paula).</strong></span> 
     </span>
    </p>
   </div>
   <div class='ocr_carea' id='block_1_104' title="bbox 552 5001 1786 5077">
    <p class='ocr_par' dir='ltr' id='par_1_104' title="bbox 552 5001 1786 5077">
     <span class='ocr_line' id='line_1_108' title="bbox 552 5001 1786 5077; baseline 0.006 -21"><span class='ocrx_word' id='word_1_790' title='bbox 552 5001 608 5077; x_wconf 53' lang='lat' dir='ltr'><strong>is,</strong></span> <span class='ocrx_word' id='word_1_791' title='bbox 939 5005 1208 5077; x_wconf 82' lang='lat' dir='ltr'><strong>Ambrosii</strong></span> <span class='ocrx_word' id='word_1_792' title='bbox 1228 5001 1405 5060; x_wconf 75' lang='lat' dir='ltr'><strong>sermo</strong></span> <span class='ocrx_word' id='word_1_793' title='bbox 1435 5008 1497 5060; x_wconf 86' lang='lat' dir='ltr'><strong>de</strong></span> <span class='ocrx_word' id='word_1_794' title='bbox 1527 5007 1786 5077; x_wconf 83' lang='lat' dir='ltr'><strong>Perfecto.</strong></span> 
     </span>
    </p>
   </div>
   <div class='ocr_carea' id='block_1_105' title="bbox 550 5071 2076 5149">
    <p class='ocr_par' dir='ltr' id='par_1_105' title="bbox 550 5071 2076 5149">
     <span class='ocr_line' id='line_1_109' title="bbox 550 5071 2076 5149; baseline 0.002 -19"><span class='ocrx_word' id='word_1_795' title='bbox 550 5075 604 5142; x_wconf 87' lang='lat'><strong>5,</strong></span> <span class='ocrx_word' id='word_1_796' title='bbox 641 5071 686 5149; x_wconf 96' lang='lat'><strong>.</strong></span> <span class='ocrx_word' id='word_1_797' title='bbox 726 5071 816 5149; x_wconf 75' lang='grc'><strong>89,</strong></span> <span class='ocrx_word' id='word_1_798' title='bbox 836 5073 1080 5149; x_wconf 82' lang='lat' dir='ltr'><strong>Cassiani</strong></span> <span class='ocrx_word' id='word_1_799' title='bbox 1097 5077 1400 5132; x_wconf 78' lang='lat' dir='ltr'><strong>collationes</strong></span> <span class='ocrx_word' id='word_1_800' title='bbox 1423 5071 1765 5149; x_wconf 48' lang='lat' dir='ltr'><strong>septem,&#39;quce</strong></span> <span class='ocrx_word' id='word_1_801' title='bbox 1779 5078 2076 5133; x_wconf 84' lang='lat' dir='ltr'><strong>suntabba-</strong></span> 
     </span>
    </p>
   </div>
   <div class='ocr_carea' id='block_1_106' title="bbox 624 5145 2080 5272">
    <p class='ocr_par' dir='ltr' id='par_1_106' title="bbox 624 5145 2080 5272">
     <span class='ocr_line' id='line_1_110' title="bbox 624 5145 2080 5221; baseline 0.004 -23"><span class='ocrx_word' id='word_1_802' title='bbox 624 5146 690 5198; x_wconf 89' lang='lat' dir='ltr'><strong>tis</strong></span> <span class='ocrx_word' id='word_1_803' title='bbox 741 5145 1095 5202; x_wconf 77' lang='lat' dir='ltr'><strong>Chwremonis</strong></span> <span class='ocrx_word' id='word_1_804' title='bbox 1142 5155 1191 5204; x_wconf 86' lang='lat' dir='ltr'><strong>et</strong></span> <span class='ocrx_word' id='word_1_805' title='bbox 1235 5150 1320 5205; x_wconf 88' lang='lat' dir='ltr'><strong>ab.</strong></span> <span class='ocrx_word' id='word_1_806' title='bbox 1353 5145 1564 5221; x_wconf 71' lang='lat' dir='ltr'><strong>Joseph,</strong></span> <span class='ocrx_word' id='word_1_807' title='bbox 1605 5145 1738 5206; x_wconf 51' lang='lat' dir='ltr'><strong>et&#39;in</strong></span> <span class='ocrx_word' id='word_1_808' title='bbox 1773 5150 1925 5204; x_wconf 85' lang='lat' dir='ltr'><strong>editis</strong></span> <span class='ocrx_word' id='word_1_809' title='bbox 1957 5156 2080 5204; x_wconf 84' lang='lat' dir='ltr'><strong>sunt</strong></span> 
     </span>
     <span class='ocr_line' id='line_1_111' title="bbox 624 5216 998 5272; baseline 0.003 -1"><span class='ocrx_word' id='word_1_810' title='bbox 624 5217 687 5271; x_wconf 89' lang='lat' dir='ltr'><strong>ab</strong></span> <span class='ocrx_word' id='word_1_811' title='bbox 722 5216 783 5270; x_wconf 85' lang='lat'><strong>11</strong></span> <span class='ocrx_word' id='word_1_812' title='bbox 818 5217 890 5272; x_wconf 87' lang='lat' dir='ltr'><strong>ad</strong></span> <span class='ocrx_word' id='word_1_813' title='bbox 913 5219 998 5272; x_wconf 80' lang='grc'><strong>17.</strong></span> 
     </span>
    </p>
   </div>
   <div class='ocr_carea' id='block_1_107' title="bbox 621 5234 998 5273">
    <p class='ocr_par' dir='ltr' id='par_1_107' title="bbox 621 5234 998 5273">
     <span class='ocr_line' id='line_1_112' title="bbox 621 5234 998 5273; baseline 0.008 -3"><span class='ocrx_word' id='word_1_814' title='bbox 621 5234 687 5271; x_wconf 88' lang='grc' dir='ltr'><strong>αο</strong></span> <span class='ocrx_word' id='word_1_815' title='bbox 722 5234 783 5270; x_wconf 88' lang='grc'><strong>11</strong></span> <span class='ocrx_word' id='word_1_816' title='bbox 818 5234 890 5272; x_wconf 84' lang='lat' dir='ltr'><strong>aa</strong></span> <span class='ocrx_word' id='word_1_817' title='bbox 913 5234 998 5273; x_wconf 72' lang='grc'>11.</span> 
     </span>
    </p>
   </div>
   <div class='ocr_carea' id='block_1_108' title="bbox 551 5287 2080 5361">
    <p class='ocr_par' dir='ltr' id='par_1_108' title="bbox 551 5287 2080 5361">
     <span class='ocr_line' id='line_1_113' title="bbox 551 5287 2080 5361; baseline 0.001 -16"><span class='ocrx_word' id='word_1_818' title='bbox 551 5288 607 5358; x_wconf 90' lang='lat'><strong>6,</strong></span> <span class='ocrx_word' id='word_1_819' title='bbox 634 5287 679 5361; x_wconf 69' lang='grc' dir='ltr'>Γ.</span> <span class='ocrx_word' id='word_1_820' title='bbox 714 5287 838 5357; x_wconf 88' lang='grc'>129,</span> <span class='ocrx_word' id='word_1_821' title='bbox 871 5291 924 5345; x_wconf 91' lang='lat' dir='ltr'><strong>S.</strong></span> <span class='ocrx_word' id='word_1_822' title='bbox 958 5291 1186 5349; x_wconf 84' lang='lat' dir='ltr'><strong>Maximi</strong></span> <span class='ocrx_word' id='word_1_823' title='bbox 1241 5308 1501 5346; x_wconf 80' lang='lat' dir='ltr'><strong>sermones</strong></span> <span class='ocrx_word' id='word_1_824' title='bbox 1555 5291 1645 5357; x_wconf 87' lang='grc'><strong>61,</strong></span> <span class='ocrx_word' id='word_1_825' title='bbox 1676 5291 1768 5361; x_wconf 89' lang='lat' dir='ltr'><strong>qui</strong></span> <span class='ocrx_word' id='word_1_826' title='bbox 1825 5297 1996 5347; x_wconf 80' lang='lat' dir='ltr'><strong>tamen</strong></span> <span class='ocrx_word' id='word_1_827' title='bbox 2022 5292 2080 5347; x_wconf 86' lang='lat' dir='ltr'><strong>in</strong></span> 
     </span>
    </p>
   </div>
   <div class='ocr_carea' id='block_1_109' title="bbox 655 5360 1706 5418">
    <p class='ocr_par' dir='ltr' id='par_1_109' title="bbox 655 5360 1706 5418">
     <span class='ocr_line' id='line_1_114' title="bbox 655 5360 1706 5418; baseline 0.001 -1"><span class='ocrx_word' id='word_1_828' title='bbox 655 5360 750 5417; x_wconf 86' lang='lat' dir='ltr'><strong>hoc</strong></span> <span class='ocrx_word' id='word_1_829' title='bbox 778 5361 948 5416; x_wconf 87' lang='lat' dir='ltr'><strong>codice</strong></span> <span class='ocrx_word' id='word_1_830' title='bbox 978 5363 1288 5418; x_wconf 83' lang='lat' dir='ltr'><strong>tribuuntur</strong></span> <span class='ocrx_word' id='word_1_831' title='bbox 1318 5365 1373 5418; x_wconf 91' lang='lat' dir='ltr'><strong>S.</strong></span> <span class='ocrx_word' id='word_1_832' title='bbox 1406 5360 1706 5418; x_wconf 72' lang='lat' dir='ltr'><strong>Ambrosio.</strong></span> 
     </span>
    </p>
   </div>
   <div class='ocr_carea' id='block_1_110' title="bbox 550 5430 2081 5508">
    <p class='ocr_par' dir='ltr' id='par_1_110' title="bbox 550 5430 2081 5508">
     <span class='ocr_line' id='line_1_115' title="bbox 550 5430 2081 5508; baseline 0.001 -18"><span class='ocrx_word' id='word_1_833' title='bbox 550 5433 604 5500; x_wconf 88' lang='lat'><strong>7,</strong></span> <span class='ocrx_word' id='word_1_834' title='bbox 632 5430 676 5502; x_wconf 68' lang='grc' dir='ltr'>Γ.</span> <span class='ocrx_word' id='word_1_835' title='bbox 711 5433 920 5508; x_wconf 51' lang='grc'>169.-8.</span> <span class='ocrx_word' id='word_1_836' title='bbox 973 5434 1203 5508; x_wconf 71' lang='lat' dir='ltr'><strong>August.</strong></span> <span class='ocrx_word' id='word_1_837' title='bbox 1256 5449 1424 5508; x_wconf 80' lang='lat' dir='ltr'><strong>ser-mo</strong></span> <span class='ocrx_word' id='word_1_838' title='bbox 1451 5434 1548 5508; x_wconf 78' lang='lat' dir='ltr'><strong>_de_</strong></span> <span class='ocrx_word' id='word_1_839' title='bbox 1563 5451 1619 5489; x_wconf 87' lang='lat' dir='ltr'><strong>eo</strong></span> <span class='ocrx_word' id='word_1_840' title='bbox 1657 5435 1805 5508; x_wconf 87' lang='lat' dir='ltr'><strong>quod</strong></span> <span class='ocrx_word' id='word_1_841' title='bbox 1829 5435 2081 5508; x_wconf 86' lang='lat' dir='ltr'><strong>scriptum</strong></span> 
     </span>
    </p>
   </div>
   <div class='ocr_carea' id='block_1_111' title="bbox 656 5504 1785 5576">
    <p class='ocr_par' dir='ltr' id='par_1_111' title="bbox 656 5504 1785 5576">
     <span class='ocr_line' id='line_1_116' title="bbox 656 5504 1785 5576; baseline 0.004 -18"><span class='ocrx_word' id='word_1_842' title='bbox 656 5510 728 5576; x_wconf 77' lang='lat' dir='ltr'><strong>est</strong></span> <span class='ocrx_word' id='word_1_843' title='bbox 758 5523 779 5570; x_wconf 88' lang='lat'><strong>;</strong></span> <span class='ocrx_word' id='word_1_844' title='bbox 805 5504 903 5561; x_wconf 88' lang='lat' dir='ltr'><strong>Hic</strong></span> <span class='ocrx_word' id='word_1_845' title='bbox 927 5513 1001 5562; x_wconf 85' lang='lat' dir='ltr'><strong>est</strong></span> <span class='ocrx_word' id='word_1_846' title='bbox 1029 5504 1158 5574; x_wconf 83' lang='lat' dir='ltr'><strong>dies,</strong></span> <span class='ocrx_word' id='word_1_847' title='bbox 1190 5521 1340 5576; x_wconf 87' lang='lat' dir='ltr'><strong>quem</strong></span> <span class='ocrx_word' id='word_1_848' title='bbox 1359 5504 1481 5574; x_wconf 85' lang='lat' dir='ltr'><strong>fecit</strong></span> <span class='ocrx_word' id='word_1_849' title='bbox 1507 5504 1785 5564; x_wconf 77' lang='lat' dir='ltr'><strong>Dominus.</strong></span> 
     </span>
    </p>
   </div>
   <div class='ocr_carea' id='block_1_112' title="bbox 550 5573 2079 5655">
    <p class='ocr_par' dir='ltr' id='par_1_112' title="bbox 550 5573 2079 5655">
     <span class='ocr_line' id='line_1_117' title="bbox 550 5573 2079 5655; baseline 0.005 -24"><span class='ocrx_word' id='word_1_850' title='bbox 550 5573 616 5644; x_wconf 92' lang='lat'><strong>8,</strong></span> <span class='ocrx_word' id='word_1_851' title='bbox 637 5574 684 5646; x_wconf 80' lang='lat' dir='ltr'><strong>f.</strong></span> <span class='ocrx_word' id='word_1_852' title='bbox 713 5577 837 5648; x_wconf 88' lang='lat'><strong>169,</strong></span> <span class='ocrx_word' id='word_1_853' title='bbox 870 5577 927 5636; x_wconf 89' lang='lat' dir='ltr'><strong>S.</strong></span> <span class='ocrx_word' id='word_1_854' title='bbox 951 5573 1215 5650; x_wconf 59' lang='lat' dir='ltr'><strong>Hieronyf</strong></span> <span class='ocrx_word' id='word_1_855' title='bbox 1220 5573 1391 5632; x_wconf 83' lang='lat' dir='ltr'><strong>sermo</strong></span> <span class='ocrx_word' id='word_1_856' title='bbox 1418 5576 1480 5632; x_wconf 90' lang='lat' dir='ltr'><strong>de</strong></span> <span class='ocrx_word' id='word_1_857' title='bbox 1515 5579 1706 5635; x_wconf 89' lang='lat' dir='ltr'><strong>Exodo</strong></span> <span class='ocrx_word' id='word_1_858' title='bbox 1729 5579 1785 5636; x_wconf 85' lang='lat' dir='ltr'><strong>in</strong></span> <span class='ocrx_word' id='word_1_859' title='bbox 1807 5579 2079 5655; x_wconf 82' lang='lat' dir='ltr'><strong>Quadrag.</strong></span> 
     </span>
    </p>
   </div>
   <div class='ocr_carea' id='block_1_113' title="bbox 2181 4509 3788 4581">
    <p class='ocr_par' dir='ltr' id='par_1_113' title="bbox 2181 4509 3788 4581">
     <span class='ocr_line' id='line_1_118' title="bbox 2181 4509 3788 4581; baseline -0.003 -14"><span class='ocrx_word' id='word_1_860' title='bbox 2181 4509 2644 4567; x_wconf 89' lang='lat' dir='ltr'><strong>Mediolanensem</strong></span> <span class='ocrx_word' id='word_1_861' title='bbox 2675 4510 2951 4581; x_wconf 88' lang='lat' dir='ltr'><strong>respexit;</strong></span> <span class='ocrx_word' id='word_1_862' title='bbox 2983 4510 3202 4578; x_wconf 91' lang='lat' dir='ltr'><strong>deinde,</strong></span> <span class='ocrx_word' id='word_1_863' title='bbox 3231 4525 3510 4566; x_wconf 90' lang='lat' dir='ltr'><strong>sermones</strong></span> <span class='ocrx_word' id='word_1_864' title='bbox 3541 4509 3642 4563; x_wconf 87' lang='lat' dir='ltr'><strong>hos</strong></span> <span class='ocrx_word' id='word_1_865' title='bbox 3674 4523 3788 4581; x_wconf 81' lang='lat' dir='ltr'><strong>uo-</strong></span> 
     </span>
    </p>
   </div>
   <div class='ocr_carea' id='block_1_114' title="bbox 2182 4579 3788 4652">
    <p class='ocr_par' dir='ltr' id='par_1_114' title="bbox 2182 4579 3788 4652">
     <span class='ocr_line' id='line_1_119' title="bbox 2182 4579 3788 4652; baseline -0.003 -15"><span class='ocrx_word' id='word_1_866' title='bbox 2182 4591 2326 4638; x_wconf 91' lang='lat' dir='ltr'><strong>stros</strong></span> <span class='ocrx_word' id='word_1_867' title='bbox 2355 4589 2416 4637; x_wconf 92' lang='lat' dir='ltr'><strong>ut</strong></span> <span class='ocrx_word' id='word_1_868' title='bbox 2459 4581 2514 4636; x_wconf 88' lang='lat' dir='ltr'><strong>S.</strong></span> <span class='ocrx_word' id='word_1_869' title='bbox 2561 4579 2800 4637; x_wconf 80' lang='lat' dir='ltr'><strong>doctoris</strong></span> <span class='ocrx_word' id='word_1_870' title='bbox 2840 4597 3125 4652; x_wconf 87' lang='lat' dir='ltr'><strong>germanos</strong></span> <span class='ocrx_word' id='word_1_871' title='bbox 3156 4582 3300 4638; x_wconf 87' lang='lat' dir='ltr'><strong>fetus</strong></span> <span class='ocrx_word' id='word_1_872' title='bbox 3326 4581 3602 4652; x_wconf 85' lang='lat' dir='ltr'><strong>habuisse,</strong></span> <span class='ocrx_word' id='word_1_873' title='bbox 3646 4579 3788 4652; x_wconf 82' lang='lat' dir='ltr'><strong>alias</strong></span> 
     </span>
    </p>
   </div>
   <div class='ocr_carea' id='block_1_115' title="bbox 2183 4650 3788 4724">
    <p class='ocr_par' dir='ltr' id='par_1_115' title="bbox 2183 4650 3788 4724">
     <span class='ocr_line' id='line_1_120' title="bbox 2183 4650 3788 4724; baseline -0.003 -16"><span class='ocrx_word' id='word_1_874' title='bbox 2183 4661 2424 4708; x_wconf 91' lang='lat' dir='ltr'><strong>notasset</strong></span> <span class='ocrx_word' id='word_1_875' title='bbox 2451 4671 2464 4719; x_wconf 92' lang='lat'><strong>;</strong></span> <span class='ocrx_word' id='word_1_876' title='bbox 2499 4669 2623 4707; x_wconf 91' lang='lat' dir='ltr'><strong>nam</strong></span> <span class='ocrx_word' id='word_1_877' title='bbox 2654 4652 2799 4724; x_wconf 90' lang='lat' dir='ltr'><strong>quod</strong></span> <span class='ocrx_word' id='word_1_878' title='bbox 2835 4650 3080 4724; x_wconf 83' lang='lat' dir='ltr'><strong>spurium</strong></span> <span class='ocrx_word' id='word_1_879' title='bbox 3112 4668 3176 4708; x_wconf 87' lang='lat' dir='ltr'><strong>ac</strong></span> <span class='ocrx_word' id='word_1_880' title='bbox 3195 4651 3548 4724; x_wconf 86' lang='lat' dir='ltr'><strong>subdititium</strong></span> <span class='ocrx_word' id='word_1_881' title='bbox 3572 4666 3715 4724; x_wconf 83' lang='lat' dir='ltr'><strong>opus</strong></span> <span class='ocrx_word' id='word_1_882' title='bbox 3733 4650 3788 4704; x_wconf 88' lang='lat' dir='ltr'><strong>ei</strong></span> 
     </span>
    </p>
   </div>
   <div class='ocr_carea' id='block_1_116' title="bbox 2182 4722 3632 4790">
    <p class='ocr_par' dir='ltr' id='par_1_116' title="bbox 2182 4722 3632 4790">
     <span class='ocr_line' id='line_1_121' title="bbox 2182 4722 3632 4790; baseline -0.001 -11"><span class='ocrx_word' id='word_1_883' title='bbox 2182 4725 2364 4779; x_wconf 91' lang='lat' dir='ltr'><strong>visum</strong></span> <span class='ocrx_word' id='word_1_884' title='bbox 2396 4731 2495 4790; x_wconf 92' lang='lat' dir='ltr'><strong>est,</strong></span> <span class='ocrx_word' id='word_1_885' title='bbox 2523 4722 2838 4779; x_wconf 79' lang='lat' dir='ltr'><strong>constanter</strong></span> <span class='ocrx_word' id='word_1_886' title='bbox 2863 4722 3098 4789; x_wconf 83' lang='lat' dir='ltr'><strong>notavit,</strong></span> <span class='ocrx_word' id='word_1_887' title='bbox 3134 4732 3196 4779; x_wconf 89' lang='lat' dir='ltr'><strong>ut</strong></span> <span class='ocrx_word' id='word_1_888' title='bbox 3235 4740 3387 4778; x_wconf 89' lang='lat' dir='ltr'><strong>num.</strong></span> <span class='ocrx_word' id='word_1_889' title='bbox 3421 4723 3454 4778; x_wconf 89' lang='lat'><strong>6</strong></span> <span class='ocrx_word' id='word_1_890' title='bbox 3482 4729 3537 4776; x_wconf 93' lang='lat' dir='ltr'><strong>et</strong></span> <span class='ocrx_word' id='word_1_891' title='bbox 3561 4722 3632 4786; x_wconf 90' lang='lat'><strong>9;</strong></span> 
     </span>
    </p>
   </div>
   <div class='ocr_carea' id='block_1_117' title="bbox 2183 4792 3787 4867">
    <p class='ocr_par' dir='ltr' id='par_1_117' title="bbox 2183 4792 3787 4867">
     <span class='ocr_line' id='line_1_122' title="bbox 2183 4792 3787 4867; baseline -0.002 -16"><span class='ocrx_word' id='word_1_892' title='bbox 2183 4804 2408 4867; x_wconf 90' lang='lat' dir='ltr'><strong>stremo,</strong></span> <span class='ocrx_word' id='word_1_893' title='bbox 2439 4811 2716 4867; x_wconf 83' lang='lat' dir='ltr'><strong>sermones</strong></span> <span class='ocrx_word' id='word_1_894' title='bbox 2736 4811 2929 4850; x_wconf 90' lang='lat' dir='ltr'><strong>omnes</strong></span> <span class='ocrx_word' id='word_1_895' title='bbox 2957 4812 3092 4867; x_wconf 90' lang='lat' dir='ltr'><strong>quos</strong></span> <span class='ocrx_word' id='word_1_896' title='bbox 3113 4794 3205 4850; x_wconf 91' lang='lat' dir='ltr'><strong>hic</strong></span> <span class='ocrx_word' id='word_1_897' title='bbox 3232 4795 3408 4851; x_wconf 85' lang='lat' dir='ltr'><strong>codex</strong></span> <span class='ocrx_word' id='word_1_898' title='bbox 3425 4793 3660 4867; x_wconf 81' lang='lat' dir='ltr'><strong>exhibet</strong></span> <span class='ocrx_word' id='word_1_899' title='bbox 3688 4792 3787 4847; x_wconf 91' lang='lat' dir='ltr'><strong>SS.</strong></span> 
     </span>
    </p>
   </div>
   <div class='ocr_carea' id='block_1_118' title="bbox 2183 4865 3790 4935">
    <p class='ocr_par' dir='ltr' id='par_1_118' title="bbox 2183 4865 3790 4935">
     <span class='ocr_line' id='line_1_123' title="bbox 2183 4865 3790 4935; baseline -0.003 -13"><span class='ocrx_word' id='word_1_900' title='bbox 2183 4866 2438 4922; x_wconf 89' lang='lat' dir='ltr'><strong>Patribus</strong></span> <span class='ocrx_word' id='word_1_901' title='bbox 2471 4865 2750 4930; x_wconf 83' lang='lat' dir='ltr'><strong>tribuisse,</strong></span> <span class='ocrx_word' id='word_1_902' title='bbox 2790 4874 2844 4921; x_wconf 90' lang='lat' dir='ltr'><strong>et</strong></span> <span class='ocrx_word' id='word_1_903' title='bbox 2887 4865 3032 4922; x_wconf 81' lang='lat' dir='ltr'><strong>inter</strong></span> <span class='ocrx_word' id='word_1_904' title='bbox 3075 4867 3199 4922; x_wconf 91' lang='lat' dir='ltr'><strong>illos</strong></span> <span class='ocrx_word' id='word_1_905' title='bbox 3229 4865 3529 4921; x_wconf 89' lang='lat' dir='ltr'><strong>nonnullos</strong></span> <span class='ocrx_word' id='word_1_906' title='bbox 3563 4871 3790 4935; x_wconf 87' lang='lat' dir='ltr'><strong>putasse</strong></span> 
     </span>
    </p>
   </div>
   <div class='ocr_carea' id='block_1_119' title="bbox 2185 4935 3789 5010">
    <p class='ocr_par' dir='ltr' id='par_1_119' title="bbox 2185 4935 3789 5010">
     <span class='ocr_line' id='line_1_124' title="bbox 2185 4935 3789 5010; baseline -0.001 -18"><span class='ocrx_word' id='word_1_907' title='bbox 2185 4936 2422 4992; x_wconf 90' lang='lat' dir='ltr'><strong>ineditos</strong></span> <span class='ocrx_word' id='word_1_908' title='bbox 2460 4937 2734 5004; x_wconf 89' lang='lat' dir='ltr'><strong>inveniri;</strong></span> <span class='ocrx_word' id='word_1_909' title='bbox 2780 4939 2997 5010; x_wconf 12' lang='lat' dir='ltr'><strong>etenim!</strong></span> <span class='ocrx_word' id='word_1_910' title='bbox 3030 4937 3321 5010; x_wconf 91' lang='lat' dir='ltr'><strong>postremis</strong></span> <span class='ocrx_word' id='word_1_911' title='bbox 3365 4935 3568 5002; x_wconf 86' lang='lat' dir='ltr'><strong>verbis,</strong></span> <span class='ocrx_word' id='word_1_912' title='bbox 3603 4945 3666 4990; x_wconf 91' lang='lat' dir='ltr'><strong>ut</strong></span> <span class='ocrx_word' id='word_1_913' title='bbox 3697 4950 3789 5010; x_wconf 69' lang='lat' dir='ltr'><strong>eos</strong></span> 
     </span>
    </p>
   </div>
   <div class='ocr_carea' id='block_1_120' title="bbox 2185 5004 3788 5076">
    <p class='ocr_par' dir='ltr' id='par_1_120' title="bbox 2185 5004 3788 5076">
     <span class='ocr_line' id='line_1_125' title="bbox 2185 5004 3788 5076; baseline -0.003 -12"><span class='ocrx_word' id='word_1_914' title='bbox 2185 5025 2462 5064; x_wconf 90' lang='lat' dir='ltr'><strong>sermones</strong></span> <span class='ocrx_word' id='word_1_915' title='bbox 2492 5009 2795 5076; x_wconf 88' lang='lat' dir='ltr'><strong>conferant,</strong></span> <span class='ocrx_word' id='word_1_916' title='bbox 2829 5008 2895 5063; x_wconf 88' lang='lat' dir='ltr'><strong>ad</strong></span> <span class='ocrx_word' id='word_1_917' title='bbox 2937 5004 3084 5064; x_wconf 76' lang='lat' dir='ltr'><strong>edita</strong></span> <span class='ocrx_word' id='word_1_918' title='bbox 3107 5011 3199 5064; x_wconf 88' lang='lat' dir='ltr'><strong>SS.</strong></span> <span class='ocrx_word' id='word_1_919' title='bbox 3225 5010 3470 5074; x_wconf 91' lang='lat' dir='ltr'><strong>Patrum,</strong></span> <span class='ocrx_word' id='word_1_920' title='bbox 3490 5014 3546 5060; x_wconf 91' lang='lat' dir='ltr'><strong>et</strong></span> <span class='ocrx_word' id='word_1_921' title='bbox 3573 5021 3689 5060; x_wconf 89' lang='lat' dir='ltr'><strong>non</strong></span> <span class='ocrx_word' id='word_1_922' title='bbox 3719 5004 3788 5060; x_wconf 86' lang='lat' dir='ltr'><strong>ad</strong></span> 
     </span>
    </p>
   </div>
   <div class='ocr_carea' id='block_1_121' title="bbox 2185 5077 3791 5152">
    <p class='ocr_par' dir='ltr' id='par_1_121' title="bbox 2185 5077 3791 5152">
     <span class='ocr_line' id='line_1_126' title="bbox 2185 5077 3791 5152; baseline -0.002 -18"><span class='ocrx_word' id='word_1_923' title='bbox 2185 5081 2419 5135; x_wconf 92' lang='lat' dir='ltr'><strong>aliorum</strong></span> <span class='ocrx_word' id='word_1_924' title='bbox 2448 5080 2652 5152; x_wconf 89' lang='lat' dir='ltr'><strong>scripta</strong></span> <span class='ocrx_word' id='word_1_925' title='bbox 2683 5083 2908 5135; x_wconf 90' lang='lat' dir='ltr'><strong>lectores</strong></span> <span class='ocrx_word' id='word_1_926' title='bbox 2951 5080 3234 5152; x_wconf 72' lang='lat' dir='ltr'><strong>amandat.</strong></span> <span class='ocrx_word' id='word_1_927' title='bbox 3267 5080 3328 5134; x_wconf 94' lang='lat' dir='ltr'><strong>In</strong></span> <span class='ocrx_word' id='word_1_928' title='bbox 3357 5078 3462 5152; x_wconf 84' lang='lat' dir='ltr'><strong>hoc</strong></span> <span class='ocrx_word' id='word_1_929' title='bbox 3489 5077 3712 5152; x_wconf 79' lang='lat' dir='ltr'><strong>syllaba</strong></span> <span class='ocrx_word' id='word_1_930' title='bbox 3742 5077 3791 5152; x_wconf 75' lang='lat' dir='ltr'><strong>is</strong></span> 
     </span>
    </p>
   </div>
   <div class='ocr_carea' id='block_1_122' title="bbox 2186 5147 3790 5224">
    <p class='ocr_par' dir='ltr' id='par_1_122' title="bbox 2186 5147 3790 5224">
     <span class='ocr_line' id='line_1_127' title="bbox 2186 5147 3790 5224; baseline -0.004 -17"><span class='ocrx_word' id='word_1_931' title='bbox 2186 5152 2406 5224; x_wconf 90' lang='lat' dir='ltr'><strong>quidem</strong></span> <span class='ocrx_word' id='word_1_932' title='bbox 2430 5147 2607 5207; x_wconf 70' lang='lat' dir='ltr'><strong>seruio</strong></span> <span class='ocrx_word' id='word_1_933' title='bbox 2635 5152 2797 5224; x_wconf 89' lang='lat' dir='ltr'><strong>desit,</strong></span> <span class='ocrx_word' id='word_1_934' title='bbox 2829 5151 2922 5224; x_wconf 81' lang='lat' dir='ltr'><strong>qui</strong></span> <span class='ocrx_word' id='word_1_935' title='bbox 2954 5151 3193 5224; x_wconf 88' lang='lat' dir='ltr'><strong>secundo</strong></span> <span class='ocrx_word' id='word_1_936' title='bbox 3224 5151 3343 5224; x_wconf 90' lang='lat' dir='ltr'><strong>loco</strong></span> <span class='ocrx_word' id='word_1_937' title='bbox 3375 5149 3473 5224; x_wconf 81' lang='lat' dir='ltr'><strong>hic</strong></span> <span class='ocrx_word' id='word_1_938' title='bbox 3493 5147 3646 5219; x_wconf 82' lang='lat' dir='ltr'><strong>typis</strong></span> <span class='ocrx_word' id='word_1_939' title='bbox 3665 5147 3790 5224; x_wconf 72' lang='lat' dir='ltr'><strong>vul-</strong></span> 
     </span>
    </p>
   </div>
   <div class='ocr_carea' id='block_1_123' title="bbox 2187 5219 3789 5294">
    <p class='ocr_par' dir='ltr' id='par_1_123' title="bbox 2187 5219 3789 5294">
     <span class='ocr_line' id='line_1_128' title="bbox 2187 5219 3789 5294; baseline -0.004 -16"><span class='ocrx_word' id='word_1_940' title='bbox 2187 5219 2362 5294; x_wconf 78' lang='lat' dir='ltr'><strong>gatur.</strong></span> <span class='ocrx_word' id='word_1_941' title='bbox 2396 5224 2493 5279; x_wconf 90' lang='lat' dir='ltr'><strong>Ille</strong></span> <span class='ocrx_word' id='word_1_942' title='bbox 2526 5240 2652 5280; x_wconf 90' lang='lat' dir='ltr'><strong>cum</strong></span> <span class='ocrx_word' id='word_1_943' title='bbox 2681 5219 3042 5278; x_wconf 73' lang='lat' dir='ltr'><strong>brevnssimus</strong></span> <span class='ocrx_word' id='word_1_944' title='bbox 3069 5222 3159 5290; x_wconf 90' lang='lat' dir='ltr'><strong>sit,</strong></span> <span class='ocrx_word' id='word_1_945' title='bbox 3207 5231 3260 5277; x_wconf 92' lang='lat' dir='ltr'><strong>et</strong></span> <span class='ocrx_word' id='word_1_946' title='bbox 3309 5223 3365 5277; x_wconf 89' lang='lat' dir='ltr'><strong>in</strong></span> <span class='ocrx_word' id='word_1_947' title='bbox 3395 5220 3543 5294; x_wconf 81' lang='lat' dir='ltr'><strong>calce</strong></span> <span class='ocrx_word' id='word_1_948' title='bbox 3573 5219 3789 5294; x_wconf 73' lang='lat' dir='ltr'><strong>paginae</strong></span> 
     </span>
    </p>
   </div>
   <div class='ocr_carea' id='block_1_124' title="bbox 2188 5292 3793 5371">
    <p class='ocr_par' dir='ltr' id='par_1_124' title="bbox 2188 5292 3793 5371">
     <span class='ocr_line' id='line_1_129' title="bbox 2188 5292 3793 5371; baseline -0.004 -21"><span class='ocrx_word' id='word_1_949' title='bbox 2188 5292 2398 5371; x_wconf 82' lang='lat' dir='ltr'><strong>positus</strong></span> <span class='ocrx_word' id='word_1_950' title='bbox 2427 5294 2531 5371; x_wconf 83' lang='lat' dir='ltr'><strong>viri</strong></span> <span class='ocrx_word' id='word_1_951' title='bbox 2563 5294 2988 5371; x_wconf 81' lang='lat' dir='ltr'><strong>eminentissimi</strong></span> <span class='ocrx_word' id='word_1_952' title='bbox 3009 5294 3354 5371; x_wconf 83' lang='lat' dir='ltr'><strong>diligentiam</strong></span> <span class='ocrx_word' id='word_1_953' title='bbox 3386 5292 3529 5363; x_wconf 89' lang='lat' dir='ltr'><strong>fugit</strong></span> <span class='ocrx_word' id='word_1_954' title='bbox 3553 5292 3793 5371; x_wconf 28' lang='lat' dir='ltr'><strong>{potius</strong></span> 
     </span>
    </p>
   </div>
   <div class='ocr_carea' id='block_1_125' title="bbox 2187 5366 3790 5494">
    <p class='ocr_par' dir='ltr' id='par_1_125' title="bbox 2187 5366 3790 5494">
     <span class='ocr_line' id='line_1_130' title="bbox 2187 5366 3790 5494; baseline -0.002 -74"><span class='ocrx_word' id='word_1_955' title='bbox 2187 5366 2335 5447; x_wconf 78' lang='lat' dir='ltr'><strong>enim</strong></span> <span class='ocrx_word' id='word_1_956' title='bbox 2364 5367 2708 5494; x_wconf 55' lang='lat' dir='ltr'><strong>cogtinuatio</strong></span> <span class='ocrx_word' id='word_1_957' title='bbox 2738 5366 2924 5439; x_wconf 88' lang='lat' dir='ltr'><strong>primi,</strong></span> <span class='ocrx_word' id='word_1_958' title='bbox 2953 5381 3121 5438; x_wconf 88' lang='lat' dir='ltr'><strong>quam</strong></span> <span class='ocrx_word' id='word_1_959' title='bbox 3141 5367 3279 5422; x_wconf 89' lang='lat' dir='ltr'><strong>alter</strong></span> <span class='ocrx_word' id='word_1_960' title='bbox 3297 5379 3476 5421; x_wconf 88' lang='lat' dir='ltr'><strong>sermo</strong></span> <span class='ocrx_word' id='word_1_961' title='bbox 3505 5366 3790 5434; x_wconf 81' lang='lat' dir='ltr'><strong>primain-</strong></span> 
     </span>
     <span class='ocr_line' id='line_1_131' title="bbox 2187 5445 2602 5494; baseline 0.002 -1"><span class='ocrx_word' id='word_1_962' title='bbox 2187 5445 2334 5493; x_wconf 80' lang='lat' dir='ltr'><strong>tulto</strong></span> <span class='ocrx_word' id='word_1_963' title='bbox 2367 5455 2420 5492; x_wconf 78' lang='lat' dir='ltr'><strong>v1</strong></span> <span class='ocrx_word' id='word_1_964' title='bbox 2463 5448 2602 5494; x_wconf 88' lang='lat' dir='ltr'><strong>etur.</strong></span> 
     </span>
    </p>
   </div>
   <div class='ocr_carea' id='block_1_126' title="bbox 2187 5438 2602 5494">
    <p class='ocr_par' dir='ltr' id='par_1_126' title="bbox 2187 5438 2602 5494">
     <span class='ocr_line' id='line_1_132' title="bbox 2187 5438 2602 5494; baseline 0.002 -1"><span class='ocrx_word' id='word_1_965' title='bbox 2187 5438 2334 5493; x_wconf 87' lang='lat' dir='ltr'><strong>tuito</strong></span> <span class='ocrx_word' id='word_1_966' title='bbox 2367 5438 2602 5494; x_wconf 78' lang='lat' dir='ltr'><strong>videtur.</strong></span> 
     </span>
    </p>
   </div>
   <div class='ocr_carea' id='block_1_127' title="bbox 2264 5508 2877 5583">
    <p class='ocr_par' dir='ltr' id='par_1_127' title="bbox 2264 5508 2877 5583">
     <span class='ocr_line' id='line_1_133' title="bbox 2264 5508 2877 5583; baseline 0.003 -19"><span class='ocrx_word' id='word_1_967' title='bbox 2264 5508 2332 5581; x_wconf 90' lang='lat' dir='ltr'><strong>(c)</strong></span> <span class='ocrx_word' id='word_1_968' title='bbox 2364 5509 2490 5582; x_wconf 88' lang='lat' dir='ltr'><strong>Pag.</strong></span> <span class='ocrx_word' id='word_1_969' title='bbox 2519 5509 2621 5568; x_wconf 82' lang='grc'>174</span> <span class='ocrx_word' id='word_1_970' title='bbox 2645 5516 2700 5566; x_wconf 91' lang='lat' dir='ltr'><strong>et</strong></span> <span class='ocrx_word' id='word_1_971' title='bbox 2726 5524 2877 5583; x_wconf 89' lang='lat' dir='ltr'><strong>seqq.</strong></span> 
     </span>
    </p>
   </div>
  </div>
