4020 6200
308 280 408 338 773

1177 271 1546 329 SEBMONES
1584 271 1760 328 THES
1800 269 1898 324 EX
1939 266 2196 326 CODICE
2235 265 2684 323 SESSOHIANO.

3457 307 3459 310 ‹
3495 266 3598 325 774

304 409 401 464 illo
430 412 510 461 est
537 403 712 459 nostri
750 401 1058 459 consensio.
1094 401 1194 457 Hic
1224 419 1403 458 sermo
1433 417 1572 472 aegre
1603 399 1800 471 legitur
1831 398 1888 452 in
1928 399 1978 457 A
2007 395 2283 466 Baptistae.
2309 420 2326 442 ι
2365 395 2515 451 Edit.
2548 395 2646 451 ubi
2676 411 2824 468 sup.,
2854 394 2914 450 in
2942 393 3174 466 append.
3206 393 3313 451 col.
3348 394 3436 451 41.
3469 395 3599 453 Fol.

303 497 487 555 codice
511 503 626 550 tum
649 492 900 548 evanidis
925 501 1218 560 vetustate,
1243 501 1294 546 et
1315 491 1472 548 sorde
1494 491 1748 546 obductis
1767 488 1893 545 cha-

299 584 626 651 racteribus,
667 599 792 638 cum
824 582 879 635 in
911 583 1023 636 oris
1055 582 1480 654 circumquaque
1518 581 1665 636 carie
1693 578 1894 635 detrita

301 675 528 747 pagella.
555 673 671 728 Fol.
705 673 736 727 2
774 681 941 738 recto,
975 679 1283 743 sequuntur
1314 671 1559 741 ejusdem
1591 671 1644 725 S.
1685 672 1894 740 Augus-

299 765 402 820 tini
437 763 562 818 libri
594 763 659 818 13
690 761 1128 827 Confessionum,
1163 777 1396 834 quorum
1439 761 1636 814 titulus
1687 759 1762 813 ita
1814 764 1895 813 est

297 853 364 908 ad
395 854 597 907 calcem
634 851 752 905 folii
788 852 810 905 1
845 851 991 906 versi
1028 869 1038 905 :
1089 876 1106 897 ι
1135 851 1286 921 Incp.
1313 850 1439 905 libri
1474 848 1893 906 Confessionum

295 941 542 1013 ejusdem
578 940 632 996 S.
665 939 980 1010 Augustini.
1016 964 1032 985 ι
1080 940 1194 994 Hoc
1234 956 1370 1010 opus
1401 955 1510 993 non
1561 947 1645 993 est
1684 938 1893 992 distin-

295 1039 446 1088 ctum
497 1031 553 1086 in
584 1031 782 1102 capita,
815 1039 868 1086 et
900 1029 1120 1085 uberem
1150 1047 1180 1084 a
1225 1030 1602 1084 Maurinorum
1653 1028 1894 1083 editione

295 1129 518 1193 praestat
557 1121 894 1176 variantium
939 1127 1172 1191 segetem
1213 1137 1310 1191 pro
1364 1136 1507 1175 nova
1547 1117 1888 1174 excedenda.

294 1211 418 1266 Fol.
456 1211 521 1266 79
550 1227 707 1265 verso
749 1228 759 1264 :
795 1211 940 1265 INCP.
974 1209 1028 1265 8.
1063 1213 1310 1264 AMBROSI
1341 1225 1519 1263 sanare
1550 1226 1620 1262 DE
1651 1207 1892 1263 Camn-

293 1316 362 1354 TE
415 1317 488 1354 EX
524 1317 787 1355 LECTIONE
826 1285 914 1356 SE:
953 1301 1124 1355 PAULI
1153 1316 1412 1354 APOSTOLI
1450 1315 1662 1354 CONTRA
1693 1313 1889 1362 annos,

290 1405 387 1451 om
408 1405 565 1445 eoms
594 1407 874 1452 INVIDENT,
907 1390 1002 1461 qui
1033 1405 1214 1444 sermo
1245 1388 1337 1443 hic
1357 1387 1520 1444 tertio
1556 1386 1680 1442 lobo
1706 1387 1889 1458 vulga-

289 1486 399 1534 tur.
434 1480 554 1534 Fol.
588 1479 655 1534 81
695 1480 936 1548 recto,S.
964 1479 1287 1550 Hieronymi
1319 1477 1658 1551 epitaphium
1691 1485 1890 1532 sanctae

285 1567 467 1623 Paulae
486 1585 610 1624 cum
639 1569 935 1640 epigrapho
969 1585 978 1622 :
1027 1593 1043 1614 ε
1076 1570 1228 1639 Incp.
1263 1567 1546 1639 epitaﬁum
1591 1566 1719 1637 (sic)
1751 1582 1891 1622 san-

285 1667 386 1714 ctae
410 1658 593 1713 Paulae
623 1675 653 1714 a
684 1657 843 1713 beato
870 1660 1211 1729 Hieronymo
1242 1657 1376 1728 prbe
1408 1657 1635 1712 factum.
1670 1681 1686 1702 ι
1731 1654 1888 1726 Ejus-

2007 483 2106 539 132
2129 491 2299 550 recto,
2322 500 2380 538 v1
2406 503 2416 540 :
2449 484 2632 556 «Incp.
2660 483 2829 539 alium
2853 482 2980 554 (sip)
3004 482 3072 538 de
3093 483 3270 540 natale
3289 481 3586 556 ejusdem.-

2003 575 2155 630 Edit.
2178 573 2321 645 apud
2344 573 2399 628 8.
2425 572 2776 629 Ambrosium
2811 571 2955 627 inter
2984 572 3169 644 spuria
3196 575 3302 630 col.
3323 572 3450 630 570.
3475 574 3594 630 Fol.

2004 673 2098 729 cit.
2134 689 2311 740 verso,
2344 690 2459 728 v11:
2511 697 2527 718 ι
2558 674 2708 743 Incp.
2743 672 2808 729 de
2837 672 3026 728 Natale
3055 671 3148 727 SS.
3186 671 3331 727 Petri
3361 679 3416 727 et
3443 672 3598 728 Pauli

2004 759 2402 829 apostolorum.
2438 784 2455 805 -
2510 759 2658 814 Edit.
2693 759 2840 829 apud
2871 759 2925 813 S.
2955 757 3281 826 Maximum,
3331 759 3438 815 col.
3470 759 3595 815 577.

2005 848 2124 902 Fol.
2155 847 2254 904 133
2275 855 2444 915 recto,
2466 864 2566 903 vni
2588 865 2599 902 :
2623 872 2639 894 ι
2663 848 2813 919 1ηορ.
2837 847 2904 902 de
2917 849 3094 902 natale
3119 846 3173 902 S.
3202 846 3468 918 Cypriani
3489 847 3599 919 epio

2003 935 2177 1006 scopi.
2210 960 2227 981 ι
2279 936 2425 990 Εᾶὶῐ.
2462 935 2556 990 ubi
2587 953 2688 1008 sup
2721 980 2735 1004 ,
2767 936 2874 992 col.
2908 935 3034 990 255.
3068 936 3187 990 Fol.
3219 934 3316 991 cit.
3341 935 3400 990 in
3429 937 3594 1004 calce,

2006 1037 2064 1076 rx
2095 1039 2106 1076 :
2160 1047 2176 1068 ι
2199 1022 2334 1076 Item
2365 1021 2649 1093 sequentia
2668 1022 2734 1076 de
2755 1021 2945 1076 eodem
2972 1036 3242 1077 sermone.
3267 1045 3284 1066 ι
3319 1019 3472 1075 Edit.
3504 1020 3596 1076 ubi

2003 1126 2190 1180 supra,
2221 1110 2306 1165 col
2337 1111 2460 1166 595.
2497 1112 2614 1166 Fol.
2647 1110 2742 1166 cit.
2777 1126 2960 1176 verso,
2992 1127 3027 1165 χ
3059 1126 3071 1164 :
3141 1133 3159 1157 ι
3189 1110 3340 1182 Ιηορ.
3371 1109 3439 1165 de
3467 1125 3599 1181 pas-

2002 1207 2154 1263 sione
2181 1209 2265 1263 vel
2288 1208 2456 1262 natali
2480 1215 2821 1276 sanctorum,
2843 1207 2899 1263 id
2923 1215 3023 1276 est,
3049 1207 3516 1276 Octavi,Adventi
3544 1213 3598 1262 et

2001 1305 2276 1361 Solutoris
2310 1305 2585 1384 Taurinis.
2617 1331 2635 1353 ι
2683 1305 2831 1361 Edit.
2866 1305 2960 1361 ubi
2987 1321 3136 1378 sup.,
3167 1305 3273 1360 col.
3307 1304 3431 1360 261.
3474 1304 3594 1361 Fol.

2005 1393 2107 1449 134
2133 1404 2303 1464 recto,
2323 1412 2384 1450 χι
2410 1414 2421 1451 :
2461 1421 2477 1441 ι
2496 1396 2647 1468 Incp.
2671 1394 2738 1450 de
2763 1394 2935 1468 gratia
2957 1391 3244 1467 Baptismi.
3269 1417 3286 1438 -
3325 1391 3476 1448 Edit.
3501 1391 3597 1448 ubi

1999 1500 2122 1555 sup.
2155 1486 2262 1540 col.
2295 1486 2418 1541 617.
2453 1487 2570 1542 Fol.
2603 1486 2698 1542 cit.
2733 1502 2912 1554 verso,
2942 1501 3024 1541 xu
3053 1503 3063 1541 :
3112 1510 3129 1532 ι
3161 1485 3295 1540 Item
3326 1482 3394 1538 de
3425 1483 3597 1539 natali

2002 1580 2332 1644 martyrum.
2358 1599 2374 1620 -
2407 1575 2558 1630 Edit.
2586 1575 2679 1630 ubi
2699 1592 2847 1647 sup.,
2871 1575 2979 1632 col.
3005 1575 3128 1631 617.
3152 1573 3271 1630 Fol.
3304 1572 3406 1629 135
3425 1578 3594 1640 recto,

2001 1679 2135 1718 xm:
2175 1688 2192 1709 ε
2223 1665 2375 1734 Incp.
2412 1664 2479 1719 de
2509 1665 2678 1720 natali
2699 1665 2792 1721 SS.
2817 1664 2996 1732 Canti,
3030 1663 3282 1721 Cantiani
3309 1670 3363 1720 et
3383 1661 3598 1720 Cantia-

285 1746 410 1802 dem
434 1753 494 1803 in
526 1748 635 1803 ﬁne
668 1749 862 1804 titulus
902 1747 1140 1820 sepulcri
1170 1749 1371 1818 legitur
1414 1747 1614 1803 litteris
1643 1747 1889 1802 unciali—
1919 1759 1965 1820 Β
2000 1751 2170 1807 nillaa.
2204 1777 2222 1799 ›
2272 1751 2425 1806 Edit.
2458 1751 2552 1807 ubi
2593 1769 2737 1822 sup.,
2778 1753 2886 1808 col.
2931 1752 3054 1808 615.
3108 1753 3224 1807 Fol.
3260 1751 3356 1808 cit.
3414 1766 3593 1820 verso,

280 1844 406 1913 bus,
434 1855 493 1901 et
517 1845 585 1900 ad
619 1845 768 1901 illam
803 1847 1031 1900 formam
1070 1845 1384 1912 elaboratis,
1418 1861 1582 1917 quam
1617 1848 1783 1916 vulgo
1815 1846 1887 1900 la-

286 1935 446 2006 pides
493 1936 751 2004 retinent,
793 1935 1160 2007 conscriptus,
1200 1935 1258 1990 in
1295 1952 1404 2008 quo
1437 1943 1653 1990 mortua
1685 1935 1892 1991 dicitur

285 2024 481 2092 Paula,
508 2026 747 2080 Honorio
790 2028 1026 2096 Augusto
1061 2043 1116 2080 v1
1162 2032 1212 2080 ‘et
1237 2025 1562 2080 Aristhenilo
1610 2026 1886 2095 consulib.,

287 2132 400 2171 non
436 2118 732 2186 Arestenio,
765 2127 826 2174 ut
856 2122 913 2174 in
944 2119 1079 2175 edit.
1110 2137 1260 2192 oper.
1293 2122 1347 2176 8.
1375 2121 1699 2194 Hieronymi
1727 2122 1888 2177 babe-

287 2218 381 2267 tur
408 2214 644 2270 Mariani
677 2215 939 2284 Victoris,
973 2232 1072 2272 nec
1100 2218 1436 2284 Aristwnelo,
1471 2225 1531 2272 ut
1566 2217 1889 2274 Parisiensis

287 2301 466 2358 editio
490 2311 626 2359 tom.
658 2305 750 2371 IV,
789 2307 898 2362 col.
930 2305 1053 2372 669,
1085 2313 1139 2360 et
1171 2305 1504 2362 Veronensis
1540 2315 1674 2362 tom.
1699 2307 1743 2374 Ι,
1775 2308 1884 2362 001.

281 2391 407 2460 689,
447 2393 706 2450 retinent.
744 2395 864 2449 Fol.
895 2394 964 2450 88
995 2403 1142 2451 recto
1176 2396 1339 2451 ZINCP.
1372 2412 1551 2450 δερ.ωο
1574 2395 1629 2450 8.
1662 2399 1884 2450 AMBRO-

286 2480 333 2536 si
363 2498 439 2536 nn:
469 2481 776 2550 Pnnrncro,
810 2483 905 2555 qui
935 2484 1145 2555 primus
1184 2485 1240 2538 in
1273 2484 1466 2540 ordine
1496 2500 1646 2541 nunc
1678 2485 1886 2556 prodiit

281 2569 341 2625 in
369 2571 577 2628 lucem.
611 2572 730 2628 Fol.
761 2572 858 2628 cit.
889 2588 1047 2628 verso
1083 2589 1093 2626 :
1143 2574 1287 2628 luce.
1327 2590 1571 2629 musam
1601 2590 1884 2629 xovnnsus

277 2677 376 2719 EOS
409 2679 508 2727 QUI
539 2679 761 2732 DICUNT,
779 2680 1165 2721 POSSESSIONEM
1183 2681 1292 2720 NON
1319 2681 1765 2733 DISTRAHENDAM,
1784 2683 1881 2720 SED

281 2776 586 2818 FRUCTIBUS
624 2778 1056 2818 MISERICORDIAM
1091 2778 1426 2828 FACIENDAM,
1585 2777 1763 2816 sermo
1795 2778 1883 2817 SO-

282 2851 532 2906 cundum
556 2852 612 2904 in
633 2849 719 2904 his
739 2851 888 2906 foliis
907 2850 1012 2906 sibi
1035 2850 1282 2906 vindicat
1305 2851 1506 2905 locum.
1533 2851 1650 2903 Fol.
1678 2849 1746 2904 89
1771 2866 1880 2905 rec-

284 2944 374 2994 to:
411 2939 637 2996 Joannis
659 2940 900 2998 Cassiani
921 2940 1243 2997 collationes
1265 2941 1294 2993 7
1321 2941 1538 2992 Patrum
1561 2937 1880 3006 Thebaidis,

285 3043 522 3100 quarum
543 3032 596 3085 in
619 3031 796 3087 fronte
819 3031 1016 3101 legitur
1041 3047 1051 3083 :
1093 3054 1110 3074 ε
1131 3029 1258 3083 Haec
1275 3027 1466 3082 insunt
1487 3029 1541 3080 in
1567 3025 1672 3082 hoc
1691 3027 1880 3082 codice

2001 1858 2126 1896 xnn
2151 1859 2160 1895 :
2215 1866 2232 1888 ε
2261 1842 2396 1896 Item
2429 1841 2496 1897 de
2523 1841 2695 1896 natali
2725 1848 3062 1897 sanctorum.
3097 1867 3114 1888 ι
3156 1841 3307 1896 Edit.
3330 1841 3423 1898 ubi
3446 1859 3593 1914 sup.,

2000 1929 2106 1985 col.
2131 1929 2254 1984 621.
2287 1930 2406 1985 Fol.
2434 1930 2534 1986 136
2559 1938 2729 1998 recte,
2755 1947 2865 1986 xv:
2906 1955 2924 1978 ι
2950 1930 3101 2002 Incp.
3126 1928 3193 1985 de
3212 1945 3276 1984 eo
3297 1930 3443 2002 quod
3464 1931 3595 1986 scri-

2002 2025 2156 2089 ptum
2187 2026 2268 2073 est
2293 2018 2350 2072 in
2381 2020 2614 2076 Actibus
2641 2020 3052 2092 apostolorum:
3107 2021 3288 2075 Era-nt
3313 2019 3387 2074 eis
3416 2021 3592 2076 omnia

1999 2111 2294 2164 communia
2333 2110 2482 2182 (sic),
2529 2120 2582 2166 et
2611 2111 2677 2166 de
2708 2111 2864 2179 Cain,
2907 2118 2960 2166 et
2988 2110 3055 2166 de
3079 2111 3336 2166 Annania
3383 2110 3534 2182 (sic).
3561 2136 3579 2159 ι

2000 2198 2149 2253 Edit.
2183 2199 2278 2254 ubi
2299 2215 2444 2271 sup.,
2467 2199 2574 2256 col.
2599 2198 2722 2255 429.
2748 2200 2866 2254 Fol.
2891 2199 2987 2256 cit.
3013 2215 3192 2266 verso,
3217 2215 3314 2255 xvr
3340 2217 3351 2256 :
3401 2225 3418 2247 ι
3440 2200 3590 2272 Incp.

1998 2287 2282 2359 sequentia
2309 2287 2374 2342 de
2406 2287 2660 2357 avaritia,
2683 2295 2736 2342 et
2755 2286 2821 2344 de
2843 2287 3076 2343 Anania.
3098 2311 3116 2334 ι
3150 2287 3300 2344 Edit.
3326 2287 3422 2343 ubi
3445 2305 3592 2360 sup.,

1995 2385 2101 2439 col.
2137 2384 2262 2441 323.
2283 2386 2402 2441 Fol.
2439 2385 2540 2441 137
2569 2393 2878 2454 recto,xvu
2906 2404 2918 2441 :
2957 2411 2974 2434 ς
3004 2386 3156 2458 Incp.
3188 2385 3594 2444 exhortatioad

1995 2473 2230 2545 plebem,
2282 2483 2336 2530 et
2368 2474 2434 2531 de
2460 2492 2524 2532 eo
2553 2475 2700 2549 quod
2735 2476 2998 2548 scriptum
3031 2483 3112 2532 est
3158 2477 3215 2532 in
3253 2476 3588 2549 Evangelio:

1996 2563 2144 2618 Sicut
2169 2563 2357 2635 fulgur
2384 2567 2447 2620 de
2475 2566 2571 2620 sub
2599 2567 2725 2620 caelo
2747 2584 2767 2629 ;
2792 2567 2869 2620 ita
2899 2566 3002 2620 erit
3030 2567 3283 2621 adventus
3303 2567 3407 2638 ﬁlii
3427 2566 3592 2622 homi-

1990 2655 2112 2720 nis;
2135 2664 2190 2711 et
2217 2657 2284 2712 de
2312 2657 2528 2712 duobus
2550 2659 2606 2712 in
2637 2658 2778 2714 lecto
2809 2673 2940 2714 uno.
2963 2683 2981 2705 ι
3006 2657 3158 2713 Edit.
3188 2657 3283 2712 ubi
3314 2673 3460 2730 sup.,
3481 2657 3588 2714 col.

1987 2743 2040 2798 5.
2076 2745 2194 2799 Fol.
2231 2745 2332 2801 138
2353 2751 2524 2808 recto.
2551 2761 2692 2800 xvm
2719 2762 2730 2799 :
2762 2768 2779 2790 ε
2802 2747 2954 2816 Incp.
2979 2744 3046 2800 de
3064 2746 3367 2817 sequentia.
3391 2771 3410 2793 ι
3436 2745 3588 2801 Edit.

1991 2831 2086 2886 ubi
2117 2848 2263 2903 sup.,
2286 2835 2393 2890 col.
2414 2836 2469 2890 9.
2495 2835 2614 2890 Fol.
2635 2834 2730 2890 cit.
2758 2850 2940 2902 verso,
2968 2851 3094 2889 xnu
3120 2852 3130 2889 :
3171 2859 3188 2881 ι
3215 2834 3367 2906 Incp.
3395 2833 3463 2890 de
3488 2833 3584 2890 ho-

1996 2920 2316 2992 spitalitate.
2350 2947 2368 2971 ι
2411 2923 2562 2978 Edit.
2588 2921 2683 2977 ubi
2701 2938 2846 2995 sup.,
2868 2923 2976 2978 col.
2996 2921 3122 2978 645.
3151 2922 3270 2978 Fol.
3293 2923 3395 2979 139
3417 2930 3589 2993 recto,

1992 3023 2069 3062 xx
2088 3028 2099 3064 :
2123 3009 2369 3080 -Incp.de
2385 3009 2830 3082 eleemosynis,et
2856 3011 2953 3067 ubi
2974 3011 3118 3066 sedit
3143 3009 3411 3067 Dominus
3432 3013 3590 3068 Jesus

285 3098 615 3172 collationes
654 3098 893 3189 septem,
934 3119 986 3173 id
1040 3126 1142 3184 est,
1174 3116 1385 3171 abbatis
1416 3116 1788 3173 Chasremonis
1813 3116 1880 3172 de

1997 3112 2157 3169 super
2188 3106 2414 3169 puteum
2445 3098 2722 3154 Samarize.
2756 3124 2774 3147 ι
2825 3099 2977 3154 Edit.
3012 3098 3108 3154 ubi
3137 3115 3287 3170 sup.,
3318 3099 3424 3155 col.
3460 3099 3586 3159 325.

283 3204 644 3273 perfectione,
675 3205 918 3276 ejusdem
954 3205 1022 3260 de
1065 3204 1337 3271 castitate,
1378 3203 1622 3274 ejusdem
1657 3205 1724 3260 de
1744 3222 1880 3277 pro-

282 3290 530 3344 tectione
544 3290 644 3345 Dei
669 3309 688 3354 ;
714 3291 925 3345 abbatis
949 3291 1242 3346 Nestoritis
1271 3291 1337 3346 de
1365 3292 1600 3362 spiritali
1630 3293 1876 3361 scientia,

284 3375 537 3447 ejusdem
560 3378 627 3434 de
656 3379 1080 3436 charismatibus
1095 3380 1334 3447 divinis;
1367 3380 1579 3436 abbatis
1599 3380 1798 3453 Ioseph
1814 3381 1880 3436 de

285 3465 554 3532 amicitia,
578 3467 818 3538 ejusdem
849 3468 916 3524 de
941 3469 1275 3524 deﬁniendo.
1305 3495 1322 3516 ι
1368 3469 1610 3541 Singulis
1637 3471 1880 3526 collatio-

286 3551 454 3609 nibus
482 3555 849 3626 capitulorum
869 3557 1018 3612 tituli
1042 3557 1460 3628 suntinscripti,
1478 3566 1531 3613 et
1561 3558 1740 3630 primo
1761 3559 1882 3615 loco

287 3642 517 3711 ponitur
547 3644 795 3714 praefatio
825 3646 893 3700 ad
931 3645 1266 3701 Honoratum
1299 3655 1353 3701 et
1392 3646 1752 3716 Eucherium,
1787 3650 1880 3720 qui

285 3736 470 3786 tamen
502 3749 613 3788 non
642 3735 1001 3790 nominantur
1031 3735 1087 3790 in
1113 3735 1325 3793 codice.
1346 3737 1831 3808 Exstantvulgataa
1852 3755 1883 3794 a

283 3833 444 3874 num.
485 3821 546 3876 11
579 3821 648 3876 ad
678 3823 742 3878 17
773 3823 832 3877 in
860 3823 992 3878 edit.
1029 3825 1271 3880 Romana
1323 3825 1454 3879 anni
1503 3825 1635 3880 1611
1690 3825 1883 3882 formis

281 3922 489 3965 excusa
516 3926 743 3966 camera
769 3912 1101 3983 apostolicae.
1135 3913 1254 3968 Fol.
1291 3912 1390 3968 129
1414 3922 1584 3981 recto,
1608 3913 1883 3985 incipiunt

281 4010 564 4054 sermones
594 4001 771 4070 prima
801 4017 965 4055 manu
1010 4003 1064 4056 S.
1116 4001 1359 4057 Maximo
1413 4003 1761 4069 Taurinensi,
1787 4020 1883 4060 se—

280 4088 469 4144 cunda
498 4105 664 4145 manu
686 4089 740 4145 8.
770 4089 1065 4145 Ambrosio
1085 4089 1304 4158 tributi,
1331 4099 1383 4145 et
1411 4091 1594 4146 denuo
1620 4093 1880 4148 recentio-

278 4174 326 4229 ri
356 4177 640 4248 scriptura
665 4177 718 4234 S.
749 4179 994 4235 Maximo
1027 4178 1285 4246 restituti,
1318 4196 1455 4252 quos
1484 4180 1653 4236 index
1680 4181 1883 4237 titulo-

277 4277 399 4320 rum
436 4266 715 4336 praecedit,
747 4267 805 4320 in
827 4283 958 4338 quo,
983 4275 1043 4322 ut
1067 4267 1179 4338 jam
1211 4269 1548 4336 notavimus,
1571 4271 1882 4342 septuagin-

278 4358 593 4426 taquatuor
616 4355 768 4410 tituli
791 4364 1237 4424 recensentur;et
1266 4357 1463 4411 iterato
1494 4373 1646 4413 num.
1672 4359 1757 4427 13,
1777 4368 1885 4416 tres

279 4447 332 4495 et
359 4444 716 4514 septuaginta
748 4451 1127 4500 numerantur.
1164 4445 1250 4498 Ex
1281 4461 1344 4500 eo
1374 4455 1486 4502 tres
1513 4453 1566 4500 et
1596 4448 1883 4519 sexaginta
1912 4475 1961 4534 D

280 4530 501 4599 priores
527 4532 718 4587 titulos
747 4534 1017 4605 excerpsit
1048 4535 1112 4589 P.
1152 4534 1372 4589 Brunus
1410 4534 1465 4589 S.
1497 4535 1724 4590 Maximi
1765 4537 1884 4592 edi-

279 4626 384 4689 tor,
430 4629 502 4688 et,
533 4631 594 4677 ut
631 4641 795 4695 supra
820 4626 1000 4693 innui,
1036 4643 1155 4698 pag.
1198 4627 1300 4682 174
1333 4627 1390 4681 in
1425 4627 1638 4682 notitiis
1669 4629 1887 4698 praeviis

282 4710 564 4784 vulgavit,
592 4712 724 4768 dum
765 4715 831 4769 de
870 4715 1154 4771 codicibus
1184 4716 1315 4788 agit,
1343 4717 1544 4789 quibus
1565 4717 1622 4772 in
1654 4735 1753 4773 sua
1774 4718 1885 4774 edi-

283 4800 443 4858 tione
474 4803 790 4860 adornanda
817 4823 948 4862 usus
971 4815 1070 4862 est.
1106 4809 1219 4863 Hoc
1241 4825 1372 4864 vero
1401 4808 1616 4876 ordine,
1655 4817 1708 4864 et
1736 4809 1886 4865 hisce

284 4891 473 4948 titulis
502 4893 569 4976 in.
589 4911 813 4966 corpore
842 4896 1105 4952 codicisii
1133 4915 1410 4953 sermones
1443 4898 1735 4976 habentur.
1765 4899 1881 4954 Fol.

289 4980 391 5038 129
421 4971 599 5050 verso,
636 4985 661 5038 1
694 5001 704 5038 :
753 4986 934 5057 clncp.
960 5003 1139 5041 sermo
1160 4988 1226 5041 de
1248 4989 1427 5042 natale
1449 4971 1629 5045 ssrum
1656 4989 1802 5044 Petri
1833 4995 1887 5043 et

292 5069 448 5127 Pauli
479 5074 872 5144 apostolorum.
909 5101 926 5124 ι
970 5076 1168 5132 Editus
1197 5087 1277 5133 est
1314 5080 1457 5150 apud
1484 5083 1540 5136 S.
1582 5083 1884 5136 Maximum

291 5158 478 5216 Romae
509 5178 770 5219 excusum
801 5181 890 5219 an.
937 5166 1093 5234 1784,
1126 5167 1232 5222 col.
1275 5167 1397 5224 229.
1430 5171 1547 5224 Fol.
1585 5169 1685 5225 130
1714 5177 1884 5242 recto,

295 5263 366 5302 11:
416 5273 433 5297 ε
463 5252 615 5324 Incp.
649 5252 716 5308 de
747 5270 937 5309 eorum
969 5257 1166 5311 natale.
1196 5281 1213 5302 ι
1252 5257 1397 5312 Edit.
1435 5258 1528 5313 ubi
1562 5275 1749 5329 supra,
1778 5259 1884 5316 col.

295 5335 417 5395 573.
455 5340 573 5396 Fol.
604 5341 698 5396 cit.
731 5359 911 5410 verso,
942 5361 1003 5400 III
1029 5362 1040 5399 :
1062 5369 1078 5390 ε
1109 5346 1262 5416 Incp.
1293 5345 1360 5401 de
1389 5349 1685 5418 margarita
1709 5348 1886 5403 Evan-

298 5437 446 5506 gelii.
475 5437 662 5494 :Edit.
689 5440 783 5496 ubi
818 5458 999 5513 supra,
1021 5443 1126 5497 col.
1151 5442 1274 5500 389.
1299 5445 1417 5500 Fel.
1446 5446 1541 5502 131
1574 5453 1744 5515 recto,
1781 5464 1836 5502 1v
1870 5464 1882 5502 :

314 5547 331 5569 ι
363 5524 511 5599 Incp.
543 5527 611 5583 de
647 5528 824 5585 natale
855 5529 908 5585 S.
938 5530 1214 5588 Laurenti.
1252 5531 1435 5590 nEdit.
1469 5535 1564 5591 ubi
1596 5553 1744 5609 sup.,
1777 5537 1882 5592 col.

301 5611 423 5672 579.
457 5616 574 5672 Fol.
608 5617 703 5674 cit.
739 5635 968 5688 verso,v
998 5636 1009 5673 :
1043 5644 1059 5667 ε
1093 5621 1242 5695 Incp.
1277 5621 1344 5679 de
1376 5623 1556 5681 natale
1578 5626 1633 5683 S.
1658 5623 1885 5682 Joannis

1990 3187 2107 3242 Fol.
2139 3189 2236 3243 cit.
2271 3203 2448 3255 verso,
2481 3203 2607 3242 xxr:
2673 3211 2691 3233 ι
2716 3187 2978 3243 Prmfatio
3026 3188 3113 3242 vel
3158 3187 3462 3260 increpatio
3519 3190 3587 3246 ad

1993 3275 2229 3346 plebem.
2263 3301 2280 3324 ι
2333 3277 2484 3332 Edit.
2520 3275 2578 3331 in
2603 3276 2834 3348 append.
2871 3286 3006 3332 tom.
3040 3275 3090 3334 V
3117 3293 3267 3350 oper.
3301 3279 3356 3334 8.
3380 3279 3586 3350 Augu-

1995 3364 2151 3433 stini,
2199 3381 2354 3420 num.
2385 3367 2474 3421 87.
2525 3367 2643 3421 Fol.
2687 3365 2788 3421 140
2831 3374 3002 3434 recto,
3044 3382 3199 3422 xxii:
3267 3390 3285 3415 ι
3314 3366 3466 3438 Incp.
3517 3365 3584 3421 de

1994 3470 2163 3525 grano
2195 3455 2440 3527 synapis,
2470 3463 2525 3510 et
2554 3456 2622 3512 de
2649 3457 2704 3512 S.
2735 3455 3034 3513 Laurentio
3065 3463 3324 3528 martyre.
3357 3481 3376 3504 ι
3428 3453 3582 3513 Edit.

1991 3553 2136 3624 apud
2191 3553 2246 3609 S.
2310 3554 2613 3610 Maximum
2647 3598 2664 3624 ,
2710 3555 2816 3612 col.
2879 3555 2965 3610 36.
3037 3556 3156 3611 Fel.
3227 3555 3322 3614 cit.
3378 3571 3580 3629 verso,

1992 3659 2169 3698 xxnr:
2243 3668 2261 3690 ι
2290 3643 2586 3716 Sequentia
2627 3645 2694 3700 de
2743 3661 2910 3716 grano
2965 3645 3174 3718 sinapis
3218 3645 3522 3719 superiore.
3553 3671 3573 3696 ι

1990 3730 2142 3786 Edit.
2185 3731 2282 3787 ubi
2328 3749 2476 3805 sup.,
2519 3735 2626 3789 col.
2666 3733 2792 3790 365.
2837 3735 2957 3791 Fel.
3010 3734 3104 3790 141
3159 3733 3332 3802 recto,
3381 3752 3582 3793 xxmr:

2006 3844 2024 3867 ε
2054 3821 2205 3890 Incp.
2236 3820 2304 3876 de
2336 3823 2390 3876 id
2425 3823 2553 3892 (sic)
2585 3824 2730 3895 quod
2761 3823 3029 3896 scriptum
3057 3831 3138 3879 est
3168 3843 3180 3880 :
3231 3825 3449 3881 Reddite
3473 3840 3590 3895 qua

1991 3908 2090 3963 Dei
2116 3915 2240 3963 sunt
2267 3911 2398 3975 Deo,
2441 3919 2495 3966 et
2525 3909 2592 3965 de
2622 3911 3013 3968 militantibus.
3047 3937 3064 3959 ι
3126 3913 3278 3968 Edit.
3314 3913 3409 3968 ubi
3440 3928 3587 3985 sup.,

1991 3998 2097 4052 col.
2130 3998 2254 4054 375.
2286 3999 2404 4054 Fol.
2441 3998 2543 4054 142
2573 4007 2744 4067 recto,
2772 4015 2889 4055 xxv
2916 4018 2928 4056 :
2967 4023 2985 4048 ο
3007 4001 3158 4072 Incp.
3193 3999 3261 4056 de
3290 4001 3480 4057 eodem
3508 4015 3589 4055 se-

1992 4088 2236 4158 quentia.
2267 4111 2285 4133 »
2341 4087 2492 4143 Edit.
2525 4087 2618 4142 ubi
2650 4104 2796 4160 sup.,
2831 4090 2939 4145 col.
2972 4090 3096 4146 347.
3123 4090 3243 4144 Fel.
3275 4089 3372 4144 cit.
3404 4103 3585 4157 verso,

1992 4191 2164 4232 xxvr:
2217 4178 2400 4249 cIncp.
2432 4177 2498 4234 de
2528 4193 2585 4232 eo
2619 4177 2817 4248 (deest)
2849 4178 2996 4250 quod
3030 4177 3296 4248 propheta
3321 4176 3399 4232 ait
3427 4176 3494 4232 ad
3526 4177 3584 4232 ﬁ-

1994 4264 2116 4333 lios,
2144 4265 2388 4323 scilicet:
2423 4267 2695 4336 Caupones
2723 4267 2896 4320 uestri
2924 4267 3146 4320 miscunt
3169 4281 3369 4335 aquam
3396 4266 3569 4324 uino.-

1992 4351 2142 4408 Edit.
2194 4355 2288 4410 ubi
2338 4371 2484 4425 sup.,
2521 4355 2628 4409 col.
2659 4353 2784 4410 339.
2852 4354 2970 4410 Fel.
3023 4352 3124 4409 143
3176 4361 3344 4422 recto,
3383 4370 3581 4413 xxvu:

2006 4465 2024 4490 ‹
2053 4443 2204 4514 Incp.
2252 4443 2319 4499 de
2349 4444 2558 4515 psalmo
2588 4458 2707 4508 χχι,
2759 4448 2812 4496 et
2859 4441 2926 4499 de
2971 4442 3222 4514 passione
3273 4444 3520 4502 Domini.
3552 4470 3571 4494 -

1993 4530 2142 4586 Edit.
2195 4531 2291 4587 ubi
2321 4548 2465 4603 sup.,
2517 4532 2623 4588 col.
2683 4529 2802 4586 137.
2853 4532 2970 4588 Fel.
3006 4531 3107 4587 144
3136 4540 3308 4601 recto,
3360 4549 3581 4590 xxvm:

2008 4652 2026 4674 ι
2058 4630 2208 4701 Incp.
2243 4629 2310 4686 de
2337 4630 2645 4688 defectione
2677 4633 2843 4690 luna.
2873 4657 2891 4680 ›
2945 4630 3097 4688 Edit.
3151 4630 3246 4686 ubi
3278 4647 3426 4704 sup.,
3474 4633 3584 4689 col.

1994 4718 2117 4774 333.
2168 4721 2284 4775 Fol.
2319 4720 2413 4776 cit.
2457 4737 2632 4789 verso,
2682 4738 2923 4778 xxvnu:
2989 4745 3007 4767 ι
3039 4721 3174 4776 Item
3206 4719 3272 4775 de
3300 4720 3586 4793 sequentia

1995 4806 2258 4877 ejusdem.
2293 4835 2311 4857 ι
2351 4809 2502 4865 Edit.
2536 4809 2630 4864 ubi
2656 4826 2802 4882 sup.,
2837 4811 2944 4866 col.
2977 4809 3103 4866 337.
3126 4809 3246 4865 Fol.
3284 4809 3385 4865 145
3416 4818 3584 4877 recto,

1994 4914 2114 4953 xxx
2139 4917 2150 4954 :
2198 4922 2215 4946 ι
2247 4899 2396 4970 Incp.
2429 4899 2496 4955 de
2525 4915 2590 4955 eo
2618 4899 2764 4972 quod
2791 4898 3057 4972 scriptum
3079 4905 3160 4955 est
3181 4899 3239 4954 in
3259 4898 3582 4971 Evangelia,

1994 4987 2210 5044 dicente
2256 4988 2530 5044 Domino:
2582 4988 2819 5044 Facilius
2856 4995 2931 5043 est
2947 4989 3200 5044 camel-um
3223 5005 3322 5060 per
3345 4986 3589 5058 foramen

1994 5094 2119 5132 acus
2141 5078 2554 5149 transire,quam
2573 5079 2789 5133 diuitem
2805 5079 3014 5134 intrare
3031 5078 3088 5132 in
3105 5094 3263 5149 regno
3279 5078 3572 5132 caelorum.»

1996 5175 2144 5232 Edit.
2196 5175 2291 5231 ubi
2321 5192 2466 5248 sup.,
2512 5177 2617 5232 col.
2677 5176 2800 5233 385.
2853 5176 2972 5232 Fol.
3027 5175 3124 5232 cit.
3176 5190 3353 5240 verso,
3404 5187 3581 5228 xxxx:

2011 5289 2030 5312 ι
2059 5266 2210 5338 Ιηορ.
2241 5266 2308 5321 de
2337 5282 2400 5321 eo
2426 5265 2572 5338 quod
2599 5265 2862 5338 scriptum
2896 5273 3010 5321 est:
3062 5263 3245 5320 Simile
3268 5267 3345 5316 est
3372 5275 3588 5330 regnum

1998 5358 2095 5413 Dei
2123 5358 2397 5428 fermento.
2429 5383 2448 5407 ι
2509 5358 2659 5415 Edit.
2693 5358 2789 5414 ubi
2815 5375 2962 5430 sup.,
3011 5354 3272 5413 001.369.
3319 5351 3437 5407 Fol.
3487 5349 3589 5407 146

1996 5457 2165 5516 recto,
2198 5465 2394 5505 xxxn:
2433 5472 2450 5495 ε
2474 5449 2624 5521 Incp.
2657 5449 2725 5504 de
2755 5445 3129 5518 hospitalitate
3150 5443 3206 5498 in
3227 5439 3576 5512 Evangelio.»

1997 5537 2148 5593 Edit.
2179 5536 2274 5592 ubi
2297 5554 2440 5611 sup.,
2465 5538 2570 5594 col.
2593 5537 2718 5593 351.
2742 5535 2861 5591 Fol.
2890 5533 2990 5589 147
3010 5538 3391 5597 recto,xxxm.
3413 5529 3585 5603 clncp.

1996 5625 2064 5682 de
2089 5625 2294 5699 jejunis
2315 5625 2419 5698 (sic
2448 5625 2609 5684 solita
2632 5621 2798 5690 crasi)
2826 5623 2879 5676 in
2903 5619 3068 5676 initio
3087 5616 3573 5690 Quadragesimtea
