4068 6182
448 257 554 318 775

1446 249 1539 310 AD
1578 251 1812 310 OPEBA
1849 249 1904 307 S.
1947 247 2280 307 AMBROSII
2316 245 2697 304 APPENDIX.

3641 235 3753 294 776

446 393 601 451 Edit.
638 390 737 448 ubi
767 406 910 464 sup.,
954 389 1059 446 col.
1092 387 1216 444 467.
1253 388 1389 444 1³01.
1425 387 1527 444 148
1571 393 1741 454 recto,
1787 400 1992 440 xxxun
2021 402 2032 440 :
2065 385 2114 444 Α
2149 381 2249 437 167
2276 387 2442 448 recto,
2476 397 2582 437 1.x:
2623 405 2641 428 ι
2663 380 2813 451 Incp.
2836 383 2960 449 post
2979 371 3295 447 Ephyfania
3314 371 3527 464 dictum
3551 370 3738 464 (sic).»

461 507 479 530 ι
508 483 644 540 Item
675 478 979 553 sequentia,
1002 486 1056 534 et
1080 484 1331 550 tempore
1360 476 1699 533 ieiuniorum
1733 490 1845 530 non
1875 474 2038 530 luxu-

446 572 723 630 riandum.
753 594 771 618 ι
812 567 963 624 Edit.
988 567 1084 623 ubi
1120 583 1265 638 sup.,
1289 567 1393 622 col.
1425 565 1549 622 457.
1583 566 1700 621 1³01.
1733 565 1826 620 cit.
1860 580 2036 631 verso,

449 679 642 720 xxxv:
706 683 725 706 ι
767 660 917 731 Incp.
947 658 1014 714 de
1044 658 1133 713 die
1161 667 1348 713 sancto
1377 656 1624 724 Paschal,
1673 663 1726 711 et
1777 655 1843 710 de
1880 670 2042 711 cruce

445 748 692 808 Domini.
726 773 744 797 ι
807 747 958 804 Edit.
991 746 1086 802 ubi
1117 763 1264 818 sup.,
1295 748 1400 804 col.
1439 747 1558 802 151.
1592 746 1691 800 Fol
1730 744 1829 801 149
1859 761 2040 812 verso,

359 865 379 880 κ
444 853 625 895 xxxv:
649 855 660 893 :
684 859 703 883 ι
734 837 870 892 Item
901 835 968 892 de
998 851 1158 892 cruce
1184 843 1236 890 et
1257 835 1323 891 de
1341 835 1740 891 resurrectione
1761 832 2029 889 Domini.-

445 926 599 984 Edit.
641 924 738 982 ubi
769 941 914 997 sup.,
965 924 1072 980 col.
1109 923 1230 979 153.
1281 924 1399 979 Fol.
1453 922 1554 979 150
1585 930 1754 990 recto,
1800 937 2036 977 xxxvii:

462 1040 481 1065 ι
511 1017 662 1087 Incp.
697 1014 982 1088 sequentia
1011 1014 1078 1070 de
1108 1012 1400 1086 sepulchro
1430 1012 1655 1068 Domini
1684 1012 2027 1068 Saluatoris.»

449 1105 602 1181 Edit.
635 1103 778 1176 apud
809 1103 865 1168 S.
898 1103 1253 1158 Ambrosium
1277 1101 1377 1157 sub
1399 1118 1553 1157 num.
1577 1101 1644 1157 53
1666 1102 1824 1157 Rom.
1849 1101 2041 1158 editio-

451 1193 556 1250 nis.
581 1193 703 1249 Fol.
734 1191 829 1247 cit.
862 1206 1043 1259 verso,
1066 1208 1289 1247 xxxvnr
1315 1209 1326 1246 ε
1365 1192 1552 1263 «Incp.
1586 1190 1653 1246 de
1684 1191 2043 1247 Pentecosten

453 1281 608 1355 (sic),
637 1289 691 1337 et
719 1279 786 1336 de
818 1282 1029 1352 psalmo
1055 1278 1358 1337 centesimo
1388 1296 1554 1336 nono.
1578 1305 1596 1327 ι
1630 1279 1781 1335 Edit.
1817 1279 1963 1335 inter
1985 1280 2040 1335 S.

451 1369 684 1426 Maximi
715 1383 898 1441 opera,
949 1369 1055 1426 col.
1085 1369 1207 1425 197.
1261 1369 1380 1424 Fol.
1420 1368 1516 1424 151
1552 1376 1722 1437 recto,
1754 1385 2040 1424 xxxvnn:

465 1482 484 1506 ε
508 1459 661 1534 Incp.
695 1459 761 1515 de
778 1475 843 1515 eo
863 1459 1009 1532 quod
1036 1457 1303 1530 scriptum
1325 1466 1406 1514 est
1428 1458 1484 1514 in
1508 1459 1810 1529 Evangelio
1833 1459 2045 1528 :Vutpes

451 1549 639 1620 foueas
667 1549 874 1617 habent,
907 1555 962 1605 et
991 1547 1224 1620 reliqua.
1252 1572 1271 1596 ι
1305 1546 1456 1603 Edit.
1496 1547 1591 1603 ubi
1622 1549 1893 1620 sup.,col.
1920 1547 2042 1604 379.

451 1639 571 1698 1³01.
601 1639 702 1696 152
732 1648 898 1708 recto,
919 1655 992 1695 XL
1018 1657 1029 1694 :
1068 1661 1087 1685 ‹
1113 1636 1420 1710 Increpatio
1441 1637 1508 1693 ad
1530 1636 1790 1709 plebem,,
1815 1643 1869 1693 et
1897 1634 1964 1692 de
1983 1652 2048 1692 eo

2147 468 2300 526 Edit.
2327 470 2470 526 inter
2493 469 2547 525 S.
2572 467 2854 525 Ambrosii
2881 480 3160 522 sermones
3186 463 3243 519 in
3264 461 3496 535 append.
3522 460 3754 533 rejectos

2149 575 2312 616 serm.
2349 561 2432 627 11,
2465 559 2570 615 col.
2603 556 2731 616 502.
2765 558 2883 613 Fol.
2914 555 3010 611 cit.
3042 570 3223 620 verso,
3252 569 3345 608 Lxr
3379 570 3390 608 :
3448 578 3465 599 ε
3498 553 3650 624 Incp.
3686 551 3756 608 de

2150 656 2336 704 sancta
2383 647 2828 719 Quadragesima.
2861 671 2880 694 ι
2938 643 3090 701 Edit.
3142 641 3286 716 apud
3334 641 3388 698 S.
3424 641 3754 709 Maximum,

2151 736 2256 792 col.
2294 735 2414 791 109.
2442 736 2561 791 Fol.
2599 735 2699 791 168
2727 750 2906 800 verso,
2937 749 3052 788 Lxu
3079 749 3091 787 :
3139 756 3157 777 α
3192 732 3343 803 Incp.
3373 746 3552 786 sermo
3581 729 3758 786 S.Au-

2153 823 2356 896 gustini
2387 823 2454 878 de
2489 822 2546 878 id
2588 822 2715 893 (sic)
2757 820 2906 895 quod
2942 821 3209 893 scriptum
3240 826 3359 876 est:
3396 819 3491 874 Hic
3520 825 3597 874 est
3621 819 3755 886 dies,

2151 930 2301 984 quem
2347 911 2470 982 fecit
2521 913 2804 977 Dominus,
2850 912 3186 978 exsultemus,
3227 916 3274 965 et
3313 908 3662 965 iucundemur
3700 907 3760 962 in

2153 1019 2228 1058 eo.
2256 1027 2274 1049 ιι
2317 1001 2469 1059 Edit.
2517 1003 2661 1075 apud
2715 1001 3082 1057 Lovanienses
3111 1008 3246 1056 tom.
3277 999 3329 1054 X
3359 1014 3507 1071 oper.
3539 996 3596 1052 8.
3629 998 3759 1053 Au-

2155 1095 2383 1166 gustini,
2417 1111 2580 1150 serm.
2615 1093 2706 1161 89,
2747 1093 2855 1150 col.
2887 1090 3011 1148 560.
3064 1090 3181 1146 Fol.
3218 1089 3319 1145 169
3365 1096 3534 1154 recto,
3568 1102 3710 1142 Lxm
3739 1103 3751 1141 :

2168 1207 2187 1231 ι
2215 1184 2367 1256 Incp.
2401 1200 2578 1238 sermo
2604 1183 2658 1238 S.
2693 1180 3017 1254 Hieronymi
3048 1180 3115 1237 de
3144 1178 3324 1235 Exod.
3356 1177 3413 1233 in
3441 1174 3757 1246 Quadrage-

2154 1274 2293 1331 sima
2343 1282 2469 1330 ante
2512 1272 2739 1330 Pascha.
2776 1298 2794 1321 ι
2845 1269 2996 1326 Edit.
3037 1286 3068 1325 a
3097 1267 3370 1325 Vallarsio
3413 1265 3471 1320 in
3519 1262 3760 1336 append.

2153 1371 2290 1420 tom.
2315 1364 2413 1430 XI,
2438 1365 2546 1420 col.
2575 1361 2697 1429 210,
2721 1360 2983 1418 editionis
3003 1357 3354 1415 Veronensis.
3384 1354 3498 1411 Sub
3523 1353 3634 1409 hoc
3653 1367 3764 1408 ser-

2157 1469 2320 1509 mone
2349 1453 2584 1525 aliisque
2613 1451 2758 1507 infra
2781 1449 3038 1506 notandis
3067 1463 3238 1520 usque
3268 1444 3336 1500 ad
3367 1443 3467 1500 fol.
3496 1443 3600 1499 176
3629 1442 3762 1498 latet

2155 1541 2474 1598 Plinianum
2522 1539 2780 1597 Historiae
2813 1537 3078 1595 naturalis
3116 1537 3509 1608 fragmentum,
3561 1530 3761 1588 iisdem

2156 1632 2414 1706 spatiosis
2447 1631 2648 1687 litteris
2679 1639 2988 1697 exaratum,
3023 1627 3223 1701 quibus
3253 1627 3312 1682 in
3349 1622 3626 1683 Vaticano
3655 1639 3764 1696 pa-

451 1727 599 1803 quod
629 1728 894 1801 scriptum
925 1734 1007 1783 est
1033 1727 1091 1782 in
1120 1725 1424 1797 Euangelio
1451 1743 1462 1780 :
1490 1727 1593 1793 Qui
1621 1725 1793 1794 habet,
1829 1725 2048 1780 dabitur
2079 1743 2126 1802 Β
2158 1723 2404 1780 limsesto
2427 1722 2714 1794 politicum
2735 1737 2872 1793 opus
2894 1721 2967 1776 M.
2988 1718 3135 1774 Tulli
3155 1717 3420 1789 scriptum
3443 1715 3616 1771 fuisse
3635 1730 3762 1771 con-

452 1819 528 1886 ci;
561 1825 611 1874 et
636 1819 973 1874 cantauimus
1001 1816 1174 1882 uobis,
1207 1822 1255 1871 et
1280 1832 1390 1869 non
1416 1815 1672 1871 saltastis.
1704 1838 1723 1863 ι
1773 1814 1924 1870 Edit.
1952 1812 2049 1870 ubi

450 1926 597 1984 sup.,
629 1910 736 1967 col.
765 1908 889 1966 661.
914 1910 1032 1966 Fol.
1065 1909 1161 1965 cit.
1191 1924 1371 1976 verso,
1403 1925 1531 1965 xm:
1560 1933 1578 1956 ι
1601 1909 1753 1981 Incp.
1783 1907 1883 1965 ubi
1905 1909 2052 1964 Deus

453 1999 682 2056 sabbato
711 2015 935 2055 manum
984 1999 1192 2056 aridam
1223 1999 1458 2057 curauit.
1488 2025 1506 2047 ι
1572 1998 1724 2056 Edit.
1775 1998 1871 2056 ubi
1900 2015 2046 2071 sup.,

453 2087 561 2146 col.
593 2087 718 2146 383.
751 2088 870 2144 Fol.
905 2088 1007 2145 153
1039 2105 1219 2157 verso,
1251 2105 1403 2145 xm:
1449 2113 1468 2136 ι
1502 2090 1655 2163 Incp.
1691 2090 1757 2146 de
1787 2090 2046 2148 Penteco-

454 2185 575 2236 sten
608 2176 758 2251 (sic).
793 2203 813 2226 ι
853 2177 1005 2234 Edit.
1028 2178 1126 2236 ubi
1153 2195 1301 2251 sup.,
1326 2179 1432 2235 col.
1460 2180 1580 2236 191.
1607 2179 1726 2234 Fol.
1754 2179 1856 2236 154
1879 2188 2048 2248 recto,

453 2283 630 2323 xum:
693 2290 713 2314 ι
745 2267 897 2340 Incp.
948 2267 1016 2322 de
1066 2267 1156 2324 die
1194 2275 1412 2325 sanctae
1458 2267 1803 2340 Ephyfaniae
1835 2269 1985 2342 (sic).
2019 2296 2037 2319 ι

453 2357 609 2413 Edit.
633 2356 728 2413 ubi
751 2373 897 2429 sup.,
923 2357 1030 2412 col.
1054 2356 1303 2411 413.Fo|.
1332 2357 1426 2413 cit.
1453 2373 1631 2424 verso,
1656 2373 1814 2413 xum
1835 2375 1847 2413 :
1869 2382 1887 2404 ι
1913 2359 2050 2414 Item

456 2445 526 2502 de
557 2447 646 2502 die
666 2445 1108 2518 pryfaniorum
1139 2445 1290 2514 (sic),
1310 2453 1363 2500 et
1389 2445 1454 2500 de
1476 2445 1799 2517 Euangelio,
1820 2445 1914 2502 ubi
1947 2448 2051 2502 Do-

455 2533 648 2590 minus
674 2533 980 2606 baptizatus
1005 2543 1106 2602 est,
1149 2541 1203 2588 et
1250 2534 1316 2589 de
1345 2535 1555 2605 psalmo
1585 2551 1787 2590 xxvm.
1824 2560 1842 2583 ι
1899 2535 2049 2592 Edit.

455 2621 551 2679 ubi
582 2637 728 2694 sup.,
781 2621 887 2678 col.
920 2620 1044 2678 241.
1103 2622 1222 2677 Fol.
1260 2622 1361 2678 155
1399 2629 1573 2691 recto,
1605 2639 1749 2678 XLV:
1794 2624 1944 2695 Incp.
1987 2624 2054 2680 de

453 2728 520 2768 eo
548 2712 695 2784 quod
722 2710 989 2783 scriptum
1022 2718 1102 2766 est
1134 2710 1191 2766 in
1219 2712 1524 2784 Euangelio
1548 2730 1559 2767 :
1600 2712 1842 2768 Hominis
1869 2714 2056 2768 cuius-

455 2799 578 2855 dam
599 2800 784 2856 diuitis
803 2800 1010 2870 fructus
1028 2800 1206 2855 uberes
1229 2818 1353 2871 ager
1375 2801 1620 2857 adtulit»
1651 2801 1803 2858 Edit.
1829 2802 1976 2859 inter
1995 2803 2049 2860 S.

454 2888 644 2944 Basilii
678 2905 842 2962 opera
870 2889 1019 2944 hom.
1052 2888 1105 2956 6,
1131 2897 1267 2944 tom.
1301 2891 1372 2956 II,
1396 2906 1516 2961 pag.
1554 2888 1643 2957 43,
1675 2907 1705 2945 a
1735 2907 1842 2964 qua
1870 2899 2054 2947 tamen

457 2977 661 3032 multas
684 2976 778 3033 hic
796 2978 971 3032 nostri
997 2976 1204 3032 codicis
1226 2993 1409 3032 sermo
1431 2979 1707 3034 Variantes
1728 2979 1908 3036 habet.
1932 2981 2052 3037 Fol.

591 3074 762 3164 recto,
796 3081 955 3120 xnvr:
1017 3088 1036 3111 ι
1066 3065 1218 3137 Incp.
1252 3066 1318 3121 de
1348 3082 1412 3122 eo
1439 3067 1588 3140 quod
1635 3069 1898 3141 scriptum
1931 3077 2048 3126 est:
2088 3105 2131 3165 Ο

459 3153 591 3221 Quis
619 3153 798 3224 major
825 3159 899 3208 est
939 3154 998 3208 in
1037 3170 1197 3225 regno
1230 3156 1535 3212 caelorum?
1560 3181 1578 3204 ι
1617 3157 1768 3214 Edit.
1801 3158 1945 3230 apud
1993 3158 2047 3215 S.

457 3241 782 3309 Maximum,
813 3243 920 3298 col.
953 3241 1079 3299 285.
1111 3243 1231 3299 1³01.
1259 3245 1357 3300 cit.
1390 3260 1571 3314 verso,
1599 3261 1756 3303 XLVII
1783 3264 1794 3302 :
1847 3271 1865 3294 ι
1893 3248 2046 3319 Incp.

457 3330 526 3389 de
551 3330 765 3387 duabus
790 3332 1066 3390 uauiculis
1095 3331 1153 3388 in
1181 3334 1503 3407 Euangelio.
1538 3360 1555 3382 ι
1590 3335 1742 3392 Edit.
1773 3335 1869 3392 ubi
1900 3353 2047 3408 sup.,

456 3422 565 3480 001.
598 3421 723 3478 639.
755 3423 874 3478 Fol.
910 3421 1012 3480 159
1045 3417 1224 3491 verso,
1248 3441 1425 3480 vam
1451 3442 1462 3480 :
1500 3449 1518 3470 ι
1546 3426 1697 3498 Incp.
1729 3427 1796 3482 de
1827 3425 2052 3482 ieiuniis

457 3510 546 3567 vel
575 3518 763 3568 sancta
791 3510 1235 3584 Quadragesima.
1261 3539 1278 3561 ι
1314 3514 1465 3570 Edit.
1499 3513 1593 3568 ubi
1617 3530 1764 3587 sup.,
1789 3515 1898 3570 col.
1922 3515 2048 3572 461.

456 3599 578 3655 1³01.
613 3598 714 3654 160
742 3607 912 3668 recto,
935 3616 1136 3657 XLVIII!
1161 3618 1172 3656 :
1194 3623 1210 3647 ι
1239 3602 1391 3672 Incp.
1415 3601 1484 3656 de
1505 3601 1714 3657 ieiunio
1734 3603 1955 3658 Domini
1991 3603 2051 3658 in

457 3685 693 3756 deserto,
715 3695 768 3743 et
797 3687 944 3761 quod
971 3704 1078 3742 non
1105 3687 1162 3742 in
1190 3688 1302 3742 solo
1325 3704 1464 3758 pane
1491 3688 1630 3744 uiuit
1650 3690 1821 3746 homo.
1845 3715 1863 3738 ι
1897 3691 2048 3747 Edit.

459 3775 558 3832 ubi
585 3792 731 3849 sup.,
765 3776 872 3832 col.
903 3775 1028 3832 433.
1055 3776 1174 3832 1³01.
1209 3775 1306 3832 161
1331 3784 1503 3844 recto,
1525 3793 1592 3832 L:
1626 3801 1645 3825 ι
1670 3778 1805 3834 Item
1825 3795 2050 3852 sequen-

457 3865 536 3922 tia
573 3866 640 3923 de
668 3865 896 3923 ieiuniis
925 3865 1382 3938 Quadragesimze.
1402 3890 1420 3914 ι
1452 3867 1606 3924 Edit.
1638 3867 1735 3923 ubi
1768 3884 1915 3942 sup.,
1942 3871 2047 3927 col.

457 3955 582 4013 465.
616 3957 735 4012 1³01.
773 3954 871 4012 cit.
911 3971 1090 4023 verso,
1119 3972 1191 4012 L1:
1238 3980 1256 4003 ι
1283 3956 1435 4029 Incp.
1466 3957 1533 4013 de
1562 3955 1786 4015 Pascha.
1822 3983 1840 4006 ι
1896 3959 2046 4016 Edit.

456 4045 553 4103 ubi
583 4062 730 4119 sup.,
768 4047 874 4102 col.
909 4047 1031 4102 179.
1066 4047 1184 4102 Fol.
1226 4045 1327 4103 162
1356 4062 1535 4116 verso,
1568 4064 1678 4104 Ln:
1750 4074 1768 4096 ι
1793 4048 1930 4105 Item
1958 4066 2053 4105 se-

456 4135 683 4210 quentia
712 4135 780 4193 de
807 4142 1057 4192 sanctum
1087 4135 1215 4207 (sic)
1245 4135 1502 4193 Paschae.
1535 4160 1554 4184 ι
1588 4137 1739 4193 Edit.
1774 4137 1870 4193 ubi
1900 4155 2047 4210 sup.,

455 4227 563 4284 col.
598 4225 723 4282 181.
755 4226 876 4282 Fol.
909 4225 1136 4294 cit.,Lnr
1161 4243 1171 4282 :
1195 4250 1213 4273 ‹
1244 4226 1378 4282 Item
1405 4226 1708 4299 sequentia.
1734 4251 1753 4274 ι
1778 4226 1928 4283 Edit.
1955 4227 2052 4284 ubi

455 4329 602 4387 sup.,
633 4314 740 4370 col.
777 4314 898 4371 185.
933 4314 1051 4370 Fol.
1084 4313 1388 4384 163qecto,
1422 4332 1543 4371 LIV:
1591 4341 1610 4364 ι
1639 4316 1790 4388 Incp.
1820 4315 1888 4371 de
1917 4317 2052 4373 Pen-

455 4409 700 4460 tecosten
728 4401 880 4474 (sic).
914 4427 933 4450 ι
979 4403 1128 4459 Edit.
1164 4390 1260 4460 ub‘l
1291 4420 1436 4476 sup.,
1472 4405 1580 4462 col.
1617 4405 1738 4461 187.
1781 4405 1900 4460 1³01.
1943 4404 2047 4461 164

456 4499 626 4558 recto,
658 4463 764 4547 LV‘:
823 4463 848 4539 ί
874 4492 1026 4562 Incp.
1061 4491 1127 4547 de
1155 4463 1675 4550 accusat-o'Domino
1703 4495 1847 4567 apud
1890 4494 2046 4552 Pila—
2075 4463 2123 4521 D

455 4589 598 4650 tum,
632 4588 686 4636 et
719 4581 788 4637 de
817 4580 1084 4636 Susanna.
1112 4606 1129 4628 -
1161 4581 1311 4637 Edit.
1343 4582 1437 4638 ubi
1462 4601 1606 4657 sup.,
1640 4585 1745 4641 col.
1781 4585 1901 4641 141.
1926 4585 2042 4642 1³01.

455 4670 553 4729 cit.
588 4687 770 4739 verso,
803 4687 894 4726 va
927 4687 938 4726 :
983 4695 1000 4718 ι
1022 4671 1158 4726 Item
1187 4673 1489 4744 sequentia.
1520 4699 1538 4722 ι
1577 4675 1728 4730 Edit.
1772 4675 1866 4731 ubi
1898 4692 2044 4747 sup.,

457 4759 566 4817 001.
601 4759 723 4816 143.
773 4759 896 4816 1³01.
935 4759 1034 4816 165
1069 4775 1248 4828 verso,
1293 4778 1438 4817 LVIII
1503 4787 1520 4810 ι
1550 4763 1700 4834 Incp.
1754 4763 1821 4820 de
1865 4766 2046 4820 natale

455 4848 698 4906 Domini.
734 4872 752 4896 ι
799 4848 950 4904 Edit.
986 4848 1082 4904 ubi
1110 4865 1254 4920 sup.,
1287 4850 1393 4907 col.
1427 4849 1550 4907 403.
1592 4851 1710 4907 1³01.
1743 4852 1844 4909 166
1874 4861 2042 4922 recto,

456 4954 629 4996 LVIII:
696 4937 894 5008 «Incp.
947 4936 1015 4992 de
1056 4937 1312 4995 kalendis
1333 4940 1629 4998 Januariis.
1663 4966 1681 4989 ι
1737 4941 1892 4999 Edit.
1949 4942 2046 4998 ubi

457 5043 602 5098 sup.,
633 5027 739 5084 col.
773 5025 899 5084 409.
930 5027 1050 5084 Fol.
1081 5027 1177 5084 cit.
1208 5045 1390 5098 verso,
1415 5048 1572 5087 LVIIII
1598 5049 1608 5088 :
1632 5055 1650 5079 ι
1675 5032 1824 5103 Incp.
1850 5039 2044 5088 tracta-

456 5124 548 5175 tus
566 5116 632 5174 de
653 5116 971 5190 Ephyfania
991 5118 1164 5192 (810).»
1194 5120 1345 5178 Edit.
1369 5121 1466 5178 ubi
1489 5139 1634 5195 sup.,
1651 5122 1757 5180 col.
1780 5120 1904 5178 428.
1925 5122 2042 5178 1³01.

531 5314 611 5388 (a)
651 5314 818 5397 Plinii
847 5314 954 5373 hoc
977 5317 1351 5397 fragmentum
1377 5321 1436 5376 in
1474 5320 2046 5397 Sessoriano_q_uater-

457 5387 626 5444 nione
647 5387 861 5459 integro
883 5387 1148 5459 scriptum
1170 5392 1238 5447 ad
1258 5391 1391 5447 libb.
1417 5409 1553 5448 xxxv
1583 5399 1637 5448 et
1658 5409 1773 5448 xxv
1793 5387 1931 5448 Hist.
1954 5411 2046 5448 na—

458 5459 659 5541 turalia
668 5461 925 5541 pertinet.
949 5459 1093 5541 Illud
1117 5463 1369 5541 quamvis
1390 5462 1621 5541 editum,
1639 5472 1834 5541 tamen
1857 5465 1914 5541 in
1931 5465 2046 5541 ses-

456 5531 692 5606 soriani‘s
712 5532 996 5606 anecdotis
1009 5531 1307 5606 aliquando
1329 5531 1624 5606 proferam.
1639 5536 1759 5592 Non
1783 5535 1930 5593 enim
1956 5536 2046 5593 de-

459 5615 618 5670 spero
648 5601 764 5657 {ore
789 5611 911 5675 post
931 5601 1210 5661 Hermolai
1230 5601 1476 5674 Barbari,
1510 5606 1768 5678 Arduini,
1787 5607 2048 5666 aliorum-

2161 1810 2428 1885 spicimus
2450 1812 2554 1884 (a).
2578 1811 2700 1867 Fol.
2725 1809 2947 1882 sup.cit.
2984 1807 3084 1864 169
3113 1822 3291 1876 verso,
3326 1821 3462 1861 LXIII
3497 1823 3508 1861 :
3557 1827 3577 1850 ι
3607 1805 3759 1876 Incp.

2163 1916 2345 1957 sermo
2375 1900 2431 1957 S.
2463 1898 2764 1972 Augustini
2810 1899 2877 1955 ad
2910 1903 3286 1970 competentes
3315 1901 3370 1951 et
3400 1890 3764 1952 catechume-

2161 2007 2285 2059 nos,
2317 2015 2336 2038 ι
2373 1989 2468 2063 qui
2502 1989 2739 2062 incipit:
2777 2012 2794 2035 ι
2826 1987 3070 2044 Audiant
3099 1983 3503 2049 catechumeni,
3534 1983 3762 2040 audiant

2161 2097 2372 2149 omnes,
2395 2096 2586 2136 omnes
2606 2080 2860 2144 timeant,
2884 2094 3046 2134 nemo
3065 2083 3413 2143 contemnat;
3436 2073 3509 2131 sit
3539 2072 3681 2129 mihi
3704 2071 3762 2129 in

2161 2169 2538 2227 consolatione
2587 2178 2771 2226 uester
2816 2167 3059 2237 auditus,
3092 2193 3111 2217 ι
3173 2174 3278 2223 etc.
3330 2165 3418 2222 An
3457 2163 3550 2221 hic
3583 2178 3761 2219 sermo

2163 2261 2463 2318 anecdotus
2489 2261 2580 2329 sit,
2610 2260 2970 2333 pronuntiare
3001 2275 3111 2316 non
3143 2258 3346 2323 audeo;
3395 2254 3544 2312 idem
3576 2254 3670 2312 dic
3697 2253 3762 2310 de

2163 2351 2298 2420 illis,
2333 2367 2568 2423 quorum
2602 2349 2748 2406 infra
2795 2350 2956 2406 initia
2993 2349 3246 2406 referam.
3294 2347 3393 2403 1³01
3449 2345 3553 2401 170
3581 2360 3759 2412 verso,

2163 2457 2314 2496 va:
2363 2465 2379 2488 ε
2414 2441 2546 2497 Item
2587 2439 2830 2496 eiusdem
2864 2455 3043 2496 sermo
3075 2439 3142 2495 de
3169 2435 3492 2494 remissione
3518 2441 3762 2508 peccato-

2163 2545 2318 2597 rum;
2348 2553 2366 2576 ι
2396 2544 2556 2602 quem
2582 2528 2762 2601 primo
2785 2544 2856 2584 ex
2875 2527 2981 2584 hoc
2999 2527 3189 2584 codice
3209 2533 3470 2582 eruerant
3497 2522 3760 2591 Maurini,

2163 2624 2218 2673 et
2245 2616 2353 2672 ﬁde
2385 2617 2563 2674 eidem
2595 2617 2775 2674 codici
2797 2634 3020 2690 prorsus
3048 2617 3317 2684 adhibita,
3350 2617 3496 2670 inter
3523 2613 3764 2688 genuina

2164 2724 2328 2780 opera
2359 2707 2415 2764 S.
2449 2709 2746 2781 Augustini
2784 2708 3076 2765 ediderunt
3125 2716 3258 2764 tom.
3291 2707 3360 2773 ν,
3393 2713 3530 2778 part.
3566 2721 3606 2773 ι,
3650 2702 3760 2760 001.

2163 2797 2289 2854 572.
2321 2799 2441 2854 Fol.
2477 2799 2571 2854 171
2607 2814 2786 2867 verso,
2820 2815 2979 2855 va1:
3005 2825 3023 2846 ι
3055 2799 3204 2870 Incp.
3240 2796 3383 2852 alius
3411 2793 3655 2851 eiusdem
3696 2792 3763 2849 de

2165 2889 2360 2944 missas
2383 2887 2688 2945 cotidianas
2711 2889 2862 2960 (sic),
2897 2913 2916 2937 ι
2957 2889 3051 2962 qui
3081 2888 3312 2958 incipit:
3349 2911 3367 2933 ε
3398 2882 3762 2957 Congregatio

2165 2977 2527 3034 beatitudinis
2554 2986 2749 3034 uestra
2771 2979 2877 3034 FF.
2911 2979 3031 3034 ΚΚ.
3066 2977 3197 3035 facit
3218 2992 3317 3032 nos
3345 2974 3519 3031 nimio
3551 2972 3754 3046 gaudio

2165 3083 2283 3122 esse
2306 3068 2562 3140 repletos,
2585 3067 2678 3123 sed
2708 3068 2837 3140 quia
2865 3077 3026 3140 pauet
3055 3074 3245 3139 pectus
3271 3065 3481 3122 catenis
3507 3060 3758 3134 corporis

2165 3156 2490 3229 obligatum,
2541 3174 2654 3213 non
2684 3173 2906 3230 possum
2936 3157 3138 3224 dicere,
3190 3164 3457 3228 quantum
3487 3150 3749 3225 splendor

2160 3245 2331 3301 animi
2355 3247 2524 3303 uestri
2545 3246 2780 3303 delectat
2795 3247 3016 3314 audire;
3041 3253 3227 3301 tamen
3251 3243 3562 3317 adgredior,
3586 3266 3607 3288 ι
3645 3249 3750 3298 etc.

2163 3336 2279 3391 Fol.
2331 3335 2433 3392 172
2473 3343 2643 3404 recto,
2690 3353 2863 3393 vau.
2927 3361 2944 3384 ι
2982 3337 3134 3407 Incp.
3187 3334 3256 3391 de
3301 3332 3531 3390 decimis
3577 3346 3758 3388 sermo

2159 3424 2425 3480 eiusdem.
2461 3450 2479 3473 ι
2514 3425 2667 3481 Edit.
2698 3427 2756 3480 in
2783 3424 3018 3498 append.
3050 3424 3264 3492 tom.V,
3294 3423 3402 3479 001.
3433 3422 3563 3491 460,
3591 3437 3622 3476 a
3651 3436 3759 3494 quo

2161 3523 2343 3570 tamen
2375 3514 2562 3571 diﬂ‘ert
2602 3515 2660 3570 in
2688 3515 2995 3571 nonnullis.
3038 3515 3156 3571 Fol.
3196 3513 3297 3570 173
3325 3520 3498 3580 recto,
3528 3528 3710 3567 vam
3743 3528 3754 3566 :

2173 3625 2192 3650 α
2222 3603 2358 3659 Item
2389 3604 2560 3659 alium
2586 3603 2713 3676 (sic)
2745 3603 2813 3659 de
2841 3611 3030 3660 sancto
3060 3603 3303 3659 Helisseo
3336 3601 3463 3673 (sic)
3491 3620 3504 3668 ;
3537 3625 3558 3649 ι
3601 3598 3757 3672 cujus

2160 3691 2387 3748 initium
2417 3700 2533 3749 est:
2572 3717 2591 3741 ι
2610 3693 2801 3750 Dulcis
2821 3693 3070 3750 insonuit
3100 3692 3324 3749 auribus
3351 3690 3558 3748 nostris
3584 3705 3758 3761 nuper

2161 3782 2387 3839 recitata
2407 3781 2648 3851 libertas,
2671 3783 2802 3839 dum
2826 3783 3002 3839 saeuit
3022 3783 3167 3839 inter
3185 3799 3286 3838 nos
3307 3796 3491 3837 amara
3509 3779 3758 3852 captiui-

2160 3877 2264 3938 tas,
2288 3894 2306 3918 »
2346 3878 2450 3926 etc.
2476 3872 2594 3927 Fol.
2625 3871 2728 3928 174
2751 3879 2920 3939 recto,
2947 3888 3143 3928 varm
3170 3889 3182 3926 :
3221 3871 3406 3942 uIncp.
3427 3868 3603 3924 alium
3628 3867 3752 3940 (sic)

2160 3957 2228 4014 de
2252 3959 2360 4014 loco
2389 3959 2611 4032 (deest),
2635 3959 2730 4016 ubi
2751 3959 2944 4018 beatus
2972 3961 3169 4016 Petrus
3196 3959 3254 4016 in
3284 3957 3419 4014 mari
3452 3963 3758 4028 tempesta-

2161 4055 2271 4103 tem
2300 4047 2567 4103 sustinuit
2595 4049 2652 4103 in
2681 4049 2833 4105 naui.
2863 4073 2882 4097 ι
2917 4050 3002 4105 En
3037 4049 3215 4121 prima
3233 4046 3433 4102 verba:
3473 4044 3758 4102 «Νωῐίωο

2161 4134 2423 4208 hyrundo
2443 4137 2627 4208 pullos
2645 4154 2797 4202 suos,
2819 4154 2943 4194 cum
2964 4137 3189 4193 uolandi
3212 4144 3328 4192 arte
3345 4134 3611 4208 disponit,
3627 4149 3753 4206 pau-

2161 4221 2339 4278 lulum
2373 4222 2596 4295 quidem
2635 4223 2696 4280 in
2725 4240 2847 4280 aere
2875 4224 3130 4292 dimittit,
3172 4223 3372 4297 quibus
3408 4231 3595 4279 tamen
3638 4223 3756 4295 ipsa

2161 4313 2347 4368 uicina
2381 4321 2479 4383 est,
2529 4331 2597 4370 ne
2628 4314 2768 4370 forte
2797 4313 3054 4371 decidant
3080 4312 3406 4385 trepidando
3443 4311 3627 4368 adhuc
3658 4311 3756 4367 in-

2160 4401 2307 4458 ﬁrmi
2339 4404 2598 4473 uolando,
2631 4431 2648 4452 -
2696 4413 2800 4462 etc.
2849 4406 2967 4462 Fol.
2995 4404 3092 4461 cit.
3123 4420 3300 4472 verso,
3331 4419 3446 4458 Lxx
3479 4420 3491 4458 :
3551 4428 3571 4450 ι
3599 4403 3753 4476 Incp.

2159 4508 2338 4549 sermo
2371 4493 2425 4548 S.
2456 4493 2780 4566 Hieronymi
2811 4495 2878 4551 de
2908 4493 3102 4550 Exodo
3131 4494 3188 4549 in
3220 4492 3411 4565 uigilia
3439 4491 3700 4548 Pascbae.
3723 4515 3741 4540 ι

2157 4581 2308 4638 Edit.
2377 4582 2522 4639 inter
2580 4583 2935 4655 supposititia
2996 4584 3032 4639 S
3099 4582 3393 4656 Augustini
3443 4581 3650 4654 scripta
3695 4581 3754 4637 in

2156 4671 2392 4742 append.
2444 4679 2580 4728 tom.
2613 4672 2682 4736 V.
2734 4682 2788 4729 et
2829 4671 2974 4744 apud
3005 4672 3342 4729 Vallarsium
3373 4672 3517 4727 inter
3562 4669 3753 4743 spuria

2157 4766 2293 4816 tom.
2337 4760 2416 4817 XI
2461 4777 2611 4832 oper.
2667 4761 2722 4817 S.
2766 4761 3113 4834 Hieronymi,
3164 4761 3272 4818 col.
3319 4760 3444 4817 212.
3493 4761 3613 4816 1³01.
3652 4759 3756 4816 175

2158 4866 2338 4919 verso,
2371 4867 2506 4906 Lxx1
2532 4868 2543 4906 :
2603 4876 2619 4898 ε
2650 4852 2800 4923 Incp.
2827 4851 3074 4908 eiusdem
3106 4851 3165 4906 in
3195 4851 3285 4907 die
3309 4849 3591 4932 dominica
3612 4849 3756 4906 Pas-

2157 4941 2314 5000 chae.
2345 4965 2363 4988 ι
2431 4940 2585 4997 Edit.
2618 4940 2711 4997 ubi
2746 4956 2890 5012 sup.,
2939 4941 3048 4998 col.
3086 4939 3210 4996 200.
3261 4939 3378 4996 Fol.
3426 4938 3528 4995 176
3570 4955 3754 5003 verso,

2159 5046 2347 5087 Lxxn:
2386 5055 2403 5077 ι
2424 5031 2576 5103 Incp.
2600 5029 2846 5087 eiusdem
2865 5028 3253 5102 S.Hieronymi
3275 5029 3331 5084 in
3352 5028 3442 5085 die
3462 5028 3756 5085 Dominica

2158 5120 2418 5179 Paschae.
2471 5145 2490 5170 ι
2555 5120 2706 5178 Edit.
2749 5119 2847 5177 ubi
2903 5136 3088 5194 supra,
3146 5119 3255 5177 col.
3307 5117 3431 5176 215.
3483 5118 3604 5176 1³01.
3651 5116 3753 5175 177

2156 5337 2260 5394 que
2277 5321 2850 5394 praestantissimorum
2864 5321 3110 5377 virorum
3127 5317 3477 5394 conatus,qu_i
3496 5318 3752 5394 pleraque

2158 5388 2358 5466 men-da
2385 5393 2452 5449 ab
2488 5395 2590 5450 hoc
2618 5393 2872 5449 Pliniano
2903 5409 3064 5466 opere
3091 5407 3160 5448 ex
3194 5388 3573 5466 vitiosissimis
3599 5388 3748 5447 codi-

2156 5464 2498 5546 cibuseruto
2551 5467 2733 5546 longa'
2756 5463 3088 5546 operosaque
3130 5479 3260 5546 cura
3302 5463 3752 5546 sustulerunt,‘et

2157 5535 2298 5592 mihi
2330 5535 2497 5610 hujus
2535 5532 2895 5610 vetustissimi
2943 5532 3246 5610 pa'li‘msesti
3288 5533 3614 5592 auctoritate
3642 5532 3752 5588 alia

2156 5607 2426 5664 nonnulla
2452 5625 2762 5682 expungere
2788 5607 3018 5666 fortasse
3047 5607 3232 5665 licere.
3697 5617 3705 5626 '
