4020 6200
209 344 312 403 777

1103 342 1470 401 SERMONES
1509 342 1687 400 TRES
1743 342 1846 399 EX
1886 340 2142 400 CODICE
2181 342 2630 399 SESSORIANO.

3418 345 3524 404 778

209 482 384 543 recto,
427 481 726 531 occurrunt
753 473 810 529 S.
840 470 1031 528 Basilii
1060 471 1513 544 Magnilnstituta
1527 470 1821 527 monacho-
1848 474 1900 532 A
1928 477 2050 537 test,
2107 467 2327 524 eosdem
2381 468 2738 524 Ambrosium
2771 467 3025 541 habuisse
3050 469 3202 527 feriis
3232 470 3523 530 Paschali-

205 581 359 635 rum,
401 581 523 640 quae
574 566 633 622 in
678 574 816 622 tom.
850 565 899 622 II
926 580 1076 637 oper.
1108 563 1243 621 edit.
1281 563 1547 620 Parisien.
1581 561 1820 620 an.l730

205 669 237 708 a
275 655 388 712 col.
433 656 538 713 327
568 655 715 712 edita
745 661 1132 728 sunt,quzeque
1161 653 1267 710 hoc
1295 655 1462 711 titulo
1489 654 1819 726 praesignan-

203 753 299 802 tur
329 745 391 801 in
431 745 620 802 codice
645 763 656 802 :
705 767 722 792 ι
752 745 1012 801 Instituta
1035 746 1432 802 monachorum
1463 745 1636 802 sancti
1657 743 1821 800 Basi—

199 831 300 890 lici
338 834 471 905 (sic)
495 833 1481 915 episcopiCaesariensisCappadociae
1502 835 1559 890 in
1576 833 1816 892 Christo.

201 922 480 995 Prologus
510 923 687 980 sancti
727 924 913 980 Ruﬁni
945 924 1307 996 praesbyteri.
1333 950 1352 972 ι
1395 923 1565 980 Miror
1586 925 1818 980 cl.Fon-

203 1013 514 1082 taninium,
547 1013 798 1086 quamvis
829 1015 980 1072 hunc
1001 1016 1247 1072 codicem
1279 1016 1529 1084 vidisset,
1566 1015 1712 1072 haud
1741 1022 1818 1071 ta-

199 1121 335 1160 men
387 1105 842 1162 animadvertisse
886 1106 1146 1163 Rufinum
1190 1113 1441 1163 sanctum
1491 1105 1753 1178 appellari
1799 1123 1812 1173 ;

200 1195 358 1268 quod
422 1195 644 1268 quidem
691 1196 828 1253 alias
866 1203 1106 1252 notasset
1150 1197 1206 1251 in
1248 1196 1390 1251 finae
1420 1213 1531 1251 sua:
1562 1195 1816 1251 Historiae

198 1282 608 1357 Aquileiensis,
657 1283 816 1355 cujus
855 1283 914 1338 in
948 1293 1224 1356 postremo
1263 1283 1601 1356 paragrapho
1631 1283 1818 1339 Ruﬁni

197 1373 403 1430 laudes
460 1374 755 1442 recensuit,
811 1382 864 1430 et
918 1374 984 1430 de
1035 1373 1134 1429 illo
1183 1380 1245 1428 ut
1273 1372 1342 1429 de
1368 1381 1562 1430 sancto
1601 1373 1818 1430 monuit

197 1463 551 1535 scripturum
581 1463 700 1519 fore
732 1462 1083 1519 Bollandum.
1128 1463 1362 1517 Demum
1392 1461 1492 1518 fol.
1518 1460 1621 1518 200
1646 1471 1814 1530 recto,

199 1572 408 1625 Lxxm,
461 1564 542 1612 est
585 1570 786 1624 sermo,
832 1553 926 1627 qui
975 1551 1337 1609 inscribitur:
1403 1577 1420 1599 ι
1448 1553 1603 1624 Incp.
1637 1569 1816 1608 sermo

197 1645 381 1702 sancti
417 1644 714 1717 Augustini
736 1644 802 1700 de
820 1642 1272 1702 resurrectione.»
1307 1642 1464 1699 Hunc
1485 1658 1815 1709 sermonem,

198 1736 298 1810 qui
349 1735 492 1793 olim
524 1737 668 1792 inter
697 1735 753 1791 S.
781 1733 1062 1805 Fulgentii
1081 1733 1284 1806 scripta
1312 1732 1816 1801 recensebatur,Be-

197 1826 482 1884 nedictini
542 1825 782 1884 editores
824 1843 975 1899 oper.
1025 1824 1081 1881 S.
1109 1825 1408 1897 Augustini
1439 1825 1606 1896 hujus
1638 1825 1810 1882 nostri
1843 1846 1889 1906 Β

197 1925 254 1974 et
285 1916 522 1974 alterius
550 1915 759 1973 codicis
776 1915 1104 1972 auctoritate
1125 1912 1307 1970 innixi
1327 1913 1616 1986 Fulgentio
1645 1912 1812 1986 abju—

196 2007 491 2076 dicarunt,
549 2015 604 2063 et
631 2007 778 2063 inter
809 2006 1076 2080 genuinos
1107 2006 1252 2063 fetus
1280 2005 1580 2078 Augustini
1609 2007 1814 2079 vulga-

201 2106 342 2155 runt
389 2105 531 2155 tom.
563 2097 632 2166 V,
666 2105 806 2170 part.
837 2115 876 2168 ι,
909 2098 1016 2156 col.
1049 2096 1208 2154 1024.
1239 2097 1342 2154 Hic
1368 2114 1546 2154 sermo
1586 2115 1813 2156 mancus

197 2196 286 2246 est
330 2189 392 2244 in
443 2187 653 2258 codice,
698 2187 792 2261 qui
835 2187 1048 2245 duabus
1077 2188 1307 2261 integris
1331 2189 1556 2261 pagellis
1579 2189 1812 2246 mutilus

205 2287 312 2348 est,
351 2277 559 2353 quibus
600 2294 713 2335 non
753 2278 919 2335 modo
961 2278 1130 2351 hujus
1182 2279 1456 2335 sermonis
1489 2280 1674 2335 amisit
1702 2296 1810 2352 po-

199 2377 412 2427 strema
442 2368 629 2440 verba,
661 2385 854 2426 verum
881 2368 1048 2425 etiam
1076 2369 1301 2425 alterius
1329 2367 1574 2440 ejusdem
1604 2369 1659 2425 S.
1682 2369 1810 2425 Au-

202 2463 421 2537 gustini
479 2462 772 2532 sermonis,
829 2463 924 2536 qui
971 2461 1146 2519 nostri
1176 2461 1383 2519 codicis
1409 2468 1550 2518 esset
1584 2477 1806 2532 Lxxnn,

200 2573 436 2631 prorsus
465 2555 597 2612 fecit
621 2553 1079 2628 jacturam,cujus
1107 2553 1306 2610 titulus
1329 2551 1509 2609 adhuc
1537 2553 1598 2608 in
1626 2551 1810 2610 indice

200 2646 303 2706 fol.
330 2648 438 2706 129
475 2654 653 2713 recto,
685 2645 764 2704 sic
794 2645 1030 2718 legitur:
1087 2669 1106 2694 ι
1125 2646 1259 2701 Item
1282 2642 1525 2716 ejusdem
1547 2643 1605 2699 in
1635 2643 1810 2716 capite

203 2737 338 2795 libri
373 2753 555 2795 sermo
585 2736 653 2793 de
689 2736 966 2794 uersiculo
996 2736 1192 2810 psalmi
1224 2733 1539 2792 undecimi;
1581 2735 1678 2804 Tu,
1705 2735 1810 2790 Do-

203 2829 366 2898 mine,
401 2827 639 2884 seruabis
666 2844 780 2897 nos,
810 2833 858 2884 et
885 2828 1139 2885 custodias
1163 2843 1259 2883 nos
1287 2844 1321 2884 a
1349 2825 1680 2900 generatione
1706 2824 1813 2879 ista

215 2935 381 2992 usque
411 2920 468 2976 in
495 2928 784 2979 aeternum.
816 2947 834 2971 ι

282 3011 385 3067 IX.
397 3011 723 3082 Conjecturce
733 3013 794 3068 de
808 3011 1009 3068 Ambro
1040 3012 1315 3068 sianorum
1327 3023 1624 3066 sermonum
1643 3012 1737 3062 (cla
1747 3010 1808 3076 te,

211 3107 259 3156 et
285 3109 514 3174 tempore
550 3120 653 3173 quo
691 3102 856 3157 habiti
907 3108 1047 3157 sunt.
1090 3133 1161 3143 —
1199 3101 1304 3157 Sed
1333 3100 1499 3156 misso
1528 3097 1715 3155 codice
1745 3095 1813 3152 ad

209 3191 615 3249 Ambrosianos
637 3206 919 3248 sermones
949 3191 1292 3248 redeundum
1339 3197 1438 3246 est.
1479 3187 1626 3245 Fieri
1664 3185 1811 3243 enim
1845 3225 1890 3286 Ο

213 3299 330 3339 non
359 3289 540 3353 potest
570 3288 632 3336 ut
673 3281 740 3336 ab
771 3282 884 3338 illis
913 3283 1186 3350 recedam,
1218 3281 1544 3354 priusquam
1574 3278 1640 3334 de
1673 3285 1820 3332 tem-

211 3385 371 3444 pore,
416 3387 524 3444 quo
546 3369 723 3427 habiti
753 3380 903 3441 sunt,
937 3372 1296 3445 quaestionem
1321 3371 1513 3426 saltem
1556 3367 1819 3440 attingam

213 3459 389 3516 Porro
426 3460 540 3532 jam
569 3469 789 3519 auctore
825 3463 1068 3535 cognito,
1099 3478 1414 3519 sermonum
1445 3474 1662 3533 quoque
1693 3465 1822 3514 aetas

215 3557 501 3622 comperta
533 3558 633 3608 est.
669 3551 1050 3609 Nihilominus
1077 3551 1144 3608 de
1163 3569 1307 3608 anno
1338 3566 1446 3624 quo
1475 3548 1649 3604 habiti
1670 3555 1818 3616 sunt,

215 3636 366 3695 nihil
425 3639 562 3696 certi
609 3639 818 3699 habeo:
853 3649 906 3699 et
931 3642 978 3698 si
1006 3642 1140 3716 quid
1177 3639 1536 3713 conjecturis,
1589 3653 1820 3711 quarum

215 3734 405 3784 tamen
437 3728 714 3801 judicium
750 3731 1032 3805 integrum
1058 3733 1186 3788 volo
1213 3747 1327 3788 esse
1355 3746 1520 3803 penes
1541 3729 1818 3796 lectorem,

220 3817 385 3876 liceat
434 3817 741 3892 indulgere,
794 3820 924 3877 illos
954 3838 1100 3878 anno
1131 3821 1236 3878 389
1275 3819 1424 3876 haud
1452 3819 1629 3874 multo
1667 3815 1824 3873 anti-

219 3907 444 3981 quiores
480 3909 737 3967 arbitror.
785 3909 923 3968 Cum
956 3912 1106 3969 enim
1139 3913 1197 3967 in
1227 3910 1432 3968 eisdem
1463 3908 1672 3966 mentio
1701 3915 1822 3964 tum

217 4000 582 4057 ecclesiastici
637 4008 852 4070 cantus,
903 4018 1031 4058 cum
1081 4002 1443 4074 psalmorum,
1483 3998 1821 4072 hymnorum

220 4096 272 4144 et
302 4090 651 4163 vigiliarum,
673 4107 837 4163 quam
868 4089 1222 4163 disciplinam
1251 4088 1550 4148 Mediolani
1591 4089 1646 4147 S.
1678 4089 1825 4145 Am-

217 4174 442 4234 brosius
462 4194 608 4233 anno
634 4178 738 4234 386
767 4179 988 4236 circiter
1027 4179 1364 4248 instituerat,
1395 4196 1496 4236 nec
1527 4180 1694 4235 semel
1723 4193 1827 4234 nec

219 4267 454 4326 obscure
491 4267 587 4323 ﬁat
651 4267 772 4340 (a);
819 4276 945 4325 ante
998 4267 1142 4324 illud
1171 4278 1385 4341 tempus
1415 4269 1516 4326 hos
1542 4286 1825 4326 sermones

219 4361 459 4434 scriptos
486 4359 679 4429 fuisse,
712 4357 1010 4417 dicendum
1033 4376 1147 4415 non
1168 4361 1347 4416 est.Et
1365 4359 1484 4416 haec
1511 4359 1827 4432 conjectura

221 4447 346 4507 inde
374 4449 628 4506 fortassis
658 4449 978 4507 conﬁrmari
1009 4457 1208 4522 potest,
1242 4451 1391 4524 quod
1421 4450 1481 4506 in
1511 4451 1675 4507 tertio
1703 4467 1826 4507 ser—

223 4555 386 4598 mone
417 4541 592 4596 multa
618 4539 1072 4614 habeantur,quaa
1099 4549 1162 4597 ut
1195 4540 1330 4596 alibi
1359 4547 1690 4613 praenotasse
1719 4557 1828 4597 meo

1927 559 2222 617 bus.Enim
2253 575 2385 619 vero
2413 559 2562 635 quod
2590 560 2728 620 dicit
2756 561 2938 635 primo
2963 577 3232 634 sermone,
3253 580 3345 623 eos
3371 565 3523 624 allo-

1928 649 2044 722 qui,
2079 650 2175 723 qui
2219 652 2333 708 Deo
2383 650 2500 724 ipsa
2540 651 2852 710 devotionis
2882 653 3220 727 professione
3240 652 3354 727 jam
3384 671 3523 728 pro-

1928 737 2068 793 ximi
2094 739 2338 812 deputati
2369 748 2501 797 sunt
2524 742 2663 798 coelo
2696 742 2804 813 (b);
2835 751 2889 799 et
2917 743 3118 799 clarius
3147 743 3206 798 in
3235 743 3521 818 tertio,qui

1929 825 2145 896 pompis
2165 833 2219 880 et
2241 825 2434 882 mundi
2456 827 2837 884 voluntatibus
2864 827 3113 899 abjectis,
3145 827 3361 884 meliori
3393 844 3522 886 con-

1928 931 2094 972 cursu
2122 916 2191 973 ad
2219 919 2421 975 coelum
2445 921 2741 976 transitum
2763 920 3024 991 fecerant,
3046 921 3251 996 quique
3279 921 3347 978 ab
3368 923 3521 978 omni

1928 1005 2066 1063 facie
2089 1007 2436 1080 contagionis
2465 1009 2705 1083 antiquae
2733 1027 2829 1084 per
2858 1012 3324 1084 regenerationem
3364 1012 3523 1069 salu-

1927 1097 2061 1153 taris
2090 1098 2291 1156 lavacri
2323 1101 2620 1172 purgati,et
2648 1117 2743 1173 per
2758 1102 3092 1174 baptismum
3121 1102 3327 1160 mortui
3357 1110 3523 1160 nata-—

1927 1188 2074 1245 libus
2091 1189 2589 1259 mundi,nobilitati
2604 1207 2700 1265 per
2727 1193 2955 1265 gratiam
2974 1195 3089 1250 nati
3110 1201 3240 1251 sunt
3260 1195 3399 1252 coelo
3423 1194 3516 1267 (c):

1927 1277 1985 1334 id
2007 1278 2231 1353 quidem
2253 1279 2561 1352 signiﬁcare
2580 1281 2821 1349 videtur,
2853 1281 3022 1339 verba
3048 1283 3116 1340 ad
3146 1282 3358 1356 plebem
3377 1281 3519 1352 ﬁeri,

1926 1383 2048 1440 quae
2099 1367 2213 1440 jam
2271 1369 2562 1442 baptisma,
2618 1371 2687 1427 ad
2734 1370 2883 1446 quod
2941 1370 3165 1428 nonnisi
3220 1371 3280 1427 in
3327 1373 3523 1445 pervi—

1927 1459 2059 1532 gilio
2106 1462 2326 1518 Paschae
2372 1464 2795 1536 admittebatur,
2844 1474 3140 1540 receperat.
3188 1465 3308 1523 Huc
3354 1466 3520 1523 etiam

1924 1548 2052 1605 addi
2083 1558 2280 1622 potest,
2314 1551 2430 1610 illic
2471 1553 2527 1609 S.
2560 1553 2841 1611 doctorem
2869 1555 2938 1613 de
2967 1554 3234 1612 ineffabili
3262 1556 3521 1614 Incarna-

1925 1639 2096 1697 tionis
2135 1642 2402 1714 mysterio
2438 1643 2746 1702 clarissime
2781 1646 2935 1719 loqui
2958 1646 3217 1721 (d),quod
3237 1646 3521 1705 studiosis-

1924 1730 2062 1786 sime
2109 1738 2244 1790 tunc
2273 1733 2538 1804 temporis
2567 1733 2815 1790 nondum
2845 1734 3134 1808 baptizatis
3152 1737 3408 1794 celabant
3427 1754 3521 1794 an-

1925 1818 2163 1889 tistites;
2205 1821 2482 1894 simulque
2511 1822 2778 1895 explicari
2817 1825 3024 1898 accepti
3047 1823 3162 1897 jam
3193 1828 3520 1884 sacramenti

1923 1907 2269 1982 baptismatis
2295 1911 2520 1969 effectus
2553 1913 2624 1986 (e)
2651 1931 2665 1982 ;
2699 1923 2864 1988 atque
2891 1913 3176 1972 auditores
3200 1914 3432 1984 hortari,
3453 1931 3520 1972 ne

1923 2016 2049 2057 cum
2080 2001 2300 2069 seculo,
2326 1999 2418 2058 cui
2449 2001 2508 2057 in
2537 2001 2628 2058 die
2658 2003 3076 2078 redemptionis,
3105 2004 3162 2062 id
3205 2011 3287 2062 est
3314 2004 3520 2078 baptis-

1925 2089 2108 2160 matis,
2150 2106 2259 2164 quo
2303 2091 2611 2164 consignati
2653 2092 2871 2149 fuerant
2900 2093 3132 2166 Spiritui
3169 2103 3377 2164 sancto,
3400 2096 3520 2153 vale

1922 2179 2198 2250 dixerant,
2256 2182 2429 2238 ullam
2485 2182 2544 2238 in
2592 2190 2874 2256 posterum
2925 2184 3242 2242 societatem
3286 2185 3514 2256 inirent,

1922 2272 2052 2344 quia
2078 2280 2321 2330 veterem
2344 2273 2628 2332 hominem
2649 2276 2868 2348 spoliati
2899 2284 2953 2332 et
2992 2275 3212 2334 Christo
3242 2292 3515 2335 commor-

1923 2361 2026 2431 tui,
2083 2379 2146 2419 eo
2194 2363 2406 2422 scilicet
2450 2363 2540 2420 die
2597 2381 2806 2423 novum
2836 2364 3118 2423 hominem
3149 2366 3353 2436 induti,
3393 2385 3519 2426 cum

1921 2449 2040 2522 ipso
2070 2451 2386 2509 revixerant
2415 2453 2737 2526 (f).Verum
2758 2454 2806 2510 si
2826 2455 2950 2528 quis
2979 2455 3038 2512 id
3066 2472 3179 2513 non
3215 2457 3348 2514 satis
3375 2458 3522 2515 clare

1920 2557 1989 2597 ex
2026 2541 2228 2614 prioris
2268 2543 2540 2600 sermonis
2565 2551 2831 2600 contextu
2867 2544 3048 2602 evinci
3075 2553 3251 2618 putat,
3280 2562 3344 2602 eo
3374 2545 3522 2620 quod

1921 2635 2092 2690 relata
2136 2633 2304 2690 verba
2345 2635 2414 2691 ad
2443 2636 2866 2694 catechumenos
2897 2646 2950 2695 et
2978 2646 3348 2711 competentes
3375 2657 3522 2698 com-

1922 2724 2083 2781 mode
2111 2724 2304 2780 referri
2335 2735 2559 2798 queant,
2591 2726 2642 2782 ei
2670 2744 2784 2782 non
2815 2727 3076 2784 obsistam
3101 2747 3115 2797 ;
3148 2737 3201 2785 et
3229 2728 3276 2785 si
3320 2730 3380 2784 in
3419 2729 3522 2787 hac

1922 2814 2195 2870 sententia
2224 2814 2466 2886 primum
2499 2831 2809 2874 sermonem
2839 2834 2902 2875 ac
2941 2819 3176 2875 alterum
3216 2819 3285 2875 ad
3325 2835 3522 2892 praece-

1923 2903 2145 2960 dentem
2195 2903 2712 2978 Quadragesimam;
2769 2925 2877 2982 qua
2919 2909 3242 2982 quotidiano
3270 2926 3521 2966 sermone

1923 2995 2346 3054 catechumenos
2392 3003 2447 3053 et
2493 3006 2863 3070 competentes
2902 2999 3131 3056 docebat
3173 2999 3519 3069 Ambrosius,

1923 3086 2202 3143 remittere
2251 3085 2427 3157 malit,
2476 3104 2589 3144 non
2615 3089 2954 3161 repugnabo.
2996 3090 3152 3146 Haud
3182 3105 3269 3145 me
3303 3091 3436 3145 latet
3459 3088 3514 3146 S.

1927 3177 2284 3233 Ambrosium
2315 3176 2673 3248 baptizandos
2701 3178 2769 3234 ad
2807 3179 3150 3236 terrestrium
3177 3196 3360 3235 rerum
3390 3196 3518 3235 con-

1929 3274 2199 3339 temptum
2254 3266 2527 3338 praecipue
2579 3267 2929 3324 adhortatum
2977 3269 3183 3326 fuisse:
3234 3268 3330 3325 sed
3367 3284 3520 3340 aeque

1930 3357 2064 3426 scio,
2089 3357 2216 3414 illos
2243 3364 2367 3430 post
2395 3366 2708 3430 susceptum
2736 3359 3009 3431 baptisma
3022 3359 3082 3414 in
3112 3358 3305 3415 iisdem
3346 3374 3521 3414 mora-

1933 3445 2079 3503 libus
2107 3447 2539 3521 praeceptis,quae
2556 3464 2612 3504 se
2629 3448 2860 3505 docente
2877 3447 2994 3521 jam
3015 3447 3342 3516 didicerant,
3363 3447 3526 3505 novis

1933 3538 2294 3596 concionibus
2331 3540 2704 3598 conﬁrmasse.
2757 3540 3011 3600 Profecto
3051 3556 3348 3608 sermones,
3391 3540 3526 3613 qui-

1932 3629 2035 3685 bus
2077 3637 2330 3687 constant
2378 3628 2510 3687 libri
2561 3629 2623 3686 de
2669 3629 2821 3702 Fuga
2872 3629 3071 3700 amuli,
3124 3637 3179 3687 et
3206 3631 3268 3686 de
3294 3631 3453 3686 Iacob
3479 3635 3527 3685 et

1941 3719 2058 3778 Vita
2086 3719 2255 3789 beata,
2291 3719 2386 3776 ubi
2421 3718 2770 3792 potissimum
2807 3718 2876 3783 de
2917 3718 3084 3793 hujus
3127 3719 3323 3777 mundi
3364 3719 3529 3778 rebus

1932 3808 2257 3866 abdicandis
2289 3809 2489 3882 agitur,
2521 3808 2591 3866 ad
2621 3826 2810 3868 recens
2846 3809 3150 3884 baptizatos
3175 3809 3370 3867 habuit
3397 3810 3526 3865 Am-

1932 3901 2170 3985 brosius,
2201 3912 2263 3960 ut
2287 3903 2421 3960 scite
2445 3902 2650 3960 eruditi
2675 3903 2914 3961 Maurini
2941 3902 3320 3960 demonstrant
3351 3903 3451 3975 (g).

2006 3995 2079 4052 X.
2115 3997 2193 4052 De
2220 3997 2412 4052 horum
2438 4012 2741 4052 sermonum
2768 3995 3107 4051 doctrina.—
3136 3994 3258 4049 Non
3286 3999 3368 4048 est
3395 4007 3528 4047 vero

1934 4085 2154 4160 cur,qui
2188 4103 2338 4144 nunc
2365 4085 2660 4160 prodeunt,
2685 4101 2965 4143 sermones
2986 4082 3235 4150 laudem;
3279 4097 3406 4138 nam
3421 4079 3527 4152 ipsi

1934 4193 2013 4246 se,
2042 4185 2104 4234 ut
2141 4194 2405 4250 auguror,
2436 4177 2669 4233 eruditis
2689 4175 2903 4248 piisque
2932 4171 3228 4228 lectoribus
3251 4185 3528 4227 commen-

1936 4265 2172 4322 dabunt.
2205 4266 2365 4334 Quod
2393 4273 2576 4321 autem
2607 4265 2666 4320 in
2709 4280 2897 4320 eorum
2919 4259 3224 4336 praesertim
3258 4259 3436 4332 primo
3465 4275 3529 4317 ac

1937 4354 2178 4412 secundo
2197 4355 2524 4412 Ambrosius
2545 4352 2880 4425 evangelicis
2909 4350 3092 4408 verbis
3111 4349 3323 4419 doceat,
3373 4347 3529 4407 Chri-

1937 4445 2243 4502 stianorum
2290 4459 2406 4500 esse
2443 4443 2632 4500 omnia
2671 4459 2770 4498 sua
2804 4441 2951 4498 bona
2987 4439 3318 4513 relinquere,
3350 4446 3403 4495 et
3430 4455 3529 4512 pro

1940 4533 2163 4593 Christo
2208 4531 2542 4606 pauperibus
2575 4531 2932 4600 distribuere,
2966 4538 3130 4604 atque
3157 4545 3273 4586 sese
3303 4543 3530 4601 prorsus

225 4630 387 4700 mini,
424 4630 774 4688 difﬁcillimis
800 4631 1029 4689 Iustinae
1054 4631 1455 4704 persecutionis
1491 4631 1830 4704 temporibus

1941 4623 2146 4679 divina;
2190 4601 2552 4695 providentiae
2581 4619 2944 4689 committere;
2984 4601 3096 4675 non
3125 4617 3203 4675 ita
3221 4617 3411 4675 stricte
3448 4616 3530 4673 in-

225 4723 474 4794 apprime
500 4723 797 4778 convenire
827 4722 1089 4780 videntur
1115 4742 1129 4792 ;
1175 4741 1296 4797 quas
1329 4722 1550 4796 quidem
1582 4721 1828 4779 Ariano-

235 4825 356 4868 rum
412 4811 690 4884 impunita
741 4813 964 4869 vexatio
1011 4830 1322 4886 compressa
1359 4821 1439 4869 est
1466 4820 1591 4868 ante
1620 4829 1827 4868 annum

231 4898 330 4959 389
371 4919 484 4976 quo
513 4902 942 4960 Valentinianus
974 4903 1170 4959 Junior
1197 4921 1307 4960 una
1340 4921 1465 4960 cum
1497 4902 1826 4972 Theodosio,

230 4993 509 5048 exstincto
526 4992 770 5050 Maximo
792 4992 1430 5066 tyranno,Mediolanum
1452 5009 1704 5049 reversus
1725 5000 1826 5048 est.

231 5077 386 5147 Quod
439 5090 620 5140 autem
671 5083 731 5139 hi
777 5093 887 5140 tres
934 5099 1212 5139 sermones
1251 5081 1441 5139 eodem
1481 5096 1625 5138 anno
1653 5081 1831 5138 habiti

237 5168 365 5241 sint,
417 5188 486 5229 ex
524 5191 716 5231 eorum
771 5189 920 5231 nexu
964 5173 1422 5246 colligationeque
1455 5177 1620 5245 patet.
1651 5171 1832 5239 Quoto

237 5273 365 5318 vero
387 5262 519 5317 anni
550 5265 785 5336 tempori
817 5264 988 5320 iidem
1015 5265 1101 5320 illi
1133 5263 1452 5336 assignandi
1481 5262 1615 5332 sint,
1656 5263 1832 5318 multo

241 5350 473 5408 minoris
521 5351 866 5412 difﬁcultatis
903 5371 991 5412 res
1020 5362 1121 5413 est.
1152 5354 1406 5413 Dubitari
1435 5353 1583 5412 enim
1609 5354 1708 5411 vix
1742 5369 1833 5427 po-

335 5515 393 5587 α)
426 5517 601 5574 Serm.
632 5519 682 5587 1,
717 5517 824 5591 $5,
855 5527 909 5577 et
938 5521 1113 5577 Serm.
1148 5522 1252 5594 3,§
1286 5523 1372 5580 11.

339 5589 391 5644 b)
423 5589 588 5644 Ibid..
624 5590 651 5644 8
680 5592 730 5644 1.

339 5590 391 5656 b)
423 5590 588 5658 lbid.,
624 5590 730 5719 gi.

337 5675 362 5712 c
421 5661 597 5717 Serm.
669 5707 682 5731 ,
750 5663 778 5735 ἕ
813 5663 866 5733 4,
899 5665 932 5720 6
961 5672 1014 5721 et
1049 5665 1136 5723 10.

340 5659 398 5804 λ)
428 5732 595 5802 Ibid.,
627 5734 687 5804 §§
709 5663 762 5804 ἕξ,
794 5734 827 5790 4
856 5744 910 5792 et
935 5736 1022 5794 10.

428 5707 597 5802 ἱιῖἰιῖἷξ
627 5707 687 5806 ἐξ
709 5707 777 5804 Ξῖ
794 5707 1022 5794 ﬂuvii):

561 5831 802 5892 Parnm.
845 5834 1022 5893 XVII.

1937 4711 2298 4784 telligendum
2329 4719 2432 4782 est,
2463 4727 2526 4769 ac
2565 4711 2612 4768 si
2650 4718 2990 4784 praeceptum
3029 4706 3171 4764 illud
3191 4707 3394 4780 absque
3423 4705 3531 4762 dis-

1938 4801 2141 4876 pendio
2170 4809 2388 4858 aetemaa
2408 4801 2603 4859 salutis
2623 4818 2655 4856 a
2673 4800 2872 4874 quovis
2885 4798 3153 4872 praeteriri
3185 4814 3297 4854 non
3337 4795 3529 4870 possit;

1941 4892 2036 4949 sed
2066 4891 2134 4948 ab
2163 4907 2227 4948 eo
2259 4891 2542 4948 observari
2564 4899 2618 4947 et
2649 4889 2942 4962 adimpleri
2969 4889 3112 4946 illud
3132 4887 3355 4962 quidem
3377 4902 3534 4960 opor-

1942 4990 2074 5052 tere,
2121 4981 2218 5055 qui
2245 4981 2314 5038 ad
2343 4998 2661 5054 supremum
2709 4980 2938 5053 gradum
2975 4979 3302 5051 evangelica:
3331 4977 3536 5050 perfec-

1939 5072 2110 5128 tionis
2128 5071 2414 5144 pervenire
2433 5070 2749 5130 contendat.
2780 5071 3032 5128 Profecto
3053 5063 3538 5140 nullus,quidquid

1940 5169 2265 5228 heterodoxi
2311 5169 2576 5226 neoterici
2619 5169 2910 5238 blaterent,
2951 5167 3094 5224 hanc
3122 5164 3537 5223 distinctionem

1941 5259 2463 5333 antiquissimam,et
2483 5257 2925 5316 inAmbrosianis
2944 5256 3165 5329 scriptis
3182 5249 3540 5327 reperiri,ibit

1944 5359 2181 5431 inﬁcias,
2213 5359 2311 5434 qui
2331 5361 2525 5418 saltem
2554 5359 2746 5434 legerit
2770 5375 2890 5434 cap.
2919 5358 3010 5430 11,
3041 5355 3140 5413 lib.
3164 5371 3183 5411 ι
3208 5353 3277 5411 de
3306 5348 3536 5418 Ofﬁciis,

2019 5523 2100 5665 δῦ
2116 5522 2281 5651 Ἥξῗὲ
2403 5522 2753 5653 9ωθίξᾶὲοέὶῐαι

2024 5596 2102 5739 (fg
2139 5596 2306 5664 Ῑῦἱάο,
2329 5596 2389 5668 §§
2429 5596 2593 5677 modo
2620 5597 2772 5653 citat.
2849 5659 2881 5675 η

2024 5667 2079 5738 (g
2134 5667 2196 5722 In
2230 5667 2658 5725 admomtionib.
2693 5678 2933 5740 pravus.

3225 5828 3296 5895 28
