4020 6200
220 287 322 347 785

1110 283 1481 343 SERMONES
1516 283 1693 343 TRES
1729 283 1832 342 EX
1887 282 2147 344 CODICE
2184 283 2635 345 SESSORIANO.
2734 274 2735 277 ‘

3415 289 3521 349 786

219 418 427 481 monet,
464 409 534 466 ad
565 407 917 487 Timotheum
950 406 1196 465 scribens
1221 425 1235 465 :
1282 430 1302 455 ι
1350 409 1495 466 Haec
1524 407 1810 478 meditare,
1842 410 1894 471 A
1926 407 2052 474 bus,
2074 416 2137 466 ut
2163 408 2447 466 rationum
2474 409 2823 469 saecularium
2849 409 3055 469 scribta
3081 411 3319 487 accipias
3347 415 3520 487 perle-

220 498 276 556 in
304 499 392 557 his
419 509 533 557 esto
558 518 569 555 :
616 507 679 555 ut
713 484 992 571 prolectus
1037 504 1167 554 tuus
1196 497 1453 570 adpareat
1509 498 1768 557 omnibus
1791 499 1813 539 ί

219 588 267 662 (Ι
308 589 531 646 Timoth.
572 607 647 658 1v,
683 589 798 661 15).
831 614 850 637 ι

286 678 383 735 IV.
413 680 692 737 Voluntas
722 677 968 750 religiosi
989 676 1232 734 hominis
1253 678 1583 736 caelestibus
1601 678 1815 754 legibus

214 768 460 837 detenta,
476 777 530 825 et
542 769 770 825 diuinae
791 768 1206 826 iustiﬁcationis
1225 770 1687 827 meditationibus
1702 771 1814 829 die-

212 856 315 914 bus
344 873 410 914 ac
439 857 701 915 noctibus
722 865 988 931 occupata
998 875 1110 914 non
1129 857 1295 917 habet
1311 856 1547 917 uacuum
1566 867 1810 933 tempus,

211 962 323 1020 quo
355 948 640 1004 saeculum
660 948 885 1019 cogitet,
910 965 1020 1021 quo
1040 949 1438 1022 possessionem
1460 958 1635 1016 curet,
1657 967 1814 1007 exor-

211 1044 304 1093 net
326 1036 536 1093 urbana
556 1036 802 1110 praedia,
816 1037 1195 1094 rusticationis
1206 1038 1559 1112 disciplinam
1573 1042 1810 1112 excolat,

209 1126 463 1184 redditus
492 1135 778 1201 supputet,
810 1128 1039 1200 inpensa
1060 1128 1322 1185 discutiat
1346 1129 1389 1185 ³.
1423 1128 1480 1185 Si
1502 1130 1652 1185 enim
1676 1130 1814 1187 istut

209 1216 530 1288 arripuerit,
549 1216 677 1274 illut
706 1217 930 1285 deserit,
978 1216 1284 1273 secundum
1313 1218 1457 1290 quod
1488 1219 1814 1277 Dominicus

207 1322 395 1361 sermo
416 1306 672 1379 promisit
696 1324 707 1361 :
759 1331 777 1355 ι
803 1306 977 1362 Nemo
993 1322 1206 1378 ponens
1225 1323 1453 1361 manum
1486 1307 1545 1362 in
1567 1316 1811 1366 aratrum

210 1395 345 1468 (hoc
384 1405 469 1452 est
506 1396 725 1452 caelesti
782 1394 1114 1467 operationi,
1164 1403 1219 1451 et
1261 1396 1586 1453 Dominicae
1634 1397 1813 1456 crucis

208 1485 370 1558 signo
398 1497 421 1522 ε
452 1487 499 1557 ³)
533 1494 678 1541 retro
707 1487 1025 1558 respiciens,
1058 1494 1218 1559 aptus
1260 1494 1341 1543 est
1369 1486 1428 1542 in
1458 1504 1625 1561 regno
1653 1488 1754 1544 Dei
1790 1490 1811 1526 ‘

209 1576 391 1648 (Luae
410 1594 492 1645 rx,
526 1576 640 1647 62).
666 1601 683 1622 ι
717 1577 837 1632 Non
860 1578 1010 1632 enim
1038 1586 1217 1649 potest
1238 1586 1535 1653 utrumque
1557 1596 1813 1653 peragere

207 1668 355 1742 quod
375 1667 486 1725 sibi
510 1666 805 1725 inimicum
827 1677 909 1723 est
930 1668 1414 1736 ratione,ueritate
1436 1668 1740 1738 diuersum,
1759 1679 1812 1727 et

1925 498 2099 572 genda
2122 517 2135 567 ;
2170 507 2334 573 atque
2351 498 2429 556 ita
2447 499 2532 571 ﬁt,
2555 510 2617 560 ut
2631 500 2843 559 diuinis
2863 501 3023 561 libris
3045 503 3352 562 mundanas
3368 520 3520 578 prae-

1925 588 2105 647 ferens
2132 589 2394 655 rationes,
2428 592 2704 666 praecepti
2741 600 3090 667 contemptor
3136 595 3362 665 existas,
3409 612 3520 671 quo

1922 684 2129 743 crebris
2158 683 2632 741 admonitionibus
2652 684 2961 755 intimatur,
2994 701 3064 742 ne
3094 685 3236 743 liber
3262 688 3521 748 manibus

1922 776 2083 845 desit,
2118 793 2186 833 ne
2212 775 2377 834 corde
2407 774 2526 832 eius
2546 775 2838 833 meditatio
2864 776 3221 851 conquiescat
3238 778 3281 833 ⁵.
3304 777 3376 834 Et
3395 778 3521 837 ideo

1922 867 2192 923 Dominus
2232 867 2291 922 in
2343 866 2650 939 Euangelio
2699 866 2976 939 perfectis,
3032 873 3087 923 et
3123 868 3521 926 consummatis

1924 959 2116 1014 uolens
2171 973 2286 1015 esse
2351 958 2690 1027 consultum,
2749 957 2939 1014 omnia
2992 974 3130 1032 quae
3175 958 3522 1031 possiderent

1923 1046 2089 1102 uendi
2117 1047 2354 1114 censuit,
2385 1054 2440 1103 et
2469 1045 2696 1121 inpendi
2719 1048 2740 1082 ⁷
2767 1063 2779 1102 :
2812 1047 2967 1103 nulla
2994 1054 3058 1103 ut
3081 1047 3293 1105 ratione
3319 1049 3387 1106 ab
3402 1047 3521 1106 eius

1923 1133 2135 1205 possint
2162 1133 2370 1190 dilectu
2391 1132 2417 1168 ἀ
2445 1132 2664 1200 diuelli,
2697 1133 2786 1189 uel
2818 1132 3184 1191 meditatione
3221 1135 3443 1193 auocari
3471 1148 3515 1193 ι.

1922 1222 2055 1278 Inde
2084 1229 2165 1279 est
2202 1222 2352 1296 quod
2381 1222 2765 1279 necessitatem
2786 1222 2964 1295 ipsam
2992 1224 3336 1295 mortalium,
3360 1225 3419 1282 id
3438 1233 3520 1283 est

1920 1313 2206 1381 uestitum,
2238 1312 2452 1369 uictum
2484 1319 2539 1368 et
2563 1320 2754 1385 potum
2789 1311 3022 1385 cogitari
3055 1312 3377 1385 prohibuit:
3407 1322 3462 1371 et
3488 1331 3521 1372 a

1922 1417 1978 1457 se
2014 1402 2202 1457 omnia
2233 1400 2652 1475 perﬁcientibus
2676 1401 2933 1475 promisit
2957 1401 3199 1476 adponi”
3227 1419 3242 1471 ;
3274 1410 3337 1458 ut
3365 1404 3520 1462 nulla

1922 1490 2263 1558 necessitate,
2289 1490 2454 1546 sicuti
2475 1506 2634 1563 saepe
2663 1489 2769 1546 iam
2792 1490 3003 1548 dictum
3024 1497 3124 1560 est,
3145 1507 3179 1547 a
3204 1492 3518 1551 conmercio

1921 1577 2103 1634 diuini
2134 1579 2315 1651 operis
2348 1579 2683 1647 retarderis;
2726 1581 2882 1636 nulla
2907 1587 2970 1637 ut
3006 1587 3061 1637 te
3085 1580 3218 1638 anni
3254 1580 3519 1639 sterilitas

1921 1667 2139 1735 turbet;
2178 1668 2333 1724 nulla
2361 1667 2583 1740 frugum
2613 1667 2799 1741 inopia
2818 1667 3154 1743 ariditasque
3172 1686 3515 1744 camporum,

205 1761 489 1816 aemulum
512 1760 826 1816 uoluntate.
851 1759 967 1814 Hoc
986 1758 1134 1815 enim
1151 1760 1415 1816 saeculum
1439 1761 1663 1832 cogitat,
1686 1761 1815 1817 illut
1848 1776 1895 1837 Β
1924 1774 2025 1814 nec
2052 1758 2298 1813 olearum
2328 1757 2729 1832 uinearumque
2749 1757 3002 1816 fallentes
3049 1758 3263 1816 fructus
3307 1775 3518 1817 excru-

203 1849 421 1906 caelum
454 1855 707 1921 exoptat;
745 1847 852 1904 hoc
880 1847 1192 1904 rationibus
1221 1848 1520 1903 mundanis
1576 1847 1809 1918 insistit,

204 1937 336 1995 illut
351 1937 568 1994 diuinis
584 1936 950 2005 orationibus,
972 1943 1026 1991 et
1039 1935 1493 1992 meditationibus
1510 1943 1686 1992 uacat.
1711 1937 1813 1992 De-

206 2030 381 2100 nique
408 2036 477 2084 ut
509 2026 658 2085 dicta
686 2026 850 2082 rebus
869 2024 1190 2097 adprobem,
1214 2032 1268 2080 et
1298 2024 1570 2081 sermonis
1591 2023 1700 2079 mei
1720 2022 1811 2079 ad-

204 2117 513 2175 sertionem
547 2116 811 2190 operibus
834 2115 1072 2183 ﬁrmem,
1100 2121 1225 2169 utar
1250 2113 1505 2185 exemplo
1544 2115 1588 2168 ⁵.
1622 2112 1680 2169 Si
1708 2111 1811 2167 tibi

205 2206 449 2282 gestanti
486 2206 743 2262 diuinum
766 2204 970 2261 librum
993 2203 1053 2259 in
1075 2202 1353 2269 manibus,
1371 2202 1615 2268 etoculis.
1630 2201 1811 2274 apices

203 2296 461 2371 carpenti
482 2297 600 2371 pari
617 2313 681 2354 ac
692 2296 915 2370 legenti,
929 2294 1231 2369 diuinaque
1247 2302 1535 2369 praecepta
1554 2293 1811 2351 sensibus

200 2395 634 2454 conmendauti"
664 2394 943 2451 rationum
984 2393 1135 2462 libri,
1172 2394 1263 2449 uel
1310 2400 1639 2466 conparatae
1672 2409 1809 2466 pos-

206 2486 477 2545 sessionis
504 2485 723 2542 tabulae
751 2485 894 2541 forte
912 2483 1223 2552 tradantur,
1246 2498 1466 2540 necesse
1486 2493 1589 2552 est,
1606 2490 1675 2539 ut
1694 2483 1807 2539 abi-

206 2575 321 2635 cias
344 2575 599 2633 °lihrum
628 2574 855 2632 diuinae
882 2574 1038 2647 legis,
1070 2589 1231 2647 quem
1260 2574 1507 2645 gestahas
1535 2573 1595 2629 in
1633 2574 1807 2631 mani-

280 2695 305 2722 ι
333 2681 725 2740 Parenthesim
766 2680 859 2737 bic
906 2678 1019 2737 suis
1057 2679 1228 2753 signis
1278 2695 1444 2753 ausus
1484 2697 1606 2753 sum
1653 2679 1808 2737 desi-

211 2771 400 2829 gnare,
429 2762 499 2829 _ut
522 2754 757 2829 lectores
786 2753 864 2829 de,
900 2752 1216 2829 parenthesi
1245 2752 1507 2809 certiores
1548 2752 1805 2829 facerem,

209 2823 281 2899 ne
314 2823 687 2883 Ambrosiana
717 2823 1016 2899 explicatio
1042 2841 1167 2882 cum
1199 2840 1352 2883 sacro
1377 2831 1538 2881 textu
1562 2824 1809 2881 confun-

210 2897 510 3043 deielttzrin
538 2968 662 3026 cod.
694 2986 795 3043 pro
823 2967 1238 3043 commendanti:
1273 2964 1481 3023 etenim
1535 2980 1573 3022 η
1600 2972 1729 3023 ante
1755 2981 1809 3022 m

210 3040 601 3123 apud‘veteres
633 3038 1035 3123 orthographos
1062 3038 1302 3123 sonabat
1328 3044 1392 3093 ut
1410 3054 1483 3119 τῃ.

1925 1847 2073 1905 cient
2090 1866 2103 1915 ;
2122 1864 2233 1903 non
2250 1864 2510 1921 pecorum
2525 1847 2884 1905 morientium
2897 1848 3099 1904 damna
3109 1850 3428 1908 concutiant
3446 1853 3514 1909 ¹⁰.

1994 1938 2066 1995 V.
2099 1938 2314 1994 Maneat
2362 1937 2534 1994 libera
2561 1936 2994 2011 inconcussaque
3033 1937 3276 2008 deuotio,
3307 1948 3370 1997 ut
3416 1940 3518 1998 Dei

1924 2025 2011 2082 sui
2042 2034 2096 2082 et
2120 2025 2346 2082 Domini
2376 2026 2583 2084 Christi
2604 2025 2900 2083 dilectione
2916 2042 3162 2099 possessa
3189 2027 3416 2102 hymnis
3435 2045 3518 2088 re-

1924 2123 2104 2184 sonet,
2119 2114 2464 2172 orationibus
2478 2122 2655 2184 uacet,
2671 2115 2895 2172 ieiuniis
2910 2131 2973 2173 ac
2983 2116 3194 2189 uigiliis
3213 2117 3431 2176 insistat
3446 2119 3518 2188 ¹¹,

1924 2214 1979 2266 et
2006 2205 2065 2262 in
2096 2204 2482 2279 propheticum
2499 2205 2626 2263 illut
2654 2204 2933 2265 canticum
2956 2222 3195 2282 congrue
3222 2216 3276 2265 et
3304 2224 3517 2283 conpe-

1921 2311 2101 2361 tenter
2128 2304 2454 2377 abrumpat:
2504 2326 2524 2352 ι
2577 2303 2742 2361 Ficus
2771 2320 2885 2361 non
2918 2304 3107 2362 afferet
3133 2305 3368 2376 fructus,
3403 2323 3517 2365 non

1921 2403 2085 2453 erunt
2110 2394 2395 2452 nascentia
2428 2393 2488 2450 in
2515 2393 2717 2451 uineis.
2775 2394 3077 2453 Mentietur
3129 2410 3268 2468 opus
3292 2394 3511 2454 oliuae:

1922 2485 2102 2558 campi
2130 2500 2242 2541 non
2267 2482 2623 2557 praestabunt
2677 2500 2876 2542 escam.
2932 2483 3204 2543 Deﬁcient
3240 2500 3270 2541 a
3312 2484 3516 2558 pabulo

1923 2596 2086 2637 oues:
2116 2588 2171 2638 et
2195 2596 2308 2637 non
2337 2586 2503 2637 erunt
2530 2578 2589 2635 in
2611 2578 2963 2653 praesepibus
2991 2577 3161 2635 boues
3186 2578 3252 2634 ¹³.
3274 2579 3393 2651 Ego
3420 2594 3516 2635 au-

1919 2686 2088 2769 tinui,
2101 2694 2288 2769 utpote
2309 2702 2431 2769 quae
2443 2685 2592 2767 sapit
2610 2685 3022 2769 antiquitatem,
3038 2692 3094 2740 et
3112 2683 3190 2769 ita
3204 2698 3360 2769 aeque
3370 2692 3517 2742 recte

1920 2754 2126 2830 scripta
2154 2754 2213 2813 in
2241 2754 2487 2830 antiquis
2514 2754 2583 2830 ac
2604 2754 2828 2830 optima;
2858 2764 3002 2830 notae
3040 2755 3206 2830 codd.
3246 2754 3517 2830 frequen-

1920 2826 2130 2885 tissime
2157 2826 2419 2885 occurrit.
2450 2826 2702 2899 Profecto
2749 2827 2903 2899 illam
2934 2827 2994 2899 in
3024 2826 3515 2899 palimsestoi'l‘ul—

1917 2900 2066 2957 liano
2095 2900 2162 2956 de
2192 2898 2422 2972 Republ.
2458 2898 2705 2972 I._35,_p.
2736 2898 2828 2967 94,
2859 2906 2913 2972 et
2941 2896 3148 2972 iuvar.
3170 2899 3305 2972 _lect.
3327 2896 3505 2972 Cicer.

1919 2972 2023 3045 leg.
2057 2971 2184 3045 1,6,
2215 2969 2426 3045 legebat
2481 2970 2553 3027 cl.
2594 2969 2916 3045 Maiustqui
2946 2970 3111 3045 etiam
3170 2969 3275 3027 hac
3340 2969 3407 3045 de
3451 2987 3511 3029 re

1919 3042 2068 3117 oper.
2109 3043 2206 3100 cit.
2237 3042 2300 3117 ir,
2332 3042 2424 3113 32,
2454 3059 2512 3099 n.
2543 3060 2600 3117 ᾳ,
2638 3042 2692 3115 ρ.
2730 3042 2877 3117 _206,
2908 3042 3187 3117 sapienter
3242 3042 3505 3117 notabat:

284 3121 307 3194 τ
334 3113 419 3170 Ita
442 3111 624 3208 pede}:
648 3129 779 3169 cum
799 3106 922 3208 ΞυΞέ
950 3112 972 3167 i
999 3110 1290 3167 manifesta
1309 3108 1470 3178 crasi,
1502 3106 1639 3165 etin
1667 3107 1805 3166 anti-
1841 3145 1886 3208 ο
1917 3106 2040 3171 lam
2073 3132 2138 3171 ne
2169 3106 2470 3208 scripturas
2496 3106 2767 3208 ΙεῙιὶδτίιοάἱ
2818 3106 3223 3208 amauuensium
3273 3114 3505 3208 arbitrio

210 3182 359 3258 quis_
368 3183 545 3258 codd._
566 3182 935 3258 frequentata.

279 3255 307 3292 ει
335 3255 423 3311 Ita
449 3254 573 3312 cod.
609 3248 709 3328 pr'o
734 3254 955 3319 delectu,
979 3267 1144 3328 quam
1172 3249 1464 3308 lectionem
1494 3248 1701 3310 idcirco
1721 3267 1802 3309 re-

277 3353 296 3389 ³
327 3352 573 3425 Vulgata
604 3351 920 3423 manifestus
946 3352 1019 3408 sit
1044 3368 1144 3425 pro
1169 3352 1451 3422 adpareat,
1475 3359 1530 3408 et
1556 3352 1663 3410 Vul
1701 3361 1802 3411 atae

277 3422 513 3479 uciuunt
541 3423 768 3482 antiqua
816 3424 998 3481 versio
1035 3422 1181 3482 apud
1209 3422 1417 3482 Sabat..
1448 3431 1611 3482 atque
1654 3370 1802 3482 Xm-

199 3422 513 3498 conciuunt
541 3422 768 3498 antiqua
816 3424 998 3481 versio
1035 3422 1181 3497 apud
1209 3422 1417 3492 Sabat.,
1448 3431 1611 3498 atque
1654 3422 1803 3482 Am-

203 3493 529 3578 brosiastes.
589 3493 810 3578 Graecus
864 3512 998 3553 vero
1043 3493 1230 3553 textus
1258 3496 1493 3577 φανιράἧ
1520 3493 1575 3557 ἓν
1614 3508 1795 3578 πᾶσὶν,

98 3652 103 3659 ’
322 3574 521 3659 plures
540 3591 671 3659 mss.
704 3575 891 3659 delent
908 3583 978 3639 ἐν.

273 3653 296 3689 ³
316 3653 539 3730 Similia
568 3656 907 3730 legunturin
931 3655 1067 3730 psal.
1092 3672 1288 3730 cxvur,
1317 3672 1482 3730 serm.
1507 3656 1593 3730 13.
1625 3658 1678 3730 _7,
1699 3657 1798 3730 ubi

273 3672 296 3689 ο
316 3672 539 3710 aimuia
568 3672 828 3782 teguntur
846 3672 907 3712 in
931 3672 1067 3730 psal.
1092 3672 1288 3724 cxvur,
1317 3672 1482 3714 serm.
1507 3672 1593 3714 ιδ.
1625 3672 1678 3725 'I,
1699 3672 1796 3715 um

203 3724 495 3808 Davidicaa'
517 3742 612 3799 per
637 3727 871 3808 actionis
887 3727 1183 3808 praeposito
1203 3728 1476 3808 exemplo,
1501 3729 1582 3808 sic
1609 3728 1677 3808 de
1696 3728 1796 3808 illo

200 3797 279 3852 ait
303 3815 316 3852 :
348 3797 473 3853 Non
498 3797 843 3854 slecularibus
869 3797 1081 3855 dninius
1108 3797 1484 3857 traducebatur
1506 3801 1795 3868 illecebris;

200 3869 634 3954 uon'pecuniaria
661 3871 1010 3954 cqaceraaudi
1028 3872 1346 3954 patrimpnii
1367 3872 1794 3954 cupiditate.

198 3939 421 4021 prabet;
453 3957 559 3995 non
586 3940 892 4021 proferendi
922 3939 1108 4021 limitis
1133 3939 1548 4021 epeludendique
1574 3939 1793 4016 ﬁnitimi

196 4015 397 4066 nimius
428 4028 683 4067 curarum
702 4020 857 4069 cestus
876 4015 1050 4070 studio
1069 4015 1423 4071 meditationis
1440 4016 1693 4071 intentum
1711 4033 1792 4071 re-

194 4083 450 4167 flectebat‘
477 4084 755 4167 affectum:
784 4086 1071 4167 quidquid
1114 4093 1331 4167 poterat
1379 4088 1626 4167 temporis
1680 4088 1790 4167 dies

195 4153 409 4229 habere,
431 4155 526 4209 hoc
537 4162 699 4229 totum
716 4153 835 4229 sold
852 4153 961 4212 sibi
968 4157 1026 4212 in
1054 4153 1156 4229 lege
1174 4158 1444 4215 meditatio
1467 4153 1785 4216 uindicabat.

264 4226 293 4310 ᾗ
316 4226 395 4308 Ιᾱ⁸
412 4232 493 4281 est
519 4227 606 4307 vel
636 4228 857 4310 proprie
883 4229 1075 4310 crucis.
1091 4226 1258 4310 signa,
1283 4246 1452 4310 que-in
1468 4230 1635 4286 initio
1662 4246 1788 4310 ope-

193 4296 433 4374 rationis
488 4296 757 4374 cujusque
816 4296 1315 4374 familiarissimum
1373 4302 1542 4357 fuisse
1574 4296 1787 4374 priscis

193 4365 531 4441 Qhristianis
555 4365 762 4441 passim
809 4370 901 4427 SS.
935 4372 1121 4427 Patres
1168 4379 1456 4439 testantur,
1501 4365 1610 4428 vel-
1647 4372 1788 4429 forte

192 4437 671 4522 baptismatitquo
698 4441 850 4514 plebs
879 4442 1159 4522 Ambrgsii
1185 4459 1367 4522 nuper
1397 4437 1575 4499 fuerat
1602 4443 1783 4522 initia-

1911 3204 2113 3259 semper
2141 3187 2456 3259 tribuamus,
2487 3188 2736 3259 legendus
2762 3192 2837 3242 est
2860 3186 3333 3259 Aegroetius,g_qui
3350 3186 3509 3259 Adi/fe-

1911 3256 2109 3317 rentius
2124 3258 2401 3315 verborum
2415 3276 2451 3315 a
2472 3256 2600 3314 deet
2617 3257 2676 3315 di
2697 3256 3059 3333 incipient'ium
3078 3256 3311 3331 traditp.
3341 3256 3503 3317 2267.

1908 3368 2098 3425 videre
2126 3376 2230 3437 est,
2260 3367 2307 3425 si
2339 3366 2542 3435 lubeat,
2584 3366 2644 3423 in
2685 3368 2823 3437 psal.
2855 3383 3051 3437 cxvnr,
3084 3382 3251 3424 serm.
3304 3364 3361 3435 8,
3411 3366 3501 3436 26,

1908 3448 1952 3498 t.
1979 3442 2059 3509 II;
2092 3441 2190 3497 lib.
2222 3439 2290 3496 de
2325 3440 2553 3511 Myster.
2581 3455 2663 3511 1x,
2689 3439 2784 3507 50,
2807 3447 2848 3496 t.
2876 3440 2978 3511 III.

1983 3505 2830 3583 “sanctumnost'rumantistitem
2860 3505 3499 3583 frequenterinsuiscon-

1905 3582 2438 3642 cionihusassiduam
2450 3598 2615 3639 sacrae
2627 3582 2922 3642 Scriptura
2936 3579 3229 3638 lectionem
3242 3580 3502 3640 ﬁdelibus

1906 3655 2319 3713 commendasse
2348 3663 2494 3710 recte
2524 3663 2719 3710 notant
2740 3650 3087 3711 Benedictini
3105 3650 3344 3710 editores
3388 3654 3496 3712 col.

1904 3726 2028 3797 474,
2062 3735 2103 3783 t.
2136 3729 2185 3785 H
2211 3742 2361 3799 oper.
2393 3725 2457 3782 Id
2472 3724 2568 3798 qui
2645 3742 2675 3781 e
2699 3733 2754 3782 et
2783 3742 2883 3781 nos
2912 3743 2977 3783 su
3019 3741 3077 3781 ra
3098 3721 3494 3784 animadverti-

1904 3815 2047 3853 mus.
2080 3814 2144 3853 ac
2171 3798 2269 3853 vix
2300 3742 2665 3853 volventi
2690 3796 2819 3853 nde
2838 3742 3073 3853 Ahrabu
3098 3795 3154 3853 5.
3188 3794 3278 3853 22.
3308 3804 3351 3853 t.
3376 3799 3421 3853 Ι.
3440 3805 3494 3853 et

1903 3794 2047 3868 mus,
2080 3814 2144 3856 ac
2171 3794 2269 3855 vix
2300 3794 2551 3865 volventi
2568 3794 2665 3854 lib.
2690 3796 2819 3855 nde
2838 3794 3073 3865 Ahrah.,
3098 3795 3154 3860 5,
3188 3794 3278 3868 22,
3308 3804 3351 3854 t.
3376 3799 3421 3867 Ι,
3440 3805 3498 3855 et

1901 3869 1960 3927 in
1974 3866 2109 3942 psal.
2125 3870 2429 3952 praesertim
2444 3876 2527 3925 iet
2537 3885 2735 3951 cxvin,
2756 3878 3099 3951 perspectum
3122 3866 3229 3923 erit
3239 3866 3491 3927 omnino.

1972 3943 1992 3979 ⁷
2030 3942 2271 4001 deidit
2280 3947 2480 4012 Justus.
2504 3939 2697 3997 scribit
2717 3940 3043 3997 Ambrosrus
3068 3954 3127 4012 in
3142 3940 3276 4012 psal.
3292 3956 3491 4012 cxvnr,

1898 3983 2302 4083 serm'.v2'r,m1'8:
2316 3983 3127 4084 ’ῗᾶἕᾶἰεᾶἶὲἓέἓᾱεζ”ἆῖἑῤ’ἕᾶἷᾶυἶ’ἱ
3137 3983 3491 4084 ἷιᾷῖρἔῥῖὲξ

1897 4086 2034 4213 ἲῄει
2054 4081 2431 4227 ἑὶὸῧνειίᾳαίι.
2463 4083 2663 4140 Recole
2690 4083 2839 4142 dicta
2865 4081 2988 4157 pag.
3020 4082 3074 4149 1,
3104 4081 3227 4137 nul.
3257 4082 3291 4137 2
3325 4082 3486 4153 (God.

2054 4172 2110 4211 Il.
2142 4172 2207 4212 'l.

1971 4199 1997 4263 ί
2006 4199 2536 4284 Ι³διδθῐίιέθιιῑθῐιῑίδω
2560 4226 2619 4283 in
2633 4225 2739 4283 hoc
2749 4229 3072 4297 argumento
3086 4236 3310 4297 versans
3322 4220 3487 4297 habet

1896 4298 1953 4356 S.
1981 4298 2173 4356 doctor
2192 4298 2249 4354 in
2270 4298 2366 4366 cit,
2388 4300 2523 4370 psal.
2545 4314 2709 4370 serm.
2735 4293 2835 4363 10;
2846 4295 2934 4352 29.
2957 4293 3257 4370 Discamus,
3278 4293 3482 4370 inquit,

1895 4387 2015 4441 ergo
2025 4376 2177 4425 etnos
2188 4370 2244 4424 in
2257 4365 2361 4440 lege
2378 4365 2649 4441 meditari,
2661 4385 2769 4441 non
2782 4382 3061 4441 avocemur
3073 4365 3483 4441 saecularibusil-

1897 4437 2128 4507 lecebris,
2140 4458 2247 4496 non
2262 4437 2961 4508 occupemurimpedtmentis
2974 4455 2995 4503 ,'
3008 4437 3098 4492 sed
3115 4453 3318 4508 semper
3328 4437 3400 4493 ad
3414 4443 3482 4493 te-

191 4505 275 4580 ta,-
295 4529 399 4568 seu
430 4505 854 4589 initianda'mox
880 4521 1014 4589 erat.
1035 4514 1193 4589 _Sane
1222 4505 1543 4589 bdptismum
1558 4516 1783 4589 nomine
1815 4505 1864 4566 D
1892 4530 2002 4589 gem
2014 4505 2288 4589 Deisimus
2300 4505 3477 4589 adtenti.goutannotatasuprapag.Lnot.

190 4589 527 4640 sacramento
582 4587 753 4658 crucis
790 4585 1146 4642 Ambrosium
1200 4585 1498 4658 appellasse
1529 4586 1589 4658 in
1640 4587 1778 4658 psal.

194 4668 388 4740 ﬁxum,
445 4671 610 4740 serm.
667 4657 753 4740 1‘3,
789 4658 943 4740 gibt.
977 4659 1045 4740 ΙΙ,
1078 4656 1583 4740 ρυξῖιῐὶῑλΜξξιιτίιξὶ.
1639 4656 1782 4739 Vide

193 4723 326 4801 ibid.
370 4723 569 4801 potam
624 4723 745 4784 col.
784 4723 910 4801 546,
969 4723 1038 4786 εἰ
1075 4723 1240 4786 infra.
1284 4730 1636 4801 Ambrosius,
1663 4728 1781 4801 ejus

193 4799 358 4856 verba
384 4797 495 4855 hoc
526 4799 645 4874 loco
674 4807 729 4855 et
755 4800 888 4874 alibi
901 4817 1071 4874 sacrae
1093 4802 1395 4874 Scriptura
1414 4801 1601 4874 verbis
1618 4797 1783 4874 juxta

194 4882 352 4947 stium
381 4870 848 4947 morem_intexit.
868 4872 997 4929 Vid.
1030 4870 1375 4947 saltem-sup.
1406 4874 1503 4930 cit.
1535 4872 1603 4929 de
1620 4870 1778 4929 Basi-

197 4937 316 5015 licis
343 4957 463 5015 non
501 4941 777 5015 tradend.,
798 4950 853 4999 et
882 4943 1132 5015 sparsim.

257 5012 641 5093 _Ambrosius
670 5015 729 5093 i_n
755 5016 892 5093 psal.
910 5012 1081 5081 'xuu,
1110 5014 1205 5093 32,.
1223 5021 1266 5093 t_.
1298 5014 1370 5081 ΙΙ,
1584 5032 1605 5093 :_
1629 5032 1778 5093 nemo

196 5084 403 5140 mittens
435 5102 653 5141 manum
682 5084 1019 5157 ing—aratrum
1066 5084 1345 5157 respiciens
1375 5090 1539 5157 retro,
1586 5087 1779 5143 habilis

197 5160 270 5228 est
295 5173 456 5228 regno
478 5157 598 5222 Dei,
628 5164 683 5213 et
711 5156 809 5214 lib.
865 5174 966 5214 vni
997 5156 1055 5213 in
1083 5155 1240 5225 Luc.,
1280 5172 1339 5212 n.
1375 5155 1465 5224 43,
1496 5156 1607 5213 sic:
1630 5174 1778 5213 nemo

196 5227 401 5283 mitteris
421 5245 637 5283 manum
667 5229 727 5284 in
753 5235 1020 5298 aratrum,
1052 5236 1099 5285 et
1132 5227 1413 5299 respiciens
1439 5234 1605 5293 retro,
1625 5236 1782 5300 aptus

200 5304 271 5373 _est
294 5316 454 5371 regno
469 5302 744 5373 _eielorum.
776 5301 834 5359 Si
864 5318 990 5373 ergo
1006 5301 1185 5373 primo
1206 5300 1325 5357 loco
1353 5316 1453 5371 pro
1478 5300 1691 5368 habilis,
1718 5307 1782 5357 ut

199 5365 526 5455 in‘secundo
558 5379 714 5455 aptus
742 5365 1212 5455 demntia-addito
1262 5377 1311 5427 et
1328 5365 1460 5455 post
1499 5365 1778 5454 aratrum.

200 5442 295 5517 vel
314 5442 360 5498 si
390 5442 619 5501 secundi
649 5445 759 5501 loci
779 5442 841 5499 iri
867 5444 977 5501 ﬁne
997 5444 1196 5500 ultima
1228 5442 1400 5517 verba
1430 5443 1595 5515 primi
1622 5461 1782 5517 regno

326 5531 428 5589 pro
452 5533 610 5589 regno
640 5517 909 5589 caelorum
934 5523 1231 5589 ponantur,
1275 5511 1449 5571 tertia
1493 5515 1667 5571 nostri
1682 5511 1783 5573 'co-

201 5582 343 5659 dicis
365 5586 436 5643 ad
456 5582 689 5645 verbum
714 5582 1080 5645 Ambrosiana
1108 5587 1271 5646 lectio
1294 5594 1604 5659 consurget.

268 5657 290 5691 ⁵
318 5658 525 5734 Passim
580 5660 761 5718 utitur
788 5661 1058 5734 exemplis
1115 5658 1461 5734 Ambrosius,
1496 5657 1667 5734 queis
1697 5658 1786 5715 vel

200 5743 352 5786 suam
372 5732 655 5808 explanat,
683 5734 773 5791 vel
806 5731 1097 5793 conﬁrmet
1120 5731 1472 5801 sententiam,
1503 5731 1568 5788 ut
1593 5731 1788 5789 saltem

2894 4582 2913 4615 7
2944 4587 2991 4616 nl
3035 4582 3127 4616 ιηιᾶ
3169 4597 3272 4616 nnn
3324 4597 3356 4616 οι
3408 4582 3425 4616 1

1927 4581 3309 4733 ζξῖλεῗζὲξρῗῑμῖοῗίιῗηὸδιείζιὲέέςὲ·ἑέξίρζὲἐξιξίέῖιξ
3324 4581 3479 4733 ilth

1887 4726 2346 4805 absimiliahabet
2364 4726 2462 4805 lib.
2486 4743 2567 4782 vn
2596 4726 2655 4781 in
2687 4726 2847 4794 Luc.,
2869 4740 2925 4805 n.
2952 4723 3074 4805 139,
3098 4732 3138 4780 t.
3162 4724 3231 4791 ΙΙ,
3249 4723 3477 4805 pbiDo-

1888 4800 2093 4877 minus,
2132 4798 2228 4865 ait,
2248 4816 2341 4877 uec
2461 4814 2717 4877 preesens,
2745 4813 2836 4877 nec
2861 4796 2920 4851 in
2942 4796 3208 4877 feliquum
3235 4795 3477 4877 ﬁdelibus

1888 4866 2110 4926 ostendit
2135 4870 2364 4941 gratiam
2397 4866 2741 4941 defuturam;
2773 4867 2989 4941 simodo
3014 4866 3108 4938 qui
3136 4866 3318 4941 divitia
3345 4866 3475 4921 desi-

1886 4943 2095 5007 derant,
2131 4939 2339 4997 terrena
2366 4939 2471 4997 non
2494 4946 2757 5010 quaerant.
2817 4940 3132 4996 Indeeorum
3184 4939 3375 5010 quippe
3402 4943 3479 4993 est

1886 4959 2095 5007 derant,
2131 4959 2339 4997 terrena
2366 4959 2471 4997 non
2530 4959 2757 4997 merant.
2817 4959 3132 4996 maecorum
3184 4959 3375 5010 quippe
3402 4959 3476 4993 est

1886 5014 2117 5070 homines
2144 5014 2422 5095 curarede
2448 4959 2703 5095 c‘itbo,._qui
2726 5011 2960 5067 militant
3004 5010 3074 5095 de.
3104 5028 3285 5095 regno,
3314 5010 3476 5095 Novit

1885 5103 1984 5142 rex
1999 5085 2435 5155 quemadmodum
2453 5084 2725 5155 familiam
2734 5100 2884 5139 suam
2890 5088 3095 5154 pascat,
3109 5084 3244 5155 alat,
3266 5084 3470 5155 vestiat.

1962 5152 2185 5215 10_Conf.
2210 5157 2309 5213 lib.
2329 5174 2348 5213 ι
2368 5156 2436 5212 de
2454 5152 2622 5212 Iacob
2643 5162 2698 5211 et
2712 5155 2828 5212 Vit.
2853 5152 3043 5222 Beata,
3062 5171 3162 5221 vn,
3181 5152 3270 5220 32,
3294 5159 3335 5207 t.
3361 5152 3405 5218 Ι,
3419 5157 3474 5205 et

1888 5228 1948 5284 in
1968 5229 2316 5299 psal.cxvm,
2338 5244 2502 5283 serm.
2519 5229 2574 5295 8,
2591 5228 2644 5297 7,
2666 5234 2831 5299 atque
2843 5242 3007 5282 serm.
3023 5224 3216 5293 21,18,
3238 5231 3375 5278 tom.
3397 5222 3469 5299 l_I.

1992 5291 2386 5377 [begatun'in
2414 5291 2863 5377 psal.—$111,213,
2894 5306 2948 5354 et
2980 5291 3178 5377 cxviu,
3202 5291 3374 5377 serm.
3409 5291 3468 5359 7,

1888 5371 2087 5439 25-37,
2113 5369 2210 5426 ubi
2241 5369 2451 5427 similes
2479 5369 2769 5438 dictiones,
2802 5376 2856 5425 et
2879 5369 3163 5424 sententias
3182 5371 3339 5439 sunt.

1965 5444 2011 5518 ξ²
2040 5432 2238 5499 Itidem
2268 5442 2586 5518 _Cyprianus
2626 5432 2810 5518 _epis't:
2831 5439 2919 5518 ad,
2949 5434 3315 5518 Demetriad.,
3364 5432 3475 5490 col.
3576 5502 3583 5509 κ

1890 5515 2018 5583 222,
2069 5508 2575 5586 exceptis'fructum
2626 5508 2751 5570 loco
2778 5510 3005 5586 fructus,
3061 5516 3115 5565 et
3157 5508 3337 5586 _cibum
3380 5521 3483 5586 pro
3548 5580 3551 5583 _

1892 5578 2082 5669 escam,
2121 5578 2400 5669 atq'ue‘b'i‘s
2437 5585 2627 5669 addito
2655 5591 2723 5669 et,
2754 5578 2968 5669 scilicet
2991 5578 3489 5669 ppstlruqtumnpt

1893 5665 2019 5715 ante
2041 5648 2233 5730 campi.
2266 5658 2563 5730 Ambrosio
2589 5648 2779 5730 nostro
2819 5652 2968 5709 favet
2994 5648 3358 5724 'Augustinus
3384 5648 3489 5707 lib.

1897 5746 2041 5787 xvur
2069 5729 2138 5787 de
2154 5726 2290 5789 'Civ.
2320 5730 2444 5799 Dei,
2482 5728 2589 5788 col.
2625 5726 2752 5785 515.
