4068 6182
550 333 656 392 803

1555 332 1653 387 AD
1690 328 1926 388 OPERA
1961 328 2018 384 S.
2059 326 2391 386 AMBROSII
2430 326 2813 385 APPENDIX.

2992 226 3003 253 I

3740 324 3842 381 804

551 462 811 538 operibus
863 461 1065 526 carnis,
1119 471 1259 530 quae
1306 456 1452 513 inter
1473 462 1655 513 cetera
1694 452 1924 511 latentia
1952 454 1971 489 ί
2000 451 2138 511 haec
2166 457 2219 517 A
2250 453 2544 513 crementis
2559 453 2817 511 omnibus
2835 466 3287 510 consummamur
3302 452 3345 521 ⁸,
3364 450 3584 509 dicente
3600 451 3842 524 Euange-

550 560 718 611 sunt:
760 575 779 600 ι
808 546 1159 615 Inimicitiae,
1190 544 1593 611 contentiones,
1623 543 2043 608 aemulationes,
2064 543 2145 598 in-

551 639 915 713 dignationes,
942 635 1386 708 prouocationes,
1402 632 1536 700 irae,
1556 632 1728 701 rixae,
1747 632 2143 701 dissensiones,

549 738 726 787 sectae
754 728 800 796 ²,
854 726 1122 791 inuidiae,
1153 724 1468 790 ebrietates,
1506 722 1898 779 comisationes
1922 736 1944 761 ι
1978 723 2145 792 (idest

549 816 924 887 cometetores)
959 819 980 852 ³
1007 816 1161 885 (Gal.
1194 832 1251 882 v,
1284 814 1374 881 20,
1398 813 1514 883 21).
1546 837 1565 861 ι
1606 813 1704 869 His
1722 813 2146 886 enimoperibus

549 907 912 965 contristatur
936 904 1196 976 Spiritus,
1225 902 1548 970 offenditur;
1578 902 1787 959 deserit
1813 910 1869 958 et
1897 903 2147 961 abscedis

550 996 848 1057 Solomone
866 996 888 1025 δ
917 996 1135 1053 dicente
1153 997 1193 1050 ‘z
1233 1018 1252 1041 ε
1277 994 1511 1050 Sanctus
1530 994 1679 1049 enim
1714 993 1953 1076 Spiritus
1983 995 2146 1053 disc-i-

552 1089 738 1163 plinae
767 1087 995 1158 effugiet
1014 1086 1205 1143 ﬁctum
1236 1086 1257 1119 ⁵
1278 1086 1431 1155 (Sap.
1464 1102 1505 1152 1,
1528 1085 1609 1155 5).
1645 1108 1665 1132 ι

622 1179 723 1236 IX.
767 1201 787 1226 ι
807 1176 1012 1243 Nolite,
1045 1174 1233 1247 inquit
1258 1174 1539 1247 apostolus
1567 1173 1789 1243 Paulus,
1820 1174 2148 1231 contristare

552 1268 823 1340 Spiritum
847 1274 1095 1323 sanctum
1122 1264 1242 1333 Dei,
1270 1264 1329 1318 in
1350 1280 1460 1337 quo
1489 1263 1691 1336 signati
1715 1265 1848 1321 estis
1867 1264 1925 1320 in
1955 1264 2045 1320 die
2067 1280 2147 1321 re-

553 1355 893 1429 demptionis
915 1355 1133 1426 (Ephes.
1168 1371 1246 1419 1v,
1278 1352 1394 1425 30).
1418 1378 1436 1401 ι
1478 1353 1608 1409 Dies
1628 1352 2024 1425 redemptionis
2044 1360 2145 1421 est,

553 1446 615 1502 in
644 1461 755 1519 quo
780 1442 1038 1500 salutaris
1060 1440 1434 1514 indulgentiae
1462 1441 1610 1497 dono
1642 1442 1934 1515 redempti,
1959 1459 1990 1498 a
2006 1459 2148 1497 mor-

553 1534 628 1592 tis
646 1532 919 1590 sententia
948 1532 1270 1599 liberamur;
1287 1532 1345 1587 in
1359 1547 1468 1604 quo
1480 1530 2006 1587 uetaremhominem
2020 1547 2147 1588 cum

551 1623 769 1682 actibus
788 1625 909 1679 eius
926 1621 1278 1693 exponimus,
1310 1628 1366 1675 et
1395 1618 1925 1687 induimusnouum,
1957 1619 2050 1692 qui
2070 1636 2150 1675 se-

552 1711 801 1771 cundum
822 1712 1000 1767 Deum
1032 1716 1249 1767 creatus
1298 1716 1380 1764 est
1410 1708 1470 1763 in
1502 1707 1763 1780 operibus
1791 1707 1953 1764 bonis
1984 1710 2025 1763 ⁶.
2066 1710 2149 1765 Eo

551 1803 702 1860 enim
722 1802 813 1859 die
844 1809 898 1857 et
925 1806 1116 1856 sancto
1144 1798 1377 1870 Spiritui
1402 1798 1797 1870 consignamur
1822 1798 1865 1867 ⁷,
1896 1815 2023 1855 cum
2054 1815 2151 1854 sa-

626 1915 652 1942 ·
682 1903 765 1958 Ita
792 1900 919 1973 cod.
940 1916 1040 1973 pro
1063 1899 1458 1955 comessationes
1486 1914 1725 1956 consona
1742 1916 1767 1954 s
1784 1898 1936 1973 haud
1954 1897 2147 1973 dupli-

555 1981 697 2041 cata,
729 1981 785 2028 et
810 1970 992 2043 posito
1016 1971 1164 2043 ipro
1193 1988 1219 2025 e
1246 1978 1381 2043 post
1410 1988 1564 2039 com.,
1598 1978 1659 2025 ut
1688 1971 1833 2042 apud
1882 1970 2007 2027 Sab.
2043 1988 2143 2043 ms.

556 1988 697 2041 cata,
729 1988 785 2028 et
883 1988 992 2027 suo
1016 1988 1038 2026 ι
1067 1988 1164 2041 pro
1193 1988 1219 2025 e
1246 1988 1369 2043 post
1410 1988 1564 2039 com.,
1598 1988 1659 2025 ut
1688 1988 1833 2042 apuu
1882 1988 2007 2027 Dan.
2043 1988 2143 2026 ms.

556 2044 687 2117 Reg.
710 2045 787 2100 De
807 1988 1004 2117 Ezram
1029 2041 1334 2117 litterarum
1364 2042 1385 2095 i
1413 2049 1465 2097 et
1493 2043 1991 2117 e_promiscuo_usu
2022 2042 2149 2117 vide

558 2113 723 2195 supra
738 2131 875 2195 pag.
894 2114 949 2180 6,
972 2114 1150 2195 nouli;
1185 2113 1409 2195 18,1105
1433 2114 1614 2195 (13.19,.
1638 2122 1754 2195 not.
1788 2133 1823 2169 a
1854 2113 2147 2195 (Cal._115_,

558 2133 723 2189 supra
790 2132 819 2169 3.
863 2132 949 2180 .0,
972 2132 1150 2178 ηοι.ο;
1185 2132 1271 2181 ιδ,
1293 2132 1409 2168 “OL
1433 2132 1486 2178 a;
1520 2132 1608 2181 13,
1638 2132 1754 2168 ΙΙΟῐ.
1788 2133 1823 2169 a
1854 2132 1997 2185 (ιλοι.
2024 2132 2147 2182 ιιθ,

556 2204 613 2244 n.
649 2187 694 2255 ⁶;
732 2132 855 2255 ἐξ
880 2202 935 2241 n.
956 2196 999 2256 τις
1036 2185 1160 2250 128,
1192 2200 1247 2240 n.
1272 2184 1339 2256 ί).
1365 2182 1586 2241 Codicis
1603 2184 1894 2241 lectionem
1918 2184 2148 2256 retinui,

559 2258 691 2333 quia
726 2255 999 2330 ejusmodi
1028 2256 1280 2329 exempla
1302 2256 1361 2311 in
1375 2255 1619 2328 antiquis
1630 2256 1790 2312 codd.
1814 2255 1961 2312 haud
1981 2256 2149 2311 semel

557 2336 875 2388 occurrunt.

630 2400 653 2430 ⁵
680 2403 762 2457 Ita
790 2401 847 2456 in
875 2398 1084 2457 codice.
1119 2398 1258 2454 Sane
1287 2397 1355 2455 ad
1386 2417 1425 2468 1,
1460 2399 1510 2468 1,
1533 2397 2152 2456 Proverhior.observat

633 2491 650 2527 ¹
681 2491 910 2546 Summo
946 2504 1231 2561 consensu
1272 2488 1477 2555 Patres,
1525 2487 1855 2561 quibuscum
1886 2488 2058 2561 antiq.
2098 2495 2154 2545 et

560 2578 705 2620 nova
720 2561 871 2632 vulg.
898 2575 1061 2632 opera
1082 2558 1283 2632 carnis,
1306 2574 1426 2631 quae
1440 2558 1569 2615 mox
1590 2569 2001 2632 enumerantur,
2021 2558 2151 2616 cum

558 2629 1123 2705 Apostolo'manifesta
1145 2629 1357 2698 dicunt,
1376 2638 1430 2686 et
1439 2646 1551 2686 non
1574 2631 1820 2705 latentia,
1827 2631 2154 2705 eisdemque

560 2701 895 2775 suffragatur
918 2701 1139 2757 Graecus
1165 2708 1353 2782 textus
1366 2711 1552 2782 φοινιρά
1578 2703 1783 2782 legens.
1802 2703 1903 2759 Hic
1926 2701 2154 2759 fortasse

558 2783 832 2841 recensita
852 2797 1016 2855 opera
1035 2780 1219 2855 carnis
1234 2786 1334 2855 aut
1366 2780 1585 2855 latentia
1614 2781 1874 2838 mendose
1900 2799 1999 2855 pro
2026 2799 2155 2837 ma—

561 2854 779 2926 nifesta,
803 2851 904 2909 aut
928 2852 1195 2926 dicendus
1212 2851 1559 2921 Ambrosius,
1582 2869 1703 2926 quae
1724 2851 2153 2926 commemorat"

563 2922 684 3006 ipsa
699 2922 816 3006 esse
836 2922 1143 3006 manifesta,
1184 2929 1381 3004 caetera
1426 2922 1846 3006 veroulatentia,
1876 2932 1937 2980 ut
1952 2940 2155 3006 sensus

559 2993 650 3052 sit:
680 2997 746 3051 ab
776 2996 1020 3066 operibus
1048 2993 1248 3066 carnis,
1269 3010 1401 3066 quae
1421 2994 1710 3050 manifesta
1734 2996 1873 3049 inter
1890 3002 2056 3051 cetera
2078 2998 2153 3051 la-

562 3067 723 3122 tentia
752 3063 875 3120 hdec
903 3070 1045 3119 sunt.
1098 3063 1243 3119 Hinc
1268 3063 1479 3121 dixeris
1508 3066 1734 3122 fortasse
1764 3083 1957 3122 vocem
1986 3067 2153 3122 mani-

558 3136 698 3209 festa
715 3136 1009 3217 excidisse;
1040 3134 1148 3230 nisi
1184 3135 1345 3230 malis
1364 3136 1741 3205 Ambrosium,
1765 3153 1884 3230 qua;
1911 3147 2154 3194 recenset
2181 3169 2224 3230 ρ

561 3205 727 3281 opera
753 3205 954 3274 carnis,
981 3221 1044 3261 ea
1060 3206 1278 3281 latentia
1297 3223 1492 3264 vocare
1507 3205 1915 3281 comparatione
1934 3225 2147 3276 eorum,

559 3276 681 3353 quin
699 3280 757 3335 in
775 3280 1023 3353 catalogo
1043 3276 1274 3346 omittit,
1301 3276 1717 3353 utadulterium,
1738 3280 2148 3353 impudicitiam,

557 3350 615 3480 ﬁt
652 3350 955 3478 htomicidia,
996 3364 1117 3422 quas
1164 3364 1279 3405 sese
1308 3368 1407 3407 sua
1434 3352 1607 3424 magis
1651 3351 2000 3424 turpitudine
2028 3369 2149 3425 pro-

598 3439 674 3479 un
708 3467 719 3479 .

598 3430 719 3479 unt.

633 3495 656 3530 ³
685 3494 925 3550 Ιτθηωῐιε
948 3493 1048 3551 lib.
1077 3512 1160 3563 v.,
1195 3511 1244 3551 c.
1283 3494 1367 3562 11,
1386 3495 1492 3550 col.
1521 3492 1626 3551 305
1655 3513 1667 3550 :
1708 3492 2018 3563 inimicitiae,
2051 3494 2146 3560 ait.

559 3566 924 3623 contentiones.
958 3565 1081 3633 zeli,
1113 3566 1231 3634 iras,
1266 3565 1646 3633 aemulationes,
1667 3566 2052 3634 animositates,
2075 3566 2150 3620 ir-

558 3635 855 3708 ritationes,
900 3635 1268 3708 dissensiones,
1310 3636 1547 3708 haereses.
1601 3635 1910 3708 Cyprianus
1956 3638 2052 3693 lib.
2084 3637 2151 3693 de

560 3706 712 3762 Orat.
746 3708 880 3762 Dom
938 3707 1046 3761 col.
1075 3706 1198 3763 209:
1242 3706 1552 3771 inimicitiis,
1583 3706 1948 3777 contentiones,
1995 3725 2152 3764 aemu-

564 3777 805 3849 lationes,
832 3777 1213 3849 animositates,
1242 3777 1662 3849 provocationes,
1692 3779 2006 3847 simultates,
2046 3780 2151 3834 dis-

561 3848 842 3922 sensiones,
873 3847 1090 3922 hereses.
1121 3847 1467 3922 Augustinus
1508 3864 1639 3904 vero
1666 3849 1827 3922 epist.
1876 3850 1964 3919 29,
1995 3859 2038 3906 t.
2080 3852 2149 3919 ΙΙ,

559 3920 666 3977 col.
689 3919 758 3976 50
784 3936 795 3973 :
819 3919 1131 3988 inimicitiae,
1151 3919 1518 3986 contentiones,
1540 3919 1921 3989 mutationes,
1947 3922 2151 3977 animo-

558 3991 758 4065 sitates,
789 3990 1155 4065 dissensiones,
1184 3992 1422 4065 ngereses.
1481 3991 1680 4065 Sicque
1728 3991 1873 4047 idem
1887 3992 1959 4065 _S.
1988 3994 2153 4065 Pater

558 4062 789 4135 sparsim
822 4059 881 4135 in
915 4062 1038 4135 suis,
1063 4062 1322 4135 operibus
1350 4059 1710 4135 praeterquam
1760 4063 1909 4135 quod
1958 4064 2057 4120 lib.
2110 4081 2151 4120 11

557 4133 626 4190 de
646 4133 820 4190 Serm.
840 4134 1000 4190 Dom.
1026 4134 1083 4189 in
1101 4133 1288 4202 Cmon.,
1316 4133 1413 4189 ubi
1442 4133 1510 4190 ad
1539 4133 1729 4190 vocem
1761 4133 1977 4190 limeses
1998 4136 2151 4191 illam

557 4205 712 4279 addit
737 4209 901 4279 sectre.
934 4208 1166 4279 Demum
1214 4206 1456 4279 Lucifer.
1505 4204 1834 4279 Calaralib.
1869 4223 1930 4279 11,
1965 4223 2062 4279 pro
2086 4206 2147 4279 S.

557 4276 788 4349 Athan,
820 4277 927 4349 col.
969 4276 1094 4346 282,
1126 4284 1181 4333 et
1211 4276 1266 4332 S.
1301 4276 1758 4349 Hieronymusiin
1799 4277 1857 4332 h.
1892 4276 2150 4345 l.,'omis-

561 4346 638 4403 sis
660 4347 1069 4419 indignationes,
1090 4346 1569 4419 provocationes,'si
1591 4347 1647 4402 in
1671 4348 1779 4404 ﬁne
1796 4349 2011 4403 htereses
2032 4350 2151 4405 loco

562 4424 712 4473 secta:
757 4418 921 4488 legas,
980 4418 1169 4475 nostro
1214 4436 1341 4475 cum
1372 4419 1669 4475 Ambrosio
1691 4427 1887 4475 caetera
1924 4419 2146 4476 habent.

563 4488 731 4568 Vulg.
765 4489 1052 4568 nobiscum
1084 4489 1287 4545 retinet
1315 4497 1462 4546 sectae
1497 4508 1525 4546 e
1547 4490 1736 4547 Graeco
1757 4498 2001 4568 αἱρέσεις.

632 4568 655 4601 ⁸
686 4566 769 4622 Ita
792 4566 983 4639 Patres
1018 4568 1242 4639 laudati
1284 4570 1339 4624 in
1370 4570 1466 4626 cit.
1500 4571 1539 4626 l.
1572 4570 1775 4626 habent
1805 4566 1874 4626 ad
1897 4570 2148 4639 verbum,

599 4644 761 4711 ragter
787 4638 965 4711 Lucif.
1002 4638 1144 4706 Cal.,
1176 4640 1267 4710 qui
1288 4650 1413 4711 post
1435 4641 1653 4696 invidia:
1681 4638 2147 4698 addithomicidia.

599 4655 761 4693 raeter
787 4655 965 4694 huc“.
1002 4655 1144 4706 Cal.,
1176 4655 1267 4710 qui
1288 4655 1413 4711 post
1435 4655 1653 4696 inmane
1681 4655 2147 4698 auditnomiciaia.

559 4655 806 4785 fnhunc
837 4710 874 4765 l.
905 4709 1025 4785 haec
1054 4720 1209 4785 notat
1237 4712 1607 4785 Hieronymus
1635 4714 1691 4785 1.7
1710 4730 1782 4770 c.:
1812 4715 1893 4785 In
1944 4714 2153 4770 Latinis

559 4780 830 4865 codicibus
856 4780 1188 4865 adulterium
1220 4799 1421 4865 quoque
1442 4780 1488 4838 et
1507 4784 1878 4865 impudicitia,
1901 4792 1954 4865 et
1977 4785 2152 4865 homi:

557 4850 706 4926 cidia
722 4852 781 4926 in
811 4852 905 4905 hoc
933 4854 1171 4926 catalogo
1198 4850 1455 4909 vitiorum
1493 4850 1690 4926 scripta
1717 4850 2155 4925 referuntur.Sed

558 4921 973 4999 sciendumjion
983 4921 1299 4999 plusquam
1327 4921 1621 4995 quindecim
1646 4921 1824 4982 carnis
1855 4945 2016 4999 opera
2045 4945 2154 4982 no-

558 4993 786 5067 minate.
819 4993 1123 5067 Duodecim
1144 4993 1230 5067 lin
1265 4993 1372 5052 hoc
1401 5014 1652 5053 sermone
1681 4993 2070 5067 nominantur;
2105 5000 2152 5055 si

558 5080 688 5136 ergo
718 5064 826 5142 tria
856 5066 1021 5121 modo
1047 5082 1079 5121 a
1108 5066 1451 5142 Hieronymo
1482 5069 1652 5126 relata
1671 5069 1860 5135 addas,
1874 5064 2154 5142 quindena

557 5152 685 5193 cum
708 5136 901 5211 eodem
932 5154 1096 5211 opera
1122 5140 1305 5211 carnis
1321 5136 1387 5194 ἐι
1414 5147 1542 5195 tuus
1562 5144 1841 5211 catalogus
1870 5136 2077 5198 r'eddet.

630 5216 652 5249 ι
685 5207 1068 5291 Ambrosianis
1117 5210 1271 5291 locis,
1313 5227 1402 5291 ex.
1463 5228 1566 5291 gr.,
1598 5212 1665 5267 de
1703 5207 1894 5291 Parad.
1940 5231 1983 5291 1,_
2011 5214 2066 5281 6,
2096 5220 2151 5291 el.

558 5295 687 5356 x111,
719 5278 926 5356 quibus
950 5280 1091 5336 liber
1110 5280 1432 5356 Sapientiae,
1459 5278 1623 5356 iuxta
1646 5284 1731 5356 sui
1752 5278 2016 5355 temporis
2036 5278 2150 5356 opi-

560 5350 809 5419 nionem,
841 5350 1123 5407 Salomoni
1156 5350 1442 5420 tribuitur,
1462 5350 1566 5409 'hic
1592 5355 1755 5409 modo
1782 5350 2152 5412 accensend'us

559 5428 661 5478 est.
695 5424 773 5478 De
803 5421 906 5478 hac
936 5438 994 5478 re
1029 5423 1161 5479 vide
1184 5424 1465 5479 Maurinos
1479 5434 1806 5480 annotantes
1819 5425 1887 5480 ad
1909 5427 1947 5483 l.
1967 5428 2063 5483 cit.
2084 5426 2151 5484 de

557 5492 841 5561 Paradiso,
876 5510 979 5551 nec
1005 5510 1123 5550 non
1150 5495 1600 5550 Ackermannum
1632 5496 1936 5554 Introduct.
1972 5499 2027 5554 in
2052 5499 2148 5555 lib.

559 5579 670 5620 sac.
703 5564 774 5621 V.
798 5566 861 5621 F.
888 5572 1034 5691 part.
1078 5582 1140 5635 11,
1172 5581 1222 5623 c.
1279 5566 1331 5635 7,
1371 5565 1499 5632 245,
1527 5565 1663 5623 edit.
1696 5567 2013 5627 Vindobon.
2057 5587 2148 5627 an.

561 5633 703 5691 1825
730 5652 785 5693 n.
816 5636 886 5693 36
930 5678 943 5692 .

630 5705 653 5740 ⁵
695 5705 779 5762 Ita
805 5706 975 5780 Vulg.
1005 5724 1135 5770 cum
1164 5707 1478 5783 Augustino
1512 5708 1766 5785 pluribus
1817 5710 1879 5771 in
1917 5711 2073 5784 locis,
2103 5713 2153 5771 si

2180 4525 2229 4584 D

2254 544 2399 602 lista:
2443 568 2462 592 ι
2481 545 2553 600 Et
2564 542 2841 615 baptizato
2868 543 2993 598 Iesu
3013 540 3307 597 confestim
3335 540 3667 598 ascenditde
3686 556 3840 614 aqua:

2252 641 2308 689 et
2329 649 2455 690 ecce
2481 632 2655 705 aperti
2685 638 2815 687 sunt
2845 629 3003 699 caeli,
3055 636 3109 685 et
3137 627 3282 684 uidit
3324 627 3594 701 Spiritum
3632 629 3733 685 Dei
3757 628 3843 685 de-

2253 721 2605 779 scendentem
2629 720 2697 776 de
2728 719 2878 776 caelo
2894 718 3037 775 sicut
3050 716 3362 775 columbam
3387 726 3426 785 °,
3452 716 3767 774 uenientem
3790 718 3843 773 in

2254 813 2435 885 ipsum
2454 813 2694 885 “(Matth
2726 811 2965 882 111,16)»
2997 809 3265 867 Columba
3286 809 3845 881 innocentiasimplex

2258 905 2303 940 ¹⁰
2321 903 2412 959 uel
2437 898 3445 974 simplicitateinnocens,nonclamore
3467 899 3845 965 uiolenta,non

2256 991 2632 1048 furoresaeua‘
2644 992 2659 1025 ¹
2669 1006 2799 1058 ,non
2809 986 3323 1045 moribusiracunda
3341 988 3845 1055 “,nonamaritudi-

2255 1079 2814 1137 nefellisinfestawzet
2837 1076 3393 1149 ideoeodemSpiritu.
3418 1077 3512 1150 qui
3536 1077 3595 1133 in
3625 1077 3847 1133 modum

2256 1173 2377 1229 eius
2402 1170 2708 1239 descendit,
2739 1175 2965 1241 accepto
2992 1168 3294 1225 subiunxit
3314 1168 3847 1241 Apostolus,utdice-

2256 1269 2359 1317 ret.
2388 1283 2408 1307 ε
2439 1259 2656 1328 Omnis,
2687 1256 3229 1331 inquit,amaritudo,
3258 1264 3313 1313 et
3338 1256 3497 1323 ira,et
3519 1255 3848 1328 indignatio,
3932 1318 3935 1319 γ

2258 1356 2313 1406 et
2325 1350 2558 1414 clamor,
2577 1357 2632 1404 et
2650 1346 2994 1419 blasphemia
3014 1346 3336 1402 auferantur
3348 1362 3380 1401 a
3394 1345 3555 1402 uobis
3577 1346 3847 1417 “(Ephes

2259 1458 2337 1509 1v,
2361 1441 2503 1512 31).»
2521 1437 2849 1494 Amaritudo
2869 1444 2951 1493 est
2972 1435 3299 1492 inimicitias
3317 1434 3626 1507 concipere,
3642 1436 3847 1492 ructari

2258 1528 2406 1596 odia,
2424 1544 2679 1585 euomere
2703 1543 2938 1596 uenena,
2962 1526 3270 1583 obtrectare
3290 1524 3583 1597 proximis,
3605 1523 3853 1580 dissemi-

2259 1636 2390 1677 nare
2420 1618 2639 1675 laetalia
2676 1618 2723 1686 (ι,
2775 1617 2919 1674 sicut
2949 1616 3007 1673 in
3045 1614 3555 1673 Deutheronomim
3583 1613 3851 1671 scribtum

2256 1718 2358 1767 est:
2407 1733 2426 1756 ι
2457 1707 2677 1765 Inimici
2697 1705 3303 1763 nostriinsensati“.De
3323 1704 3853 1760 uineaSodomorum

2179 1811 2226 1872 Β
2255 1799 2392 1856 uitis
2419 1813 2634 1867 eorum,
2665 1807 2721 1855 et
2745 1796 3001 1869 palmites
3026 1812 3219 1853 eorum
3262 1794 3331 1852 de
3373 1795 3648 1852 Gomorra
3678 1812 3692 1850 :
3751 1810 3856 1850 una

2256 1906 2522 1975 Sabatier,
2563 1912 2776 1962 veteres
2803 1903 3021 1963 codices
3045 1903 3317 1960 Lactantii
3339 1911 3392 1960 et
3420 1901 3691 1975 Cypriani
3713 1903 3857 1959 Solo-

2255 1996 2461 2035 monem
2496 1972 2708 2050 legisse.
2741 1978 2914 2032 Porro
2943 1976 3022 2050 sic
3047 1975 3254 2050 habent
3282 1992 3412 2032 mss.
3445 1972 3633 2049 plures
3661 1972 3857 2031 Sesso-

2257 2051 2420 2123 riani,
2452 2066 2493 2123 eq
2511 2048 2711 2123 quibus
2729 2064 2884 2123 Aunus
2910 2048 3350 2123 antiquissimus.

2330 2132 2352 2159 °
2380 2118 2791 2179 Codfcolumba
2820 2121 3022 2175 omissa
3044 2118 3098 2173 in
3128 2119 3293 2174 solito
3322 2118 3545 2175 mendo.

2331 2193 2357 2229 α
2389 2192 2526 2250 Cod.
2562 2208 2687 2248 cum
2718 2189 3065 2264 diphthongo
3101 2190 3347 2264 laetalia,
3379 2207 3502 2262 quae
3523 2205 3746 2264 quoque
3773 2191 3859 2248 le-

2258 2266 2372 2324 ctio
2402 2264 2672 2335 exemplis
2699 2261 2982 2335 antiquet.
3006 2261 3179 2319 codd.
3211 2261 3593 2319 conﬁrmatur.

2331 2348 2351 2374 ο
2381 2337 2463 2392 Ita
2488 2336 2667 2392 codex
2694 2350 2822 2391 cum
2850 2336 2904 2390 li.

2262 2499 2426 2556 initio
2455 2498 2565 2555 hoc
2601 2497 2801 2570 ordine
2826 2498 2991 2570 legas:
3026 2496 3262 2570 Spiritus
3290 2497 3430 2553 enim
3458 2503 3695 2570 sanctus.

2333 2573 2355 2607 °
2381 2570 2756 2643 Apostolicam
2782 2568 2933 2643 hanc
2961 2569 3289 2643 sententiam
3331 2568 3596 2643 expendit
3626 2569 3859 2643 Ambro—

2262 2642 2378 2699 sius
2400 2640 2564 2698 etiam
2596 2640 2655 2696 in
2679 2642 2872 2713 psalm.
2901 2657 3147 2713 xxxvin,
3167 2641 3253 2709 22,
3279 2640 3493 2713 ῐ.ΙΙ;’ίι1
3510 2640 3704 2713 lib.de
3725 2643 3857 2713 Inst.

2264 2712 2976 2841 V‘ttzé’itfelti‘é’n‘itllﬁi
2997 2711 3860 2841 ttiiipézsité‘tisiaﬁai'i‘é

2333 2786 2355 2821 "
2373 2782 2725 2857 Baptizatum
2740 2783 2975 2855 Spiritui
2997 2782 3861 2857 Sanctoconsignaridocetetiam

2262 2853 2582 2985 ἷέξῑοξτιὶὶο.
2607 2856 2675 2911 de
2703 2853 2943 2913 Sacram.
2972 2853 3120 2928 apud
3149 2853 3526 2924 Ambrosium,
3553 2865 3595 2913 t.
3623 2857 3722 2925 III,
3750 2857 3858 2912 col.

2394 2944 2423 2983 e
2477 2943 2590 2985 seu.

2394 2936 2449 2983 et
2477 2943 2569 2984 seu
2577 2970 2590 2984 .

2338 2944 2361 3073 ξ
2476 2944 2590 3073 ἓξὲξ.
2610 3016 2735 3073 cum
2767 3016 2862 3072 per
2910 2999 3244 3073 baptismum
3276 3005 3505 3073 cuncta;
3527 2998 3864 3073 Christianae

2263 3070 2548 3142 religionis
2579 3072 2740 3127 nobis
2761 3070 3074 3127 reserantur
3096 3086 3314 3135 arcana,
3344 3086 3375 3125 a
3394 3070 3597 3142 quibus
3617 3071 3755 3126 olim
3778 3088 3863 3127 ar-

2261 3142 2528 3216 cebantur
2555 3142 2792 3214 profani,
2813 3150 2866 3199 et
2891 3143 3024 3216 fides
3040 3142 3365 3216 acquiritur,
3391 3158 3501 3216 qua
3524 3142 3719 3216 omnia
3736 3160 3863 3200 ore-

2258 3214 2442 3270 dimus
2471 3213 2663 3269 divina
2692 3215 2972 3286 mysteria:
2994 3215 3081 3270 vel
3105 3213 3310 3286 potius,
3341 3213 3468 3270 cuin
3496 3215 3715 3271 caeteris
3729 3232 3851 3270 om-

2258 3286 2423 3341 nibus
2451 3285 2815 3358 sacramentis
2862 3285 3281 3358 suscipiendish
3310 3286 3505 3358 idonei
3544 3302 3642 3358 per
3703 3286 3850 3342 idem

2245 3357 2969 3430 sacramentumeﬂicimur;
2989 3355 3136 3430 quod
3154 3355 3373 3430 quidem
3392 3364 3473 3430 est
3488 3355 3662 3429 janua
3676 3374 3853 3415 sacra-

2259 3435 2592 3502 mentorum.
2627 3427 2831 3502 Verum
2860 3428 2917 3483 h.
2941 3429 2980 3502 l.
3004 3427 3073 3484 ad
3093 3427 3501 3502 Eu’charistiam‘
3520 3445 3745 3502 quoque
3770 3445 3851 3485 re-

2260 3500 2467 3581 spicere
2496 3498 3045 3581 potuit.Ambrosii_1s,
3075 3516 3196 3581 quin
3215 3499 3379 3571 juxta
3398 3498 3854 3581 vetefem'liccle-

2260 3570 2355 3627 sia;
2371 3570 2828 3644 consuetudinem
2853 3570 3239 3644 conferebatur
3262 3588 3372 3627 una
3395 3588 3520 3644 cum
3548 3572 3852 3644 baptismo,

2260 3641 2771 3717 etcenﬁrmatione;
2797 3645 2893 3715 qui
2906 3659 3040 3717 mos
3068 3643 3478 3717 etiamnuncin
3504 3641 3853 3717 baptizandis

2260 3713 2465 3786 adultis
2491 3712 2789 3786 obtinet‘in
2810 3712 3178 3786 ecclesiastica
3196 3714 3511 3786 disciplina.

2329 3785 2351 3819 ⁸
2374 3783 2632 3842 Concinit
2656 3783 2898 3858 Hilarius
2909 3784 2968 3840 in
2994 3787 3131 3858 psal.
3152 3783 3541 3858 cxxxvin,col,
3568 3786 3850 3844 507.Gra2-

2259 3862 2567 3929 cusgtextus
2586 3864 2640 3929 et
2668 3856 2844 3929 ansiq.
2871 3856 3017 3929 versi
3039 3858 3185 3929 apud
3208 3858 3390 3914 Sabat.
3416 3857 3631 3914 addunt
3654 3860 3704 3914 ei
3727 3867 3852 3914 ante

2260 3926 2477 4000 cwli,_et
2505 3926 2770 4000 omittunt
2798 3926 2900 3983 Dei
2927 3937 3049 4000 post
3074 3926 3358 4000 Spiritum.

2330 3999 2382 4078 βο
2394 3997 2817 4078 Simplicitatem
2830 3997 3553 4078 per—columbamjesignari
3571 4001 3778 4078 passim
3793 4000 3849 4055 in

2259 4069 2375 4141 suis
2392 4069 2622 4141 scriptis
2652 4069 2846 4127 monet
2859 4072 3207 4128 Ambrosius.
3244 4069 3458 4129 Clarius
3482 4069 3659 4129 libfde
3680 4074 3847 4138 Isaac,

2262 4140 2314 4207 7,
2340 4140 2434 4215 _59,
2460 4141 2578 4215 t._l,
2608 4148 2662 4196 et
2690 4140 2746 4197 in
2777 4141 2911 4215 Luc.
2946 4160 3007 4210 11,
3047 4143 3138 4211 92,
3168 4142 3285 4199 ubi:
3318 4145 3578 4215 Apertum
3613 4152 3714 4210 est,
3770 4144 3849 4215 in-_

2260 4210 2401 4288 quit,
2428 4212 2613 4288 uelum
2667 4217 2717 4288 et
2765 4213 3028 4288 descendit
3056 4210 3289 4285 spiritus
3333 4210 3545 4270 sanctus
3578 4213 3851 4288 corporali

2259 4282 2421 4357 specie
2448 4282 2912 4357 sicutcolumba...
2943 4282 3297 4341 Advertamus
3322 4288 3653 4357 mysterium:
3669 4282 3852 4357 ’quare

2257 4353 2393 4429 sicut
2413 4355 2680 4429 columba?
2702 4356 3099 4429 Simplicitatem
3114 4357 3252 4411 enim
3263 4353 3465 4412 lavacri
3483 4353 3714 4429 requirit
3731 4374 3850 4429 gra-

2261 4425 2355 4498 tia:
2373 4432 2449 4498 ut
2475 4426 2639 4498 simus
2668 4425 2926 4498 simplices
2959 4428 3094 4482 sicut
3121 4429 3390 4484 columba}.
3416 4430 3495 4485 Ita
3518 4425 3690 4485 etiam
3720 4425 3849 4484 scri-

2260 4494 2343 4569 hit
2372 4495 2556 4569 lih,de
2578 4494 2826 4569 Myster.,
2858 4497 2910 4566 4,
2935 4498 3024 4566 25,
3047 4507 3091 4554 t.
3115 4499 3208 4556 III:
3242 4500 3432 4557 Merito
3457 4501 3593 4554 sicut
3609 4500 3848 4556 columba

2260 4566 2551 4643 descendit,
2597 4566 2656 4622 ut
2714 4570 3019 4625 admoneret
3050 4587 3144 4625 nos
3181 4571 3573 4643 simplicitatem
3599 4571 3852 4627 columba

2258 4637 2447 4694 habere
2471 4639 2667 4695 debere.

2334 4712 2374 4792 ξ¹
2409 4710 2801 4792 Pacem‘eti‘am
2832 4727 2929 4792 per
2955 4712 3583 4792 columbzemysterium
3610 4711 3853 4792 intelligi

2259 4779 2456 4836 debere
2485 4789 2566 4836 est
2599 4779 2882 4837 Ambrosii
2929 4784 3201 4841 sententia
3240 4779 3337 4841 lih'.
3384 4785 3452 4841 de
3496 4786 3667 4851 Isaac,
3710 4779 3852 4840 etin

2259 4851 2392 4908 Luc.
2429 4852 2532 4929 loc.
2561 4853 2684 4929 cit,
2704 4870 2773 4929 ac
2786 4854 2847 4909 in
2876 4854 2973 4911 lib.
3002 4854 3070 4911 de
3093 4857 3345 4929 Myster.,
3368 4857 3420 4924 3,
3456 4857 3542 4925 11,
3566 4865 3608 4912 t.
3636 4857 3853 4923 III,nec

2260 4938 2369 4977 non
2401 4924 2559 4993 epist.
2593 4924 2683 4993 41,
2715 4925 2803 4981 21.

2335 4994 2381 5069 ξξ
2404 4994 2605 5069 Confer
2617 4996 2809 5069 saltem
2833 4996 2891 5052 in
2908 4998 3103 5069 psalm.
3118 5015 3293 5055 cxvm
3312 5014 3479 5055 serm.
3500 4998 3588 5067 12,
3613 4998 3705 5066 18,
3719 5005 3758 5053 t.
3784 4997 3849 5052 ll.

2286 5066 2380 5145 "‘3
2403 5065 2651 5145 ‘Locutio.
2678 5065 3305 5145 familiaris_Ambrosio,
3328 5065 3854 5144 quaerurSuslegitur

2260 5134 2359 5192 lib.
2388 5136 2455 5209 de
2482 5137 2701 5206 Parad,
2726 5139 2778 5206 2,
2809 5140 2865 5206 8,
2899 5147 2940 5196 t.
2972 5141 3015 5209 Ι,
3049 5149 3105 5197 et
3132 5142 3287 5197 alibi.

2325 5208 2828 5335 ltadamussim
2850 5211 2906 5267 S.
2933 5208 3246 5285 Cyprianus
3263 5212 3852 5277 lib.111Testimonior.,

2257 5293 2364 5334 00!.
2386 5293 2510 5337 ὄυῧ.

2333 5351 2579 5429 ¹⁶ηΙδΞνθῑ
2606 5352 2739 5429 huic
2762 5354 2986 5429 lectioni
3014 5356 3188 5429 antiq.
3212 5372 3330 5414 ver.
3352 5355 3854 5429 apudiSabat.cu1n

2259 5420 2428 5505 Vigil:
2457 5423 2615 5505 'I‘aps.
2644 5425 2745 5505 lib.
2778 5426 2846 5482 de
2896 5427 3118 5505 Trinit.,
3149 5420 3259 5486 col.
3293 5420 3420 5496 245,
3459 5427 3653 5484 addito
3680 5433 3858 5484 autem

2260 5500 2383 5564 post
2404 5495 2627 5551 inimici.
2657 5496 2832 5554 Graec.
2867 5504 3095 5566 ἀνόητοι.

2333 5572 2624 5654 "Phrasis
2662 5592 2884 5647 prorsus
2923 5576 3175 5654 insolita.
3208 5580 3411 5654 Sensus
3434 5587 3557 5654 est:
3617 5580 3860 5654 Auﬁdi-

2257 5643 2492 5725 cendnm,
2515 5643 3026 5725 quwjommemorat
3053 5652 3392 5723 Ambrosius,
3422 5652 3544 5725 ipsa
3593 5668 3702 5711 esse
3734 5643 3860 5711 ἶλα-

2257 5712 2604 5786 ηίῙθδια,θῖο.
2632 5718 2795 5778 Enrr.
