4020 6200
481 278 583 335 811
1492 280 1589 334 ΑΒ
1620 278 1855 336 OPERA
1891 276 1948 334 S.
1988 276 2322 336 AMBROSII
2357 276 2739 334 APPENDIX.
3672 277 3792 334 812

484 404 541 460 in
569 403 651 460 eis
674 409 803 460 sunt
831 402 1019 458 omnia
1056 404 1072 436 ί
1115 404 1304 475 (Apoc.
1334 419 1390 471 ν,
1425 403 1649 477 11-13).
1683 429 1702 453 ι
1744 404 1817 460 Et
1869 404 2070 461 iterum
2101 406 2150 466 A
2178 404 2519 473 Benedictio,
2551 412 2611 460 et
2641 403 2837 476 gloria,
2870 411 2924 459 et
2948 401 3237 474 sapientia,
3266 410 3321 459 et
3349 403 3645 475 gratiarum
3673 421 3788 461 ac—

483 503 669 551 monet
694 512 706 549 :
744 518 763 540 ‹
792 489 991 564 Angeli
1020 490 1237 547 stabant
1258 491 1406 548 circa
1424 491 1710 561 thronum,
1733 500 1787 548 et
1812 493 2074 560 seniores,
2185 496 2283 564 tio,
2313 504 2367 551 et
2396 494 2592 562 honor,
2624 501 2678 549 et
2708 501 2964 566 potestas,
3009 501 3064 550 et
3102 493 3283 549 uirtus
3326 495 3439 549 Deo
3485 502 3671 550 nostro
3718 496 3791 551 in

482 593 536 641 et
566 594 802 658 quatuor
833 583 1095 639 animalia
1133 600 1145 637 :
1178 592 1233 638 et
1279 583 1636 655 prociderunt
1659 591 1785 639 ante
1815 582 2075 639 thronum
2184 584 2397 640 saecula
2435 584 2801 640 saeculorum.
2850 587 3028 638 Amen
3065 584 3086 617 ³
3128 582 3293 654 (Ibid.
3326 599 3426 650 vu,
3464 584 3549 652 11,
3602 584 3711 655 12).
3751 610 3773 631 -

482 674 539 729 in
578 673 771 729 faciem
811 688 988 741 suam,
1021 679 1075 727 et
1105 671 1473 727 adorauerunt
1500 674 1695 740 Deum,
1738 672 1759 704 ²
1788 671 2071 728 dicentes:
2444 674 2708 728 EXPLICIT
2745 684 2768 710 τι
2801 688 2981 728 δεηΜο
3019 689 3208 728 SANCTI
3244 673 3514 729 Auanosr.

550 815 566 835 '
602 808 662 863 In
691 806 861 864 cod...
898 813 1112 879 tsermo
1143 807 1215 861 sci
1244 807 1397 862 Amb.
1442 807 1619 879 Hujus
1654 807 1929 879 formulae,
1972 823 2080 878 qua
2188 817 2391 874 manet;
2440 824 2557 863 eam
2590 814 2773 879 tamen
2794 806 3112 879 formulam,
3144 805 3332 879 habita
3361 806 3659 879 spatiorum
3695 825 3789 863 ra-

481 896 660 951 sermo
706 878 1076 945 concluditur,
1127 879 1185 933 in
1218 880 1416 951 prima
1463 877 1596 934 voce
1627 878 1822 951 littera:
1854 877 2077 949 prorSus
2186 880 2354 947 tione,
2384 880 2636 951 supplere
2665 878 2807 951 haud
2856 878 3080 951 difﬁcile
3128 878 3267 951 fuit;
3300 877 3473 951 verbo
3499 877 3647 951 enim
3679 898 3793 933 ex-

481 950 810 1030 oblitteratae
841 958 989 1019 sunt,
1017 958 1079 1030 _e_t
1123 948 1334 1030 ultimm
1374 950 1643 1030 duntaxat
1673 948 1928 1030 litterait
1956 965 2082 1030 quae
2180 952 2334 1023 plicit
2360 948 2467 1006 fuit
2492 948 2759 1006 solemnis
2804 948 3048 1022 antiquis
3092 950 3234 1005 ratio
3262 948 3554 1005 claudendi
3584 950 3787 1007 libros.

481 1030 629 1080 recta
656 1022 834 1078 forma
858 1022 1057 1079 excudi
1084 1021 1299 1090 curavi,
1330 1022 1554 1077 nonnisi
1581 1022 1748 1077 breve
1779 1020 2075 1092 vestigium

556 1133 573 1214 ξ
602 1131 849 1214 Antiqua
872 1132 1063 1214 versig
1080 1130 1226 1214 apud
1251 1130 1632 1212 Sabat.7addit,
1654 1131 1834 1214 subtus
1857 1137 2078 1214 terram;
2189 1135 2196 1142 '
2258 1131 2363 1214 lu
2392 1129 2564 1214 antiq:
2598 1136 2651 1211 et
2679 1143 2824 1214 nova
2852 1142 3018 1214 vers,
3034 1127 3283 1214 maritas
3298 1128 3421 1209 loco
3447 1128 3662 1214 gloria;

479 1202 571 1275 cui
600 1198 804 1260 accinit
840 1219 985 1259 nova
1012 1198 1206 1275 Vulg,
1237 1202 1490 1275 quamvis
1522 1218 1635 1258 non
1661 1202 1864 1258 eisdem
1893 1203 2078 1258 verbis
2188 1198 2680 1275 nobiscutngloria
2715 1199 2919 1275 retinet
2948 1198 3355 1275 SLFulgentius
3392 1198 3461 1254 in
3485 1199 3687 1275 fragm:
3720 1201 3795 1257 34

480 1274 643 1346 legat.
867 1344 871 1346 7
952 1343 966 1346 7
1087 1268 1154 1346 _7'
1252 1268 1270 1275 ’
1313 1344 1321 1346 7
1362 1344 1374 1346 _
1479 1345 1482 1346 7
1639 1345 1646 1346 7
1873 1344 1882 1346 _
1923 1345 1928 1346 7
2031 1345 2037 1346 7
2187 1281 2336 1346 cont.
2370 1268 2750 1346 Fab7ian.,c_o_l_.
2770 1270 2893 1346 6(16,
2917 1281 2970 1329 et
2991 1268 3211 1327 Graecus
3229 1271 3533 1343 textnsqni
3560 1268 3621 1328 in
3651 1272 3795 1340 ﬁne,

553 1335 820 1425 5__Graecps
845 1343 1122 1400 Ambrosii
1152 1344 1585 1425 nostri_lectioni
1625 1345 1794 1415 favet,
1840 1344 1888 1401 si
1915 1345 2078 1402 initio
2188 1352 2252 1402 ut
2282 1344 2341 1400 in
2367 1343 2578 1412 codice,
2608 1335 2768 1399 addit
2809 1335 2981 1425 Ἀμήν.

479 1416 707 1486 scribas,
736 1418 811 1473 Et
831 1433 1006 1472 omnes
1026 1424 1151 1473 ante
1177 1416 1369 1488 angeli.

557 1732 673 1817 IN
736 1729 1084 1818 EPIST.
1158 1732 1300 1817 EX
1352 1733 2337 1821 AMBROSIANARUM
2406 1729 2876 1818 NUMERO
2944 1727 3707 1816 SEGREGATAS.

1878 1893 2356 1964 ADMONITIO.

550 2160 803 2237 Quinque
830 2160 1088 2236 epistolas
1137 2177 1208 2218 ex
1236 2158 1725 2218 Ambrosianarum
1772 2157 2019 2232 catalogo
2069 2155 2333 2213 duximus
2369 2156 2696 2214 eximendas
2723 2199 2740 2225 ,
2790 2172 3027 2231 quarum
3064 2153 3187 2211 dum
3232 2154 3466 2228 priores,
3514 2154 3797 2211 nimirum

477 2252 567 2308 Ad
593 2264 803 2306 sacram
831 2250 1091 2322 virginem
1118 2248 1520 2316 Demetriadem,
1549 2256 1604 2304 et
1631 2249 1720 2304 Ad
1738 2247 1966 2319 virgines
1995 2263 2203 2314 sacras,
2236 2242 2293 2300 in
2325 2244 2589 2301 omnibus
2634 2260 2735 2317 ope
2757 2261 2877 2300 rum
2933 2243 3107 2300 sancti
3132 2241 3412 2300 Ambrosii
3444 2242 3798 2301 editionibus

479 2339 715 2410 vulgatae
743 2338 960 2393 fuerant
990 2356 1004 2403 ;
1035 2345 1147 2393 tres
1183 2354 1313 2393 vero
1342 2337 1687 2408 posteriores,
1717 2336 1976 2392 videlicet
2009 2354 2021 2392 :
2058 2336 2119 2391 de
2148 2337 2454 2394 Inventione
2476 2343 2805 2393 sanctorum
2835 2336 3080 2393 Gervasii
3106 2341 3153 2390 et
3179 2335 3461 2398 Protasii;
3488 2335 3551 2389 de
3585 2336 3804 2391 Inven—

479 2432 618 2489 tione
643 2438 941 2488 sanctorum
990 2431 1177 2489 Vitatis
1214 2438 1263 2487 et
1285 2431 1569 2502 Agricola,
1601 2439 1765 2504 atque
1792 2429 2024 2503 epistola
2050 2430 2123 2486 ad
2150 2427 2474 2485 Florianu-m
2495 2444 2517 2491 ;
2543 2442 2575 2483 a
2608 2425 2870 2483 Romanis
2895 2423 3205 2481 editoribus
3233 2424 3474 2496 primum
3516 2423 3573 2479 in
3603 2424 3799 2480 lucem

478 2520 691 2578 emissae
720 2528 868 2577 sunt.
902 2522 981 2577 De
1008 2519 1242 2592 singulis
1269 2536 1555 2577 censuram
1584 2529 1828 2578 nostram
1860 2519 2103 2576 breviter
2138 2515 2488 2589 subjicimus,
2520 2523 2583 2572 ut
2632 2515 2805 2571 lector
2838 2513 3109 2585 intelligat
3137 2512 3341 2586 quibus
3378 2512 3684 2569 momentis
3719 2512 3799 2568 ad

479 2630 570 2671 eas
606 2612 938 2670 abdicandas
966 2612 1140 2668 simus
1172 2611 1411 2669 inducti.

549 2704 853 2775 Epistolam
883 2703 956 2758 ad
974 2702 1362 2758 Demetriadem
1389 2717 1580 2757 omnes
1606 2701 1950 2758 eruditorum
1981 2699 2243 2758 centuria)
2290 2694 2583 2753 Ambrosio
2629 2692 2968 2765 abjudicant,
3000 2708 3235 2765 quorum
3271 2689 3548 2762 judicium
3579 2699 3783 2749 ratum

478 2808 593 2849 esse
621 2792 818 2848 debere
847 2790 1120 2865 quidquid
1143 2790 1451 2862 legentibus
1482 2790 1597 2847 illic
1642 2791 1904 2859 occurrit,
1937 2800 2122 2863 aperte
2151 2788 2379 2863 probat:
2414 2785 2653 2841 maxime
2697 2799 2831 2841 vero
2878 2800 3000 2857 quae
3038 2783 3394 2854 disputantur
3420 2782 3489 2838 de
3520 2782 3789 2854 Pelagia-

479 2881 566 2937 nis
594 2881 828 2937 Doctore
859 2890 1048 2937 nostro
1077 2880 1494 2952 posterioribus.
1525 2880 1791 2936 Eamdem
1824 2887 1950 2936 ante
1987 2881 2201 2954 aliquot
2246 2892 2419 2934 annos
2447 2874 2617 2930 Leoni
2663 2875 2859 2946 Magno
2902 2881 3130 2930 conatus
3156 2880 3272 2929 erat
3301 2888 3535 2928 asserere
3586 2873 3645 2928 in
3678 2890 3790 2929 sua

480 2986 706 3042 operum
751 2968 993 3041 ejusdem
1041 2968 1325 3025 Pontiﬁcis
1371 2969 1613 3025 editione
1660 2969 2047 3036 Quesnellius:
2090 2969 2149 3024 in
2192 2982 2353 3040 quem
2400 2980 2576 3036 nuper
2618 2964 2913 3019 Anselmus
2954 2963 3246 3034 insurgens
3292 2962 3504 3034 magnis
3546 2963 3787 3033 animis,

482 3055 634 3112 illam
663 3058 915 3130 populari
946 3074 1047 3113 suo
1093 3057 1358 3130 Prospero
1387 3074 1512 3115 cum
1561 3059 1687 3115 aliis
1715 3076 1827 3116 non
1859 3059 2045 3132 paucis
2092 3056 2329 3115 credidit
2362 3054 2776 3111 vindicandam.
2809 3053 3058 3121 Quilibet
3101 3070 3162 3110 ea
3192 3052 3248 3109 in
3279 3054 3632 3111 contentione
3663 3056 3787 3111 utri

480 3146 718 3202 voluerit
746 3145 888 3217 parti
916 3162 1031 3201 sese
1058 3144 1318 3218 adjunget
1349 3164 1363 3214 ;
1397 3162 1496 3202 nos
1529 3148 1677 3203 enim
1703 3147 1835 3203 dum
1865 3155 2077 3205 constet
2126 3150 2406 3206 Ambrosii
2438 3165 2549 3204 non
2588 3164 2724 3217 esse,
2776 3147 2924 3204 haud
2979 3147 3399 3219 refragabimur.
3442 3146 3581 3204 Cum
3614 3164 3790 3220 porro

479 3236 668 3295 eadem
694 3237 926 3310 epistola
954 3237 1144 3293 multis
1174 3240 1231 3293 in
1271 3238 1407 3294 locis
1436 3237 1580 3310 apud
1630 3238 1769 3294 alios
1812 3238 1881 3294 ab
1923 3238 2219 3295 Ambrosio
2248 3240 2433 3297 Patres
2462 3238 2610 3295 edita
2637 3237 2825 3308 fuerit,
2872 3238 3060 3293 inutili
3102 3237 3341 3309 pondere
3372 3255 3599 3311 gravare
3628 3237 3789 3295 vide-

478 3342 667 3384 remur
695 3336 945 3384 nostrum
976 3326 1083 3384 hoc
1111 3328 1393 3396 volumen,
1426 3327 1472 3383 si
1503 3326 1685 3384 denuo
1721 3328 1893 3401 ipsam
1921 3327 2185 3384 recudere
2212 3327 2432 3383 animus
2461 3333 2623 3383 esset.

550 3416 915 3485 Quamobrem
948 3424 1182 3490 quatuor
1210 3433 1397 3473 earum
1427 3434 1562 3490 quas
1591 3417 1683 3474 hic
1711 3417 1983 3485 dabimus,
2012 3416 2263 3473 ordinem
2295 3416 2482 3484 ducet,
2508 3432 2631 3488 quae
2662 3415 2959 3486 virginibus
3010 3415 3180 3471 sacris
3210 3413 3484 3472 destinata
3511 3423 3614 3472 est.
3651 3416 3787 3474 Haec

479 3515 662 3563 autem
710 3524 837 3562 cum
887 3507 1123 3562 aliorum
1159 3507 1372 3563 calculo
1417 3506 1686 3578 rejicitur,
1740 3516 1859 3567 tum
1898 3524 1929 3563 a
1973 3506 2211 3562 Baronio
2241 3506 2360 3578 ipso
2394 3506 2488 3576 (ad
2516 3522 2718 3561 annum
2763 3504 2888 3574 324,
2926 3521 3072 3560 num.
3109 3504 3235 3576 107)
3263 3504 3469 3561 dicitur
3491 3522 3787 3578 perperam

478 3593 750 3649 Ambrosii
779 3594 987 3648 nomine
1015 3593 1339 3664 consignata.
1366 3594 1520 3651 Unde
1550 3610 1659 3649 non
1690 3593 1885 3649 mirari
1928 3595 2176 3667 profecto
2206 3612 2318 3651 non
2365 3611 2657 3668 possumus
2692 3594 2828 3667 quid
2876 3592 3015 3650 viris
3061 3593 3417 3661 doctissimis,
3457 3599 3553 3668 qui
3597 3596 3786 3667 operis

480 3699 513 3740 a
540 3684 810 3739 Bollando
842 3684 1046 3757 incepti
1094 3685 1296 3741 molem
1346 3685 1593 3741 humeris
1646 3693 2005 3759 exceperunt,
2047 3685 2262 3741 venerit
2310 3684 2367 3740 in
2414 3693 2677 3752 mentem,
2730 3700 2855 3740 cum
2906 3699 3024 3739 eam
3073 3681 3360 3755 epistolam
3400 3683 3502 3739 sub
3531 3683 3786 3756 ejusdem

480 3773 762 3831 Ambrosii
805 3776 978 3830 nostri
1015 3775 1239 3831 nomine
1274 3775 1425 3849 typis
1478 3783 1884 3848 expresserunt.
1931 3777 2232 3833 Advertere
2275 3792 2404 3832 sane
2444 3775 2752 3832 debuerant
2779 3781 3060 3830 auctorem
3109 3772 3227 3845 ejus
3265 3789 3487 3845 prorsus
3520 3774 3783 3846 ignarum

480 3863 759 3920 exstitisse
806 3864 1030 3921 illorum
1085 3882 1323 3934 morum,
1370 3864 1466 3939 qui
1522 3866 1862 3939 temporibus
1921 3866 2095 3922 sancti
2133 3864 2399 3921 antistitis
2442 3865 2627 3921 Romae
2668 3862 3010 3919 obtinebant.
3059 3864 3195 3919 Nam
3242 3864 3452 3936 alioqui
3494 3880 3782 3936 nunquam

480 3951 805 4024 scripsisset,
848 3953 995 4026 quod
1024 3953 1258 4025 legimus
1285 3954 1387 4011 sub
1418 3953 1584 4011 ﬁnem
1637 3954 1882 4027 epistolas
1916 3973 1928 4011 :
1975 3954 2363 4022 Perseveravit,
2413 3953 2614 4026 inquit,
2676 3953 2987 4010 Constantia
3023 3952 3077 4007 in
3118 3952 3439 4023 virginitate,
3468 3969 3567 4024 per
3613 3970 3787 4024 quam

480 4044 662 4098 multa:
690 4042 917 4115 virgines
945 4050 994 4098 et
1018 4044 1298 4100 mediocres
1336 4053 1385 4101 et
1423 4046 1621 4101 nobiles
1670 4051 1718 4100 et
1767 4044 2001 4100 illustres
2048 4061 2203 4102 sacra
2236 4045 2500 4101 velamina
2545 4052 2899 4117 susceperunt.
2948 4045 3122 4112 Quam
3162 4045 3306 4100 enim
3344 4043 3450 4101 hoc
3479 4062 3687 4101 vanum
3722 4062 3787 4101 ac

479 4129 640 4189 futile
674 4130 765 4200 sit,
788 4148 856 4188 ex
889 4132 1214 4206 Hieronymi
1260 4134 1611 4205 cognoscitur
1657 4134 2001 4201 testimonio,
2034 4135 2130 4190 ubi
2165 4135 2246 4193 sic
2289 4134 2371 4191 ait
2401 4134 2600 4206 (Epist.
2646 4135 2708 4190 de
2739 4135 2984 4190 laudibus
3012 4135 3300 4207 Marcellae)
3329 4153 3346 4190 :
3380 4135 3550 4192 Nulla
3571 4155 3629 4191 eo
3662 4143 3786 4191 tem-

474 4238 606 4292 pore
633 4222 891 4278 nobilium
916 4221 1240 4293 feminarum
1266 4230 1482 4279 voverat
1530 4225 1708 4280 Romae
1753 4224 2089 4295 propositum
2115 4226 2509 4293 monachorum,
2561 4241 2650 4279 nec
2678 4224 2902 4280 audebat
2923 4231 3143 4295 propter
3179 4224 3258 4279 rei
3302 4225 3588 4280 novitatem
3640 4226 3789 4297 igno-

478 4312 783 4381 miniosum,
812 4318 871 4368 ut
902 4319 1021 4369 tunc
1039 4314 1352 4385 putabatur,
1398 4319 1446 4368 et
1476 4314 1577 4368 vile
1604 4314 1661 4368 in
1692 4313 1907 4385 populis
1937 4329 2126 4367 nomen
2164 4330 2448 4369 assumere.
2483 4315 2629 4387 Ergo
2666 4314 2713 4371 si
2743 4312 2831 4370 cui
2863 4313 3157 4370 Ambrosio
3203 4312 3496 4369 tribuenda
3530 4314 3639 4370 erit
3672 4314 3788 4370 haec

481 4399 731 4471 epistola,
765 4418 1049 4458 censuram
1107 4404 1503 4475 amplectemur
1553 4403 1781 4459 Joannis
1826 4402 2066 4461 Bandini
2113 4404 2181 4460 ad
2226 4405 2528 4476 marginem
2586 4402 2829 4475 ejusdem
2878 4399 3123 4474 epistolae
3162 4402 3218 4457 in
3267 4400 3540 4459 Vaticano
3594 4402 3786 4459 codice

480 4497 779 4555 exaratam,
814 4490 959 4545 unde
997 4507 1114 4546 eam
1139 4493 1314 4548 amica
1348 4508 1513 4547 manu
1541 4491 1869 4565 descriptam
1906 4492 2204 4551 habuimus
2247 4494 2303 4549 in
2337 4494 2454 4551 haec
2488 4494 2657 4549 verba
2685 4512 2697 4549 :
2734 4494 2856 4549 Non
2896 4499 2971 4547 est
3021 4492 3294 4548 Ambrosii
3337 4492 3781 4558 Mediolanensis,

481 4579 569 4631 sed
591 4578 813 4632 alterius
840 4579 1116 4648 cujusdam
1152 4581 1420 4635 Ambrosii
1454 4581 1715 4649 monachi,
1758 4582 1852 4651 qui
1890 4582 2026 4636 hunc
2050 4600 2339 4639 sermonem
2369 4584 2548 4639 Grave
2576 4582 2805 4652 scripsit.
2851 4583 3049 4636 Exstat
3066 4580 3125 4635 in
3145 4581 3450 4636 bibliotheca
3497 4581 3782 4643 Vaticana,

480 4673 529 4721 et
549 4668 882 4737 postmodum
910 4669 966 4722 in
999 4668 1237 4723 Latinam
1270 4670 1503 4741 linguam
1530 4687 1807 4725 conversus
1834 4676 1909 4725 est
1938 4672 2003 4726 ab
2032 4672 2164 4728 alio.

552 4755 711 4822 Quod
739 4764 944 4827 spectat
973 4757 1041 4813 ad
1070 4759 1308 4831 reliquas
1345 4766 1458 4815 tres
1487 4760 1631 4827 illas,
1661 4776 1795 4832 quas
1826 4760 1884 4815 in
1914 4760 2164 4816 Romana
2208 4760 2451 4818 editione
2500 4759 2741 4833 primum
2789 4758 3059 4832 prodiisse
3105 4775 3270 4832 supra
3306 4757 3580 4823 diximus,
3613 4758 3786 4830 quis-

481 4845 606 4916 quis
647 4845 860 4902 easdem
910 4863 1035 4903 cum
1067 4847 1344 4921 aliquibus
1379 4863 1505 4904 vere
1533 4848 2022 4906 Ambrosianarum
2068 4851 2396 4908 contendere
2440 4850 2762 4919 instituerit,
2804 4852 2988 4907 statim
3036 4858 3292 4923 agnoscet
3339 4857 3545 4922 quanto
3572 4847 3789 4904 discri-

482 4933 631 4989 mine
653 4932 889 4990 invicem
920 4934 1268 4992 abhorreant.
1303 4937 1373 4993 Ut
1400 4953 1530 4993 vero
1557 4936 1611 4992 id
1643 4937 1886 5008 apertius
1914 4937 2227 5013 clariusque
2266 4940 2359 5009 sit,
2391 4957 2512 5013 quae
2544 4938 2600 4995 in
2641 4939 2819 5011 prima
2848 4940 3068 4995 illarum
3111 4939 3178 4996 de
3208 4939 3532 4995 inventione
3575 4954 3789 5010 corpo-

481 5040 603 5080 rum
636 5024 883 5080 Gervasii
913 5034 967 5081 et
1018 5026 1249 5082 Protasii
1300 5028 1634 5094 referuntur,
1682 5045 1810 5083 cum
1858 5027 1928 5083 iis
1965 5046 2085 5102 quae
2119 5029 2187 5085 de
2235 5029 2337 5087 hac
2374 5030 2491 5102 ipsa
2543 5030 2863 5086 inventione
2905 5028 3269 5100 Augustinus,
3301 5028 3591 5095 Paulinus,
3621 5036 3784 5100 atque

481 5112 618 5170 adeo
644 5113 873 5186 ipsemet
892 5114 1218 5173 Ambrosius
1249 5124 1572 5185 memorant,
1622 5117 2000 5174 conferantur.
2044 5117 2166 5173 Non
2212 5117 2559 5174 diﬂitendum
2602 5127 2784 5175 tamen
2831 5118 3013 5175 locum
3061 5133 3130 5172 ex
3177 5114 3283 5172 hac
3323 5114 3513 5171 eadem
3555 5113 3790 5187 epistola

482 5204 541 5259 in
582 5203 888 5275 fragmento
918 5204 1197 5261 Orationis
1224 5206 1451 5262 Joannis
1495 5206 1819 5263 Damasceni
1848 5206 1911 5261 de
1939 5206 2267 5277 Imaginibus
2295 5207 2524 5263 citatum
2557 5206 2802 5279 reperiri.
2833 5205 2937 5262 Sed
2968 5204 3111 5261 nihil
3142 5202 3295 5261 aliud
3324 5220 3393 5260 ex
3423 5203 3529 5260 hoc
3558 5202 3789 5276 probare

483 5293 680 5367 possis,
709 5294 817 5350 nisi
857 5293 972 5367 jam
1004 5294 1133 5350 inde
1154 5295 1224 5351 ab
1253 5304 1410 5353 aetate
1449 5295 1693 5368 ejusdem
1750 5296 1955 5367 sancti,
1986 5296 2032 5352 si
2062 5302 2243 5352 tamen
2271 5294 2390 5368 ejus
2428 5313 2557 5352 vere
2583 5295 2656 5351 sit
2705 5296 2844 5352 illud
2874 5296 3265 5369 fragmentum,
3310 5293 3464 5350 illam
3497 5293 3786 5367 epistolam

480 5383 764 5441 Ambrosii
820 5385 1048 5441 nomine
1087 5386 1437 5443 circumferri
1481 5385 1861 5442 consuevisse.
1917 5386 2029 5442 Nec
2077 5400 2208 5441 vero
2260 5384 2550 5443 obscurius
2594 5385 2814 5442 videtur
2850 5374 3167 5460 sequentem
3208 5383 3448 5458 alicujus
3478 5398 3597 5440 esse
3646 5398 3791 5440 con-

481 5474 855 5544 sarcinatoris,
888 5476 981 5549 qui
1010 5475 1291 5533 Ambrosii
1323 5475 1716 5546 narrationem,
1757 5492 1865 5551 qua
1894 5475 2097 5534 Vitatis
2124 5484 2286 5549 atque
2341 5476 2611 5550 Agricolas
2639 5486 2947 5551 martyrum
3004 5476 3386 5534 inventionem
3417 5476 3477 5532 in
3502 5475 3790 5532 Exhorta-

483 5561 620 5617 tione
657 5564 987 5637 Virginitatis
1011 5564 1341 5639 descriptam
1370 5565 1618 5640 reliquit,
1672 5566 1871 5640 partim
1904 5564 2177 5632 addendo,
2203 5567 2401 5638 partim
2431 5567 2715 5637 mutando,
2769 5568 2971 5642 partim
3019 5565 3432 5640 transponendo
3477 5562 3790 5637 interpola-

483 5649 583 5708 vit.
618 5652 737 5709 Huc
763 5653 901 5712 adde
946 5653 1195 5729 Gregorii
1245 5656 1581 5716 Turonensis
1612 5658 1999 5717 auctoritatem
2037 5655 2241 5714 diserte
2268 5655 2593 5715 aﬂirmantis
2623 5657 2747 5733 (lib.
2783 5674 2802 5714 ι
2832 5656 2896 5715 de
2923 5657 3116 5717 Gloria
3142 5657 3311 5723 Mart.
3354 5670 3478 5729 cap.
3510 5652 3584 5711 44
3608 5660 3664 5711 et
3690 5650 3783 5721 47)
