4068 6182
277 306 383 363 813

1166 313 1531 372 ΕΡΙὸΤΟΙηλΕ
1570 317 1671 372 EX
1714 318 2183 378 AMBROSIANIS
2219 322 2684 382 SEGREGAT/E.

3465 336 3573 392 814

274 437 430 524 aetate
459 406 558 524 sua
586 440 893 524 martyrum
917 435 1139 508 quidem
1162 438 1410 495 Gervasii
1439 449 1603 514 atque
1618 443 1852 500 Protasii
1879 446 2018 502 Acta
2036 440 2332 517 exstitisse,
2356 463 2465 504 non
2496 464 2626 505 vero
2654 449 2721 507 Vi
2732 451 2856 506 talis
2879 459 2933 507 et
2956 452 3248 524 Agricola:-
3285 424 3570 513 Postremo

272 519 519 610 Epistula
543 537 664 593 quae
696 521 754 577 in
783 523 1028 582 Romana
1056 526 1299 583 editione
1327 530 1589 585 Flaviano
1620 532 1947 591 inscribitur
1981 554 1994 603 ;
2032 537 2085 590 in
2116 535 2303 592 codice
2340 546 2521 593 autem
2553 540 2730 610 Regia:
2776 519 3131 596 Bibliotheca)
3176 541 3274 597 vix
3317 541 3575 601 ducentis

272 608 431 665 annis
458 610 739 698 superiore
764 629 777 666 :
809 613 888 667 De
912 615 1149 669 moribus
1167 622 1217 670 et
1244 617 1458 673 honesta
1487 619 1599 675 vita
1618 637 1647 695 q;
1698 620 1828 677 licet
1872 622 2165 698 utrobique
2191 625 2471 681 Ambrosii
2498 608 2699 682 nomen
2741 627 2798 683 in
2828 627 3009 684 fronte
3037 628 3195 696 ferat,
3228 628 3360 687 huic
3389 638 3573 689 tamen

272 696 436 753 titulo
455 697 702 769 ejusdem
733 701 910 772 stylus
937 718 1001 760 ac
1020 703 1309 776 ingenium
1344 707 1507 778 plane
1542 710 1866 767 reclamant.

274 855 2391 882 ___.._—____________—_______

1247 909 2596 1192 EPISTOLE

397 1284 554 1368 EX
639 1284 1844 1371 AMBROSIANARUM
1929 1287 2489 1378 NUMERO

740 1591 891 1652 479
911 1581 1288 1647 EPISTOLA.
1315 1590 1358 1646 Ι.

261 1703 569 1777 Antequam
588 1702 753 1777 gnte
776 1705 1000 1777 virginis
1020 1707 1342 1777 martyrium
1362 1705 1876 1772 describatur,amor

330 1775 684 1855 in'eamjilii
721 1775 983 1855 prefecti,
1014 1775 1228 1855 ejusque
1267 1778 1869 1855 repulsa_memoratur.

332 1846 479 1920 Hinc
496 1846 758 1920 adjicitur
783 1849 1009 1918 virginis
1047 1846 1408 1904 condemnatio
1436 1849 1508 1903 ad
1544 1850 1798 1920 lupanar,
1828 1856 1876 1905 et

332 1918 480 1972 inter
508 1918 773 1992 miracula
819 1920 1075 1975 divinitus
1113 1927 1333 1991 propter
1379 1918 1612 1974 eamdem
1635 1922 1872 1992 puellam

326 1996 663 2062 perpetrata,
692 1991 1032 2046 adolescentis
1048 1993 1104 2046 in
1123 2008 1237 2045 eam
1256 1992 1586 2062 depereuntis
1604 1992 1871 2058 interitus,

331 2066 494 2134 atque
524 2061 597 2115 ad
619 2062 782 2117 vitam
812 2064 1092 2119 revocatio.
1134 2065 1263 2119 Tum
1294 2061 1532 2133 sequitur
1558 2063 1781 2134 virginis
1810 2064 1871 2119 ob

330 2132 660 2206 ethnicorum
737 2134 1040 2190 seditionem
1104 2132 1465 2190 condemnatio
1533 2134 1605 2189 ad
1648 2132 1870 2206 rogum,

330 2203 553 2274 ejusque
626 2205 699 2277 in
747 2206 933 2260 mediis
997 2206 1203 2277 ignibus
1268 2206 1451 2261 illaesa?
1517 2203 1874 2276 permanentis

330 2281 575 2349 eruenta
594 2276 776 2331 aedes.
800 2278 953 2349 ,Mox
978 2276 1314 2349 paganorum
1344 2278 1400 2331 in
1436 2276 1768 2349 Christianos
1800 2278 1872 2334 ad

328 2346 602 2416 Martyris
638 2348 897 2403 tumulant
936 2346 1175 2404 orationi
1204 2350 1458 2403 instantes
1487 2347 1675 2417 furore
1702 2350 1870 2405 decla-

328 2424 479 2492 rato,
522 2435 627 2473 nea:
684 2420 1090 2489 Emerentianee,
1145 2427 1193 2474 et
1240 2419 1565 2475 Constantia;
1621 2421 1872 2492 Augustos

326 2490 553 2563 sanitas
566 2491 831 2563 restituta,
863 2509 952 2546 nec
1002 2509 1107 2545 non
1125 2493 1191 2547 ab
1230 2492 1407 2546 eadem
1458 2490 1723 2563 principe
1751 2500 1871 2547 tem—

318 2562 806 2635 plum_liberatrici
833 2580 942 2617 sum
968 2564 1303 2635 aediﬁcatum,
1334 2570 1381 2617 et
1408 2563 1576 2634 ipsius
1603 2562 1720 2618 cum
1745 2565 1871 2620 aliis

320 2632 581 2704 pluribus
608 2633 931 2705 virginitatis
958 2632 1292 2706 propositum
1321 2632 1631 2690 enarratur.

254 2739 878 2814 Annuoswsepiscopus
900 2757 1094 2797 servus
1114 2740 1321 2798 Christi
1345 2740 1656 2813 virginibus
1678 2742 1867 2799 sacris.

333 2830 390 2883 1.
427 2829 586 2884 Diem
642 2830 843 2886 festum
899 2830 1280 2887 sacratissima:
1324 2830 1561 2901 virginis
1620 2828 1901 2888 celebre?

254 2933 425 2973 mus:
470 2916 601 2975 hinc
635 2919 830 2991 psalmi
862 2928 1137 2988 resonent,
1171 2919 1301 2975 inde
1317 2928 1652 2992 concrepent
1681 2922 1867 2978 lectio-
1896 2950 1942 3010 Β

254 3021 365 3063 nes
398 3022 411 3060 :
445 3005 577 3063 hinc
607 3009 935 3080 populorum
968 3010 1143 3066 turba:
1175 3009 1452 3077 laitentur,
1488 3008 1619 3065 inde
1671 3010 1867 3067 suble-

254 3105 471 3153 ventur
498 3113 760 3169 pauperes
790 3097 1018 3156 Christi.
1044 3098 1248 3156 Omnes
1276 3115 1404 3171 ergo
1436 3097 1779 3171 gratulemur
1808 3100 1865 3155 in

252 3178 549 3255 Domino,”
583 3194 637 3243 et
687 3188 756 3245 ad
818 3188 1239 3246 aediﬁcationem
1290 3188 1569 3261 virginum
1629 3189 1867 3261 qualiter

249 3293 417 3349 passa
446 3278 519 3333 sit
556 3282 737 3351 Agnes
764 3279 1098 3347 beatissima,
1132 3280 1201 3337 ad
1250 3281 1571 3337 memoriam
1630 3296 1867 3337 revoce-

250 3384 405 3422 mus.
440 3366 706 3441 Tempore
734 3369 831 3426 illo
861 3378 977 3426 erat
1006 3372 1257 3443 quaedam
1287 3371 1447 3443 virgo
1475 3372 1659 3429 Romae
1693 3369 1867 3427 nobi-

246 3454 409 3523 libus
447 3463 569 3512 orta
625 3458 922 3528 natalibus,
972 3461 1199 3516 nomine
1246 3460 1450 3532 Agnes,
1501 3478 1622 3534 quae
1650 3468 1865 3517 certans

245 3554 452 3603 contra
480 3546 756 3620 principes
784 3556 837 3606 et
867 3557 1161 3621 potestates
1204 3551 1554 3607 tenebrarum
1602 3551 1710 3623 (l),
1740 3558 1863 3606 ter-

245 3632 560 3691 tiodecimo
597 3637 774 3693 aetatis
827 3654 939 3694 sum
995 3654 1143 3694 anno
1197 3646 1431 3694 mortem
1493 3638 1751 3711 perdidit,
1809 3646 1863 3695 et

245 3724 428 3779 vitam
472 3724 690 3784 invenit
721 3745 734 3794 ;
768 3727 898 3800 quia
924 3726 1103 3784 solum
1144 3728 1273 3784 vitae
1303 3726 1505 3785 dilexit
1538 3729 1856 3785 Auctorem.

246 3811 499 3869 Infantia
544 3814 762 3887 quidem
810 3814 1233 3889 computabatur
1281 3818 1338 3873 in
1392 3818 1570 3886 annis,
1622 3815 1714 3873 sed
1745 3824 1860 3873 erat

244 3909 511 3959 senectus
559 3904 758 3961 mentis
803 3904 862 3961 in
901 3905 1148 3961 moribus
1180 3904 1262 3977 (2)
1299 3924 1310 3962 :
1361 3922 1590 3979 corpore
1634 3906 1857 3979 quidem

245 3989 575 4061 iuvencula,
629 3992 723 4048 sed
788 3993 974 4049 animo
1029 4010 1183 4050 cana.
1251 3993 1489 4051 Pulchra
1546 3991 1704 4064 facie,
1764 3993 1858 4050 sed

252 4077 546 4150 pulchrior
574 4080 702 4150 ﬁde,
732 4086 787 4138 et
814 4082 1114 4154 elegantior
1140 4083 1406 4140 castitate.

325 4167 383 4225 2.
417 4168 545 4237 Quae
600 4171 733 4228 dum
772 4186 804 4226 a
857 4171 1063 4228 scholis
1110 4179 1500 4241 reverteretur,
1529 4190 1561 4230 a
1613 4174 1857 4246 praefecti

248 4257 419 4316 Urbis
449 4259 568 4316 ﬁlio
622 4262 927 4318 adamatur.
981 4260 1152 4333 Cujus
1206 4270 1458 4334 parentes
1508 4280 1631 4319 cum
1663 4264 1857 4336 requi-

240 4346 472 4417 sissent,
532 4357 586 4406 et
616 4351 975 4419 invenissent,
1026 4358 1311 4423 coeperunt
1355 4352 1587 4424 pulchra
1633 4352 1847 4421 offerre,

193 4444 296 4493 -et
327 4435 655 4510 pulchriora
716 4440 1034 4510 promittere
1085 4441 1189 4512 (3).
1241 4440 1486 4512 Denique
1541 4439 1849 4498 detulerant

237 4543 437 4583 secum
466 4527 863 4599 pretiosissima
910 4534 1255 4595 ornamenta,
1302 4545 1422 4600 quae
1452 4546 1483 4584 a
1512 4528 1668 4586 beata
1695 4531 1848 4602 Agne

238 4615 425 4671 veluti
458 4616 704 4688 quaedam
736 4624 973 4673 stercora
1004 4624 1132 4673 sunt
1161 4625 1425 4673 recusata.
1461 4618 1613 4674 Unde
1641 4617 1845 4675 factum

235 4710 323 4761 est
354 4711 421 4759 ut
447 4700 673 4774 juvenis
713 4704 910 4777 majori
951 4714 1336 4779 perurgeretur
1363 4708 1565 4764 amoris
1594 4708 1843 4779 stimulo,

234 4801 292 4850 et
323 4800 533 4867 putans
559 4809 675 4849 eam
712 4790 938 4865 juvenis
965 4794 1193 4851 meliora
1221 4796 1363 4853 velle
1402 4799 1645 4871 accipere
1675 4815 1848 4855 orna-

234 4889 459 4950 menta,
488 4899 707 4938 omnem
740 4883 976 4956 lapidem
1007 4883 1306 4957 pretiosum
1352 4904 1536 4943 secum
1564 4887 1759 4957 defert,
1792 4896 1847 4945 et

231 4972 482 5045 gloriam
514 4970 595 5044 (4)
624 4991 636 5029 :
668 4978 723 5029 et
751 4989 848 5046 per
876 4990 932 5029 se
953 4974 1158 5046 ipsum,
1195 4980 1249 5030 et
1289 4992 1385 5048 per
1412 4976 1639 5045 amicos,
1678 4985 1732 5033 et
1751 4994 1846 5050 per

230 5069 429 5131 notos,
464 5070 517 5118 et
570 5064 781 5133 amnes,
831 5064 999 5137 coepit
1042 5080 1203 5121 aures
1258 5064 1493 5138 virginis
1546 5066 1842 5139 appellare,

226 5150 494 5221 divitias,
527 5152 743 5222 domos,
782 5150 1174 5228 possessiones,
1194 5152 1452 5226 familias,
1470 5162 1635 5229 atque
1654 5172 1844 5213 omnes

2584 1294 3438 1386 SEGREGATZE.

1900 1592 1951 1651 A
1985 1589 2153 1664 hujus
2208 1595 2402 1652 mundi
2456 1597 2682 1656 delicias
2733 1604 3136 1675 repromittere,
3165 1605 3213 1663 si
3242 1623 3573 1668 consensum

1982 1699 2144 1739 suum
2176 1683 2294 1757 ejus
2331 1687 2589 1762 conjugio
2616 1708 2731 1748 non
2763 1702 3029 1767 negasset.

2053 1800 2107 1856 3.
2139 1801 2224 1857 Ad
2255 1801 2372 1859 haec
2398 1801 2557 1860 beata
2585 1807 2768 1879 Agnes
2802 1811 2909 1865 tale
2938 1811 3114 1868 fertur
3132 1813 3326 1885 juveni
3356 1817 3574 1877 dedisse

1982 1904 2300 1961 responsum
2334 1910 2346 1947 :
2393 1894 2621 1952 Discede
2662 1913 2695 1953 a
2741 1914 2849 1967 me,
2887 1900 3063 1959 fomes
3104 1906 3332 1975 peccati,
3382 1909 3575 1966 nutri—

1982 1987 2229 2034 mentum
2254 1980 2552 2053 -facinoris,
2583 1984 2849 2056 pabulum
2874 1990 3071 2045 mortis
3098 2009 3110 2047 :
3139 1991 3358 2050 discede
3387 2012 3418 2051 a
3447 2013 3572 2063 me;

1980 2067 2111 2140 quia
2130 2067 2244 2139 jam
2284 2069 2353 2125 ab
2382 2072 2491 2127 alio
2532 2082 2774 2130 amatore
2818 2086 3097 2148 praeventa
3134 2099 3277 2150 sum,
3310 2083 3404 2157 qui
3434 2085 3575 2142 mihi

1979 2156 2112 2213 satis
2141 2158 2370 2215 meliora
2397 2160 2601 2218 obtulit
2630 2174 2974 2236 ornamenta,
3002 2176 3056 2224 et
3086 2172 3293 2228 annulo
3318 2156 3445 2230 fidei
3463 2193 3575 2234 suae

1981 2245 2333 2304 subarrhavit
2362 2265 2469 2318 me,
2503 2250 2662 2324 longe
2708 2260 2760 2309 te
2811 2255 3053 2312 nobilior
3081 2266 3136 2314 et
3165 2276 3359 2331 genere
3386 2271 3442 2319 et
3477 2264 3576 2320 di-

1979 2334 2207 2407 gnitate.
2248 2337 2480 2394 Ornavit
2526 2340 2903 2401 inaestimabili
2942 2346 3331 2408 dextrocherio
3373 2352 3575 2410 dexte-

1978 2443 2094 2484 ram
2127 2446 2323 2500 meam,
2365 2438 2419 2487 et
2446 2434 2653 2490 collum
2685 2452 2866 2493 meum
2910 2438 3090 2497 cinxit
3136 2442 3412 2514 lapidibus
3440 2461 3574 2517 pre-

1976 2520 2154 2577 tiosis.
2185 2522 2435 2579 Tradidit
2462 2526 2689 2583 auribus
2737 2531 2875 2586 meis
2922 2530 3331 2591 inaestimabiles
3351 2552 3573 2609 marga—

1979 2610 2135 2677 ritas,
2164 2620 2219 2669 et
2248 2612 2613 2672 circumdedit
2659 2633 2747 2673 me
2791 2621 3151 2678 vernantibus
3203 2631 3366 2696 atque
3413 2641 3570 2682 coru-

1979 2701 2265 2757 scantibus
2290 2704 2537 2773 gemmis.
2588 2706 2778 2760 Posuit
2806 2707 3021 2779 signum
3054 2711 3109 2765 in
3145 2712 3335 2768 faciem
3368 2729 3567 2783 meam,

1978 2797 2040 2844 ut
2070 2790 2284 2845 nullum
2310 2800 2503 2863 praeter
2525 2792 2704 2864 ipsum
2734 2804 3031 2853 amatorem
3053 2799 3359 2856 admittam.
3381 2803 3569 2859 Induit

1980 2891 2066 2930 me
2123 2878 2349 2948 cyclade
2403 2894 2536 2934 auro
2592 2888 2762 2951 texta,
2822 2891 2876 2940 et
2932 2886 3218 2943 immensis
3264 2889 3569 2947 monilibus

1980 2965 2199 3022 ornavit
2229 2983 2333 3022 me.
2368 2967 2624 3026 Ostendit
2652 2971 2792 3027 mihi
2834 2973 3115 3033 thesauros
3153 2977 3570 3051 incomparabi-

1977 3054 2075 3123 les,
2118 3071 2253 3127 quos
2284 3056 2421 3112 mihi
2469 3074 2526 3114 se
2569 3059 2827 3118 daturum
2875 3066 3209 3137 repromisit,
3259 3067 3303 3123 si
3343 3067 3401 3124 in
3449 3068 3568 3140 ejus

1975 3160 2393 3216 perseveravero
2428 3164 2633 3204 amore.
2682 3150 2805 3205 Non
2842 3168 2971 3223 ergo
3011 3163 3200 3225 potero
3246 3156 3315 3213 ad
3360 3166 3568 3216 contu-

1976 3236 2192 3291 meliam
2224 3237 2424 3308 prioris
2444 3240 2703 3297 amatoris
2733 3242 2821 3297 vel
2850 3243 3090 3315 aspicere
3118 3246 3289 3302 alium
3321 3255 3375 3304 et
3403 3250 3565 3306 illum

1973 3324 2283 3397 relinquere
2312 3342 2436 3381 cum
2469 3342 2578 3399 quo
2606 3345 2727 3385 sum
2760 3329 3028 3389 charitate
3072 3333 3330 3393 devincta
3361 3355 3374 3404 ;
3405 3338 3565 3409 cujus

1973 3421 2055 3467 est
2076 3415 2408 3483 generositas
2436 3415 2655 3485 celsior,
2698 3419 3037 3489 possibilitas
3065 3422 3286 3493 fortior,
3312 3434 3566 3497 aspectus

1976 3501 2281 3572 pulchrior,
2310 3519 2464 3558 amor
2494 3505 2736 3574 suavior,
2768 3515 2822 3562 et
2850 3513 3001 3564 omni
3027 3511 3202 3581 gratia
3238 3513 3560 3585 elegantior.

1970 3592 2020 3645 A
2048 3606 2158 3663 quo
2189 3590 2325 3646 mihi
2342 3591 2457 3663 jam
2479 3593 2752 3651 thalamus
2779 3598 3081 3655 collocatus
3110 3610 3209 3669 est,
3240 3602 3400 3674 cujus
3420 3604 3563 3660 mihi

1970 3696 2173 3752 organa
2222 3681 2519 3739 modulatis
2546 3684 2778 3741 vocibus
2808 3696 3066 3744 resonant
3094 3689 3252 3761 cujus
3281 3692 3419 3747 mihi
3449 3694 3577 3749 vir-'

1970 3772 2124 3843 gines
2146 3772 2471 3843 justissimis
2518 3776 2748 3833 vocibus
2793 3784 3037 3834 cantant.
3084 3780 3202 3836 Jam
3235 3783 3340 3838 mel
3371 3789 3425 3839 et
3478 3784 3564 3841 lac

1969 3877 2038 3917 ex
2085 3878 2179 3917 ore
2222 3862 2340 3934 ejus
2392 3865 2625 3936 suscepi,
2676 3864 2789 3937 jam
2839 3868 3186 3939 amplexibus
3239 3870 3357 3942 ejus
3394 3873 3560 3930 castis
3661 3898 3666 3902 ·

1967 3950 2192 4007 astricta
2219 3957 2367 4014 480
2411 3970 2555 4021 sum,
2591 3953 2707 4025 jam
2759 3972 2957 4028 corpus
3006 3955 3126 4028 ejus
3168 3960 3387 4031 corpori
3437 3976 3559 4016 meo

1967 4048 2235 4105 sociatum
2267 4058 2367 4117 est,
2415 4058 2469 4106 et
2510 4051 2730 4122 sanguis
2770 4050 2888 4123 ejus
2933 4052 3153 4108 ornavit
3195 4069 3357 4126 genas
3387 4071 3552 4111 meas.

1967 4137 2139 4209 Cujus
2170 4147 2344 4194 mater
2371 4139 2528 4211 virgo
2556 4148 2656 4207 est,
2689 4140 2848 4211 cujus
2877 4150 3033 4213 pater
3060 4142 3321 4198 feminam
3340 4143 3513 4199 nescit
3535 4162 3550 4211 ;

1963 4228 2053 4283 cui
2083 4228 2549 4300 angeliserviunt,
2568 4228 2726 4301 cujus
2749 4229 3219 4300 pulchritudinem
3242 4232 3394 4286 solet
3424 4233 3555 4288 luna

1880 4308 1923 4367 C
1958 4317 2250 4386 mirantur,
2301 4317 2459 4389 cujus
2506 4319 2672 4374 odore
2719 4318 3064 4377 reviviscunt
3120 4321 3345 4389 mortui,
3395 4319 3553 4392 cujus

1958 4415 2108 4462 tactu
2158 4408 2542 4465 confortantur
2592 4407 2821 4476 inﬁrmi,
2872 4407 3029 4479 cujus
3076 4427 3204 4482 opes
3266 4426 3549 4483 nunquam

1956 4496 2242 4566 deﬁciunt,
2287 4497 2551 4572 cujusque
2604 4498 2816 4554 divitia
2863 4516 3144 4573 nunquam
3203 4501 3546 4559 decrescunt.

1955 4587 2065 4658 Ipsi
2121 4585 2225 4642 soli
2283 4604 2442 4643 servo
2489 4586 2653 4643 ﬁdem
2714 4605 2911 4657 meam,
2969 4589 3073 4661 ipsi
3140 4607 3225 4647 me
3276 4598 3393 4647 tota
3445 4591 3551 4647 de-

1956 4675 2179 4732 votione
2234 4676 2540 4735 committo.
2620 4678 2792 4745 Quem
2857 4695 2983 4735 cum
3051 4696 3327 4749 amavero,
3402 4690 3550 4738 casta

1954 4782 2077 4822 sum
2120 4784 2287 4823 :cum
2337 4766 2587 4838 tetigero,
2638 4766 2845 4824 m'unda
2890 4786 3011 4825 sum
3049 4787 3060 4824 :
3107 4786 3232 4827 cum
3266 4788 3545 4857 accepero,

1953 4854 2110 4927 virgo
2137 4871 2279 4911 sum.
2314 4856 2423 4912 Nec
2451 4856 2683 4912 deerunt
2729 4864 2853 4928 post
2900 4858 3119 4930 nuptias
3157 4859 3381 4928 ﬁlii,ubi
3414 4854 3548 4933 par-1

1952 4951 2043 5000 tus
2070 4943 2190 4999 sine
2218 4943 2407 5001 dolore
2436 4944 2699 5016 succedit,
2753 4955 2808 5003 et
2857 4947 3169 5005 fecunditas
3219 4950 3543 5022 quotidiana

1951 5034 2288 5091 cumulatur.

2023 5147 2075 5205 3.
2107 5146 2355 5204 Audiens
2383 5146 2769 5208 insanissimus
2791 5148 3037 5223 juvenis,
3087 5167 3271 5211 amore
3299 5154 3543 5226 carpitur

1944 5369 2190 5439 parentes
2231 5364 2359 5439 dum
2399 5363 2720 5439 requisisset,
2757 5373 2807 5423 et
2831 5364 3130 5435 invenisset,
3176 5366 3326 5439 erepit
3348 5364 3539 5436 offerre

282 5357 400 5488 1si)
441 5357 689 5443 Tempore
715 5358 812 5420 illo
830 5371 1038 5447 erat...
1070 5370 1118 5421 et
1156 5368 1435 5437 potestates
1471 5364 1840 5433 tenebrarum,
1944 5369 2190 5447 parentes
2231 5364 2357 5420 dum
2399 5363 2676 5449 requisisse

341 5433 589 5488 oalllano
616 5435 739 5488 cod.
765 5443 1153 5488 restituuntur.
1948 5437 2207 5488 plurima.
2231 5444 2281 5488 et
2304 5438 2469 5488 nlura
2495 5455 2675 5488 υνοπιι

222 5448 256 5488 e
282 5433 589 5518 l‘lgalliitno
616 5433 1224 5518 cod.‘restituuntnr.'_.
1454 5516 1460 5518 Α
1676 5516 1684 5518 4
1748 5510 1758 5518 _
1943 5433 2207 5518 plurima,
2231 5444 2281 5492 et
2304 5433 2819 5518 plura—promittere.
2912 5511 2924 5518 _
3006 5510 3052 5518 __
3112 5433 3119 5435 ⁷
3242 5433 3260 5439 ’
3292 5507 3324 5518 __

307 5502 401 5581 (ξ)
458 5505 665 5581 Omnes
708 5506 870 5577 edit.,
924 5509 1014 5581 sed
1056 5508 1251 5581 mentis
1299 5516 1527 5565 senectus
1570 5516 1687 5567 erat
1737 5510 1842 5566 im-
1943 5502 1965 5507 “
2023 5506 2111 5579 (4)
2162 5502 2365 5581 Omnes
2409 5502 2569 5579 edit.,
2618 5511 2852 5567 omnium
2906 5510 3145 5581 lapidum
3184 5507 3538 5579 pretiosorum

501 5577 702 5654 melius
729 5574 1014 5654 vero__cod.
1051 5579 1231 5637 Noall.
1262 5588 1325 5638 ut
1349 5582 1407 5637 in
1432 5591 1714 5654 contextu.
1760 5652 1768 5654 Α
1948 5574 2117 5635 secum
2152 5579 2339 5637 detulit
2355 5574 2603 5654 gloriam.

307 5644 398 5717 (3)
435 5649 516 5705 lta
558 5649 683 5707 cod.
739 5651 920 5711 Noall.
954 5670 969 5721 ;
1027 5668 1221 5711 omnes
1247 5660 1431 5711 autem
1477 5653 1636 5724 edit.,
1683 5652 1836 5722 cujus

3694 4938 3727 4949 ι
