4068 6182
541 269 648 327 8ιῦ
798 278 809 287 ”
1612 265 1708 322 AD
1745 263 1980 322 OPERA
2016 262 2072 319 S.
2113 257 2445 320 AMBROSII
2475 256 2853 314 APPENDIX.
3692 263 3776 320 816

542 409 710 463 caeo,
747 399 802 449 et
829 392 975 448 inter
1023 389 1301 462 angustias
1328 388 1498 445 animi
1547 397 1602 446 et
1649 390 1894 461 corporis
1936 388 2135 445 anhelo
2165 388 2214 448 A
2246 394 2303 442 et
2339 385 2486 440 Deus
2513 382 2865 453 omnipotens
2894 387 3106 436 mentes
3133 379 3303 452 magis
3328 383 3621 452 comprobat
3644 403 3779 459 quam

544 481 893 540 cruciabatur
920 479 1139 552 spiritu.
1187 481 1336 535 Inter
1389 477 1508 534 hac
1554 479 1696 535 lecto
1744 479 2136 551 prosternitur,
2246 482 2455 531 atates.
2485 475 2627 529 Deos
2663 480 2846 528 autem
2883 479 3029 540 tuos,
3062 486 3291 542 quorum
3320 479 3489 529 motus
3516 490 3593 529 me
3617 474 3781 532 incur-

545 580 600 629 et
627 590 726 646 per
751 573 863 628 alta
907 569 1143 642 suSpiria
1170 586 1327 625 amor
1354 586 1385 626 a
1416 567 1646 625 medicis
1673 568 1938 641 aperitur.
1970 567 2140 623 Fiunt
2247 579 2366 619 rere
2394 566 2529 623 481
2570 578 2680 616 non
2709 560 2817 627 vis,
2849 560 2986 632 ipsis
3010 559 3170 615 irasci
3202 559 3467 630 permitte,
3501 563 3621 633 ipsis
3657 567 3781 639 loqui

545 672 677 721 nota
731 662 893 739 patri,
950 679 1071 734 qua
1130 662 1348 717 fuerant
1402 662 1628 716 inventa
1684 676 1715 715 a
1776 660 2029 727 medicis,
2087 666 2141 714 et
2244 658 2414 730 jube:
2451 658 2556 730 ipsi
2584 657 2690 714 hoc
2718 656 2857 712 mihi
2879 656 3343 729 pracipiant,ipsi
3368 656 3785 729 jubeantsecoli,

547 751 733 807 eadem
764 758 989 822 paterna
1014 767 1167 818 voce,
1215 767 1334 823 qua
1364 750 1581 805 fuerant
1618 749 1731 821 jam
1760 750 1911 807 dicta
1934 766 1965 804 a
2000 749 2138 817 ﬁlio,
2249 747 2355 818 ipsi
2379 743 2615 818 jubeant
2654 746 2890 801 adorari.
2926 746 3132 801 Verum
3163 745 3413 819 quoniam
3443 746 3506 801 ad
3534 746 3628 803 hoc
3651 748 3784 806 video

2252 843 2304 889 te
2337 835 2578 903 tendere,
2597 834 2740 907 quod
2760 835 3051 906 impetrare
3072 850 3181 889 non
3199 834 3415 905 poteris,
3438 834 3681 907 quidquid
3704 837 3785 894 tibi

2252 924 2494 992 videtur,
2538 940 2754 979 exerce.

2326 1014 2375 1068 7.
2414 1012 2819 1085 Symphronius
2856 1011 3152 1085 praefectus
3195 1010 3382 1067 dixit:
3434 1013 3601 1069 Unum
3642 1014 3729 1071 tibi
3766 1033 3787 1069 e

2252 1102 2470 1158 duobus
2496 1101 2655 1173 elige,
2688 1110 2783 1158 aut
2811 1118 2934 1157 cum
2967 1099 3280 1173 virginibus
3308 1100 3420 1157 dea
3450 1102 3616 1159 Vesta
3642 1105 3789 1162 sacri-

2254 1192 2401 1260 ﬁcia,
2428 1200 2521 1247 aut
2545 1208 2671 1263 cum
2705 1191 3091 1248 meretricibus
3111 1191 3435 1248 scortaberis
3451 1191 3506 1247 in
3531 1194 3793 1251 contuber-

2253 1282 2348 1337 nio
2378 1281 2651 1353 lupanari.
2693 1282 2765 1338 Et
2793 1281 2955 1355 longe
2983 1290 3147 1337 erunt
3177 1297 3209 1336 a
3234 1288 3289 1337 te
3318 1280 3621 1350 Christiani,
3650 1284 3729 1355 qui
3752 1291 3793 1339 te

2256 1370 2333 1425 ita
2371 1368 2596 1441 magicis
2641 1370 2852 1426 artibus
2886 1370 3227 1437 imbuerunt,
3279 1377 3341 1425 ut
3383 1369 3523 1427 hanc
3547 1372 3795 1427 calamita-

2257 1467 2364 1513 tem
2404 1458 2680 1529 intrepido
2741 1459 2929 1515 animo
2989 1467 3043 1515 te
3090 1475 3247 1531 posse
3290 1460 3522 1532 perferre
3572 1459 3792 1517 conﬁdas.

547 840 615 896 ad
642 839 963 911 petitionem
995 839 1228 911 virginis
1258 839 1638 894 revolvuntur.
1672 837 1921 909 Abnegat
1961 839 2144 910 Agnes

546 926 881 997 beatissima,
911 936 965 983 et
999 944 1054 983 se
1099 928 1255 984 nullo
1285 936 1441 1000 pacto
1480 928 1681 1000 prioris
1710 928 1904 983 asserit
1954 927 2143 999 sponsi

546 1016 754 1073 foedera
789 1017 1016 1073 violare.
1050 1016 1297 1090 Cumque
1323 1024 1472 1089 pater
1509 1017 1716 1074 diceret
1744 1017 1802 1071 in
1826 1016 2071 1072 fascibus
2088 1033 2144 1071 se

549 1107 911 1164 constitutum
940 1116 1234 1179 praeturam
1264 1122 1419 1178 agere
1437 1106 1542 1178 (5),
1575 1114 1629 1162 et
1662 1106 1870 1163 idcirco
1892 1106 2145 1179 quemvis

549 1196 717 1253 etiam
746 1197 1014 1253 illustrem
1046 1196 1227 1252 virum
1252 1196 1481 1252 minime
1510 1196 1617 1253 sibi
1644 1196 1840 1253 debere
1860 1196 2142 1269 praeferri;

550 1287 717 1361 ccepit
742 1295 924 1343 tamen
976 1286 1459 1343 vehementissime
1508 1286 1787 1360 inquirere
1831 1286 1955 1359 quis
2004 1294 2146 1343 esset

550 1396 804 1451 sponsus,
837 1386 1023 1435 sancta
1056 1378 1215 1450 cujus
1245 1379 1426 1449 Agnes
1483 1385 1749 1450 potestate
1792 1377 2143 1450 gloriaretur.

551 1469 705 1525 Tunc
735 1468 950 1524 exstitit
990 1467 1216 1541 quidam
1246 1484 1315 1522 ex
1345 1466 1600 1539 parasitis
1643 1464 1783 1537 ejus,
1813 1465 1907 1536 qui
1937 1465 2148 1521 diceret

551 1559 695 1615 hanc
723 1558 1082 1615 christianam
1114 1574 1231 1615 esse
1245 1557 1313 1615 ab
1342 1557 1599 1624 infantia,
1622 1562 1676 1610 et
1697 1555 1923 1626 magicis
1938 1555 2150 1611 artibus
2258 1549 2432 1618 Unde,
2460 1558 2521 1605 ut
2549 1549 2694 1619 dixi,
2726 1557 2821 1606 aut
2865 1549 3113 1607 sacriﬁca
3163 1549 3281 1607 dea
3327 1550 3504 1607 Vesta
3529 1550 3593 1607 ad
3618 1551 3795 1607 laudem

553 1651 631 1707 ita
649 1659 989 1723 occupatam,
1011 1659 1073 1707 ut
1090 1649 1238 1706 dicat
1257 1648 1537 1707 Christum
1551 1663 1809 1719 sponsum
1828 1662 1989 1702 suum
2010 1661 2144 1702 esse.
2257 1640 2468 1712 generis
2488 1639 2569 1695 tui
2589 1659 2602 1709 ;
2626 1649 2721 1697 aut
2739 1639 2809 1697 ad
2830 1640 3193 1714 ignominiam
3214 1641 3480 1697 natalium
3498 1649 3695 1697 tuorum
3714 1640 3797 1696 eris

622 1750 677 1807 4.
732 1750 982 1807 Audiens
1039 1749 1158 1805 hac
1189 1746 1595 1820 Symphronius
1646 1744 1935 1818 prafectus
1982 1746 2141 1801 latus
2172 1740 2218 1800 B
2255 1729 2490 1820 Publica?
2546 1729 2875 1801 δδὶθοίίοηίε
2940 1740 3206 1788 300111101-
3267 1731 3422 1788 Ταηο
3471 1730 3622 1787 beata
3654 1731 3797 1802 Αεηεε

551 1839 807 1907 efﬁcitur,
840 1847 895 1895 et
918 1837 1085 1894 missa
1113 1819 1456 1910 apparitione
1483 1852 1610 1893 cum
1660 1833 1854 1907 grandi
1888 1833 2145 1906 strepitu,
2253 1819 2377 1878 0Πηῖ
2410 1821 2621 1894 ingenti
2650 1822 2961 1879 constantia
2979 1822 3151 1879 ἀὶιίιε
3183 1821 3432 1879 Siscil‘es
3459 1821 3576 1894 quis
3592 1827 3663 1876 θεῖ
3686 1822 3799 1877 Deus

550 1928 667 1985 suis
694 1943 813 1984 eam
853 1926 1224 1983 tribunalibus
1253 1925 1511 1999 praecepit
1538 1924 1678 1982 sisti.
1701 1924 1773 1981 Et
1802 1923 1983 1996 primo
2011 1923 2147 1996 qni-

549 2018 675 2075 dem
724 2015 943 2093 blandis
994 2033 1116 2073 eam
1166 2015 1514 2073 sermonibus
1567 2013 1830 2071 secretius
1859 2019 2145 2085 provocat,

549 2106 750 2165 deinde
799 2105 1104 2163 terroribus
1162 2107 1368 2179 pulsat.
1428 2104 1534 2161 Sed
1589 2103 1747 2177 virgo
1795 2102 2004 2160 Christi
2045 2118 2147 2159 nec

548 2194 928 2252 blandimento
957 2194 1256 2263 seducitur,
1290 2211 1392 2251 nec
1422 2202 1630 2251 terrore
1654 2193 1973 2249 concutitur
2004 2209 2015 2248 :
2049 2190 2144 2248 sed

547 2284 740 2341 eodem
767 2286 947 2353 vultu,
975 2284 1165 2341 eodem
1196 2284 1383 2339 animo
1426 2298 1804 2355 perseverans,
1839 2288 1893 2337 et
1921 2288 2146 2338 terren—

545 2381 657 2431 tem
686 2374 947 2431 similiter
990 2374 1135 2430 sicut
1180 2372 1554 2429 blandientem
1603 2373 1791 2428 animo
1836 2370 2141 2428 deridebat.

546 2463 757 2522 Videns
803 2464 989 2537 itaque
1036 2464 1443 2538 Symphronius
1487 2464 1775 2538 prafectus
1820 2471 2031 2520 tantam
2085 2461 2145 2517 in

543 2553 728 2627 puella
754 2553 1143 2622 constantiam,
1166 2561 1417 2626 parentes
1441 2553 1560 2626 ejus
1583 2553 1916 2626 alloquitur:
1940 2560 1995 2609 et
2015 2550 2145 2625 quia

544 2651 700 2699 erant
719 2643 955 2712 nobiles,
978 2652 1033 2700 et
1051 2645 1167 2701 vim
1188 2644 1268 2701 eis
1287 2643 1497 2701 inferre
1526 2660 1639 2701 non
1658 2652 1890 2717 poterat,
1915 2644 2139 2701 titulum

543 2732 624 2790 eis
679 2732 1106 2790 Christianitatis
1153 2732 1431 2806 opposuit.
1490 2733 1761 2807 Sequente
1811 2740 1996 2789 autem
2052 2732 2144 2789 die

548 2822 758 2893 Agnem
777 2821 884 2878 sibi
906 2822 1220 2894 praesentari
1233 2821 1420 2893 jubet:
1441 2829 1496 2878 et
1516 2822 1714 2877 iterum
1736 2821 2047 2894 iterumque
2064 2838 2143 2877 re-

551 2920 763 2982 petens,
793 2912 1055 2983 replicare
1076 2911 1243 2983 coepit
1269 2911 1337 2966 de
1347 2910 1569 2982 juvenis
1596 2927 1781 2967 amore
1808 2927 2139 2967 sermonem.
2251 2903 2318 2959 ad
2348 2903 2689 2959 evadendum
2714 2904 2915 2962 lutum.
2966 2904 3251 2962 Divinitas
3286 2912 3468 2963 autem
3498 2919 3600 2961 non
3628 2902 3679 2957 in
3702 2898 3806 2972 lapi-

618 3008 673 3064 ὅ,
732 3008 982 3080 Cumque
1024 3024 1216 3064 omnes
1270 3022 1551 3064 sermones
1576 3007 1692 3079 ejus
1746 3025 1899 3066 casso
1952 3009 2142 3069 labore
2251 2993 2414 3050 dibus
2436 2994 2594 3050 vanis
2622 2993 2857 3065 habitat,
2887 2995 2983 3052 88d
3018 2996 3076 3051 in
3125 2996 3295 3054 caelis
3329 3016 3342 3056 ε
3385 3013 3494 3053 non
3544 2995 3597 3051 in
3622 2995 3809 3080 are

548 3096 865 3166 deﬁcerent,
893 3078 1024 3154 sisti
1059 3113 1178 3153 eam
1227 3097 1343 3153 suis
1388 3078 1763 3155 tribunalibus
1800 3098 1987 3170 jussit,
2044 3101 2137 3158 cui

2257 3083 2435 3156 aliquo
2458 3084 2699 3153 metallo,
2733 3084 2830 3140 sed
2876 3085 2933 3141 in
2981 3102 3149 3158 regno
3182 3103 3440 3160 superno
3480 3078 3810 3143 consistit.'l‘u

551 3194 606 3244 et
633 3185 781 3243 dixit
814 3206 825 3243 :
850 3187 1177 3260 Superstitio
1221 3185 1683 3257 Christianorum,
1729 3187 1797 3244 de
1822 3205 2060 3262 quorum
2090 3201 2142 3249 te

2257 3181 2431 3228 autem
2471 3179 2524 3228 et
2553 3173 2763 3229 similes
2792 3174 2896 3243 tui,
2925 3173 3037 3230 nisi
3065 3174 3134 3230 ab
3166 3176 3415 3232 istorum
3445 3175 3648 3232 cultura
3676 3184 3809 3227 reces-

549 3275 776 3349 magicis
795 3257 1007 3333 “tib-us
1032 3273 1230 3347 λασίας,
1251 3276 1358 3331 nisi
1380 3293 1411 3331 ε
1440 3283 1494 3332 ιθ
1523 3277 1691 3334 fuerit
1711 3257 2005 3352 sem—333e,,
2030 3297 2141 3337 non
2251 3261 2451 3330 seritis,
2476 3262 2678 3319 similis
2706 3280 2807 3320 vos
2838 3280 3000 3337 poena
3030 3266 3342 3324 concludet
3376 3284 3390 3335 ;
3418 3265 3558 3323 sicut
3581 3261 3711 3319 enim
3744 3257 3807 3313 illi

548 3366 753 3440 poteris
797 3366 1071 3424 insaniam
1109 3364 1345 3438 abjicere
1391 3367 1648 3440 pectoris,
1679 3383 1858 3441 neque
1884 3370 2145 3443 aquissi—
2252 3352 2376 3424 igne
2405 3352 2627 3409 conﬂati
2657 3360 2807 3443 sum.
2840 3362 2903 3410 ιιι
2935 3353 3321 3443 funderentur
3351 3373 3365 3424 ;
3396 3360 3475 3412 Sic
3504 3354 3721 3443 0019'?”
3742 3361 3813 3403 θοθ

549 3457 657 3512 mis
684 3456 935 3514 consiliis
973 3456 1213 3528 praebere
1243 3472 1590 3514 consensum.
1624 3440 1780 3514 undé
1810 3466 1864 3514 ιθ
1892 3440 1966 3515 ad
1982 3477 2144 3518 vene.
2253 3451 2513 3513 perpetuo
2543 3442 2802 3499 incendio
2828 3442 3226 3499 conflabuntur
3263 3463 3276 3502 :
3310 3462 3423 3501 non
3449 3454 3509 3501 ut
3537 3440 3813 3504 fundantur,

550 3547 780 3603 rabilem
809 3546 966 3607 deam
991 3547 1215 3603 Vestam
1266 3562 1556 3618 properare
1600 3562 1817 3603 necesse
1862 3555 1964 3616 est,
2018 3556 2073 3605 et
2098 3549 2146 3606 si
2253 3531 2348 3587 sed
2377 3540 2439 3587 ut
2464 3530 2877 3588 confundantur
2906 3530 2966 3587 in
3003 3541 3306 3603 aternum,
3341 3542 3397 3591 et
3428 3538 3657 3606 pereant.

554 3634 960 3707 perseverantia
985 3634 1325 3704 virginitatis
1362 3635 1560 3706 placet,
1596 3633 1714 3706 ejus
1751 3634 1843 3691 die
1870 3646 2144 3712 nocteque
2324 3628 2378 3685 8-
2412 3629 2498 3686 Ad
2528 3629 2646 3687 haec
2672 3629 3088 3702 iusanusjudex
3105 3630 3284 3703 jussit
3309 3650 3432 3690 eam
3463 3624 3751 3705 exspoliari,
3774 3628 3815 3681 εί

554 3723 840 3781 sacriﬁciis
884 3722 1199 3779 reverendis
1242 3723 1480 3780 insistas.
1520 3723 1606 3780 Ad
1638 3723 1755 3781 hac
1781 3724 1941 3782 beata
1967 3729 2148 3801 Agnes
2255 3720 2460 3776 nudam
2491 3720 2559 3775 ad
2590 3720 2824 3792 lupanar
2856 3720 3006 3791 duci,
3052 3721 3156 3778 sub
3183 3740 3333 3780 voce
3381 3723 3642 3796 praconis
3668 3720 3818 3777 dicem

554 3812 878 3886 respondit:
913 3812 969 3868 Si
1000 3811 1178 3867 ﬁlium
1210 3821 1390 3881 tuum,
1444 3813 1697 3885 quamvis
1744 3813 1936 3888 iniquo
1964 3832 2148 3874 amore
2255 3810 2464 3882 Agnem
2500 3809 2818 3881 sacrilegam
2859 3809 3153 3882 virginem,
3197 3811 3341 3868 deos
3373 3812 3815 3884 blasphemantem,

556 3908 838 3971 vexatum,
869 3909 1054 3958 tamen
1093 3902 1370 3958 viventem
1400 3901 1682 3959 hominem
1712 3904 1961 3960 recusavi
1992 3923 2004 3962 :
2038 3905 2150 3962 ho-
2256 3906 2498 3954 scortum
2541 3898 2897 3970 lupanaribus
2926 3898 3129 3955 datam.
3168 3899 3377 3959 Statim
3411 3912 3590 3958 autem
3630 3905 3685 3955 ut
3714 3910 3821 3967 8ρο-

557 3992 761 4048 minem
791 3992 983 4065 utique
1012 3990 1109 4064 qui
1133 3997 1216 4046 est
1244 3990 1475 4047 rationis
1502 4008 1696 4063 capax,
1726 3992 1823 4065 qui
1853 4002 1907 4050 et
1931 3993 2146 4065 audire,

2258 3986 2387 4043 liata
2412 3994 2465 4042 et
2494 3987 2646 4042 crine
2677 3988 2856 4044 soluta
2884 3995 2984 4056 est,
3025 3995 3239 4045 tantam
3289 3990 3616 4047 densitatem
3642 3980 3819 4057 capillis

557 4091 613 4139 et
639 4081 849 4151 videre,
879 4088 934 4137 et
960 4082 1199 4153 palpare,
1231 4087 1285 4136 et
1312 4081 1593 4138 ambulare
1622 4089 1819 4154 potest,
1856 4090 1909 4138 et
1941 4084 2021 4156 (6)
2045 4084 2149 4139 fu].
2259 4075 2376 4147 ejus
2405 4076 2595 4133 divina
2614 4078 2788 4150 gratia
2806 4079 3099 4148 concessit,
3123 4087 3184 4135 ut
3204 4082 3419 4137 melius
3449 4080 3712 4137 videretur
3726 4073 3819 4129 ﬁm-

560 4188 686 4247 gore
716 4172 858 4230 lucis
888 4170 1056 4243 hujus
1092 4188 1218 4229 cum
1262 4170 1426 4227 bonis
1471 4171 1681 4244 perfrui
1715 4190 1726 4228 :
1756 4173 1803 4229 si
1842 4189 1970 4247 ergo
1999 4172 2148 4231 hunc
2260 4166 2396 4222 briis
2424 4182 2633 4235 eorum,
2667 4183 2830 4240 quam
2889 4168 3136 4225 vestibus
3173 4178 3346 4228 tecta-
3394 4173 3634 4243 Ingl‘essa
3674 4174 3817 4221 3“le

559 4278 722 4319 causa
744 4261 948 4317 amoris
975 4260 1183 4319 Christi
1218 4261 1373 4316 nulla
1413 4277 1634 4333 possum
1664 4262 1876 4319 ratione
1904 4264 2153 4337 respice-
2262 4254 2622 4328 ῑιιτρίιιιάίηίε
2652 4258 2859 4326 locum,
2890 4259 3147 4330 angelum
3176 4260 3417 4316 Domini
3450 4260 3567 4316 illic
3596 4260 3667 4314 ἕω
3691 4268 3824 4329 Pam‘

561 4368 619 4407 re
652 4370 665 4418 ;
700 4351 976 4423 quomodo
1016 4368 1234 4423 possum
1281 4350 1428 4407 idola
1455 4360 1609 4408 muta.
1638 4359 1691 4408 et
1718 4352 1903 4423 surda,
1941 4362 1994 4410 et
2035 4356 2154 4412 sine
2260 4354 2379 4401 tum
2410 4345 2647 4412 invenit,
2678 4355 2741 4402 ut
2770 4347 3139 4404 circumdaret
3169 4364 3295 4407 eam
3330 4351 3603 4407 immenso
3631 4344 3819 4406 lumine,

565 4456 728 4497 sensu
766 4449 820 4496 et
847 4440 966 4495 sine
995 4440 1178 4495 anima
1207 4440 1406 4509 colere,
1460 4449 1514 4497 et
1543 4443 1612 4499 ad
1655 4442 1917 4515 injuriam
1946 4446 2149 4502 summi
2181 4465 2230 4525 ι)
2265 4434 2342 4491 ίιᾶ
2380 4440 2441 4490 αῖ
2499 4436 2686 4491 “unus
2714 4444 2895 4507 Ροδδθι
2930 4452 3046 4493 eam
3097 4454 3210 4509 Dm
3240 4439 3539 4512 splendore
3582 4433 3821 4508 respicere,

564 4527 663 4584 Dei
685 4527 955 4584 cervicem
985 4543 1161 4582 meam
1193 4528 1348 4583 vanis
1382 4529 1657 4600 lapidibus
1688 4531 1953 4588 inclinare
1984 4534 2011 4590 7
2184 4524 2193 4525 ί
2263 4539 2364 4580 Πθα
2410 4524 2750 4597 contingere.
2813 4541 2914 4581 nec
2966 4525 3175 4583 Videre.
3228 4528 3506 4601 Fulgebat
3562 4526 3696 4582 enim
3738 4525 3824 4575 1°“

637 4617 691 4673 6.
720 4616 966 4671 Audiens
1007 4615 1125 4671 hac
1172 4615 1461 4687 praefectus
1507 4618 1915 4691 Symphronius
1959 4621 2152 4679 dixit:
2265 4614 2403 4669 cella
2456 4613 2574 4679 illa,
2619 4613 2773 4687 quasi
2829 4614 3049 4671 radians
3104 4616 3185 4672 sol
3236 4615 3299 4673 in
3362 4619 3572 4674 virtute
3621 4627 3748 4677 sua;
3785 4612 3826 4663 εί

568 4704 743 4777 Cupio
777 4704 1015 4775 prabere
1040 4707 1351 4761 consultum
1374 4706 1454 4777 (7)
1480 4706 1727 4765 infantia
1742 4718 1871 4781 tua,
1898 4717 1953 4766 et
1977 4710 2146 4767 adhuc

2264 4712 2469 4775 quanto
2512 4702 2636 4775 quis
2696 4703 2964 4759 curiosior
3034 4720 3147 4761 esse
3205 4707 3507 4775 voluisset,
3564 4711 3706 4760 tanto
3758 4694 3824 4752 sui

2254 1927 2428 1979 meus,
2459 1927 2569 1967 non
2600 1911 2704 1968 ista
2735 1928 2804 1967 ex
2830 1928 2925 1968 ore
2953 1919 3051 1968 tuo
3078 1912 3375 1984 proferres.
3399 1910 3549 1968 Unde
3568 1927 3675 1983 ego,
3700 1910 3799 1983 quia

2254 2000 2386 2056 novi
2416 2000 2681 2057 virtutem
2701 2000 2927 2058 Domini
2950 2001 3057 2057 mei
3079 2001 3208 2057 Jesu
3237 2000 3472 2070 Christi,
3505 2016 3677 2057 secura
3699 2014 3798 2056 con-

2252 2095 2438 2145 temno
2468 2090 2645 2146 minas
2691 2098 2833 2159 tuas,
2866 2090 3097 2148 credens
3142 2090 3307 2163 quod
3349 2107 3520 2165 neque
3546 2087 3797 2147 sacriﬁcem

2253 2177 2419 2235 idolis
2450 2178 2581 2249 tuis,
2623 2196 2801 2252 neque
2827 2181 3044 2253 polluar
3071 2180 3339 2237 sordibus
3366 2179 3557 2236 alienis
3585 2197 3599 2247 ;
3627 2194 3798 2235 mecum

2253 2268 2399 2324 enim
2428 2267 2605 2325 habeo
2633 2268 2919 2326 custodem
2954 2269 3202 2342 corporis
3233 2270 3355 2326 mei
3391 2269 3630 2342 angelum
3654 2266 3802 2324 Domi-

2254 2357 2332 2413 ni.
2354 2358 2490 2414 Nam
2523 2359 2837 2431 unigenitus
2855 2359 2956 2416 Dei
2979 2360 3178 2429 Filius,
3200 2376 3378 2433 quem
3406 2360 3631 2432 ignoras,
3652 2372 3805 2413 murus

2253 2455 2335 2503 est
2373 2447 2512 2504 mihi
2568 2447 3037 2521 inexpugnabilis,
3075 2456 3131 2504 et
3175 2458 3376 2505 custos
3407 2448 3542 2505 mihi
3586 2453 3805 2502 estnun-

2252 2552 2413 2609 quam
2461 2536 2765 2606 dormiens,
2821 2546 2877 2594 et
2919 2537 3178 2594 defensor
3233 2538 3390 2594 mihi
3434 2546 3512 2594 est
3566 2548 3801 2608 nunquam

2252 2627 2512 2683 deﬁciens
2549 2646 2560 2683 :
2612 2627 2690 2683 dii
2721 2634 2904 2684 autem
2960 2626 3045 2683 tui
3092 2634 3187 2683 aut
3229 2627 3368 2684 aerei
3409 2633 3549 2694 sunt,
3594 2641 3654 2680 ex
3701 2621 3807 2696 qui-

2252 2717 2354 2774 bus
2400 2718 2586 2775 cacabi
2635 2719 2832 2774 melius
2877 2718 3021 2775 ﬁunt
3063 2717 3131 2774 ad
3176 2735 3326 2776 usus
3376 2716 3688 2774 hominum:
3733 2718 3806 2768 aut

2254 2815 2475 2887 lapidei,
2514 2831 2585 2871 ex
2632 2815 2838 2889 quibus
2895 2816 3085 2889 platea
3139 2816 3354 2873 melius
3404 2821 3701 2873 sternuntur
3739 2809 3804 2881 (8)

567 4801 622 4850 te
646 4794 777 4850 deos
803 4792 1272 4866 blasphemantem
1330 4794 1539 4852 idcirco
1570 4796 1784 4866 differo,
1828 4798 1957 4872 quia
1984 4816 2157 4857 annos

569 4889 693 4940 tuos
726 4882 870 4939 infra
903 4900 1119 4940 sensum
1151 4884 1375 4957 aspicio.
1408 4886 1531 4942 Noli
1554 4903 1682 4960 ergo
1708 4889 2053 4962 temetipsam
2080 4892 2159 4947 ita

569 4972 867 5044 despicere,
900 4979 962 5028 ut
992 4980 1176 5028 motus
1199 4972 1427 5029 deorum
1468 4974 1734 5032 ineurras.
1786 4976 1951 5033 Beata
1975 4978 2157 5049 Agnes

567 5061 875 5135 respondit:
934 5061 1059 5118 Noli
1113 5060 1401 5119 infantiam
1460 5066 1797 5136 corporalem
1845 5066 1922 5122 ita
1964 5066 2021 5121 in
2066 5082 2156 5123 me

567 5150 864 5223 despicere,
894 5157 956 5206 ut
1000 5158 1160 5222 putes
1190 5167 1277 5207 me
1322 5158 1376 5207 te
1426 5152 1569 5208 velle
1598 5152 1798 5209 habere
1827 5152 2152 5225 propitium.

567 5239 729 5296 Fides
757 5239 905 5296 enim
929 5255 1043 5295 non
1096 5238 1155 5295 in
1185 5240 1366 5310 annis,
1415 5239 1511 5297 sed
1539 5240 1598 5296 in
1627 5240 1879 5298 sensibus
1907 5242 2150 5313 geritur:

637 5384 719 5461 (5)
752 5385 833 5439 Ita
860 5383 982 5457 cod.
1013 5383 1190 5441 Noall.
1221 5401 1235 5453 ;
1276 5383 1410 5441 edit.
1466 5400 1618 5453 vero,
1649 5385 1707 5440 in
1749 5384 1984 5456 fascibus
2008 5403 2156 5459 pra-

564 5452 782 5527 fecttirw
808 5473 860 5511 se
876 5456 1048 5527 agere.

636 5526 718 5599 (6)
751 5526 953 5599 omnes
1007 5527 1167 5596 edit.,
1215 5534 1264 5583 et
1296 5529 1427 5598 ﬂore
1473 5526 1604 5583 lucis
1649 5527 1808 5599 hujus
1852 5545 1970 5586 cum
2006 5530 2156 5588 bonis

560 5592 716 5664 frui}
747 5597 871 5654 cod.
902 5600 1105 5669 Noall.,
1134 5592 1428 5671 etfulbore,
1457 5605 1561 5656 etc.

2264 4791 2416 4846 visus
2470 4791 2641 4847 aciem
2700 4791 3056 4850 obtundebat.
3107 4793 3366 4869 Cumque
3438 4812 3497 4852 se
3554 4793 3608 4849 in
3660 4784 3825 4847 oratio-

2264 4896 2388 4936 nem
2446 4880 2684 4937 Domino
2726 4883 3127 4953 prostravisset,
3176 4885 3445 4958 apparuit
3500 4891 3621 4939 ante
3672 4876 3827 4934 oculos

2265 4968 2382 5041 ejus
2430 4969 2568 5025 stola
2598 4970 3008 5040 candidissima,
3051 4980 3105 5027 et
3147 4972 3576 5045 apprehendens
3619 4983 3724 5026 eam
3763 4962 3825 5017 in-

2265 5058 2387 5115 duit
2437 5075 2513 5128 se,
2555 5067 2607 5114 et
2651 5058 2796 5115 dixit
2856 5077 2868 5117 :
2909 5058 3126 5116 Gratias
3158 5060 3267 5117 tibi
3302 5079 3431 5134 ago,
3477 5059 3701 5118 Domine
3725 5054 3823 5109 Iesu

2266 5150 2500 5219 Christe,
2532 5149 2625 5224 qui
2652 5165 2738 5206 me
2768 5149 2826 5205 in
2855 5166 3087 5207 numero
3114 5151 3455 5209 ancillarum
3476 5159 3686 5207 tuarum
3708 5155 3824 5201 com-

2264 5247 2482 5313 putans,
2527 5248 2731 5298 vestem
2781 5240 2925 5299 hanc
2973 5241 3113 5299 mihi
3158 5242 3357 5315 largiri
3408 5236 3722 5317 praecepisti.
3762 5232 3825 5288 Ita

2296 5388 2420 5518 t6(7)
2453 5389 2533 5445 lta
2558 5388 2679 5447 cod.
2721 5388 2946 5459 Noall.;
2993 5396 3050 5447 at
3095 5386 3258 5461 edit.,
3323 5392 3500 5465 Cupio
3550 5383 3822 5446 consultum.

2341 5504 2421 5603 (ᾗ)
2472 5531 2675 5589 Omnes
2728 5532 2890 5601 edit.,
2946 5533 3255 5606 exquibus
3305 5540 3618 5593 sternuntur
3645 5530 3819 5604 piam,

2266 5602 2372 5660 alia
2400 5602 2429 5659 e
2460 5612 2761 5662 memorato
2785 5605 2909 5665 cod.
2940 5602 3128 5664 addita
3152 5614 3313 5665 sunt.

2265 5476 2295 5516 e
