4020 6200
282 377 387 436 817

1179 377 1542 434 EPISTOL/E
1582 375 1684 432 EX
1722 373 2190 433 AMBROSIANIS
2227 373 2691 432 SEGREGATKE.

3474 373 3580 430 818

282 521 520 578 namque
559 503 628 560 ad
671 519 986 561 mensuram
1029 504 1342 576 corpusculi
1388 503 1506 576 ejus
1543 510 1731 576 aptum
1774 513 1891 561 erat
1917 504 1966 563 A
2001 506 2231 572 aptaret,
2281 499 2435 556 dedit
2477 515 2604 556 eum
2653 500 2878 570 angelus
2922 499 3147 555 Domini
3196 500 3253 554 in
3305 497 3592 571 reprobam

284 594 700 662 indumentum,
732 603 786 650 et
823 595 902 650 ita
939 595 1115 649 nimio
1144 593 1380 651 candore
1411 594 1791 666 conspicuum,
1828 601 1890 649 ut

284 685 474 741 nullus
521 684 804 740 dubitaret
848 683 954 741 hoc
1001 685 1266 755 angelicis
1312 683 1567 738 manibus
1608 699 1888 755 praepara-

282 782 423 830 tum.
457 775 673 830 Interea
702 773 931 844 lupanar
956 773 1191 829 efﬁcitur
1219 773 1373 828 locus
1394 772 1681 839 orationis,
1699 772 1757 826 in
1778 787 1888 844 quo

285 881 478 920 omnes
517 863 612 937 qui
661 862 895 918 fuissent
935 862 1187 934 ingressi,
1247 862 1537 917 adorarent
1573 870 1627 917 et
1664 876 1886 916 venera-

287 961 501 1020 rentur,
524 953 715 1008 dantes
737 952 1000 1008 honorem
1028 953 1140 1008 Deo
1158 969 1255 1023 pro
1277 951 1554 1006 immenso
1573 951 1881 1022 splendore,

281 1051 336 1098 et
377 1042 694 1098 mundiores
726 1042 807 1113 (9)
837 1041 1228 1114 egrederentur
1259 1041 1424 1109 foras,
1455 1057 1616 1114 quam
1665 1039 1884 1094 fuerant

282 1132 434 1188 intus
465 1131 714 1204 ingressi.

351 1220 406 1276 9.
439 1220 688 1292 Cumque
718 1220 836 1277 haec
866 1228 1178 1290 agerentur,
1211 1219 1456 1292 praefecti
1488 1219 1637 1274 ﬁlius
1665 1217 1759 1291 qui
1791 1233 1882 1272 au-

279 1315 400 1364 ctor
422 1317 540 1365 erat
568 1309 733 1381 hujus
762 1309 1006 1377 sceleris,
1047 1309 1202 1364 venit
1251 1308 1319 1364 ad
1349 1309 1528 1364 locum
1563 1325 1689 1364 cum
1729 1306 1882 1363 soda-

277 1395 422 1452 libus
451 1398 568 1453 suis
581 1398 916 1468 juvenculis,
948 1398 1104 1471 quasi
1136 1397 1500 1454 insultaturus
1517 1399 1731 1469 puellae,
1753 1414 1879 1454 cum

277 1486 476 1561 quibus
525 1487 774 1544 libidinis
808 1504 919 1543 suae
971 1503 1028 1543 se
1068 1503 1225 1558 posse
1280 1485 1536 1543 credebat
1575 1486 1877 1543 ludibrium

276 1592 558 1632 exercere:
616 1576 710 1632 sed
757 1576 1034 1648 ingressus
1080 1584 1142 1632 ut
1199 1575 1352 1630 misit
1407 1585 1531 1631 ante
1589 1592 1643 1631 se
1684 1593 1880 1648 pueros

277 1665 548 1722 ferventes
595 1675 648 1722 et
690 1667 926 1739 turpiter
981 1666 1289 1735 saevientes,
1319 1682 1445 1722 cum
1476 1666 1651 1722 nimia
1695 1675 1877 1724 autem

279 1757 634 1813 veneratione
676 1757 792 1828 (10)
847 1765 902 1813 et
949 1756 1160 1829 ingenti
1205 1756 1575 1812 admiratione
1636 1774 1878 1830 egressos

1999 607 2163 663 quam
2198 589 2488 663 conspicis,
2522 598 2774 646 mortem.

2073 681 2158 736 11.
2208 681 2358 737 Dicit
2403 681 2454 736 ei
2511 680 2834 751 praefectus:
2879 681 2942 734 In
2983 678 3088 736 hoc
3134 679 3417 751 apparebit
3464 679 3595 752 quia

1998 791 2108 830 non
2153 774 2380 846 magicis
2417 774 2628 830 artibus
2658 774 2763 829 ista
2792 772 3026 844 gessisti,
3057 771 3103 827 si
3151 770 3436 842 deprecata
3463 771 3592 827 fue-

1997 863 2074 918 ris
2123 864 2302 935 ipsum
2351 864 2626 934 angelum,
2664 871 2725 918 ut
2750 861 3000 917 restituat
3032 859 3169 915 mihi
3200 861 3376 915 ﬁlium
3409 877 3590 918 meum

1996 969 2215 1008 sanum.
2251 953 2348 1010 Cui
2373 952 2528 1008 beata
2553 953 2732 1023 Agnes
2750 949 3050 1021 respondit:
3077 949 3230 1004 Licet
3253 948 3388 1004 ﬁdes
3411 957 3592 1005 vestra

1999 1041 2103 1096 hoc
2139 1041 2429 1112 impetrare
2459 1057 2567 1095 non
2592 1049 2864 1096 mereatur
2891 1056 2922 1093 a
2951 1038 3221 1105 Domino;
3259 1046 3442 1093 tamen
3463 1040 3592 1112 quia

1996 1140 2214 1202 tempus
2233 1140 2314 1188 est
2344 1139 2404 1187 ut
2434 1132 2611 1187 virtus
2639 1131 2866 1187 Domini
2896 1131 3003 1185 mei
3023 1131 3152 1185 Jesu
3178 1129 3387 1186 Christi
3417 1131 3589 1185 mani-

1994 1219 2250 1290 festetur,
2300 1221 2624 1294 egredimini
2681 1237 2872 1276 omnes
2920 1220 3087 1286 foras,
3141 1228 3203 1275 ut
3261 1220 3480 1276 solitam
3537 1221 3588 1277 ei

1994 1311 2298 1366 orationem
2349 1311 2593 1367 offeram.
2630 1311 2876 1383 Cumque
2905 1309 3151 1365 universi
3180 1309 3325 1364 foras
3355 1310 3588 1365 fuissent

1991 1401 2212 1474 egressi,
2263 1409 2610 1472 prosternens
2657 1416 2712 1455 se
2761 1399 2818 1454 in
2866 1399 3060 1454 faciem
3097 1397 3400 1470 pavimenti
3442 1398 3584 1469 (11),

1990 1508 2179 1563 rogare
2245 1492 2410 1562 coepit
2477 1491 2798 1558 Dominum,
2848 1499 2909 1548 ut
2957 1488 3217 1561 juvenem
3274 1489 3582 1545 suscitaret.

1991 1580 2195 1636 Orante
2222 1589 2404 1635 autem
2457 1581 2571 1647 illa,
2605 1579 2856 1651 apparuit
2898 1579 2948 1635 ei
2978 1579 3203 1651 angelus
3240 1577 3484 1646 Domini,
3531 1586 3585 1634 et

1989 1669 2195 1725 levavit
2240 1685 2358 1724 eam
2404 1669 2647 1738 ﬂentem,
2695 1677 2749 1724 et
2795 1669 3111 1726 confortans
3165 1668 3410 1723 animum
3442 1667 3579 1740 ejus,

1982 1754 2244 1826 juvenem
2294 1755 2603 1812 suscitavit.
2648 1755 2754 1822 Qui
2794 1771 3039 1826 egressus
3065 1754 3228 1825 Lforas
3254 1753 3419 1825 coepit
3447 1770 3582 1810 voce

273 1848 439 1920 erepit
470 1850 802 1921 impotentes
834 1867 1083 1922 arguere,
1122 1857 1283 1922 atque
1312 1865 1482 1906 vanos
1509 1857 1563 1905 et
1592 1853 1786 1908 molles
1815 1869 1878 1911 ac
1908 1864 1955 1924 Β
1986 1846 2207 1918 publica
2253 1847 2488 1902 clamare
2522 1855 2576 1901 et
2609 1844 2790 1902 dicere
2817 1863 2827 1900 :
2862 1845 3014 1901 Unus
3043 1853 3125 1901 est
3164 1846 3308 1899 Deus
3339 1843 3395 1898 in
3441 1844 3580 1900 coelo

273 1937 503 1994 miseros
544 1937 814 2009 judicare.
857 1940 928 1994 Et
976 1937 1214 1994 irridens
1267 1955 1380 2008 eos,
1430 1940 1614 1996 locum
1666 1941 1724 1996 in
1767 1959 1875 2014 quo

273 2026 433 2098 virgo
480 2027 767 2097 adorabat,
803 2027 1061 2085 audacter
1105 2029 1385 2100 ingressus
1415 2037 1533 2086 est:
1581 2037 1636 2085 et
1679 2031 1875 2088 videns

278 2123 492 2172 tantum
523 2117 718 2172 lumen
750 2117 898 2175 circa
926 2134 1064 2186 eam,
1097 2134 1210 2174 non
1249 2118 1402 2174 dedit
1434 2118 1699 2176 honorem
1721 2122 1868 2178 Deo:

274 2205 371 2261 sed
411 2205 628 2262 irruens
662 2207 722 2262 in
765 2207 945 2280 ipsum
988 2209 1196 2276 lumen,
1225 2208 1546 2281 priusquam
1584 2210 1671 2265 vel
1704 2227 1872 2266 manu

270 2311 389 2350 eam
420 2296 783 2369 contingeret,
801 2297 1001 2353 cecidit
1032 2298 1089 2352 in
1119 2298 1314 2354 faciem
1336 2315 1512 2367 suam,
1536 2307 1589 2354 et
1615 2299 1870 2372 prafoca-

271 2394 360 2442 tus
387 2403 419 2442 a
445 2387 668 2442 diabolo
689 2387 1011 2459 exspiravit.
1044 2387 1312 2446 Videntes
1348 2398 1530 2445 autem
1556 2390 1690 2446 socii
1727 2389 1864 2462 ejus,

270 2480 416 2551 quod
467 2496 650 2535 moras
697 2479 849 2536 intus
906 2481 1233 2546 innecteret,
1280 2482 1544 2553 putabant
1596 2482 1868 2538 obscoenis

268 2585 394 2624 eum
452 2569 712 2642 operibus
743 2579 1094 2643 occupatum.
1135 2574 1206 2627 Et
1262 2572 1576 2644 ingrediens
1603 2589 1748 2628 unus
1796 2590 1864 2628 ex

264 2656 586 2728 juvenibus,
619 2660 713 2731 qui
751 2659 802 2714 ei
833 2660 1163 2716 familiarior
1196 2670 1333 2730 erat,
1364 2670 1425 2717 ut
1454 2662 1606 2734 quasi
1641 2679 1864 2734 congra-

266 2747 544 2804 tularetur
585 2747 932 2805 insultationi
975 2749 1112 2822 ejus,
1143 2758 1197 2806 et
1235 2760 1514 2807 mortuum
1546 2768 1670 2807 eum
1711 2753 1864 2807 inve-

264 2837 442 2906 niens,
497 2839 828 2895 exclamavit
874 2856 1008 2896 voce
1067 2857 1286 2912 magna,
1344 2839 1569 2896 dicens:
1620 2841 1862 2896 Piissimi

264 2928 520 2998 Romani,
568 2931 911 2999 succurrite;
952 2933 1179 3004 magicis
1209 2931 1422 2988 artibus
1464 2933 1570 2988 ista
1600 2934 1863 2989 meretrix

263 3018 510 3092 praefecti
567 3019 744 3076 ﬁlium
798 3021 1097 3076 interfecit.
1143 3021 1232 3076 Fit
1285 3029 1511 3092 repente
1564 3038 1864 3079 concursus

263 3111 592 3180 populorum
633 3111 700 3165 ad
750 3111 1052 3177 theatrum,
1108 3117 1160 3163 et
1201 3109 1354 3165 varia
1392 3109 1627 3165 furentis
1672 3112 1860 3183 populi

260 3196 601 3252 acclamatio.
644 3196 757 3252 Alii
787 3196 1044 3253 dicebant
1075 3212 1305 3268 magam,
1339 3197 1436 3252 alii
1486 3198 1856 3269 innocentem,

261 3285 356 3340 alii
384 3284 704 3355 sacrilegam
733 3283 1167 3340 conclamabant.

337 3371 422 3428 10.
457 3372 750 3428 Praefectus
787 3381 993 3440 autem,
1037 3373 1266 3429 audiens
1297 3374 1474 3430 ﬁlium
1502 3392 1662 3431 suum
1689 3375 1853 3431 inter-

263 3460 411 3528 iisse,
445 3476 569 3517 cum
600 3467 744 3524 482
774 3462 983 3534 ingenti
1033 3464 1272 3519 tumultu
1318 3481 1381 3521 ac
1417 3465 1568 3520 luctu
1605 3464 1759 3520 venit
1786 3466 1854 3521 ad

262 3555 576 3626 theatrum;
627 3567 685 3614 et
727 3561 1002 3633 ingressus
1052 3562 1253 3630 locum,
1291 3563 1348 3617 in
1383 3579 1493 3636 quo
1527 3579 1722 3636 corpus
1751 3563 1852 3618 ﬁlii

260 3645 379 3718 ejus
401 3646 618 3718 jacebat
645 3649 924 3718 exanime,
963 3666 1090 3706 cum
1139 3667 1335 3723 magno
1373 3652 1610 3709 clamore
1639 3652 1854 3709 dicebat

258 3733 590 3792 beatissime
629 3737 871 3810 virgini:
911 3737 1306 3796 Crudelissima
1346 3740 1596 3797 omnium
1626 3742 1850 3798 femina-

259 3841 402 3892 rum,
446 3825 515 3881 ad
558 3826 736 3882 ﬁlium
785 3845 969 3884 meum
1021 3831 1249 3887 voluisti
1278 3831 1543 3903 apodixin
1573 3840 1681 3889 tute
1719 3834 1852 3890 artis

260 3914 481 3986 magicae
525 3916 942 3985 demonstrare;
975 3927 1029 3974 et
1075 3936 1200 3976 cum
1245 3921 1378 3976 talia
1404 3928 1566 3993 atque
1603 3921 1711 3977 alia
1753 3922 1850 3977 hu-

251 4002 558 4074 juscemodi
617 4005 940 4074 innecteret,
999 4015 1053 4063 et
1102 4025 1322 4064 causam
1377 4011 1571 4066 mortis
1618 4010 1736 4082 ejus
1783 4010 1852 4065 ab

256 4107 320 4148 ea
364 4093 718 4150 vehementer
759 4095 1084 4168 inquireret,
1133 4097 1210 4152 ait
1255 4099 1324 4154 ad
1372 4115 1497 4156 eum
1538 4098 1854 4156 beatissima

256 4183 438 4255 Agnes
462 4203 474 4240 :
499 4185 596 4240 Ille
625 4186 784 4257 cujus
812 4187 1153 4243 voluntatem
1176 4188 1394 4245 volebat
1412 4189 1690 4261 perﬁcere,
1739 4190 1853 4262 ipse

257 4273 315 4329 in
371 4291 496 4332 eum
554 4285 876 4348 potestatem
934 4278 1160 4350 accepit.
1207 4279 1384 4346 Quare
1434 4289 1614 4336 autem
1663 4297 1853 4337 omnes

256 4363 352 4437 qui
400 4365 468 4421 ad
516 4384 602 4422 me
645 4367 876 4439 ingressi
919 4375 1068 4435 sunt,
1114 4369 1231 4424 sani
1265 4371 1462 4442 egressi
1512 4379 1671 4426 sunt:
1723 4372 1854 4445 quia

257 4473 448 4513 omnes
495 4458 764 4514 dederunt
806 4457 1072 4514 honorem
1121 4461 1256 4528 Deo,
1295 4462 1386 4533 qui
1420 4462 1570 4517 misit
1599 4463 1850 4533 angelum

1985 1941 2041 1990 et
2071 1935 2129 1989 in
2160 1942 2303 1990 terra
2331 1943 2384 1990 et
2414 1935 2471 1989 in
2503 1933 2661 2002 mari,
2695 1933 2789 2006 qui
2820 1942 2902 1989 est
2929 1934 3074 1988 Deus
3106 1931 3574 1998 Christianorum;

1985 2043 2113 2082 nam
2157 2026 2344 2082 omnia
2391 2027 2595 2098 templa
2633 2042 2774 2081 vana
2817 2034 2980 2082 sunt:
3030 2024 3111 2080 dii
3153 2025 3248 2097 qui
3296 2025 3575 2092 coluntur,

1985 2132 2176 2172 omnes
2203 2117 2331 2172 vani
2374 2124 2524 2183 sunt,
2553 2123 2606 2171 et
2652 2115 2872 2187 penitus
2921 2131 3022 2172 nec
3055 2114 3160 2171 sibi
3191 2120 3440 2187 possunt,
3477 2129 3580 2170 nec

1981 2207 2108 2262 aliis
2139 2207 2365 2280 aliquod
2399 2207 2673 2262 auxilium
2702 2207 2982 2262 exhibere.

2055 2304 2140 2360 12.
2173 2305 2260 2359 Ad
2291 2305 2432 2362 hanc
2462 2322 2652 2361 vocem
2684 2321 2872 2360 omnes
2901 2304 3238 2376 haruspices,
3270 2310 3324 2358 et
3347 2303 3575 2374 templo-

1980 2411 2101 2449 rum
2155 2395 2442 2467 pontiﬁces
2479 2397 2974 2465 conturbabantur,
2997 2404 3050 2452 et
3079 2396 3142 2451 ﬁt
3172 2411 3268 2467 per
3293 2411 3384 2450 eos
3415 2394 3574 2449 vehe-

1979 2483 2218 2539 mentior
2268 2503 2430 2557 quam
2494 2485 2688 2553 fuerat,
2749 2485 2946 2542 seditio
3011 2486 3363 2557 populorum,
3411 2491 3574 2553 atque

1978 2589 2169 2628 omnes
2219 2591 2328 2628 una
2371 2592 2504 2630 voce
2558 2575 2901 2631 clamabant:
2960 2575 3111 2628 Tolle
3169 2590 3402 2644 magam,
3443 2572 3574 2625 tolle

1979 2663 2305 2728 maleﬁcam,
2354 2681 2474 2735 quae
2512 2673 2565 2720 et
2614 2673 2824 2719 mentes
2869 2670 3064 2731 mutat,
3105 2671 3157 2718 et
3200 2665 3414 2718 animos
3444 2661 3570 2716 alie-

1974 2763 2089 2809 nat.
2125 2755 2420 2811 Prmfectus
2439 2763 2620 2810 autem
2652 2755 2848 2810 videns
2879 2762 3029 2810 tanta
3058 2753 3353 2821 mirabilia,
3387 2753 3567 2808 obstu-

1975 2843 2130 2914 puit:
2172 2843 2266 2898 sed
2298 2843 2506 2898 veritus
2533 2843 3011 2915 proscriptionem,
3045 2842 3090 2897 si
3121 2849 3312 2897 contra
3342 2842 3568 2914 templo-

1973 2949 2096 2987 rum
2133 2932 2425 3004 pontiﬁces
2445 2940 2646 3004 ageret,
2666 2942 2719 2988 et
2748 2935 2957 3004 Agnem
2982 2940 3173 2989 contra
3200 2949 3326 2988 suas
3353 2941 3567 2988 senten-

1971 3021 2078 3076 tias
2108 3021 2437 3090 defensaret,
2471 3022 2741 3078 vicarium
2766 3040 2924 3078 suum
2949 3022 3016 3078 ad
3033 3022 3358 3079 seditionem
3378 3021 3566 3094 populi

1966 3109 2210 3181 judicem
2259 3111 2574 3184 dereliquit,
2628 3113 2742 3185 ipse
2795 3121 2980 3168 autem
3043 3110 3218 3167 tristis
3279 3111 3561 3180 absceSsit,

1897 3228 1940 3288 Ο
1969 3200 2116 3270 quod
2147 3216 2261 3255 eam
2300 3218 2411 3256 non
2464 3202 2645 3272 potuit
2693 3210 2814 3273 post
2862 3201 3315 3256 resurrectionem
3343 3200 3445 3256 ﬁlii
3477 3201 3563 3256 sui

1970 3290 2225 3346 liberare.
2277 3293 2431 3347 Tunc
2472 3292 2712 3348 vicarius
2763 3292 3026 3364 Aspasius
3079 3291 3320 3361 nomine,
3373 3291 3561 3362 populi

1967 3381 2299 3437 seditionem
2329 3398 2441 3437 non
2473 3383 2650 3437 ferens
2682 3383 2699 3451 (
2713 3382 2822 3451 l2),
2849 3381 3014 3452 jussit
3037 3381 3095 3435 in
3125 3388 3418 3452 conspectu
3447 3397 3560 3434 om-

1966 3468 2122 3523 nium
2167 3469 2349 3541 ignem
2390 3469 2676 3542 copiosum
2717 3469 2966 3536 accendi,
2997 3476 3052 3524 et
3080 3467 3137 3522 in
3167 3467 3409 3523 medium
3440 3483 3559 3523 eam

1967 3561 2223 3631 praecepit
2246 3559 2441 3632 jactari
2469 3560 2834 3616 ﬂammarum.
2880 3559 3035 3626 Quod
3065 3575 3190 3615 cum
3221 3558 3414 3614 fuisset
3444 3557 3559 3613 im-

1966 3650 2196 3720 pletum,
2225 3649 2409 3705 statim
2435 3649 2494 3704 in
2525 3649 2660 3704 duas
2688 3656 2867 3722 partes
2904 3648 3098 3704 divisae
3128 3655 3257 3704 sunt
3300 3648 3556 3715 ﬂammae,

1963 3747 2016 3794 et
2047 3739 2178 3795 hinc
2224 3747 2386 3813 atque
2419 3740 2579 3795 illinc
2628 3738 2918 3795 seditiosos
2957 3739 3188 3810 populos
3217 3737 3554 3796 exurebant:

1964 3828 2136 3899 ipsam
2175 3837 2354 3884 autem
2401 3829 2619 3900 penitus
2661 3829 2718 3884 in
2750 3828 2904 3883 nullo
2950 3828 3305 3900 contingebat
3356 3828 3557 3884 incen-

1964 3916 2140 3972 dium.
2173 3919 2243 3972 Et
2269 3919 2442 3990 magis
2470 3934 2581 3972 non
2613 3917 2717 3974 hoc
2753 3917 3053 3973 virtutibus
3081 3916 3308 3985 divinis,
3331 3917 3423 3972 sed
3446 3933 3556 3972 ma-

1964 4005 2159 4062 leficiis
2189 4015 2522 4078 reputantes,
2556 4007 2760 4063 dabant
2790 4007 3045 4062 fremitus
3074 4006 3218 4062 inter
3256 4021 3312 4061 se
3340 4005 3552 4077 populi,

1963 4102 2017 4150 et
2045 4095 2292 4151 inﬁnitos
2325 4096 2592 4152 clamores
2621 4095 2687 4151 ad
2717 4096 2938 4152 coelum.

2038 4192 2122 4248 13.
2156 4194 2310 4249 Tunc
2338 4193 2496 4250 beata
2524 4197 2734 4265 Agnes,
2757 4193 3058 4249 extendens
3103 4206 3298 4246 manus
3335 4205 3458 4245 suas
3494 4187 3553 4244 in

1965 4280 2146 4336 medio
2187 4282 2348 4354 ignis,
2387 4283 2476 4338 his
2525 4282 2707 4337 verbis
2750 4281 3052 4336 orationem
3084 4278 3229 4334 fudit
3275 4277 3344 4333 ad
3369 4275 3552 4332 Domi-

1963 4387 2135 4437 num;
2189 4371 2576 4442 Omnipotens,
2624 4370 2918 4438 adorande,
2969 4368 3214 4436 colende,
3271 4365 3554 4424 tremende

1962 4461 2121 4516 Pater
2167 4461 2388 4516 Domini
2440 4461 2545 4515 mei
2591 4462 2716 4516 Jesu
2745 4459 2971 4528 Christi,
3002 4459 3266 4516 benedico
3307 4465 3382 4525 te,
3425 4458 3555 4530 quia

256 4561 442 4616 suum,
483 4554 536 4602 et
583 4537 769 4603 induit
815 4564 903 4604 me
951 4548 1054 4605 hoc
1104 4548 1432 4606 indumento
1461 4550 1850 4607 misericordia
1882 4585 1930 4642 Β
1963 4567 2060 4622 per
2089 4551 2298 4607 Filium
2340 4559 2494 4607 tuum
2530 4551 2674 4606 evasi
2700 4550 2877 4605 minas
2909 4548 3198 4605 hominum
3231 4548 3551 4620 impiorum,

255 4654 389 4707 sure,
420 4647 474 4695 et
503 4641 804 4696 custodivit
832 4658 1030 4713 corpus
1071 4659 1275 4710 meum,
1309 4643 1453 4715 quod
1485 4643 1552 4698 ab
1584 4643 1716 4714 ipsis
1745 4659 1852 4699 cu-

255 4726 477 4783 nabulis
535 4728 754 4785 Christo
789 4739 1168 4787 consecratum
1216 4739 1297 4787 est
1341 4739 1395 4787 et
1441 4732 1709 4787 oblatum.
1738 4731 1850 4788 Vi—

256 4815 449 4874 dentes
510 4829 692 4875 autem
753 4821 1099 4892 splendorem
1160 4823 1493 4895 angelicum,
1548 4823 1848 4879 adorabant

255 4921 468 4976 omnes,
516 4917 569 4964 et
612 4909 975 4966 abscedebant
1021 4910 1217 4966 illaesi:
1267 4910 1357 4966 hic
1413 4920 1594 4968 autem
1656 4913 1848 4983 impu-

254 4995 392 5054 dens
421 4999 607 5054 statim
638 5009 698 5056 ut
727 4999 1003 5072 ingressus
1027 5010 1127 5067 est,
1147 5001 1340 5056 szevire
1369 5003 1533 5074 coepit
1561 5012 1615 5058 et
1639 5003 1849 5060 freme-

254 5103 349 5154 re;
406 5105 640 5162 cumque
691 5105 916 5146 manum
970 5106 1122 5145 suam
1179 5089 1246 5145 ad
1293 5106 1378 5145 me
1424 5092 1846 5164 contingendam

327 5305 410 5386 (9)
439 5304 528 5361 Sic
556 5305 732 5360 Noall.
761 5305 974 5386 codex:
996 5303 1127 5360 edit.
1149 5312 1362 5386 autem,
1394 5307 1563 5361 omnis
1590 5307 1683 5386 qui
1702 5307 1852 5377 fuis-

252 5383 327 5458 set
371 5377 660 5458 ingressus,
707 5377 1076 5458 qdoraret.....
1127 5377 1261 5431 dans
1310 5377 1554 5434 honorem
1599 5377 1850 5434 immenso

254 5447 468 5515 lumini,
499 5454 548 5501 et
575 5447 851 5515 mundior,
884 5455 992 5502 etc.

328 5519 446 5591 (10)
480 5519 683 5594 Omnes
702 5519 835 5574 edit.
846 5561 861 5594 ε
893 5525 939 5572 et
959 5519 1215 5588 ingressos
1244 5525 1364 5594 ante
1390 5537 1442 5573 se
1467 5520 1850 5594 furentespue-

252 5590 450 5664 roget
480 5590 705 5664 turpiter
724 5590 998 5664 _s¢evientes
1023 5607 1141 5644 cum
1167 5591 1311 5646 omni
1341 5594 1688 5664 veneratione,
1710 5590 1848 5661 “etc.;

254 5661 436 5718 Noall.
470 5661 594 5717 cod.
628 5668 690 5717 ut
719 5661 777 5716 in
807 5669 983 5718 textu.

333 5733 451 5806 (11)
479 5733 698 5791 Eaedem
737 5733 897 5804 edit.,
935 5741 1274 5808 prosternens
1312 5753 1364 5791 se
1410 5735 1465 5790 in
1501 5735 1691 5807 faciem
1719 5738 1853 5809 pta-

1960 4648 2015 4696 et
2046 4640 2338 4712 spurcitias
2381 4639 2587 4696 diaboli
2638 4640 2931 4712 impolluto
2959 4641 3097 4697 calle
3125 4637 3378 4694 transivi.
3409 4638 3553 4695 Ecce

1957 4745 2106 4785 nunc
2152 4731 2327 4786 sancti
2372 4729 2610 4802 Spiritus
2653 4746 2775 4786 rore
2823 4729 3031 4786 caalesti
3079 4729 3315 4801 perfusa,
3346 4727 3550 4784 resolu-

1956 4826 2048 4874 tus
2078 4827 2160 4874 est
2201 4819 2362 4891 juxta
2411 4836 2496 4874 me
2527 4818 2690 4892 ignis,
2736 4819 2956 4874 ﬂamma
3004 4818 3276 4876 dividitur
3311 4819 3450 4891 (13),
3499 4824 3553 4874 et

1957 4909 2121 4964 ardor
2178 4910 2422 4966 incendii
2472 4909 2639 4981 hujus
2667 4911 2733 4964 ad
2765 4926 2857 4966 eos
2883 4926 2914 4964 a
2941 4909 3142 4983 quibus
3184 4909 3551 4966 ministratur.

1957 4999 2281 5054 effunditur.
2317 4999 2589 5056 Benedico
2618 5007 2691 5068 te,
2715 5000 2872 5055 Pater
2889 5000 3251 5071 pradicande,
3271 4999 3367 5071 qui
3387 4998 3552 5053 etiam

1957 5088 2102 5146 inter
2118 5090 2364 5146 ﬂammas
2387 5090 2717 5164 intrepidam
2747 5105 2834 5146 me
2862 5089 2930 5145 ad
2957 5097 3010 5146 te
3040 5090 3229 5146 venire
3257 5086 3552 5162 permittis,

1956 5326 2081 5364 nam
2103 5328 2122 5372 ;
2151 5308 2322 5364 codex
2355 5309 2576 5363 Noall...
2600 5307 2657 5362 in
2684 5307 2872 5376 faciem
2891 5307 3200 5380 pavimenti.

2033 5380 2149 5451 (12)
2184 5380 2380 5451 Populi
2419 5373 2722 5435 seditionem
2769 5397 2875 5434 non
2891 5373 3078 5449 Tereus
3118 5377 3340 5434 additur
3368 5390 3397 5430 e
3427 5373 3550 5430 cod.

1957 5451 2150 5594 $0815.)
2179 5524 2381 5579 Omnes
2429 5523 2585 5589 edit.,
2633 5524 2762 5576 Ecce
2791 5529 2842 5594 et
2871 5537 3010 5594 nunc
3055 5536 3177 5573 rore
3221 5517 3554 5594 celestiAper-

1960 5589 2112 5662 [nam
2130 5589 2226 5664 per
2259 5596 2518 5664 Spiritum
2548 5600 2786 5647 sanctum
2813 5593 2961 5662 focus
2980 5591 3146 5660 juxta
3176 5607 3253 5644 me
3283 5589 3554 5657 moritor;

1961 5665 2136 5721 codex
2166 5667 2343 5722 Noall.
2379 5674 2440 5722 ut
2466 5666 2524 5720 in
2553 5679 2802 5736 corpore.
