4020 6200
509 326 615 385 819

1549 339 1646 395 AD
1684 338 1917 396 OPEBA
1955 337 2012 397 S.
2052 337 2386 397 AMBROSII
2421 338 2802 398 APPENDIX.

3724 335 3845 394 820

512 457 657 514 Ecce
682 457 797 530 jam
847 462 995 533 quod
1042 462 1271 532 credidi,
1313 462 1511 521 video:
1544 464 1689 538 quod
1742 463 1977 536 speravi,
2004 463 2117 536 jam
2147 466 2199 526 A
2227 464 2329 521 bus
2357 466 2471 522 suis
2507 466 2682 523 dixit:
2707 465 2906 524 Videte
2934 481 3006 521 ne
3032 481 3120 522 me
3149 474 3418 523 mortuam
3447 464 3699 537 lugeatis,
3732 463 3840 521 sed

512 557 709 605 teneo:
759 550 905 621 quod
956 553 1273 625 concupivi,
1321 554 1674 626 complector.
1727 553 1801 608 Te
1847 552 2114 609 conﬁteor

514 638 677 696 labiis
717 648 770 695 et
806 640 990 711 corde,
1023 651 1076 698 et
1104 643 1234 699 totis
1258 643 1562 699 visceribus
1590 642 1940 714 concupisco.
1973 643 2111 698 Ecce

512 732 579 787 ad
607 738 660 785 te
690 732 852 786 venio
882 733 1075 789 vivum
1106 742 1160 790 et
1189 751 1381 791 verum
1419 738 1616 803 Deum,
1650 735 1742 807 qui
1771 752 1897 791 cum
1926 732 2111 789 Domi-

509 834 584 874 no
632 820 758 885 Jesu
802 819 1026 878 Christo
1066 824 1210 879 Filio
1256 830 1372 892 tuo,
1423 831 1478 879 et
1524 841 1648 880 cum
1681 824 1892 897 Spiritu
1923 830 2112 878 sancto

457 912 463 920 ‘
511 909 658 965 vivis
687 917 741 966 et
768 927 959 981 regnas
994 913 1162 969 modo
1202 920 1256 969 et
1284 930 1496 986 semper
1526 930 1619 986 per
1662 912 1883 968 inﬁnita
1913 913 2113 968 sacula

511 999 862 1067 saculorum,
893 1015 1074 1056 amen.

585 1087 669 1143 14.
723 1088 972 1161 Cumque
1026 1091 1351 1163 complesset
1403 1091 1732 1159 orationem,
1791 1092 1867 1146 ita
1927 1089 2112 1145 omnis

511 1176 656 1249 ignis
692 1178 1001 1235 exstinctus
1035 1188 1137 1247 est,
1186 1188 1248 1234 ut
1290 1197 1391 1237 nec
1417 1187 1573 1253 tepor
1611 1180 1834 1253 quidem
1865 1179 2110 1237 incendii

509 1269 883 1325 remansisset.
925 1270 1080 1326 Tunc
1108 1271 1395 1343 Aspasius,
1436 1272 1589 1329 urbis
1620 1273 1804 1329 Romae
1846 1270 2110 1339 vicarius,

510 1357 702 1429 populi
722 1358 1047 1415 seditionem
1076 1376 1186 1415 non
1215 1361 1415 1426 ferens,
1444 1362 1500 1416 in
1519 1368 1706 1433 guttur
1727 1361 1844 1432 ejus
1866 1360 2110 1433 gladium

510 1447 683 1518 mergi
744 1448 1042 1520 pracepit:
1094 1460 1255 1523 atque
1290 1451 1395 1508 hoc
1443 1451 1618 1521 exitu,
1658 1469 1812 1508 roseo
1843 1451 1928 1506 sui
1979 1466 2114 1507 san-

511 1538 693 1609 guinis
738 1540 938 1596 rubore
987 1542 1260 1613 perfusam
1320 1530 1571 1602 Christus
1608 1545 1714 1602 sibi
1768 1562 2022 1616 sponsam
2059 1553 2114 1601 et

509 1635 810 1700 martyrem
878 1630 1175 1688 dedicavit.
1241 1634 1498 1689 Parentes
1549 1644 1681 1689 vero
1732 1632 1850 1704 ejus
1899 1633 2110 1688 nullam

507 1720 653 1778 483
684 1716 903 1788 penitus
934 1717 1218 1775 tristitiam
1250 1719 1532 1789 habentes,
1565 1738 1691 1778 cum
1726 1721 1879 1776 omni
1912 1720 2113 1793 gaudio

2221 555 2555 627 congaudete
2606 555 2747 611 mihi
2795 563 2849 612 et
2900 555 3384 628 congratulamini,
3415 554 3546 626 quia
3573 570 3700 610 cum
3743 553 3841 611 his

2222 644 2533 714 virginibus
2586 644 2801 701 lucidas
2837 644 2992 701 sedes
3029 645 3236 715 accepi,
3275 653 3329 700 et
3365 644 3449 699 illi
3487 660 3611 698 sum
3633 642 3841 714 juncta

2222 733 2280 789 in
2343 732 2524 801 ceelis,
2586 750 2747 806 quem
2808 733 2865 788 in
2922 733 3085 789 terris
3144 733 3321 805 posita
3374 739 3489 789 tota
3533 732 3838 788 devotione

2222 823 2399 879 dilexi
2434 824 2573 895 (16).
2616 825 2687 880 Et
2716 824 2806 880 his
2844 822 3027 891 dictis,
3058 821 3397 896 pertransiit.

2298 916 2381 970 17.
2426 917 2553 971 Hac
2580 916 2726 972 visio
2755 916 2976 988 publice
3003 915 3072 970 ab
3102 915 3379 983 omnibus,
3426 913 3524 986 qui
3552 912 3834 983 viderant,

2221 1003 2512 1076 divulgata
2554 1013 2656 1061 est.
2712 1006 2869 1062 Unde
2920 1005 3127 1061 factum
3169 1012 3250 1061 est
3277 1011 3339 1059 ut
3368 1011 3489 1075 post
3515 1004 3834 1077 aliquantae

2221 1112 2396 1152 annos
2423 1096 2491 1152 ad
2530 1096 2907 1156 Constantiam
2940 1098 3174 1171 Augusti
3200 1097 3371 1154 ﬁliam
3388 1097 3496 1154 hoc
3523 1097 3731 1153 factum
3764 1100 3834 1155 ab

2222 1185 2307 1241 his
2352 1188 2446 1259 qui
2493 1188 2768 1255 viderant,
2811 1197 3147 1245 narraretur.
3188 1190 3321 1244 Erat
3351 1188 3501 1243 enim
3540 1187 3660 1260 ipsa
3690 1191 3833 1248 Con-

2221 1277 2423 1334 stantia
2458 1279 2614 1351 virgo
2644 1280 3096 1352 prudentissima,
3124 1281 3220 1337 sed
3240 1282 3316 1337 ita
3337 1281 3556 1337 obsessa
3584 1282 3832 1338 vulneri-

2218 1367 2342 1435 bus,
2380 1374 2444 1423 ut
2488 1385 2520 1423 a
2546 1369 2723 1441 capite
2764 1387 2935 1444 usque
2959 1370 3026 1427 ad
3073 1370 3236 1443 pedes
3263 1371 3420 1448 nulla
3452 1371 3829 1428 membrorum

2221 1471 2346 1527 pars
2395 1456 2571 1513 libera
2614 1467 2937 1516 remaneret.
2986 1460 3228 1532 Accepta
3268 1468 3449 1516 autem
3479 1476 3574 1532 spe
3603 1477 3831 1534 recupe-

2220 1544 2405 1601 randa
2433 1546 2647 1615 salutis,
2678 1549 2834 1605 venit
2860 1549 2928 1605 ad
2977 1549 3290 1621 sepulcrum
3330 1550 3592 1622 martyris
3623 1560 3827 1619 nocte;

2219 1637 2275 1687 et
2320 1632 2448 1689 licet
2499 1651 2730 1706 pagana,
2785 1644 2969 1694 tamen
3013 1636 3238 1694 credula
3292 1636 3464 1694 animi
3518 1638 3831 1696 intentione

2219 1734 2410 1790 preces
2438 1720 2679 1779 ﬁdeliter
2718 1725 3002 1782 fundebat.
3036 1725 3193 1794 Quod
3221 1743 3347 1782 cum
3375 1726 3580 1784 faceret
3605 1737 3830 1800 repente

509 1813 855 1869 abstulerunt
883 1831 1081 1886 corpus
1104 1815 1241 1887 ejus,
1264 1824 1321 1873 et
1340 1827 1640 1889 posuerunt
1661 1818 1800 1873 illud
1820 1818 1877 1873 in
1898 1817 2106 1890 pradio
2139 1821 2186 1883 B
2223 1809 2403 1865 somni
2432 1811 2704 1869 SIlaVilate
2735 1815 3055 1886 corripitur,
3085 1821 3139 1871 et
3177 1816 3331 1873 videt
3359 1832 3456 1888 per
3484 1817 3672 1874 Visum
3705 1818 3826 1874 bea-

510 1918 610 1957 suo
640 1917 752 1956 non
784 1902 945 1973 longe
977 1903 1046 1959 ab
1078 1904 1240 1973 Urbe,
1266 1907 1356 1963 via
1376 1922 1495 1979 qua
1519 1908 1724 1963 dicitur
1741 1908 2109 1963 Nomentana.

508 1990 612 2047 Ubi
664 2007 789 2046 cum
836 1992 1021 2047 omnis
1072 1994 1235 2051 turba
1266 1995 1708 2054 Christianorum
1739 2002 2109 2064 concurreret,

510 2081 740 2137 insidias
768 2098 801 2137 a
831 2083 1058 2154 paganis
1088 2086 1326 2157 perpessi
1369 2095 1532 2143 sunt:
1564 2095 1618 2144 et
1646 2087 1896 2144 videntes
1926 2104 2112 2160 popu-

509 2170 625 2226 lum
682 2170 993 2227 inﬁdelium
1050 2174 1533 2245 supervenientem
1580 2186 1872 2245 armatum,
1919 2192 2110 2232 omnes

509 2259 804 2331 fugerunt;
838 2261 1105 2335 aliquanti
1135 2280 1266 2320 vero
1301 2264 1545 2338 lapidum
1576 2265 1778 2322 ictibus
1808 2265 1923 2323 lasi
1971 2280 2111 2320 eva-

509 2356 719 2404 serunt.

584 2437 669 2493 15.
703 2439 847 2493 Dum
879 2446 1000 2494 erat
1032 2439 1175 2497 inter
1203 2448 1356 2498 tanta
1383 2444 1602 2514 agmina
1625 2443 1962 2500 collactanea
1988 2442 2109 2514 ejus

510 2527 668 2601 virgo
718 2528 1087 2598 sanctissima,
1145 2532 1552 2601 Emerentiana,
1618 2540 1874 2591 constans
1930 2532 2109 2589 stabat

509 2618 813 2676 immobilis
836 2618 978 2693 (14),
1001 2633 1056 2682 et
1075 2622 1162 2680 his
1193 2624 1375 2683 verbis
1399 2624 1765 2698 exprobrabat
1786 2625 1864 2681 eis
1879 2624 2101 2681 dicens:

509 2718 804 2791 Superﬂui,
855 2718 1065 2786 miseri,
1095 2716 1310 2785 caduci,
1340 2724 1504 2789 atque
1548 2714 1899 2783 atrocissimi,
1928 2716 2105 2771 Deum

510 2808 947 2880 omnipotentem
987 2809 1230 2864 colentes
1267 2806 1543 2875 occiditis,
1574 2813 1629 2861 et
1662 2822 1761 2876 pro
1789 2803 2107 2861 defensione

511 2896 755 2968 lapidum
806 2897 1060 2952 homines
1104 2896 1424 2952 innocentes
1456 2894 1741 2966 jugulatis.
1786 2894 1913 2951 Hae
1936 2900 1990 2948 et
2016 2892 2106 2949 his

510 2984 715 3039 similia
743 2984 877 3039 dum
910 2985 1090 3041 turbis
1132 2983 1447 3039 furentibus
1485 2984 1709 3051 diceret,
1759 2983 1997 3055 lapidata
2024 2990 2106 3039 est

509 3073 578 3128 ab
624 3073 722 3141 eis,
756 3080 810 3127 et
839 3060 1002 3127 orans
1024 3071 1187 3144 juxta
1225 3072 1535 3144 sepulcrum
1576 3072 1903 3129 beatissima
1934 3074 2104 3143 Agna

2221 1896 2491 1954 tissimam
2538 1902 2749 1972 Agnem
2802 1903 2935 1959 talia
2974 1903 3081 1960 sibi
3129 1904 3340 1961 monita
3400 1906 3823 1978 praeferentem:

2223 1987 2551 2045 Constanter
2607 2007 2724 2063 age,
2787 1993 3129 2062 Constantia,
3180 2002 3235 2051 et
3294 1996 3456 2053 crede
3521 1996 3823 2053 Dominum

2221 2077 2404 2135 Jesum
2436 2079 2720 2137 Christum
2756 2082 2934 2139 ﬁlium
2974 2083 3075 2139 Dei
3114 2099 3231 2140 esse
3261 2083 3605 2141 Salvatorem
3648 2092 3826 2153 tuum,

2219 2181 2317 2238 per
2336 2183 2496 2239 quem
2519 2170 2686 2226 modo
2706 2172 3060 2245 consequeris
3083 2171 3335 2228 omnium
3354 2172 3680 2241 vulnerum,
3704 2189 3825 2245 qua

2220 2255 2279 2310 in
2307 2273 2533 2329 corpore
2571 2266 2667 2315 tuo
2695 2261 2916 2333 pateris,
2966 2263 3277 2319 sanitatem.
3309 2261 3395 2318 Ad
3437 2263 3581 2318 hanc
3633 2279 3823 2319 vocem

2221 2346 2547 2409 Constantia
2575 2351 2801 2423 evigilat
2832 2369 2981 2421 sana,
3013 2362 3068 2411 et
3095 2353 3176 2410 sic
3199 2368 3349 2420 sana,
3377 2360 3441 2408 ut
3468 2368 3572 2410 nec
3600 2354 3821 2425 signum

2219 2445 2280 2500 in
2317 2440 2432 2497 suis
2477 2439 2741 2496 membris
2767 2440 3006 2513 alicujus
3051 2442 3301 2499 vulneris
3330 2451 3659 2499 remaneret.
3710 2444 3821 2500 Re-

2217 2552 2376 2593 versa
2416 2534 2586 2607 igitur
2623 2533 2693 2589 ad
2730 2533 2997 2606 palatium
3048 2535 3358 2604 sanissima,
3387 2535 3522 2593 facit
3558 2533 3816 2607 gaudium

2217 2636 2272 2685 et
2308 2625 2451 2701 patri
2480 2641 2580 2681 suo
2609 2626 2876 2697 Augusto,
2922 2632 2978 2681 et
3019 2625 3281 2682 fratribus
3319 2625 3435 2681 suis
3470 2622 3814 2698 imperatori-

2214 2718 2341 2775 bus.
2394 2715 2703 2773 Coronatur
2747 2715 2946 2771 civitas
2973 2722 3109 2781 tota,
3135 2715 3199 2771 ﬁt
3229 2715 3423 2772 latitia
3451 2714 3731 2771 militibus
3762 2722 3814 2770 et

2216 2804 2546 2880 primatibus
2585 2804 2702 2876 (17)
2751 2804 2887 2873 suis,
2936 2811 3099 2877 atque
3144 2803 3420 2861 universis
3457 2803 3813 2861 audientibus

2216 2896 2355 2964 hac,
2420 2893 2719 2950 inﬁdelitas
2778 2892 3025 2966 gentium
3077 2892 3538 2963 confundebatur,
3583 2901 3640 2950 et
3680 2892 3813 2950 ﬁdes

2215 2984 2505 3043 Dominica
2541 2983 2850 3040 latabatur.

2289 3077 2374 3134 18.
2408 3079 2619 3134 Interea
2658 3084 2866 3148 patrem
2914 3082 2969 3131 et
3013 3075 3208 3131 fratres
3236 3075 3515 3148 Augustos
3538 3084 3712 3146 rogat,
3752 3084 3813 3131 ut

508 3161 765 3234 virginis,
804 3161 991 3218 emisit
1018 3161 1295 3234 spiritum.
1325 3161 1448 3218 Non
1477 3162 1707 3219 dubium
1747 3169 1829 3219 est
1863 3162 2009 3235 quod
2044 3162 2103 3218 in
2134 3180 2177 3240 ρ,
2214 3165 2495 3223 basilicam
2542 3165 2714 3221 beata
2758 3164 2926 3236 Agna
2968 3172 3372 3230 construerent,
3427 3171 3481 3220 et
3537 3164 3644 3220 sibi
3697 3164 3812 3221 illic

507 3267 608 3307 suo
672 3251 936 3323 sanguine
993 3250 1064 3308 sit
1116 3251 1407 3325 baptizata,
1458 3268 1578 3325 qua
1626 3268 1725 3325 pro
1782 3251 2100 3307 defensione

500 3341 751 3415 justitia,
784 3342 917 3398 dum
949 3341 1303 3399 conﬁteretur
1347 3342 1666 3409 Dominum,
1703 3349 1934 3397 mortem
1959 3356 2105 3396 con—

507 3440 715 3490 stanter
739 3433 976 3505 excepit.
1010 3432 1212 3489 Eadem
1237 3431 1473 3504 denique
1501 3430 1637 3486 hora
1655 3428 1720 3484 ﬁt
1739 3436 1897 3485 terrae
1920 3435 2102 3485 motus

505 3521 1024 3577 vehementissimus
1052 3539 1065 3588 ;
1116 3528 1171 3576 et
1215 3536 1341 3576 cum
1374 3519 1547 3574 nimia
1573 3525 1713 3573 esset
1743 3517 1865 3573 cali
1899 3516 2101 3572 sereni-

505 3616 611 3676 tas,
638 3617 803 3664 tanta
841 3609 1266 3674 coruscationes,
1310 3614 1571 3679 tantaque
1610 3607 1828 3677 fulgura
1857 3614 1910 3661 et
1946 3605 2103 3660 toni—

505 3702 633 3752 trua
686 3696 1036 3765 exstiterunt,
1095 3706 1158 3753 ut
1212 3712 1337 3768 pars
1375 3694 1619 3751 maxima
1678 3693 1860 3750 insani
1912 3694 2101 3766 populi

506 3784 830 3857 exspiraret.
862 3784 1017 3841 Unde
1047 3786 1254 3843 factum
1285 3784 1368 3841 est
1387 3791 1449 3840 ut
1475 3785 1664 3840 nullus
1694 3783 1914 3855 penitus
1940 3798 2011 3838 ex
2039 3799 2103 3839 eo

505 3873 934 3930 advenientibus
981 3875 1048 3931 ad
1097 3874 1345 3947 sepulcra
1383 3880 1697 3931 sanctorum
1724 3874 1936 3945 aliquas
1973 3889 2103 3928 mo-

506 3963 693 4021 lestias
738 3965 1023 4021 excitaret.
1073 3965 1371 4023 Venientes
1413 3971 1592 4019 autem
1636 3970 1888 4036 parentes
1931 3963 2102 4019 beata

503 4055 674 4125 Agna
702 4051 937 4126 virginis
965 4069 1092 4110 cum
1121 4052 1499 4110 sacerdotibus
1533 4059 1715 4121 nocte,
1754 4052 2102 4108 abstulerunt

503 4158 704 4214 corpus
749 4143 1153 4199 Emerentiana
1195 4142 1337 4215 (15),
1385 4148 1440 4199 et
1489 4141 1821 4214 sepelierunt
1863 4140 2002 4196 illud
2041 4140 2101 4196 in

503 4231 746 4289 conﬁnio
775 4230 936 4303 agelli
965 4230 1298 4288 beatissima
1326 4230 1561 4302 virginis
1589 4234 1778 4303 Agna.

577 4332 664 4387 16.
690 4332 865 4403 Igitur
883 4332 1015 4389 dum
1043 4341 1295 4405 parentes
1310 4341 1512 4390 sancta
1530 4332 1700 4406 Agna
1732 4332 1969 4390 assiduis
1986 4347 2101 4404 per-

503 4419 912 4477 noctationibus
954 4422 1249 4493 vigilarent
1296 4421 1366 4478 ad
1394 4422 1706 4495 sepulcrum
1737 4410 1879 4494 ejus,
1908 4421 2103 4479 vident

2212 3256 2559 3311 mansionem
2592 3254 2848 3311 collocari
2880 3256 3138 3328 pracepit
3169 3255 3307 3326 (18).
3342 3254 3604 3312 Cucurrit
3630 3263 3807 3311 autem

2210 3344 2330 3401 hac
2356 3344 2549 3416 opinio
2575 3343 2646 3400 ad
2676 3360 2886 3412 omnes,
2919 3353 2973 3400 et
2996 3352 3267 3417 quotquot
3295 3343 3579 3400 credentes
3607 3343 3677 3400 ad
3698 3345 3808 3417 ejus

2211 3433 2530 3506 sepulcrum'
2608 3431 2982 3500 advenissent,
3047 3431 3418 3501 salvabantur,
3486 3449 3807 3507 quacunque

2211 3520 2533 3577 inﬁrmitate
2584 3520 2795 3578 detenti
2850 3528 3051 3577 essent.
3103 3520 3262 3589 Quod
3306 3521 3481 3578 facere
3527 3521 3806 3579 Christum

2211 3610 2399 3666 nullus
2438 3609 2656 3666 dubitat
2695 3625 2867 3683 usque
2914 3609 2971 3665 in
3013 3610 3345 3667 hodiernum
3386 3611 3556 3668 diem.
3614 3612 3809 3669 Perse-

2211 3702 2425 3757 veravit
2482 3708 2665 3757 autem
2724 3700 2842 3773 ipsa
2907 3701 3229 3758 Constantia
3279 3701 3513 3774 Augusti
3580 3702 3703 3759 ﬁlia
3752 3703 3808 3759 in

2217 3789 2557 3861 virginitate,
2588 3805 2684 3862 per
2714 3805 2878 3861 quam
2908 3789 3097 3845 multa
3126 3790 3371 3862 virgines
3400 3798 3455 3847 et
3482 3790 3804 3859 mediocres,

2211 3885 2265 3934 et
2293 3878 2527 3945 nobiles,
2558 3888 2612 3935 et
2641 3878 2887 3934 illustres
2923 3895 3077 3935 sacra
3104 3880 3381 3935 velamina
3426 3889 3802 3952 susceperunt.

2210 3967 2282 4022 Et
2307 3966 2438 4040 quia
2476 3965 2613 4022 ﬁdes
2638 3968 2830 4024 mortis
2865 3966 3065 4023 damna
3103 3983 3215 4023 non
3247 3968 3473 4040 patitur,
3525 3986 3702 4043 usque
3750 3971 3807 4026 in

2209 4055 2538 4113 hodiernum
2583 4056 2730 4113 diem
2800 4058 2988 4115 multa
3052 4057 3295 4130 virgines
3348 4059 3537 4116 Roma
3596 4061 3806 4133 Agnem

2209 4145 2581 4203 beatissimam
2610 4146 2766 4219 quasi
2795 4146 2854 4203 in
2901 4163 3127 4219 corpore
3167 4156 3481 4204 manentem
3505 4150 3803 4221 aspiciunt,

2209 4243 2264 4293 et
2294 4235 2410 4309 ejus
2455 4237 2776 4310 exemplum
2806 4245 3046 4309 agentes,
3079 4237 3320 4295 viriliter
3346 4247 3402 4295 et
3429 4238 3647 4311 integre
3676 4256 3805 4313 per-

2209 4333 2482 4395 severant,
2529 4325 2813 4383 credentes
2856 4326 2976 4382 sine
3019 4325 3192 4383 dubio
3220 4328 3369 4400 quod
3396 4337 3806 4401 perseverantes

2209 4422 2483 4489 perpetua
2519 4415 2768 4472 victoria
2797 4414 3034 4487 palmam
3066 4415 3376 4489 acquirant.

503 4505 564 4561 in
594 4506 777 4562 medio
831 4509 1012 4565 noctis
1058 4510 1280 4567 silentio
1309 4511 1615 4567 exercitum
1644 4510 1946 4584 virginum,
1979 4529 2100 4585 qua
2128 4538 2177 4598 Β
2283 4505 2368 4561 19.
2406 4504 2541 4598 Ἠωο
2585 4520 2683 4575 ego
2716 4503 3044 4598 Ambrosius
3073 4520 3263 4561 servus
3305 4503 3535 4574 Christi,
3584 4505 3722 4562 dum
3751 4506 3804 4563 in

502 4609 694 4651 omnes
741 4611 878 4652 auro
922 4597 1153 4654 intextis
1201 4598 1446 4670 cycladis
1477 4598 1684 4655 induta
1730 4616 1856 4656 cum
1889 4600 2099 4674 ingenti

501 4681 713 4740 lumine
758 4685 1153 4757 prateribant:
1198 4687 1344 4743 inter
1381 4703 1516 4760 quas
1557 4686 1723 4744 etiam
1751 4687 1945 4745 vident
1973 4689 2096 4747 bea-

499 4772 771 4831 tissimam
799 4774 1013 4846 Agnem
1057 4776 1316 4833 similiter
1354 4776 1681 4851 fulgentem,
1713 4784 1768 4834 et
1806 4778 1876 4834 ad
1906 4779 2095 4837 dexte-

498 4878 615 4920 ram
652 4863 771 4936 ejus
806 4866 1027 4938 Agnum
1069 4875 1323 4925 stantem.
1372 4869 1499 4926 Hac
1535 4868 1669 4925 dum
1698 4869 1951 4927 viderent
2000 4887 2095 4944 pa-

497 4961 680 5010 rentes
730 4953 871 5027 ejus,
931 4962 985 5012 et
1049 4956 1145 5031 qui
1203 4958 1370 5015 simul
1429 4966 1602 5027 erant,
1667 4959 1823 5032 quasi
1870 4966 2093 5032 stupore

496 5044 700 5100 mentis
733 5043 939 5101 detenti
968 5053 1116 5102 sunt.
1145 5047 1249 5105 Sed
1277 5047 1436 5105 beata
1468 5048 1650 5121 Agnes
1679 5056 1835 5122 rogat
1872 5056 2092 5106 sanctas

495 5130 740 5206 virgines
782 5149 1076 5208 parumper
1121 5135 1348 5209 gradum
1378 5136 1563 5209 ﬁgere,
1594 5144 1649 5195 et
1676 5145 1827 5195 stans
1856 5137 2092 5211 parenti-

567 5340 685 5414 (14)
717 5341 799 5398 Ita
818 5340 993 5399 codex
1019 5342 1177 5414 Noal.
1200 5361 1214 5410 ;
1239 5360 1431 5401 omnes
1448 5352 1629 5402 autem
1657 5344 1815 5413 edit.,
1837 5346 2086 5402 Emeren-

493 5412 642 5489 tiaita
664 5412 861 5489 autem,
892 5430 1009 5485 qua
1038 5412 1220 5489 fuerat
1243 5417 1566 5472 collectanea
1590 5416 1722 5486 ejus,
1757 5412 1907 5489 virgo
1939 5435 2086 5474 sanc-

494 5484 741 5558 tissima,
769 5484 1300 5558 licetfcatechumena,
1349 5484 1646 5544 constanter
1678 5484 1870 5558 stabat',
1910 5490 2085 5547 intre-

485 5555 619 5627 pida
644 5563 693 5610 et
724 5557 1025 5614 immobilis.

564 5626 682 5768 (15)
713 5627 889 5696 Edit.,
920 5635 1113 5711 sancta:
1140 5631 1530 5713 Emerentiame
1555 5631 1800 5705 virginis.

593 5696 658 5753 16
712 5698 929 5758 Eaedem
970 5701 1128 5768 edit.,
1164 5706 1271 5760 tota
1296 5703 1464 5760 animi
1485 5704 1800 5764 intentionm

593 5696 681 5768 16)
712 5698 929 5758 Eadem
970 5701 1103 5760 edit.
1112 5743 1128 5772 ,
1164 5706 1271 5760 tota
1296 5703 1464 5760 animi
1485 5696 1767 5764 intentione
1794 5705 1979 5765 dilexi.

2210 4591 2592 4649 voluminibus
2619 4596 2770 4654 484
2793 4591 2996 4648 abditis
3022 4592 3355 4649 invenissem
3380 4593 3678 4667 descripta,
3700 4613 3806 4653 non

2212 4706 2336 4745 sum
2378 4705 2568 4761 passus
2609 4688 2954 4745 infructuosa
2998 4688 3221 4746 silentio
3251 4689 3380 4763 tegi.
3413 4691 3502 4748 Ad
3540 4691 3807 4751 honorem

2210 4778 2379 4850 igitur
2406 4785 2573 4834 tanta
2604 4778 2871 4851 martyris
2909 4778 3054 4836 sicut
3082 4786 3231 4852 gesta
3257 4779 3376 4853 ejus
3410 4782 3634 4855 agnovi,
3667 4800 3808 4841 con-

2207 4867 2434 4940 scripsi;
2489 4876 2545 4925 et
2596 4868 2664 4925 ad
2708 4868 3132 4926 adiﬁcationem
3180 4879 3442 4942 vestram,
3488 4889 3523 4928 ο
3568 4872 3808 4946 virgines

2207 4957 2437 5026 Christi,
2469 4966 2685 5016 textum
2725 4959 2996 5032 passionis
3014 4959 3135 5032 ejus
3156 4960 3368 5017 credidi
3391 4961 3804 5032 destinandum,

2204 5046 2493 5106 obsecrans
2521 5048 2785 5107 virtutem
2832 5050 3076 5121 Spiritus
3119 5050 3319 5120 sancti,
3349 5058 3412 5107 ut
3440 5051 3597 5109 labor
3624 5062 3808 5111 noster

2203 5137 2271 5195 ad
2300 5147 2535 5197 vestram
2576 5138 2948 5197 imitationem
2981 5138 3224 5198 fructum
3278 5140 3337 5196 in
3361 5150 3666 5215 conspectu
3710 5146 3803 5204 Dei

2273 5352 2391 5424 (17)
2423 5349 2709 5424 Itacodex
2737 5351 2952 5417 Noall.;
2996 5349 3128 5424 edit.
3162 5367 3318 5424 vero,
3346 5351 3703 5424 miliumtibus
3727 5359 3802 5407 at-

2232 5421 2296 5479 ue
2318 5421 2569 5495 privatis.
2601 5424 2681 5479 De
2714 5439 2824 5495 quo
2854 5424 2975 5495 loco
3005 5421 3208 5480 videsis
3238 5433 3397 5482 notas
3420 5422 3730 5482 Casauboni
3747 5424 3801 5480 in

2276 5495 2601 5622 ii‘l’i’iih‘ifl’
2625 5494 2912 5622 Εεέεδὲζῗί

2681 5566 2820 5621 tsibi
2845 5566 2958 5621 illic
2985 5567 3316 5623 mausoleum
3351 5567 3625 5623 collocari.
3663 5567 3799 5626 Con-

2269 5565 2386 5696 (18X
2415 5565 2591 5648 Edit.,
2625 5565 2820 5648 Etsibi
2845 5566 2958 5621 illic
2983 5567 3316 5648 mausoleum
3351 5567 3625 5649 collocari.
3663 5567 3714 5626 Ci

2195 5637 2314 5695 sule
2387 5644 2478 5696 cta
2504 5637 2709 5695 Libern
2740 5653 2800 5695 ιη
2828 5636 3096 5696 Concilus
3123 5638 3272 5697 Phil.
3302 5637 3510 5708 Labar,
3541 5655 3597 5713 p.
3623 5638 3714 5698 37.
