4020 6200
260 349 359 406 821

262 474 436 529 valeat
482 471 769 544 invenire,
816 472 907 530 cui
961 472 1142 530 honor
1202 482 1257 533 et
1302 475 1478 549 gloria
1524 476 1585 533 in
1628 477 1848 548 saecula,

257 578 414 619 amen
441 562 580 637 (19).

647 707 993 766 EPISTOLA
1021 709 1060 765 ll
1094 709 1274 782 (Alias
1302 710 1469 785 LIII).

265 815 397 871 Cum
427 816 670 891 beneﬁcia
694 820 795 875 Dei
824 821 1035 891 tegenda
1066 839 1171 876 non
1199 822 1327 889 sint,
1352 822 1604 877 visionem
1631 828 1846 888 narrat,

332 904 439 958 qua
468 890 570 963 sibi
578 907 676 960 per
693 890 1161 963 Quadragesimam
1182 894 1464 949 Gervasius
1482 912 1543 948 ac
1564 894 1850 950 Protasius

326 962 482 1014 semel
530 967 577 1014 et
617 963 828 1028 iterum,
877 962 1036 1019 tertia
1076 972 1249 1021 autem
1295 966 1402 1019 vice
1449 967 1607 1020 etiam
1643 966 1849 1020 Paulus

327 1040 679 1107 apparuerat,
695 1041 757 1087 ut
770 1035 844 1088 eis
854 1042 975 1106 post
997 1037 1309 1091 exhumatas
1329 1037 1565 1107 ipsorum
1594 1037 1848 1106 reliquias

326 1103 541 1179 ecclesia
568 1103 980 1179 construerétur,
1033 1108 1321 1179 imperans.
1343 1103 1521 1162 'Addit
1556 1103 1849 1163 convocatis

325 1175 644 1257 coepiscopis
668 1177 882 1233 inventa
911 1196 1016 1233 esse
1034 1175 1335 1257 sanctorum
1356 1196 1601 1250 corpora,
1623 1195 1845 1257 quorum

324 1250 738 1315 conversionem,
784 1266 954 1304 necem
1006 1267 1068 1305 ac
1120 1251 1448 1315 sepulturam
1486 1268 1551 1305 ex
1605 1250 1850 1306 schedula

325 1314 440 1370 illic
470 1318 666 1373 detecta
692 1314 876 1388 refert.
911 1321 1109 1388 Quibus
1147 1314 1334 1379 Vitatis
1360 1338 1423 1376 ac
1459 1322 1681 1379 Valeria:
1708 1338 1846 1376 mar-

325 1388 525 1456 tyrium
549 1389 707 1444 etiam
737 1391 1012 1447 inseritur.

248 1512 819 1591 Auenosrus__servus
874 1497 1082 1591 Christi
1151 1519 1437 1591 fratribus,
1479 1535 1575 1591 per
1628 1537 1848 1577 omnem

490 1586 704 1643 Italiam
727 1587 787 1645 in
809 1590 1048 1646 Domino
1078 1599 1338 1647 aeternam
1364 1586 1617 1648 salutem.

323 1692 376 1749 1.
408 1693 474 1749 In
499 1694 709 1753 divinis
738 1699 1121 1756 voluminibus
1160 1717 1286 1757 reus
1338 1700 1727 1770 subscribitur,
1754 1702 1850 1775 qui

249 1797 360 1836 non
418 1783 700 1841 studuerit
726 1786 855 1844 dare
885 1789 1055 1860 gratis
1083 1789 1233 1863 quod
1262 1789 1377 1862 ipse
1418 1790 1588 1862 gratis
1615 1790 1846 1862 accepit;

252 1870 532 1944 quidquid
585 1873 734 1929 enim
779 1876 1040 1933 Ecclesiae
1077 1878 1301 1934 Domini
1329 1878 1679 1951 profuturum
1710 1887 1846 1948 erat,

248 1958 600 2017 subtraxisse
629 1963 897 2034 arguitur,
929 1982 1055 2022 cum
1086 1967 1326 2023 noluerit
1348 1967 1563 2023 tradere
1592 1967 1849 2024 omnibus

249 2047 401 2118 quod
418 2049 537 2121 ipse
557 2068 668 2107 non
690 2054 977 2111 celandum
1005 2057 1297 2129 acceperit.
1331 2057 1487 2114 Unde
1508 2057 1848 2130 Psalmogra-

247 2136 395 2208 phus
425 2149 579 2196 vates
612 2142 760 2198 canit
792 2161 805 2199 :
867 2169 886 2193 ε
930 2144 1210 2202 Justitiam
1258 2154 1410 2203 tuam
1437 2163 1549 2202 non
1588 2145 1850 2203 abscondi

250 2224 310 2282 in
360 2229 530 2286 corde
575 2248 697 2288 meo
733 2250 745 2288 :
795 2235 1082 2293 veritatem
1128 2244 1279 2294 tuam
1329 2246 1383 2294 et
1426 2239 1663 2296 salutare
1692 2248 1848 2296 tuum

244 2316 386 2374 dixi.
422 2320 549 2376 Non
599 2321 774 2378 celavi
826 2325 1258 2385 misericordiam
1294 2334 1447 2385 tuam
1502 2328 1563 2384 in
1607 2328 1850 2386 concilio

244 2408 556 2464 multorum
595 2410 770 2481 (Psal.
819 2431 1020 2483 χχχιχ,
1055 2416 1167 2488 11).
1220 2440 1239 2464 ι
1307 2417 1378 2472 Et
1407 2433 1507 2489 pro
1552 2417 1659 2476 hoc
1686 2434 1849 2490 opere

244 2498 405 2569 quasi
428 2497 872 2558 vicissitudinem
907 2518 938 2558 a
970 2504 1084 2560 Deo
1111 2505 1395 2577 postulans
1420 2505 1623 2577 adjecit
1654 2524 1666 2563 :
1717 2531 1737 2554 ι
1765 2507 1849 2563 Tu

245 2594 461 2653 autem,
490 2590 745 2658 Domine,
805 2607 874 2647 ne
902 2592 1122 2664 elonges
1160 2593 1594 2652 misericordiam
1634 2603 1786 2652 tuam
1815 2612 1849 2651 a

247 2692 335 2733 me
368 2677 539 2749 (Ibid.
581 2680 694 2751 12).
727 2704 745 2729 ι
787 2680 956 2748 Quasi
984 2682 1193 2741 diceret
1221 2688 1333 2742 Deo
1367 2704 1378 2742 :
1412 2686 1556 2743 sicut
1592 2702 1693 2760 ego
1740 2686 1847 2744 feci

246 2765 388 2822 alios
420 2767 856 2826 misericordiam
880 2771 1152 2842 invenire,
1176 2774 1253 2831 ita
1267 2782 1322 2830 et
1350 2775 1465 2848 ipse
1495 2792 1606 2832 non
1622 2774 1849 2849 patiaris

251 2854 416 2928 longe
466 2855 589 2912 ﬁeri
647 2858 1049 2917 misericordias
1094 2871 1222 2919 tuas
1268 2880 1300 2919 a
1353 2880 1460 2920 me.
1518 2864 1846 2936 Aperiamus

251 2958 383 3017 ergo
412 2962 514 3001 cur
555 2946 661 3003 ista
701 2950 1091 3020 praemisimus,
1134 2961 1188 3007 et
1233 2960 1446 3008 vestros
1493 2953 1711 3008 animos
1751 2952 1848 3025 qui

247 3033 338 3105 pie
375 3034 445 3090 de
475 3036 713 3092 Domino
762 3039 980 3095 sentitis
1016 3046 1071 3095 et
1114 3039 1359 3108 creditis,
1405 3040 1473 3096 de
1526 3041 1848 3098 inventione

245 3130 567 3180 sanctorum
597 3142 891 3197 corporum
918 3126 987 3181 ad
1025 3126 1276 3184 laetitiam
1305 3127 1628 3183 invitemus.

315 3210 370 3269 2.
402 3212 469 3267 In
509 3211 704 3269 diebus
747 3213 931 3286 itaque
977 3221 1265 3272 transacta
1312 3232 1489 3288 nuper
1526 3216 1846 3290 Quadrage-

236 3297 419 3366 simae,
474 3316 599 3357 cum
630 3301 901 3358 Dominus
930 3303 1186 3360 donasset
1218 3304 1358 3361 mihi
1387 3314 1449 3362 ut
1470 3304 1846 3378 jejunantium

237 3397 295 3444 et
322 3391 613 3445 orantium
628 3391 839 3464 (20)me
868 3394 1071 3451 faceret
1101 3410 1217 3452 esse
1241 3396 1589 3469 participem,
1622 3396 1683 3453 in
1714 3413 1847 3453 ora-

239 3477 397 3534 tione
435 3480 682 3552 positum
728 3481 805 3536 ita
832 3498 917 3538 me
954 3499 1182 3539 somnus
1205 3487 1495 3556 oppressit,
1527 3492 1591 3541 ut
1619 3501 1721 3543 nec
1748 3486 1845 3541 vi-

241 3566 426 3639 gilans
463 3577 670 3643 aperte,
687 3587 790 3628 nec
816 3571 1097 3629 dormiens
1125 3574 1357 3646 integre,
1379 3573 1623 3631 viderem
1645 3573 1847 3647 apertis

238 3655 424 3712 oculis
455 3674 672 3714 mecum
702 3659 841 3717 duos
871 3659 1107 3732 juvenes
1143 3661 1384 3734 ephebos
1427 3663 1674 3719 vestibus
1722 3678 1845 3719 can-

240 3746 574 3820 didissimis,
620 3750 679 3807 id
707 3760 811 3822 est,
846 3752 1066 3810 colobio
1098 3762 1153 3811 et
1197 3753 1367 3826 pallio
1412 3753 1660 3824 indutos,
1715 3754 1846 3812 cali-

242 3836 391 3908 gulis
418 3838 710 3910 calceatus,
741 3842 998 3899 manibus
1044 3843 1289 3900 extensis
1335 3852 1577 3900 orantes.
1624 3844 1845 3902 Nullam

243 3926 476 3999 quidem
508 3930 859 4001 gravedinem
882 3932 1120 4004 patiens,
1144 3933 1294 4006 loqui
1324 3948 1449 3990 cum
1473 3934 1552 3990 eis
1572 3950 1683 3990 non
1695 3942 1843 4007 pote.

240 4031 359 4071 ram
396 4034 409 4072 :
445 4016 544 4072 sed
571 4018 719 4090 quia,
748 4026 811 4074 ut
838 4019 980 4089 dixi,
1010 4036 1135 4092 pars
1165 4021 1221 4077 in
1247 4038 1334 4077 me
1360 4022 1542 4077 somni
1563 4022 1844 4079 incumbe-

238 4104 356 4173 bat,
406 4123 535 4179 quas
585 4124 671 4164 me
723 4108 792 4164 ad
839 4124 1028 4164 eorum
1072 4110 1561 4182 interrogationem
1606 4111 1842 4168 verbum

240 4196 495 4266 proferre
525 4212 635 4251 non
664 4197 888 4254 sineret.
940 4198 1107 4254 Plene
1146 4208 1327 4255 autem
1391 4200 1675 4272 evigilanti
1704 4199 1846 4257 visio

239 4305 434 4346 eorum
478 4290 547 4346 ab
578 4291 756 4347 oculis
786 4292 924 4348 meis
949 4293 1133 4365 elapsa
1160 4300 1263 4348 est.

309 4379 363 4435 3.
396 4380 634 4436 Factum
666 4388 749 4436 est
776 4380 1007 4453 proinde
1054 4389 1116 4437 ut
1160 4398 1404 4453 rogarem
1433 4382 1657 4439 Domini
1688 4383 1846 4440 mise-

240 4467 573 4537 ricordiam,
610 4478 671 4525 ut
711 4470 758 4527 si
788 4470 1097 4527 ludiﬁcatio
1119 4470 1435 4527 daemonum
1470 4480 1631 4540 esset,
1661 4472 1845 4529 absce-

1137 348 1501 407 EPISTOLIE
1678 347 2151 407 AMBROSIANIS
2187 348 2652 408 SEGREGATIE.

3439 349 3551 410 822

1877 480 1930 540 Α
1962 510 2175 559 tantum
2204 511 2267 559 ut
2304 503 2421 576 ipse
2446 520 2685 573 mecum,
2716 505 2832 562 illis
2864 506 3200 576 tacentibus,
3232 510 3548 582 loqueretur

1956 593 2181 650 dicens:
2216 593 2307 649 lsti
2337 601 2468 649 sunt
2506 594 2623 667 qui,
2655 594 2867 652 monita
2892 612 3013 653 mea
3048 597 3243 666 secuti,
3273 597 3477 669 praedia
3495 605 3551 654 et

1956 680 2185 738 divitias
2222 690 2558 753 respuentes,
2591 685 2765 741 secuti
2796 693 2926 741 sunt
2956 686 3182 741 Domini
3220 687 3394 742 nostri
3420 687 3549 743 Iesu

1959 770 2166 828 Christi
2200 770 2449 843 vestigia,
2495 772 2639 828 nihil
2687 780 2991 841 terrenum,
3032 774 3285 847 nihilque
3332 777 3550 832 carnale

1958 859 2429 931 concupiscentes,
2453 859 2509 915 in
2532 860 2715 916 media
2744 861 2846 919 hac
2873 862 3267 919 Mediolanensi
3300 863 3435 919 urbe
3457 880 3551 935 per

1958 948 2145 1005 decem
2195 965 2370 1004 annos
2426 951 2485 1005 in
2530 950 2630 1005 Dei
2663 950 2893 1006 servitio
2935 952 3315 1023 perdurantes,
3346 955 3415 1011 ad
3443 953 3551 1011 hoc

1958 1038 2266 1109 pertingere
2314 1046 2655 1106 meruerunt,
2697 1046 2761 1094 ut
2804 1039 3010 1097 Christi
3061 1050 3328 1113 martyres
3375 1042 3549 1098 eﬂice-

1959 1134 2171 1182 rentur.
2222 1126 2466 1193 Quorum
2511 1144 2742 1199 corpora
2786 1128 2844 1183 in
2874 1128 3067 1185 eodem
3108 1130 3231 1187 loco
3278 1130 3547 1198 invenies,

1958 1214 2017 1269 in
2062 1231 2171 1287 quo
2211 1222 2321 1271 stas
2370 1224 2423 1272 et
2461 1232 2603 1272 oras.
2656 1216 2960 1273 Duodecim
3000 1219 3199 1290 pedum
3248 1220 3549 1278 altitudine

1959 1314 2104 1362 terra
2138 1314 2450 1378 coopertam
2493 1323 2675 1364 arcam
2727 1308 2995 1376 invenies,
3037 1325 3200 1382 quam
3244 1326 3427 1366 arcam
3458 1328 3551 1367 su-

1959 1396 2146 1467 perius
2176 1397 2468 1466 exaltabis,
2499 1405 2553 1453 et
2578 1397 2635 1452 in
2665 1398 2890 1454 nomine
2919 1415 3108 1455 eorum
3144 1400 3429 1457 ecclesiam
3461 1401 3549 1457 fa-

1956 1484 2218 1542 bricahis.
2252 1487 2501 1560 Cumque
2528 1486 2596 1544 ab
2626 1505 2691 1544 eo
2719 1504 2910 1544 eorum
2933 1488 3161 1544 nomina
3191 1490 3548 1563 requirerem,

1958 1576 2106 1633 dixit
2143 1576 2284 1632 mihi
2310 1596 2322 1633 :
2354 1577 2441 1633 Ad
2466 1585 2630 1651 caput
2660 1595 2850 1635 eorum
2882 1578 3132 1635 libellum
3171 1581 3436 1653 scriptum
3468 1582 3550 1638 in-

1958 1664 2169 1735 venies,
2205 1665 2265 1721 in
2284 1682 2393 1738 quo
2423 1676 2478 1723 et
2501 1674 2655 1723 ortus
2684 1684 2896 1735 eorum,
2928 1675 2982 1723 et
3026 1667 3153 1724 ﬁnis
3180 1672 3418 1743 scriptus
3447 1678 3548 1728 est.

2029 1755 2083 1811 5.
2118 1755 2441 1812 Convocans
2476 1756 2661 1829 itaque
2686 1772 2877 1812 omnes
2906 1773 3002 1829 per
3028 1758 3324 1815 circuitum
3357 1760 3552 1816 fratres

1879 1837 1927 1897 B
1957 1852 2012 1900 et
2048 1844 2334 1917 episcopos
2378 1845 2599 1901 urbium
2649 1845 2983 1915 vicinarum,
3024 1846 3266 1903 referens
3294 1848 3554 1904 universa

1956 1951 2080 2007 quae
2138 1934 2382 1990 videram
2410 1977 2428 2003 ,
2498 1951 2727 2007 quaeque
2776 1934 3059 1991 audieram
3085 1978 3101 2004 ,
3174 1937 3310 2007 ipsis
3366 1953 3550 1993 coram

1958 2021 2178 2095 positis,
2228 2021 2439 2094 primus
2483 2039 2583 2094 ego
2632 2032 2789 2079 terrae
2838 2022 3015 2079 fossor
3051 2023 3253 2080 accessi
3305 2042 3316 2080 :
3364 2024 3552 2081 caeteri

1958 2126 2090 2166 vero
2134 2110 2376 2184 episcopi
2421 2110 2719 2183 prosecuti,
2759 2110 3032 2168 fodientes
3082 2112 3438 2185 pervenimus
3479 2113 3550 2170 ad

1957 2217 2160 2269 arcam,
2211 2216 2376 2273 quam
2432 2207 2656 2256 sanctus
2701 2200 3027 2273 promiserat
3086 2202 3334 2258 Paulus:
3385 2219 3549 2276 quam

1957 2291 2282 2363 aperientes,
2334 2290 2649 2347 invenimus
2698 2290 2853 2364 quasi
2902 2290 2960 2346 in
3003 2291 3122 2363 ipsa
3158 2290 3295 2348 hora
3344 2293 3552 2366 positos

1954 2383 2103 2441 485
2155 2397 2395 2457 sanctos,
2449 2388 2592 2445 miro
2632 2390 2799 2445 Odore
2854 2389 3175 2461 fragrantes.
3207 2390 3294 2447 Ad
3357 2407 3550 2448 eorum

1955 2485 2122 2549 caput
2162 2478 2414 2533 libellum
2454 2478 2793 2546 invenimus,
2833 2478 2891 2533 in
2930 2496 3039 2553 quo
3087 2487 3243 2536 erant
3288 2479 3407 2536 haec
3456 2494 3552 2553 per

1955 2564 2204 2621 ordinem
2236 2566 2497 2621 universa
2526 2568 2837 2638 conscripta
2871 2583 2883 2622 :

2026 2654 2079 2710 6.
2125 2655 2241 2727 Ego
2283 2670 2478 2711 servus
2517 2653 2727 2711 Christi
2778 2654 3067 2726 Philippus
3128 2654 3275 2709 intra
3320 2654 3549 2711 domum

1955 2758 2133 2797 meam
2180 2751 2496 2799 sanctorum
2548 2758 2799 2814 corpora,
2844 2759 2965 2813 quae
2994 2758 3118 2798 cum
3151 2741 3267 2798 filio
3310 2758 3433 2799 meo
3469 2759 3551 2798 ra-

1956 2832 2073 2903 pui,
2106 2832 2357 2904 sepelivi.
2391 2832 2637 2899 Quorum
2661 2838 2835 2887 mater
2848 2831 3069 2888 Valeria
3087 2838 3142 2888 et
3173 2839 3326 2904 pater
3349 2832 3551 2891 Vitalis

1955 2928 2085 2976 sunt
2131 2920 2268 2979 dicti
2318 2940 2331 2978 :
2382 2937 2519 2994 quos
2575 2938 2687 2977 uno
2728 2927 2855 2977 ortu
2902 2920 3149 2993 geminos
3188 2937 3445 2993 genuere,
3495 2928 3551 2978 et

1955 3024 2129 3064 unum
2185 3010 2495 3066 Protasium
2519 3053 2534 3078 ,
2601 3011 2836 3067 alterum
2907 3009 3232 3066 Gervasium
3303 3025 3551 3067 vocave-

1955 3106 2086 3154 runt
2127 3098 2266 3171 (21).

2030 3198 2082 3255 7.
2125 3198 2369 3266 Quorum
2416 3204 2573 3270 pater
2599 3197 2799 3255 Vitalis
2846 3198 3006 3256 miles
3051 3199 3379 3269 consularis,
3413 3217 3545 3259 cum
3624 3263 3627 3266 ,

1956 3287 2149 3343 fuisset
2177 3303 2304 3344 cum
2336 3287 2569 3343 Paulino
2578 3286 2764 3359 judice
2784 3303 2884 3343 suo
2912 3289 3228 3344 Ravennam
3250 3288 3546 3361 ingressus,

1955 3384 2009 3432 et
2036 3376 2288 3448 cmpisset
2334 3376 2599 3432 Paulinus
2644 3375 2977 3432 christianos
3017 3375 3085 3431 ad
3125 3376 3548 3434 sacriﬁcandum

1956 3465 2257 3538 requirere,
2290 3465 2507 3522 oblatus
2534 3474 2616 3522 est
2631 3465 2681 3522 ei
2711 3464 2934 3539 quidam
2959 3464 3309 3523 Christianus
3323 3467 3552 3522 nomine

1955 3554 2260 3623 Ursicinus,
2288 3561 2404 3610 arte
2434 3553 2700 3622 medicus,
2732 3554 2955 3610 natione
2989 3553 3176 3626 Ligur.
3213 3554 3548 3627 Tuncjussit

1956 3659 2080 3699 eum
2110 3642 2376 3699 Paulinus
2422 3643 2481 3699 in
2529 3652 2827 3716 conspectu
2870 3660 2971 3699 suo
3013 3644 3282 3716 torqueri,
3310 3642 3543 3702 dicens:

1954 3731 2234 3801 Sacriﬁca,
2282 3731 2552 3801 Ursicine,
2595 3731 2704 3788 diis
2758 3731 3184 3789 immortalibus.
3234 3733 3336 3790 Ille
3364 3741 3548 3791 autem

1955 3827 2309 3899 respondens,
2349 3826 2497 3883 dixit
2543 3826 2611 3883 ad
2657 3843 2820 3883 eum:
2854 3828 2975 3884 Non
3006 3826 3326 3884 sacriﬁcabo
3366 3828 3550 3885 surdis

1954 3925 2010 3973 et
2036 3918 2230 3987 mutis,
2260 3918 2355 3974 sed
2385 3917 2705 3976 sacriﬁcabo
2734 3920 2973 3976 Domino
3004 3935 3126 3976 meo
3156 3919 3283 3975 Jesu
3304 3918 3545 3976 Christo.

1953 4009 2027 4064 Et
2079 4026 2205 4066 cum
2260 4008 2489 4065 vidisset
2545 4009 2693 4081 quod
2742 4026 2865 4065 eum
2928 4016 3138 4065 mutare
3202 4024 3315 4065 non
3367 4014 3549 4080 posset

1954 4099 2316 4156 aconstantia
2335 4114 2452 4167 sua,
2488 4108 2609 4173 post
2639 4099 2814 4156 nimia
2860 4106 3155 4167 tormenta,
3195 4098 3362 4170 jussit
3418 4113 3549 4153 eum

1954 4189 2243 4261 capitalem
2268 4189 2455 4247 subire
2484 4190 2833 4246 sententiam.
2864 4189 3041 4245 Locus
3078 4195 3262 4244 autem
3305 4186 3421 4255 ille,
3452 4185 3549 4243 ubi

1955 4280 2373 4338 decollabantur
2410 4278 2736 4347 Christiani,
2781 4278 2886 4335 hoc
2916 4277 3151 4333 habebat
3194 4276 3548 4346 vocabulum,

1957 4376 2019 4425 ut
2065 4368 2372 4436 diceretur,
2433 4367 2502 4424 ad
2552 4367 2817 4423 Palmam.
2880 4366 3062 4424 Arbor
3111 4365 3259 4423 enim
3323 4365 3551 4441 antiqua

1955 4461 2151 4534 palmae
2182 4459 2301 4515 illic
2319 4466 2454 4515 erat.

237 4559 392 4617 deret
426 4579 441 4617 :
483 4559 531 4615 si
562 4576 694 4615 vero
734 4568 875 4617 esset
905 4561 1131 4630 veritas,
1171 4562 1397 4635 plenius
1424 4538 1726 4634 appareret.
1759 4560 1846 4618 Ad
1874 4538 1923 4597 D
2024 4560 2079 4616 8.
2122 4557 2297 4631 Igitur
2322 4574 2471 4627 cum,
2502 4565 2566 4613 ut
2608 4555 2877 4626 diximus,
2908 4564 3031 4630 post
3060 4555 3237 4612 nimia
3266 4563 3546 4613 tormenta

238 4648 660 4723 impetrandum
703 4666 834 4706 vero
878 4668 1000 4725 quae
1046 4651 1334 4724 poscebam
1390 4666 1422 4706 a
1463 4650 1702 4707 Domino
1753 4667 1844 4706 au-

240 4739 533 4811 gmentavi
558 4738 872 4811 jejunium:
906 4741 1187 4815 similique
1215 4741 1399 4810 modo,
1431 4749 1659 4800 canente
1681 4742 1844 4814 gallo,

239 4838 471 4887 orantes
491 4846 706 4887 mecum
731 4831 899 4887 iidem
925 4831 1158 4903 juvenes
1177 4840 1570 4905 apparuerunt.

311 4918 367 4976 4.
400 4922 472 4976 In
509 4919 672 4976 tertia
700 4937 831 4978 vero
859 4932 1038 4991 nocte,
1078 4921 1293 4979 defecto
1323 4922 1554 4995 jejuniis
1596 4936 1845 4994 corpore,

242 5023 356 5064 non
405 5008 737 5079 dormienti,
792 5011 889 5067 sed
942 5011 1209 5083 stupenti,
1253 5026 1381 5069 cum
1429 5010 1663 5082 quadam
1706 5009 1846 5065 mihi

243 5099 409 5155 tertia
462 5115 763 5171 apparuere
810 5116 1061 5173 persona,
1113 5116 1234 5171 quae
1284 5098 1485 5155 similis
1527 5106 1645 5153 erat
1688 5097 1848 5154 beato

245 5185 420 5243 Paulo
436 5188 711 5259 apostolo,
723 5186 883 5260 cujus
907 5204 991 5243 me
1020 5188 1235 5245 vultum
1255 5188 1469 5261 pictura
1495 5185 1849 5255 docuerat,in

322 5332 471 5405 (19),
495 5330 719 5405 Eaedem
747 5330 904 5395 edit.,
937 5331 1213 5405 obsecrans
1258 5330 1567 5405 citaritatem
1616 5331 1849 5405 Spiritus

248 5401 443 5471 sancti,
462 5401 471 5405 ⁷
488 5409 549 5456 ut
580 5402 733 5457 labor
761 5408 938 5473 noster
963 5402 1021 5456 in
1062 5407 1241 5456 vestra
1281 5401 1575 5457 imitatione
1613 5401 1850 5473 fructum

248 5474 307 5528 in
346 5480 622 5545 conspectu
667 5472 886 5545 Domini
927 5474 1098 5528 valeat
1137 5472 1391 5541 invenire,
1421 5490 1573 5529 amen
1605 5472 1619 5530 ἑ
1674 5473 1849 5532 codex

253 5562 390 5602 vero
420 5542 601 5601 Noall.
635 5553 697 5601 ut
730 5561 830 5599 nos
858 5542 916 5598 in
950 5551 1127 5600 textu.

352 5616 450 5682 20)
482 5618 645 5673 Deest
670 5617 729 5672 in
755 5617 911 5674 Rom.
946 5616 1105 5682 edit.,
1131 5622 1180 5671 et
1207 5615 1496 5673 orantium.

353 5687 452 5759 21)
485 5689 644 5747 Rom.
673 5688 833 5759 edit.,
865 5694 1198 5757 vomuerunt,
1242 5705 1460 5761 cumque
1503 5689 1569 5746 ab
1608 5688 1849 5747 intestato

1955 4647 2313 4706 decollandus
2344 4649 2588 4704 venisset
2621 4656 2843 4705 sanctus
2872 4646 3160 4704 Ursicinus
3186 4645 3256 4702 ad
3281 4646 3545 4715 Palmam,

1953 4738 2181 4811 expavit
2212 4755 2224 4793 :
2254 4745 2308 4793 et
2331 4738 2465 4795 dum
2494 4738 2664 4794 vellet
2692 4737 2834 4793 male
2862 4735 3111 4805 evadere,
3144 4734 3476 4792 exclamavit
3490 4734 3546 4792 S.

1953 4828 2157 4887 Vitalis
2202 4828 2431 4884 dicens:
2479 4827 2640 4896 Noli,
2681 4826 2819 4895 noli,
2864 4826 3113 4884 Ursicino
3165 4822 3400 4893 medice,
3452 4824 3549 4897 qui

1955 4919 2093 4975 alios
2139 4934 2331 4975 curare
2383 4916 2742 4983 consuevisti,
2796 4923 2849 4972 te
2895 4916 3077 4989 ipsum
3107 4923 3325 4972 aeternae
3355 4913 3550 4970 mortis

1949 5007 2139 5081 jaculo
2167 5008 2458 5064 vulnerare
2485 5025 2499 5075 ;
2550 5014 2605 5063 et
2650 5007 2746 5080 qui
2775 5023 2871 5079 per
2898 5006 3178 5079 passiones
3206 5004 3407 5061 nimias
3444 5019 3549 5059 ve-

1956 5098 2089 5154 nisti
2142 5099 2213 5154 ad
2260 5097 2520 5169 palmam,
2562 5112 2821 5153 coronam
2850 5095 2970 5152 noli
3004 5095 3228 5169 perdere
3255 5112 3287 5150 a
3311 5091 3548 5151 Domino

1956 5195 2338 5261 praeparatam.
2370 5186 2618 5243 Audiens
2650 5185 2769 5243 haec
2797 5193 3020 5252 sanctus
3065 5184 3372 5252 Ursicinus,
3407 5196 3549 5254 genu

1961 5332 2246 5389 Gervasius
2291 5336 2339 5385 et
2364 5330 2668 5398 Protasius,
2720 5331 2814 5386 hoc
2849 5337 2942 5406 est,
2971 5335 3124 5406 patre
3164 5333 3357 5406 s_anc_to_
3382 5325 3550 5406 Vitale

1954 5410 2211 5477 martyre,
2235 5408 2282 5459 et
2300 5408 2467 5477 matre
2493 5396 2688 5477 sanctae
2715 5396 2987 5477 memoriae
3014 5400 3232 5477 _Valeria
3261 5396 3546 5477 defunctis,

1956 5475 2165 5549 utrique
2219 5473 2540 5549 patrimonio
2591 5474 2975 5549 successissent,
2994 5473 3203 5549 domum
3238 5473 3543 5549 propriam,

1957 5553 2065 5620 etc.
2077 5541 2202 5601 'Nos
2221 5541 2367 5620 vero
2376 5543 2529 5620 duos
2558 5544 2787 5620 codices
2808 5543 2975 5620 Longi
2984 5541 3261 5620 pontinos,
3282 5541 3544 5620 _qui.mar-

1958 5616 2167 5688 tyrium
2212 5617 2305 5673 SS.
2346 5611 2654 5672 Vitalis'ac
2688 5611 3079 5672 Valeriae‘h'uic
3104 5611 3349 5683 epistolae
3392 5611 3549 5669 inse—

1957 5695 2107 5757 runt,
2138 5688 2312 5746 secuti
2339 5702 2548 5744 sumus.
