4068 6182
593 246 700 305 823

1612 248 1708 304 AD
1746 246 1980 304 OPERA
2016 247 2073 303 S.
2112 243 2449 303 AMBROSII
2486 244 2871 305 APPENDIX.

3714 261 3797 319 821

583 371 788 446 posuit,
821 378 875 426 et
903 371 1311 442 spiculatorem,
1346 381 1407 428 ut
1436 372 1645 437 feriret,
1674 372 1961 440 hortatus;
2010 388 2175 444 agens
2201 380 2252 439 Α
2281 370 2461 429 stiana
2487 386 2633 442 sum,
2666 390 2779 430 non
2803 374 2934 433 licet
2956 375 3102 432 mihi
3121 375 3190 432 de
3221 374 3420 435 Silvani
3445 382 3593 439 vestri
3617 388 3799 445 sacriﬁ-

584 460 965 535 poenitentiam
1005 459 1152 531 quod
1199 461 1530 532 expavisset.
1559 462 1730 529 Quem
1761 462 2059 533 spiculator
2088 461 2179 517 fe-

583 550 750 618 riens,
802 548 1011 605 Christi
1066 557 1365 621 martyrem
1408 550 1557 607 fecit.
1596 551 1901 623 Statimque
1959 559 2179 606 sanctus

581 638 783 696 Vitalis
804 654 1003 709 corpus
1029 639 1289 711 martyris
1315 639 1553 711 rapiens,
1569 640 1711 695 intra
1733 640 2176 696 Raveunensium

577 728 769 784 urbem
796 728 1054 799 sepelivit
1084 746 1209 785 cum
1227 732 1381 784 omni
1402 731 1685 786 honestate
1711 730 1942 800 martyri
1965 729 2173 796 debita,

576 827 631 875 et
659 818 727 874 ad
752 818 996 890 judicem
1031 821 1178 876 ultra
1208 831 1430 878 sanctus
1450 822 1650 877 Vitalis
1674 823 1861 876 venire
1890 829 2176 895 contemp-

577 908 667 964 sit.
700 906 872 974 Quem
900 908 1164 965 Paulinus
1208 908 1514 966 consularis
1561 909 1685 965 ideo
1727 910 1969 966 maxime
2000 910 2175 966 teneri

577 997 896 1065 mandavit;
929 1015 1041 1055 non
1070 1007 1285 1055 tantum
1317 1000 1446 1072 quia
1475 1000 1810 1071 contempsit
1836 999 1906 1055 ad
1934 1016 2060 1055 eum
2093 1015 2173 1054 re-

575 1087 717 1157 dire,
748 1104 941 1145 verum
972 1098 1241 1163 quantum
1268 1089 1337 1145 ob
1368 1090 1473 1146 hoc
1503 1089 1649 1163 quod
1682 1088 2018 1147 christianus
2035 1095 2176 1145 esset

575 1175 848 1235 detectus.

646 1268 700 1324 9.
743 1267 897 1324 Tunc
926 1267 1168 1325 ministri
1197 1268 1314 1340 ejus
1336 1269 1608 1342 rapientes
1632 1285 1754 1325 eum
1790 1269 1846 1323 iu
1873 1276 2175 1341 conspectu

575 1356 694 1429 ejus
739 1357 1110 1415 adduxerunt.
1157 1361 1230 1415 Et
1269 1360 1464 1416 videns
1513 1376 1637 1416 eum
1682 1360 1966 1428 Paulinus,
1999 1360 2076 1417 ait
2104 1359 2172 1416 ad

575 1467 700 1508 eum
737 1470 747 1508 :
790 1452 1075 1519 Quomodo
1108 1454 1396 1510 maleﬁciis
1435 1454 1699 1525 deceptus
1749 1469 1825 1519 es,
1860 1452 2083 1521 Vitalis,
2110 1458 2173 1507 ut

574 1556 687 1597 non
712 1541 985 1598 sacriﬁces
1015 1542 1163 1598 diis?
1208 1542 1310 1600 Cui
1357 1542 1452 1597 ille
1500 1540 1785 1612 respondit
1814 1558 1824 1595 :
1860 1542 1980 1597 Non
2011 1541 2175 1598 sacri-

574 1630 681 1688 ﬁco
713 1630 896 1687 surdis
925 1639 979 1686 et
1008 1632 1200 1699 mutis,
1228 1632 1321 1687 sed
1350 1631 1601 1688 sacriﬁco
1624 1632 1736 1686 Deo
1763 1646 1906 1698 meo,
1931 1630 2025 1703 qui
2042 1630 2173 1688 fecit

2291 462 2395 518 ciis
2424 463 2778 530 manducare,
2807 464 2996 520 statim
3029 464 3114 521 illi
3136 464 3252 522 haec
3270 466 3546 539 audientes,
3565 480 3799 536 tantaeam

2289 551 2435 607 caede
2486 563 2885 622 mactaverunt,
2917 562 2979 610 ut
3010 556 3108 611 vix
3136 572 3253 610 eam
3283 558 3584 617 seminecem
3618 565 3690 619 sui
3714 566 3802 622 ho-

2289 640 2465 696 mines
2505 640 2575 696 ad
2626 642 3122 722 Mediolanensium
3166 643 3352 700 urbem
3395 647 3722 722 perducerent,
3743 656 3801 712 ita

2287 737 2349 786 ut
2377 730 2523 786 intra
2548 731 2798 788 triduum
2838 718 3102 805 migra-ret
3127 731 3197 788 ad
3225 731 3511 790 Christum.

2360 819 2445 874 13.
2488 820 2557 875 Et
2608 829 2961 894 posteaquam
3018 828 3171 893 pater
3206 837 3391 878 eorum
3433 823 3603 881 beatus
3645 828 3803 888 Vitalis

2287 908 2555 981 martyrio
2600 918 2682 967 est
2735 918 3068 977 coronatus,
3128 920 3287 984 atque
3336 912 3626 972 beatissima
3672 928 3804 975 mater

2286 996 2507 1053 Valeria
2552 998 2811 1072 migravit
2861 999 2932 1055 ad
2984 998 3286 1068 Christum,
3334 1000 3399 1058 ab
3445 1002 3674 1059 intestato
3710 1004 3804 1076 jure

2286 1084 2597 1145 δεηθείης,
2635 1098 2688 1146 et
2746 1088 3027 1150 Protasius
3069 1088 3382 1161 parentibus
3432 1094 3803 1164 successissent;

2285 1174 2511 1231 domum
2553 1179 2832 1251 propriam
2880 1182 2939 1238 in
2983 1201 3091 1257 qua
3136 1184 3252 1241 nati
3298 1184 3524 1255 fuerant,
3550 1195 3597 1244 et
3624 1205 3694 1244 res
3718 1190 3805 1245 uni-

2286 1281 2471 1323 versas
2500 1277 2811 1340 parentum,
2841 1281 2896 1329 et
2938 1274 3226 1332 casellulas
3272 1276 3660 1346 venumdantes,
3686 1279 3805 1336 dede-

2285 1364 2417 1412 runt
2446 1374 2609 1413 omne
2640 1361 2879 1431 pretium
2909 1363 3265 1436 pauperibus,
3296 1374 3347 1421 et
3366 1364 3661 1421 familiolam
3690 1384 3805 1424 suam

2284 1442 2577 1517 ingenuam
2626 1448 2877 1507 fecerunt
2922 1470 2934 1509 :
2981 1453 3198 1526 ipsique
3246 1472 3301 1512 se
3342 1454 3398 1509 in
3442 1471 3546 1511 uno
3584 1458 3806 1513 cmuaculo

2283 1536 2693 1605 concluserunt,
2716 1548 2769 1596 et
2788 1556 2884 1612 per
2898 1541 3086 1598 decem
3110 1550 3289 1599 annos
3305 1543 3527 1601 lectioni
3552 1552 3600 1599 et
3623 1546 3807 1601 orationi

2282 1631 2557 1693 vacantes,
2617 1623 2724 1682 hoc
2778 1628 2977 1685 ordine
3031 1630 3089 1686 in
3149 1648 3297 1687 anno
3338 1632 3688 1689 conversionis
3724 1651 3807 1689 suae

574 1722 776 1779 coelum
804 1728 858 1776 et
888 1728 1109 1789 terram,
1144 1737 1292 1777 mare
1316 1729 1370 1776 ct
1399 1722 1586 1777 omnia
1614 1738 1736 1793 quae
1767 1721 1825 1777 in
1856 1722 1934 1777 eis
1955 1728 2175 1789 sunt,et
2201 1736 2248 1797 Β
2282 1713 2576 1771 undecimo
2604 1715 2673 1771 ad
2703 1717 2943 1788 palmam
2975 1720 3231 1792 martyrii
3261 1728 3612 1793 pervenerunt
3642 1722 3755 1794 (22).

574 1811 701 1867 Jesu
731 1809 954 1867 Christo
986 1809 1103 1881 ﬁlio
1130 1809 1269 1882 ejus,
1293 1810 1528 1883 quicum
1560 1828 1623 1867 eo
1658 1819 1711 1867 et
1740 1812 1949 1884 Spiritu
1981 1819 2170 1868 sancto

576 1898 719 1955 vivit
747 1907 801 1954 et
830 1906 1042 1971 regnat.
1069 1900 1224 1956 Tunc
1252 1900 1518 1956 Paulinus
1539 1900 1706 1973 jussit
1743 1917 1868 1956 eum
1902 1901 2074 1957 levari
2111 1902 2171 1957 in
2194 1930 2208 1944 ο

576 1986 829 2060 equuleo,
864 1996 927 2044 ut
957 2004 1052 2060 per
1077 1996 1371 2057 tormenta,
1405 1988 1523 2061 ejus
1551 2005 1879 2046 consensum
1910 1991 1977 2046 ad
2008 1991 2172 2047 sacri-

576 2075 855 2133 ﬁcandum
898 2078 1271 2149 compelleret.
1305 2077 1411 2135 Sed
1441 2086 1662 2136 sanctus
1693 2080 1892 2138 Vitalis
1935 2079 2167 2150 studuit,

577 2172 640 2221 ut
667 2167 781 2222 Deo
823 2165 1074 2224 redderet
1121 2183 1390 2239 gemmam
1422 2167 1737 2240 pretiosam.
1791 2186 1953 2242 quam
1984 2186 2172 2242 rapere

576 2254 833 2311 diabolus
857 2255 1129 2313 studebat.
1154 2257 1226 2312 Et
1255 2256 1589 2328 respondens
1618 2257 1694 2313 ait
1714 2258 1763 2313 ei
1784 2276 1796 2312 :
1816 2258 2039 2314 Inﬁnita
2068 2258 2171 2314 tibi

577 2344 897 2401 dominatur
926 2347 1164 2403 stultitia
1196 2364 1207 2402 :
1264 2354 1357 2402 aut
1402 2356 1560 2420 putas
1596 2349 1980 2421 memetipsum
2016 2366 2173 2421 posse

575 2432 846 2506 decipere,
865 2434 960 2508 qui
990 2436 1127 2492 alios
1157 2454 1189 2492 a
1217 2437 1467 2509 periculo
1494 2437 1689 2495 mortis
1714 2439 1801 2495 vel
1832 2438 2173 2511 deceptionis

578 2522 811 2579 liberare
840 2523 1027 2579 studui
1052 2524 1080 2581 ?

652 2614 737 2671 10.
790 2615 944 2672 Tunc
990 2615 1257 2672 Paulinus
1305 2616 1611 2673 consularis
1644 2616 1793 2672 dixit
1843 2616 1912 2673 ad
1955 2617 2170 2676 Ofﬁcia-

577 2703 723 2760 rium
748 2722 759 2760 :
793 2704 994 2761 Ducite
1024 2722 1151 2760 eum
1173 2704 1244 2761 ad
1272 2706 1541 2773 Palmam,
1571 2713 1626 2761 et
1665 2705 1840 2761 nolite
1872 2705 2167 2775 decollare,

575 2794 622 2850 si
654 2794 963 2852 sacriﬁcare
1013 2797 1454 2868 contempserit:
1506 2796 1601 2852 sed
1649 2797 1809 2854 facite
1856 2797 2073 2853 foveam
2112 2797 2171 2853 in

577 2891 741 2952 terra,
791 2885 988 2940 tandiu
1033 2901 1142 2957 quo
1183 2901 1354 2957 usque
1390 2886 1722 2956 perveniatis
1760 2885 1827 2941 ad
1868 2902 2087 2958 aquam,
2119 2892 2173 2941 et

577 2970 658 3026 ibi
685 2987 811 3027 eum
840 2971 1101 3043 supinum
1133 2971 1413 3043 deponite,
1445 2980 1498 3027 et
1527 2980 1671 3028 terra
1698 2982 1861 3046 atque
1895 2973 2171 3044 lapidibus

2354 1802 2438 1858 14.
2484 1804 2912 1877 Superveniente
2961 1808 3166 1864 comite
3197 1810 3435 1877 Astasio,
3489 1810 3575 1882 qui
3620 1810 3806 1881 proﬁcis-

2279 1891 2504 1949 cebatur
2532 1893 2601 1949 ad
2632 1892 2862 1963 bellum,
2895 1896 3043 1969 quod
3071 1914 3103 1952 a
3127 1897 3490 1955 Marcomanis
3518 1897 3677 1955 fuerat
3701 1900 3809 1956 exci-

2280 1990 2477 2053 tatum,
2500 1993 2858 2041 occurrerunt
2892 1986 2941 2041 ei
2970 1988 3310 2060 templorum
3336 1990 3565 2046 cultores
3592 1990 3692 2061 (23)
3718 2006 3809 2046 cum

2280 2072 2656 2130 sacerdotibus
2676 2074 2811 2143 suis,
2838 2074 3117 2134 dicentes:
3143 2077 3199 2133 Si
3221 2078 3315 2135 vis
3331 2079 3485 2135 laetus
3513 2079 3576 2136 ad
3600 2079 3814 2151 Augustos

2281 2170 2496 2218 nostros
2543 2162 2748 2219 reverti
2778 2171 2834 2219 et
2862 2164 3065 2231 victor,
3098 2166 3429 2223 Gervasium
3474 2176 3525 2225 et
3565 2168 3811 2224 Protasium

2280 2250 2388 2307 diis
2417 2251 2621 2307 nostris
2647 2252 2961 2311 sacriﬁcare
2986 2256 3299 2329 compelle;
3344 2256 3672 2315 vehementer
3702 2255 3812 2311 enim

2280 2339 2360 2396 dii
2384 2340 2559 2396 nostri
2584 2341 2652 2397 de
2676 2358 2865 2398 eorum
2894 2353 3215 2419 contemptu
3248 2363 3373 2406 com
3384 2347 3535 2416 moti,
3556 2361 3813 2419 responsum

2280 2429 2441 2486 nobis
2468 2429 2595 2487 dare
2625 2441 3010 2489 contemnunt.

2352 2527 2436 2584 15.
2469 2528 2715 2584 Audiens
2735 2528 2853 2586 haec
2880 2530 3134 2587 Astasius
3164 2549 3365 2590 comes
3379 2532 3539 2605 jussit
3564 2549 3646 2589 eos
3663 2530 3813 2598 teneri,

2278 2622 2333 2670 et
2360 2615 2428 2672 ad
2460 2632 2517 2672 se
2546 2616 2766 2673 adduci.
2801 2617 3015 2685 Quibus
3044 2619 3190 2676 dixit
3235 2638 3256 2677 :
3306 2622 3507 2679 Hortor
3539 2637 3627 2676 vos
3650 2626 3702 2675 ut
3724 2618 3815 2675 deo-

2280 2721 2403 2761 rum
2435 2713 2754 2763 nostrorum
2787 2707 3020 2779 injurias
3050 2716 3231 2782 tempe
3244 2720 3449 2781 rantes,
3478 2710 3544 2767 ad
3572 2708 3817 2765 immolan-

2279 2795 2411 2852 dum
2441 2796 2521 2851 eis
2548 2796 2733 2852 devoti
2755 2797 3021 2855 studeatis
3049 2798 3350 2870 insistere;
3378 2809 3437 2858 ut
3468 2798 3712 2873 expeditio
3729 2810 3817 2851 mea

2280 2884 2532 2956 gnaviter
2560 2884 2887 2942 celebretur.
2918 2887 3118 2945 Beatus
3142 2890 3450 2948 Gervasius
3476 2889 3610 2947 dixit
3637 2906 3648 2944 :
3675 2885 3819 2943 Victo-

2279 2973 2415 3028 riam
2443 2973 2511 3029 de
2551 2975 2690 3030 coelo
2718 2974 2885 3032 debes
2912 2976 2980 3033 ab
3012 2978 3405 3051 omnipotente
3434 2981 3539 3035 Deo
3576 2974 3815 3050 requirere:

577 3058 865 3127 obrutum,
894 3059 973 3114 ibi
993 3058 1443 3128 dimittite.Quod
1471 3076 1598 3118 cum
1628 3060 1823 3117 fuisset
1856 3062 2170 3132 impletum,
2211 3096 2255 3157 C
2281 3079 2390 3119 non
2434 3063 2500 3119 de
2540 3064 2851 3122 simulacris
2900 3066 3206 3125 immundis
3246 3077 3302 3126 et
3330 3069 3505 3137 vanis,
3541 3084 3649 3142 quae
3673 3064 3819 3121 oculos

575 3147 722 3204 Deus
771 3146 877 3203 sibi
923 3155 1173 3205 sanctum
1220 3149 1460 3206 Vitalem
1501 3150 1578 3205 ita
1620 3159 1917 3222 martyrem
1967 3165 2171 3206 conse-

574 3237 772 3306 oravit,
787 3246 848 3295 ut
875 3238 1128 3296 sacerdos
1148 3240 1428 3313 Apollinis
1456 3241 1551 3314 qui
1582 3239 1688 3298 hoc
1706 3239 2004 3297 consilium
2033 3241 2168 3296 Pau-

577 3327 693 3384 lino
734 3327 912 3401 judici
960 3328 1203 3399 dederat,
1258 3329 1478 3386 diabolo
1528 3331 1791 3402 repletus,
1838 3346 1933 3403 per
1961 3337 2167 3402 septem

575 3416 694 3473 dies
743 3433 1146 3489 energumenus
1196 3418 1457 3475 clamaret
1502 3418 1602 3486 ibi,
1664 3418 1759 3475 ubi
1812 3420 2042 3476 obrutus
2088 3427 2169 3475 est

575 3513 797 3560 sanctus
839 3505 1039 3562 Vitalis
1069 3505 1258 3561 dicens
1294 3523 1304 3560 :
1339 3505 1593 3562 Incendis
1636 3523 1742 3575 me,
1776 3515 2007 3579 martyr,
2046 3524 2165 3564 cru-

573 3590 687 3650 cias
714 3608 821 3660 me,
853 3601 1059 3649 sancte.
1092 3593 1221 3648 Post
1252 3600 1460 3665 septem
1488 3610 1621 3650 vero
1649 3586 1767 3651 dies
1796 3595 2168 3668 praecipitatus

576 3695 609 3735 a
661 3679 881 3736 diabolo
922 3679 980 3735 in
1027 3679 1279 3750 ﬂumine,
1328 3681 1649 3753 exspiravit.
1700 3682 1931 3740 Sanctus
1983 3691 2165 3740 autem

575 3767 776 3826 Vitalis
826 3770 1097 3842 gloriosus
1141 3778 1353 3843 martyr
1399 3768 1626 3839 Christi,
1681 3770 1845 3843 juxta
1884 3772 2164 3829 civitatem

573 3857 1021 3915 Ravennensium
1069 3866 1290 3932 praestat
1331 3858 1675 3916 orationibus
1704 3860 1790 3916 vel
1821 3860 2165 3917 intercessio-

572 3944 739 4002 nibus
793 3946 907 4003 suis
950 3946 1216 4004 beneﬁcia
1271 3947 1531 4004 omnibus
1584 3948 1936 4007 credentibus
1979 3951 2162 4007 Jesum

572 4035 856 4095 Christum
888 4054 1061 4112 usque
1082 4037 1141 4093 in
1171 4036 1501 4094 hodiernum
1533 4037 1701 4095 diem.

644 4125 729 4181 11.
767 4125 988 4183 Valeria
1018 4135 1201 4184 autem
1238 4127 1444 4200 conqu
1491 4128 1630 4201 ejus,
1677 4129 1812 4185 dum
1853 4130 2017 4187 vellet
2047 4148 2162 4188 cor-

569 4229 672 4286 pus
714 4214 891 4272 sancti
922 4215 1131 4273 Vitalis
1159 4218 1393 4287 auferre,
1426 4234 1459 4274 a
1503 4217 1835 4276 Christianis
1881 4219 2163 4291 prohibita

568 4308 671 4369 est,
718 4311 772 4358 et
814 4303 874 4359 in
922 4304 1232 4362 visionibus
1274 4323 1414 4379 saepe
1447 4307 1751 4377 admonita,
1797 4323 1866 4364 ne
1906 4316 2157 4367 sanctum

568 4406 769 4463 corpus
798 4409 829 4447 a
861 4395 1009 4449 malo
1046 4395 1272 4453 homine
1300 4397 1439 4453 bene
1469 4399 1709 4471 positum
1756 4400 2005 4457 violaret.
2052 4401 2157 4459 Sed

566 4480 663 4537 illa
706 4483 764 4536 in
783 4480 1093 4539 intentione
1113 4485 1462 4556 perdurante,
1485 4488 1798 4545 evidentius
1821 4489 1871 4547 ei
1903 4492 2157 4563 apparuit

564 4576 786 4627 sanctus
818 4570 1040 4641 Vitalis,
1080 4572 1271 4629 dicens
1298 4574 1365 4630 ad
1399 4591 1516 4632 eam
1556 4595 1568 4634 :
1602 4578 1726 4634 Noli
1758 4578 1898 4634 mihi
1929 4581 2159 4638 molesta

562 4674 700 4729 esse,
735 4661 970 4726 mulier;
1019 4663 1149 4737 quia
1178 4679 1459 4738 nunquam
1504 4665 1643 4722 mihi
1692 4674 1803 4722 tam
1852 4668 2151 4739 gloriosum

562 4749 766 4822 poteris
796 4766 984 4823 parare
1018 4754 1350 4825 sepulcrum,
1390 4756 1551 4830 quale
1578 4754 1719 4811 mihi
1752 4757 2024 4814 Dominus
2049 4758 2150 4815 Je-

558 4853 652 4895 sus
674 4838 925 4897 Christus
950 4839 1071 4896 ﬁeri
1093 4840 1280 4914 jussit.

631 4927 718 4985 12.
756 4930 876 5002 Ipsa
924 4939 1106 4987 autem
1136 4932 1270 4989 dum
1301 4941 1667 4990 reverteretur
1694 4934 1761 4991 ad
1802 4934 1994 4992 urbem
2026 4936 2151 4994 Me-

554 5015 983 5088 diolanensium,
1018 5019 1261 5078 incurrit
1290 5021 1541 5079 homines
1571 5022 1889 5079 idololatras
1918 5023 2147 5082 Silvano

552 5107 923 5167 sacriﬁcantes
970 5110 1029 5166 in
1076 5111 1313 5181 itsnere;
1359 5130 1522 5187 quam
1561 5130 1688 5171 cum
1737 5114 2026 5184 vidissent,
2056 5115 2149 5172 de-

550 5205 817 5272 ponentes
856 5216 977 5256 eam
1017 5200 1087 5257 de
1126 5201 1407 5269 vehiculo,
1454 5207 1601 5266 486
1645 5202 2014 5259 hortabantur
2063 5221 2146 5261 se-

546 5309 676 5353 cum
701 5297 932 5369 epulari.
974 5297 1223 5372 Cumque
1247 5298 1346 5355 illa
1380 5298 1657 5369 resistens,
1687 5298 1894 5358 diceret
1940 5319 1953 5358 :
1988 5301 2146 5361 Chri-

617 5452 737 5527 (22)
787 5455 947 5527 Bom.
1002 5454 1161 5524 edit.,
1206 5454 1356 5527 idola
1396 5463 1715 5527 respuentes,
1777 5459 1870 5514 sub
1927 5458 2144 5517 Αειαείο

543 5524 725 5578 comite
795 5525 852 5580 in
926 5526 1315 5585 Mediolanensi
1367 5524 1576 5583 civitate
1628 5528 1712 5583 die
1766 5530 2144 5588 Kalendarum

533 5592 821 5662 juniarum
859 5596 1093 5667 feliciter
1132 5605 1508 5671 pervmrunt.
1550 5599 1681 5660 Nam
1708 5618 1766 5659 eo
1801 5608 2027 5677 tempore
2055 5620 2141 5660 su-

2280 3151 2483 3208 habent
2518 3152 2637 3209 sine
2674 3155 2904 3223 lumine,
2955 3172 3113 3213 aures
3158 3157 3288 3215 sine
3329 3158 3538 3226 auditu,
3566 3170 3704 3211 nares
3726 3155 3815 3208 sine

2276 3238 2527 3309 odoratu,
2567 3258 2628 3297 os
2662 3242 2780 3297 sine
2809 3258 3078 3312 sermone,
3113 3261 3324 3302 manus
3353 3246 3472 3301 sine
3500 3250 3655 3307 tactu,
3695 3237 3817 3313 pedes

2276 3327 2396 3384 sine
2424 3345 2632 3401 gressu,
2662 3338 2715 3386 et
2734 3337 2982 3388 ventrem
3014 3331 3219 3405 absque
3255 3334 3604 3391 interioribus
3639 3329 3815 3403 proban-

2276 3425 2369 3473 tur
2389 3416 2608 3487 habere,
2648 3426 2701 3474 et
2731 3419 2851 3476 sine
2880 3419 3013 3475 ﬂatu
3050 3437 3165 3476 esse
3193 3432 3529 3480 noscuntur.
3549 3421 3819 3492 Indignatus

2276 3521 2457 3562 comes
2484 3505 2734 3563 Astasius
2757 3506 2923 3579 jussit
2966 3524 3093 3564 eum
3120 3510 3328 3568 tandiu
3359 3508 3643 3584 plumbatis
3677 3501 3816 3569 tuadi,

2277 3593 2523 3668 quandiu
2554 3594 2837 3652 exhalaret
2863 3595 3112 3669 spiritus.

2349 3692 2435 3749 16.
2464 3692 2585 3760 Quo
2612 3700 2815 3762 amoto,
2857 3693 3027 3765 jussit
3056 3694 3162 3751 sibi
3205 3706 3393 3754 astare
3427 3692 3730 3758 Protasium,
3752 3685 3817 3744 cui

2274 3779 2421 3837 dixit
2453 3798 2465 3837 :
2500 3781 2681 3850 Miser,
2704 3782 2791 3837 vel
2818 3790 2878 3838 tu
2899 3782 3085 3839 vivere
3108 3785 3302 3856 stude,
3333 3792 3392 3842 et
3416 3783 3531 3841 noli
3550 3784 3819 3865 βιωθένατος

2273 3874 2415 3945 ﬁeri,
2462 3877 2606 3934 sicut
2648 3884 2703 3933 et
2748 3877 2920 3934 frater
2958 3887 3105 3937 tuus.
3152 3881 3261 3939 Cui
3317 3881 3592 3939 Protasius
3634 3888 3819 3947 respon-

2273 3962 2429 4033 dens,
2476 3965 2554 4021 ait
2595 3983 2607 4022 :
2646 3966 2780 4034 Quis
2832 3974 2914 4023 est
2959 3967 3145 4038 miser,
3174 3986 3282 4043 ego
3309 3970 3409 4045 qui
3443 3986 3553 4026 non
3580 3967 3819 4033 timeo,an

2272 4059 2334 4108 tu
2363 4052 2458 4126 qui
2491 4069 2576 4109 me
2604 4053 2799 4112 timere
2828 4055 3077 4128 probaris
3097 4057 3125 4113 ?
3177 4056 3384 4115 Comes
3428 4057 3573 4114 dixit
3602 4073 3613 4110 :
3651 4055 3750 4124 Ego
3782 4055 3819 4102 te

2271 4141 2549 4213 quomodo
2577 4142 2792 4201 timeo?
2839 4146 3120 4203 Protasius
3158 4148 3454 4220 respondit
3488 4164 3501 4202 :
3540 4147 3599 4202 In
3625 4159 3683 4199 eo
3707 4134 3815 4213 quod

2270 4236 2324 4285 te
2362 4229 2524 4287 times
2568 4231 2716 4300 laedi,
2762 4233 2810 4289 si
2837 4250 2950 4290 non
2999 4235 3435 4305 sacriﬁcavero;
3488 4236 3535 4292 si
3583 4234 3714 4290 enim
3736 4239 3818 4283 non

2270 4317 2492 4374 timeres
2520 4326 2573 4376 te
2603 4320 2731 4377 laedi
2774 4338 2805 4378 a
2846 4340 2954 4393 me,
2986 4341 3073 4380 me
3101 4324 3172 4381 ad
3209 4326 3553 4383 sacriﬁcium
3581 4337 3683 4379 non
3705 4330 3816 4374 com-

2269 4407 2517 4478 pelleres.
2547 4408 2663 4481 Ego
2697 4419 2880 4467 autem
2909 4419 2962 4469 te
2992 4429 3103 4469 non
3133 4414 3347 4471 timens
3374 4423 3661 4473 contemno
3682 4407 3820 4463 minas

2266 4502 2407 4563 tuas,
2443 4503 2497 4553 et
2525 4499 2714 4555 omnia
2743 4499 2891 4557 idola
2910 4509 3027 4571 tua,
3058 4504 3214 4576 quasi
3246 4513 3495 4562 stercora
3523 4505 3815 4574 computans,

2263 4588 2437 4643 Deum
2466 4590 2647 4645 solum
2676 4592 2772 4664 qui
2793 4603 2983 4665 regnat
3012 4593 3071 4649 in
3100 4596 3282 4665 oculis,
3316 4596 3510 4652 adoro.

2346 4677 2431 4734 17.
2463 4677 2711 4735 Audiens
2762 4679 2881 4737 haec
2917 4683 3188 4753 Astasius,
3241 4683 3419 4756 jussit
3463 4698 3585 4739 eum
3624 4672 3818 4735 fustibus

2259 4764 2418 4822 caedi.
2451 4766 2645 4824 Postea
2676 4784 2809 4825 vero
2838 4777 3021 4827 erecto
3050 4771 3197 4829 dixit
3233 4789 3246 4826 :
3283 4773 3477 4842 Miser,
3511 4779 3569 4828 ut
3598 4764 3819 4843 quide

2259 4853 2526 4927 superbus
2570 4864 2625 4913 et
2670 4864 2783 4914 tam
2832 4859 3054 4917 rebellis
3101 4861 3305 4919 existis
3329 4863 3359 4920 7
3391 4863 3477 4918 vis
3496 4860 3682 4935 perire,
3706 4853 3817 4908 sicut

2257 4948 2414 4998 tuum
2470 4944 2714 5015 probasti
2761 4949 3132 5019 germanum?
3161 4950 3455 5008 Protasius
3492 4946 3674 5006 dixit:
3723 4938 3817 4996 Non

2254 5030 2361 5088 tibi
2392 5032 2616 5103 irascor,
2664 5051 2767 5093 nec
2814 5053 2934 5110 ego,
2980 5054 3082 5096 nec
3125 5040 3243 5112 ipsa
3287 5039 3553 5112 justitia:
3599 5029 3814 5108 quoniam

2255 5135 2427 5177 czecos
2452 5122 2531 5179 tui
2560 5123 2743 5180 cordis
2773 5126 2962 5182 oculos
2990 5127 3216 5184 attendo
3241 5145 3255 5183 :
3298 5125 3653 5185 incredulitas
3676 5116 3813 5180 enim.

2254 5225 2375 5282 qua
2409 5210 2470 5269 in
2508 5212 2619 5269 tuis
2662 5214 2916 5271 sensibus
2971 5223 3179 5289 regnat,
3214 5233 3337 5273 non
3379 5225 3435 5275 te
3468 5210 3717 5289 permittit
3740 5202 3815 5259 vi-

2251 5299 2380 5359 dere
2421 5301 2569 5376 quod
2608 5302 2712 5360 Dei
2758 5311 2861 5362 est.
2907 5306 3046 5363 Nam
3093 5316 3147 5365 et
3189 5307 3476 5364 Dominus
3520 5316 3664 5362 meus
3690 5297 3813 5355 les“!

2244 5461 2592 5533 perveniente,
2622 5470 2731 5519 etc.

2318 5532 2444 5606 (23)
2458 5533 2665 5593 Eadem
2694 5533 2852 5604 edit.,
2871 5541 3217 5595 occurrerunt
3259 5537 3312 5594 ei
3339 5536 3567 5595 cultores
3588 5529 3809 5590 idolorull
