4020 6200
235 379 335 438 825

1132 373 1495 433 EPISTOLE
1532 374 1635 432 EX
1666 373 2137 434 AMBROSIANlS
2173 372 2642 433 SEGREGATE.

3426 375 3535 435 836

234 501 495 569 Christus,
525 500 910 573 cruciﬁgentes
937 514 994 556 se
1022 515 1134 556 non
1163 499 1488 557 maledixit:
1520 499 1614 556 sed
1637 500 1823 572 potius
1849 503 1899 563 Α
1929 506 2075 556 terra
2101 507 2290 556 nostra
2321 500 2505 572 (Cant.
2540 518 2601 570 11,
2627 501 2783 575 12).»
2816 503 3239 576 Respondebant
3267 502 3533 562 Christia-

232 601 292 649 ut
319 593 394 649 eis
422 591 826 664 indulgeretur,
853 590 1056 659 oravit,
1088 590 1294 647 addens
1317 598 1372 646 et
1400 590 1527 657 hoc,
1558 590 1689 663 quia
1714 606 1822 647 ne-

231 682 428 740 scirent
449 682 584 759 quid
605 683 870 739 facerent.
904 681 1058 739 Unde
1079 689 1133 737 et
1161 697 1260 753 ego
1276 681 1371 737 .tui
1397 680 1679 750 misereor,
1694 680 1825 753 quia

230 773 403 829 nescis
431 772 566 846 quid
597 772 784 831 facias.
827 772 941 843 Age
970 787 1098 843 ergo
1131 771 1279 844 quod
1314 771 1553 844 coepisti,
1588 778 1652 826 ut
1681 771 1822 827 mihi

229 861 401 935 possit
448 878 575 918 cum
628 878 750 917 meo
799 861 968 917 fratre
1013 860 1277 917 Gervasio
1313 860 1477 918 hodie
1514 860 1825 934 benignitas

228 953 530 1010 Salvatoris
557 952 731 1008 nostri
752 967 1060 1009 occurrere.

300 1041 386 1098 18.
418 1041 573 1098 Tunc
608 1057 792 1097 comes
828 1040 1081 1097 Astasius
1104 1039 1271 1113 jussit
1297 1056 1424 1097 eum
1454 1039 1631 1113 capite
1665 1039 1820 1097 cadi.

227 1130 384 1199 Quod
412 1148 537 1188 cum
566 1131 772 1188 factum
799 1138 959 1200 esset,
996 1147 1097 1203 ego
1124 1130 1415 1203 Philippus
1452 1130 1658 1188 abstuli
1696 1146 1823 1186 cum

227 1220 344 1276 ﬁlio
370 1236 492 1277 meo
517 1220 709 1276 furtim
756 1228 919 1277 nocte
962 1227 1276 1277 sanctorum
1318 1220 1549 1275 istorum
1575 1234 1822 1291 corpora,

226 1316 280 1364 et
313 1308 371 1364 in
400 1308 566 1364 domo
592 1324 729 1377 mea,
772 1310 885 1365 Deo
914 1310 1032 1364 solo
1062 1316 1221 1376 teste,
1272 1307 1331 1362 in
1363 1307 1469 1364 ista
1506 1323 1632 1364 arca
1662 1322 1828 1363 saxea

225 1396 478 1468 sepelivi,
525 1397 752 1453 credens
804 1413 891 1453 me
937 1397 1283 1453 orationibus
1324 1412 1516 1453 eorum
1564 1395 1827 1469 consequi

223 1484 654 1544 misericordiam
686 1488 912 1545 Domini
941 1487 1118 1545 nostri
1147 1489 1275 1544 Jesu
1305 1486 1536 1556 Christi,
1569 1487 1664 1561 qui
1693 1504 1824 1543 cum

223 1577 379 1633 Patre
410 1585 467 1633 et
505 1577 715 1649 Spiritu
761 1586 952 1637 sancto
998 1579 1143 1635 vivit
1184 1586 1239 1635 et
1283 1586 1474 1652 regnat
1523 1581 1583 1634 in
1630 1576 1830 1634 sacula

226 1667 577 1738 saculorum,
600 1684 783 1725 amen.

509 1816 654 1874 487
681 1811 1025 1867 EPISTOLA
1064 1812 1139 1867 111
1172 1810 1351 1883 (Alias
1389 1810 1533 1884 LV).

222 1913 529 1981 Martyrum
586 1908 774 1967 Vitatis
818 1915 867 1964 et
910 1909 1196 1981 Agricola,
1244 1910 1337 1980 qui
1382 1908 1637 1981 Bononia:
1684 1908 1825 1963 inter

295 1980 527 2038 tumulos
583 1981 890 2035 Iudaeorum
955 1982 1145 2052 sepulti
1207 1987 1379 2048 erant,
1446 1980 1646 2051 factam
1710 1996 1827 2033 cum

290 2056 491 2125 plausu
516 2052 991 2125 (Christianorum,
1014 2052 1322 2107 Judteorum
1354 2052 1744 2125 admiratione,
1765 2067 1828 2105 ac

291 2122 577 2195 miraculis
599 2140 704 2179 non
741 2124 929 2195 paucis
972 2123 1323 2178 inventionem
1360 2122 1546 2193 refert.
1598 2122 1827 2195 Eosdem

292 2202 340 2251 et
366 2214 400 2250 a
434 2194 643 2249 nomine
686 2194 811 2249 et’a
857 2196 1153 2266 constantia
1194 2196 1253 2249 in
1288 2194 1563 2266 suppliciis
1601 2194 1823 2266 laudat:

292 2267 510 2392 iliaque
528 2266 787 2322 nonnulla
817 2265 1029 2337 subjicit
1047 2267 1121 2322 ad
1148 2264 1519 2323 eamdem—rem
1543 2264 1827 2339 pertinen-

317 2356 391 2393 ta.

227 2457 570 2526 Aunnosrus,
598 2473 790 2513 servus
818 2458 945 2514 Jesu
980 2457 1213 2527 Christi,
1254 2467 1480 2516 vocatus
1516 2458 1826 2531 episcopus,

296 2541 998 2615 dilectissimisﬁ‘ratribus,
1046 2556 1101 2603 et
1148 2547 1424 2604 universis
1452 2548 1709 2622 plebibus
1732 2562 1831 2620 per

299 2640 541 2708 Italiam,
572 2646 832 2696 aternam
862 2638 918 2694 in
945 2637 1184 2695 Domino
1213 2639 1445 2696 salutem
1469 2639 1611 2711 (24).

306 2738 355 2793 1.
386 2737 582 2809 Magna
621 2744 785 2809 atque
830 2738 1088 2808 praecelsa
1130 2744 1439 2810 martyrum
1489 2737 1828 2805 testimonia,

234 2826 301 2883 de
322 2826 525 2899 quibus
552 2825 711 2881 vobis
742 2826 1047 2899 scripturus
1080 2844 1224 2895 sum,
1256 2837 1443 2884 noster
1471 2828 1655 2899 potius
1681 2836 1832 2901 atte—

230 2922 362 2970 nuat
391 2931 553 2988 quam
582 2914 822 2987 explicat
855 2932 1053 2971 sermo.
1082 2917 1288 2973 Verum
1319 2917 1466 2989 quod
1494 2934 1675 2974 sermo
1698 2924 1830 2974 atte-

228 3013 383 3074 nuat,
406 3006 585 3062 virtus
604 3005 834 3079 adauget
858 3024 871 3073 ;
906 3006 1114 3064 idcirco
1135 3007 1283 3081 quod
1313 3009 1371 3063 in
1404 3024 1490 3065 me
1522 3008 1705 3065 minus
1728 3016 1828 3079 est,

231 3092 290 3148 in
326 3094 669 3166 martyribus
698 3095 1009 3151 luculenter
1036 3096 1367 3167 resplendet.

299 3180 354 3238 2.
398 3182 671 3239 Invitatus
720 3182 908 3254 itaque
953 3199 986 3238 a
1033 3182 1189 3254 plebe
1235 3182 1592 3253 Bononiensi,
1638 3200 1833 3258 negare

231 3270 578 3343 prasentiam
614 3286 811 3338 meam,
840 3271 1079 3327 Domino
1125 3282 1469 3346 suggerente,
1518 3274 1834 3330 nullatenus

231 3358 427 3431 potui;
462 3357 724 3431 quoniam
755 3365 975 3431 tempus
1020 3360 1226 3430 aderat,
1257 3370 1319 3418 ut
1348 3378 1447 3418 sua
1492 3378 1612 3436 qua
1660 3362 1834 3419 Chri-

230 3452 351 3500 stus
376 3444 513 3499 solet
545 3444 843 3513 mirabilia,
888 3445 1003 3502 suis
1039 3446 1297 3505 ﬁdelibus
1336 3450 1667 3506 ostenderet.
1696 3451 1832 3506 Nam

231 3532 563 3589 Diocletiani
595 3542 649 3589 et
676 3533 999 3590 Maximiani
1051 3536 1445 3609 imperatorum
1494 3539 1834 3612 temporibus

231 3620 343 3677 duo
375 3622 499 3685 viri,
535 3622 735 3679 Vitalis
773 3639 968 3697 nempe
998 3634 1053 3682 et
1088 3626 1364 3699 Agricola,
1397 3644 1495 3700 pro
1526 3629 1747 3688 Christo
1775 3629 1834 3685 in

230 3710 463 3767 civitate
510 3711 770 3768 Bononia
817 3715 1151 3788 martyrium
1196 3716 1341 3789 passi
1380 3726 1548 3785 sunt;
1598 3734 1832 3790 quorum

230 3815 483 3872 corpora,
518 3816 587 3856 ne
614 3815 646 3854 a
674 3799 932 3858 ﬁdelibus
972 3803 1365 3876 reperirentur,
1420 3805 1564 3862 inter
1606 3808 1835 3863 Judao-

232 3904 352 3943 rum
412 3888 663 3961 sepulcra
722 3889 1005 3947 recondita
1050 3891 1288 3948 fuerant.
1335 3892 1617 3951 Christum
1665 3896 1836 3968 igitur

230 3974 579 4045 conﬁtentes,
613 3983 669 4033 et
699 3993 798 4050 pro
826 3976 945 4049 ejus
982 3980 1156 4052 gloria
1203 3981 1519 4052 morientes,
1560 3983 1705 4040 inter
1743 4002 1836 4042 eos

231 4067 325 4140 qui
354 4085 483 4125 eum
514 4078 878 4142 negaverunt,
917 4069 1172 4129 indecore
1211 4074 1411 4146 sepulti
1446 4084 1593 4132 sunt.
1625 4078 1832 4135 Locum

229 4163 433 4226 autem,
469 4157 564 4230 qui
597 4174 793 4214 omnes
822 4158 1047 4225 latebat,
1077 4159 1331 4219 Christus
1359 4165 1629 4222 Dominus
1649 4176 1835 4224 noster

231 4243 370 4300 mihi
400 4246 648 4301 revelare
678 4245 936 4319 dignatus
978 4254 1079 4304 est.
1130 4248 1236 4305 Ubi
1272 4249 1501 4322 jejuniis
1547 4262 1601 4310 et
1635 4254 1832 4311 oratio-

229 4336 392 4399 nibus
424 4338 612 4411 plures
639 4338 900 4395 habentes
928 4338 1212 4409 excubias,
1255 4340 1571 4399 invenimus
1610 4344 1830 4401 tandem

230 4426 461 4499 pignora
492 4436 820 4502 martyrum,
852 4436 1016 4501 prout
1044 4428 1183 4484 mihi
1224 4430 1495 4486 Dominus
1537 4433 1831 4490 revelave-

231 4526 333 4586 rat,
365 4525 635 4591 tanquam
666 4517 811 4574 inter
835 4517 1021 4592 spinas
1049 4534 1230 4575 rosam
1268 4519 1529 4593 legentes,
1570 4529 1624 4577 et
1654 4522 1832 4579 omni-

232 4605 334 4665 bus
364 4609 548 4681 palam
577 4608 925 4665 manifestata
953 4618 1103 4665 sunt.

301 4699 355 4757 3.
388 4698 598 4756 Aderat
627 4699 863 4772 populus
891 4700 1240 4757 Christianus
1264 4717 1390 4758 cum
1420 4701 1617 4774 plausu
1645 4711 1699 4759 et
1727 4704 1834 4760 la-

232 4784 376 4844 titia.
406 4787 586 4845 Judaei
622 4788 871 4846 ludentes
891 4788 1181 4848 dicebant:
1218 4812 1238 4838 ‹
1267 4791 1453 4848 Flores
1479 4790 1583 4847 visi
1614 4801 1744 4850 sunt
1773 4792 1832 4849 in

306 4933 426 5010 (2h)
485 4932 668 5010 Codex
725 4936 854 5010 Reg.
895 4942 944 4991 et
998 4936 1260 4993 universas
1301 4938 1446 5010 plebi
1497 4946 1749 4997 aeternam
1779 4940 1835 4996 in

234 5002 463 5087 Domino
487 5007 745 5087 Osatutem.
779 5002 987 5087 dloqui:
1029 5015 1185 5087 atque
1222 5002 1480 5087 praecelsa
1529 5018 1833 5087 martyrum

237 5079 556 5155 testimonia,
580 5094 702 5155 qua:
732 5085 970 5155 attenuat
1012 5086 1205 5155 noster_
1228 5079 1408 5155 potius
1449 5098 1609 5155 quam
1652 5079 1834 5155 eIrpli-

238 5096 556 5143 testimonta,
572 5096 702 5204 ἵκω
732 5096 970 5134 attenuat
1012 5096 1191 5134 noster
1230 5096 1408 5205 ponus
1449 5098 1609 5151 quam
1652 5096 1834 5155 expu-

236 5153 320 5200 cat
347 5165 538 5203 sermo.
600 5150 745 5230 gitur
782 5150 1036 5205 invitatus
1078 5169 1120 5230 a_
1144 5152 1233 5230 ple
1264 5168 1291 5206 e
1341 5152 1686 5230 Bononiensi,
1733 5172 1835 5230 ne—

236 5233 361 5295 gare
390 5222 731 5295 prasentiam
783 5238 960 5295 meant
1001 5222 1308 5295 nullatenus
1340 5224 1527 5295 potui:
1579 5226 1836 5295 quoniam

239 5293 437 5366 ternpus
470 5291 679 5366 aderat,
707 5298 778 5366 ut
792 5308 891 5347 sua
920 5292 1179 5366 Dominus
1213 5291 1510 5362 mirabilia,
1540 5291 1658 5365 qua:
1682 5297 1834 5366 solet,

240 5360 545 5435 ostenderet.
605 5362 942 5435 Apophoreta
986 5363 1195 5434 quidem
1240 5366 1403 5435 plena
1446 5360 1742 5423 sanctitatis
1787 5360 1837 5424 et

238 5432 657 5553 {ratiwmecum
677 5432 885 5515 detuli;
934 5432 1260 5506 apophoreta
1305 5443 1480 5492 autem
1525 5439 1704 5521 solent.
1736 5440 1833 5495 ha-

271 5517 355 5553 ere
381 5504 675 5553 tnumnhos
702 5521 1022 5553 mncmum-
1062 5507 1128 5553 Et
1155 5507 1261 5553 lum
1280 5508 1601 5553 unanima-nm
1632 5516 1833 5553 imum-

271 5504 1128 5579 ere__triumphosprincipum.'Et
1154 5507 1261 5579 hac
1280 5508 1601 5579 apophoreta
1632 5510 1834 5566 trium-

238 5571 425 5654 phalia
453 5571 611 5654 sunt;
644 5571 848 5654 Christi
873 5571 1027 5654 Enim
1061 5577 1255 5654 nostri
1274 5571 1537 5654 principis
1580 5581 1837 5654 triumphi

242 5649 363 5696 sunt
386 5653 681 5717 martyrum
702 5649 936 5721 palmae.
974 5650 1121 5720 Ergo
1162 5649 1291 5721 quia
1334 5649 1390 5705 in
1416 5649 1497 5706 me
1523 5651 1699 5708 minus
1735 5649 1830 5711 3st.

244 5665 363 5696 sunt
386 5665 681 5717 martyrum
749 5665 921 5704 almae.
974 5665 1121 5720 Ergo
1162 5666 1291 5721 quia
1334 5665 1390 5705 tn
1416 5665 1497 5706 me
1523 5668 1699 5708 minus
1735 5665 1830 5711 est.

244 5728 405 5783 quam
431 5665 875 5790 prammegt’ztur,
916 5719 976 5777 in
1013 5720 1339 5795 martyribus
1372 5722 1501 5796 plus
1546 5724 1832 5798 reperitur,

1860 4585 1909 4645 D

1932 590 1991 646 ni
2020 608 2033 645 :
2081 615 2101 638 ι
2127 590 2364 663 Tempus
2401 589 2689 648 incisionis
2714 590 2940 649 advenit
2962 592 3176 664 (Ibid).
3200 617 3218 640 -
3252 593 3364 649 Alii
3386 594 3533 652 dice-

1931 681 2100 738 bant:
2135 682 2249 738 Alii
2277 682 2714 750 seminaverunt,
2756 691 2810 739 et
2846 699 2947 739 nos
2994 682 3053 738 in
3100 699 3289 739 eorum
3319 683 3535 743 labores

1932 773 2248 842 introimus,
2317 783 2372 830 et
2435 785 2745 847 martyrum
2804 775 3019 831 fructus
3078 773 3421 847 recipimus;
3471 784 3535 833 ut

1933 861 2079 935 quod
2108 862 2373 934 scriptum
2402 869 2483 918 est
2510 862 2825 935 impleatur,
2884 862 3033 935 quod
3062 864 3158 936 qui
3192 862 3448 931 seminat,
3480 872 3535 921 et

1933 951 2028 1024 qui
2072 950 2253 1017 metit,
2293 950 2600 1008 mercedem
2631 952 2833 1024 accipit
2862 952 3045 1023 (Joan.
3084 968 3162 1019 1v,
3184 952 3299 1024 36).
3332 951 3531 1020 Judai,

1933 1039 2216 1096 audientes
2244 1055 2406 1096 voces
2437 1040 2754 1112 plaudentis
2780 1040 3061 1107 Ecclesia,
3094 1040 3335 1097 ridentes
3372 1041 3536 1098 dice-

1931 1127 2100 1185 bant:
2140 1154 2157 1175 ι
2175 1130 2300 1186 Vox
2326 1129 2559 1186 turturis
2591 1128 2876 1185 auditaest
2895 1128 2954 1184 in
2974 1139 3120 1185 terra
3136 1138 3322 1186 nostra
3342 1129 3530 1202 (Cant.

1935 1235 1995 1287 11,
2046 1219 2178 1291 i2);
2216 1244 2235 1266 ι
2292 1217 2593 1277 Christiani
2640 1217 2935 1274 dicebant:
2984 1241 3002 1265 ι
3042 1218 3233 1275 Vinea
3276 1218 3536 1276 ﬂorentes

1934 1308 2206 1365 dederunt
2230 1308 2455 1365 odorem
2484 1323 2646 1363 suum
2680 1306 2845 1377 (Ibid.
2881 1306 2994 1374 13).
3028 1330 3046 1353 ι
3092 1306 3245 1363 Unde
3270 1306 3408 1363 bene
3437 1324 3535 1380 per

1935 1401 2261 1474 Prophetam
2289 1401 2530 1458 dicitur:
2566 1422 2595 1451 ς(
2625 1400 2753 1457 Dies
2781 1398 2893 1456 diei
2920 1407 3132 1456 eructat
3180 1399 3435 1469 verbum,
3479 1408 3537 1457 et

1937 1507 2048 1546 nox
2079 1491 2228 1547 nocti
2260 1489 2467 1546 indicat
2496 1489 2782 1546 scientiam
2819 1491 2994 1561 (Psal.
3019 1505 3184 1554 xvm,
3215 1488 3296 1559 3).
3318 1514 3336 1536 ι
3367 1489 3535 1557 Quasi

1936 1577 2083 1634 dicat
2107 1597 2119 1635 :
2142 1603 2159 1626 -
2188 1578 2319 1634 Dies
2355 1578 2487 1647 diei,
2513 1605 2531 1625 ι
2556 1578 2662 1635 hoc
2680 1588 2781 1647 est,
2814 1577 3165 1635 Christianus
3192 1576 3532 1646 Christiano;

1937 1675 1985 1724 et
2000 1686 2111 1724 nos:
2136 1669 2275 1724 nocti
2305 1712 2321 1738 ,
2353 1668 2460 1726 hoc
2488 1676 2588 1737 est,
2612 1668 2833 1725 Judaus
2861 1668 3070 1724 Judao.

2010 1783 2063 1840 4.
2097 1782 2254 1841 Certe
2282 1791 2336 1840 et
2359 1783 2465 1857 ipsi
2495 1783 2775 1840 damonos
2803 1783 3230 1853 conﬁtebantur,
3262 1792 3316 1840 et
3343 1785 3411 1840 ab
3439 1783 3537 1840 ho-

1854 1865 1901 1926 B
1937 1875 2149 1931 minum
2191 1875 2517 1949 corporibus
2575 1876 2727 1933 illico
2764 1875 3205 1949 egrediebantur.
3256 1877 3327 1931 Et
3374 1877 3538 1933 multi

1934 1963 2029 2036 qui
2079 1962 2248 2020 variis
2304 1963 2655 2020 vexabantur
2717 1963 3161 2036 agritudinibus,
3220 1972 3536 2022 sanctorum

1934 2060 2216 2125 tangentes
2271 2051 2510 2121 sudaria,
2568 2052 2832 2109 continuo
2878 2053 3234 2122 sanabuntur,
3283 2060 3337 2109 et
3380 2054 3540 2126 plura

1934 2158 2033 2215 per
2059 2150 2277 2197 sanctos
2304 2158 2432 2198 suos
2461 2140 2735 2197 mirabilia
2766 2142 2821 2197 in
2853 2142 3042 2216 populi
3069 2142 3379 2216 prasentia.
3401 2142 3533 2199 dum

1934 2246 2088 2288 sacra
2107 2230 2439 2287 veherentur
2461 2229 2710 2303 pignora,
2741 2239 2997 2303 operatus
3026 2240 3108 2288 est
3136 2231 3429 2289 Dominus.

2005 2320 2060 2376 5.
2092 2319 2368 2392 Colligant
2395 2334 2523 2391 ergo
2556 2318 2651 2374 alii
2691 2335 2886 2375 aurum
2928 2329 3091 2394 atque
3129 2329 3437 2394 argentum,
3483 2328 3539 2377 et

1936 2409 2004 2465 de
2042 2409 2342 2465 latentibus
2386 2417 2582 2465 eruant
2619 2410 2802 2478 venis,
2852 2410 3036 2482 legant
3075 2409 3319 2483 pretiosa
3362 2409 3537 2465 moni-

1937 2498 2076 2555 lium
2107 2508 2278 2556 serta:
2315 2500 2633 2573 temporalis
2667 2499 2769 2555 iste
2806 2498 3098 2555 thesaurus
3123 2507 3225 2567 est,
3254 2507 3309 2555 et
3334 2499 3539 2555 haben-

1936 2584 2086 2641 tibus
2126 2602 2238 2641 non
2291 2587 2671 2660 infrequenter
2724 2585 3085 2658 perniciosus.
3140 2585 3251 2640 Nos
3307 2585 3541 2656 legimus

1939 2685 2248 2748 martyrum
2277 2677 2493 2743 clavos;
2550 2683 2604 2731 et
2645 2677 2830 2747 plures
2858 2675 3104 2748 quidem,
3137 2676 3266 2747 quia
3295 2676 3453 2747 plura
3480 2675 3539 2731 in

1939 2767 2019 2823 eis
2043 2767 2273 2821 vulnera
2303 2782 2466 2839 quam
2498 2764 2741 2821 membra
2770 2765 3015 2820 fuerunt.
3047 2764 3373 2837 Colligimus
3401 2781 3539 2820 san-

1940 2856 2161 2929 guinem
2193 2855 2609 2928 triumphalem,
2665 2863 2720 2911 et
2769 2855 2950 2911 crucis
3001 2855 3233 2926 lignum.
3289 2857 3537 2930 Namque

1939 2947 2084 3004 sicut
2102 2946 2198 3019 qui
2226 2945 2295 3002 ad
2324 2944 2645 3002 convivium
2669 2961 2924 3019 magnum
2948 2945 3278 3016 invitantur,
3295 2946 3538 3020 apopho-

1941 3042 2057 3092 reta
2088 3050 2274 3092 secum
2302 3035 2502 3091 referre
2540 3042 2899 3103 consuerunt,
2936 3034 3014 3090 ita
3052 3050 3152 3091 nos
3180 3051 3249 3090 ex
3274 3034 3538 3093 convivio

1941 3125 2275 3182 Bononiensi
2330 3124 2665 3197 apophoreta
2712 3124 2899 3197 gratia
2932 3132 2988 3181 et
3024 3125 3332 3182 sanctitatis
3378 3125 3538 3199 plena

1866 3222 1911 3284 ο
1942 3215 2101 3272 nobis
2130 3230 2408 3271 reservare
2437 3229 2773 3271 curavimus.

2012 3323 2064 3378 6.
2096 3322 2419 3378 Sanctorum
2465 3320 2635 3393 igitur
2683 3329 2993 3396 martyrum
3050 3324 3147 3379 uni
3203 3339 3407 3380 nomen
3456 3332 3539 3380 est

1941 3410 2162 3481 Vitalis,
2233 3409 2490 3484 Agricola
2554 3425 2755 3466 nomen
2837 3413 2995 3469 alteri
3058 3413 3280 3485 utrique
3335 3428 3537 3468 nomen

1941 3509 2163 3574 aptum;
2196 3509 2257 3559 ut
2287 3500 2554 3574 martyrio
2576 3501 2690 3574 jam
2731 3500 3002 3574 designati
3044 3501 3181 3575 ipsis
3219 3500 3384 3558 etiam
3427 3518 3538 3558 vo-

1941 3592 2155 3650 cabulis
2211 3602 2590 3651 noscerentur.
2650 3594 2783 3650 Nam
2841 3594 2935 3649 ille
2972 3593 3173 3651 V'italis
3215 3593 3396 3651 dictus
3433 3601 3537 3663 est,

1942 3682 2095 3756 quasi
2117 3699 2213 3755 per
2241 3682 2402 3740 istius
2431 3683 2561 3739 vita
2591 3690 2991 3756 contemptum,
3023 3682 3195 3738 vitam
3222 3682 3385 3739 aliam
3417 3698 3539 3755 qua

1940 3780 2143 3829 aterna
2170 3780 2271 3841 est,
2302 3773 2411 3829 sibi
2438 3781 2783 3845 compararet
2811 3790 2823 3828 :
2858 3772 2961 3828 iste
2991 3788 3123 3829 vero
3141 3772 3425 3846 Agricola,
3440 3771 3538 3846 qui

1940 3863 2115 3919 bonos
2146 3861 2411 3935 spiritalis
2458 3862 2643 3935 gratia
2692 3864 2907 3920 fructus
2937 3869 3160 3931 sereret,
3192 3869 3246 3918 et
3286 3861 3372 3918 sui
3401 3876 3539 3917 san-

1941 3953 2124 4026 guinis
2177 3953 2444 4009 eﬂ‘usione
2498 3953 2824 4010 meritorum
2871 3963 2927 4011 et
2982 3954 3255 4010 virtutum
3312 3966 3537 4008 suarum

1941 4044 2213 4117 plantaria
2242 4044 2465 4117 rigaret.

2015 4164 2067 4218 7.
2114 4162 2348 4219 Sanctus
2390 4162 2610 4231 Vrtalis,
2678 4180 2803 4220 cum
2868 4181 2901 4221 a
2959 4162 3421 4236 persecutoribus,
3475 4169 3539 4218 ut

1941 4251 2223 4308 Christum
2254 4260 2497 4326 negaret,
2532 4253 2919 4326 imperaretur,
2967 4261 3022 4309 et
3067 4253 3162 4309 ille
3198 4252 3541 4309 constantius

1940 4340 2321 4407 conﬁteretur;
2352 4341 2489 4397 adeo
2519 4342 2674 4397 omni
2720 4350 3120 4399 tormentorum
3161 4358 3358 4415 genere
3402 4358 3539 4399 cru-

1940 4428 2115 4485 ciatus
2144 4438 2247 4497 est,
2278 4436 2340 4484 ut
2375 4428 2563 4485 nullus
2604 4428 2721 4502 (25)
2771 4429 2831 4485 in
2872 4429 2991 4502 ejus
3019 4447 3247 4504 corpore
3271 4430 3391 4487 sine
3419 4431 3539 4487 vul-

1940 4542 2069 4582 nere
2115 4534 2255 4582 esset
2297 4526 2469 4582 locus.
2523 4526 2703 4594 Quare
2745 4526 2889 4585 hanc
2933 4527 3003 4584 ad
3049 4527 3349 4585 Dominum
3391 4524 3541 4583 488

1940 4616 2244 4673 orationem
2297 4616 2512 4685 effudit,
2572 4617 2808 4675 dicens:
2859 4618 3094 4675 Domine
3145 4619 3272 4676 Jesu
3318 4618 3539 4678 Christe

1942 4705 2191 4762 Salvator
2220 4721 2375 4762 meus
2407 4713 2461 4761 et
2490 4707 2636 4762 Deus
2662 4723 2835 4776 meus,
2867 4706 3002 4779 jube
3041 4708 3246 4781 suscipi
3274 4708 3534 4783 spiritum

1943 4809 2159 4863 meum;
2198 4793 2328 4868 quia
2349 4793 2465 4867 jam
2499 4794 2748 4853 desidem
2785 4797 3030 4871 accipere
3063 4814 3323 4856 coronam
3363 4815 3534 4873 quam

1945 4941 2125 5016 Sancti
2166 4943 2423 5016 martyris
2475 4959 2663 5016 nomen
2717 4943 2969 5016 Agricola
3008 4951 3101 5003 est.
3148 4944 3358 5005 Catera
3403 4963 3539 5005 vero

1942 5012 2131 5069 eadem
2174 5012 2335 5090 serie,
2371 5030 2434 5090 ac
2474 5014 2670 5090 iisdem
2702 5012 2907 5090 verbis,
2937 5025 3168 5090 excepta
3192 5034 3303 5074 una
3336 5026 3432 5076 aut
3463 5018 3538 5075 a1-

1941 5091 2058 5161 tera
2082 5085 2374 5161 sententia,
2407 5085 2679 5161 habentur
2709 5086 2767 5142 in
2797 5085 3093 5161 Exhortat:
3119 5089 3320 5161 Virgin.
3340 5105 3386 5161 7a
3414 5105 3534 5161 cap.

1944 5156 1995 5223 1,
2028 5172 2184 5231 num.
2225 5156 2279 5231 ᾖ,
2320 5173 2490 5231 usque
2527 5156 2597 5213 ad
2651 5159 2878 5231 cap.g2,
2927 5176 3081 5217 num.
3117 5156 3359 5231 lOfSed
3415 5156 3540 5231 post

1944 5226 2109 5282 verba
2138 5228 2299 5303 hodie
2341 5226 2641 5303 dedicamus
2684 5226 3039 5303 siibjungitur
3084 5231 3193 5303 illa
3230 5226 3536 5298 invocatio,

1942 5313 2106 5371 quam
2136 5298 2195 5354 in
2242 5299 2483 5373 lib.__cit.
2528 5316 2645 5373 cap.
2698 5298 2802 5371 1's,
2842 5298 2998 5358 num.
3048 5302 3137 5369 94,
3183 5302 3360 5373 legere
3405 5308 3532 5357 est:

1942 5377 2230 5496 plptsrtguam
2288 5370 2511 5429 additur
2562 5370 2846 5430 clausula:
2887 5373 3048 5431 Passi
3088 5370 3409 5441 sunt,'etc.,
3474 5377 3538 5428 ut

2183 5515 2351 5595 Beg_.__
2372 5514 2570 5595 codex,
2621 5515 2965 5595 proﬁteretur
3019 5512 3307 5595 Dominum
3358 5512 3538 5569 Iesum

1946 5583 2235 5658 Christum,
2266 5583 2379 5642 illis
2416 5583 2650 5643 omnium
2699 5583 3078 5642 tormentorum
3130 5584 3188 5640 in
3240 5601 3298 5640 eo
3343 5600 3538 5658 genera

1942 5657 2318 5728 exercentibus,
2344 5658 2422 5718 ita
2450 5665 2507 5716 ut
2539 5675 2646 5716 non
2672 5663 2820 5725 esset,
2850 5662 2954 5715 etc.
3348 5656 3360 5658 ⁷
3610 5656 3621 5662 ’
