  <div class='ocr_page' id='page_1' title='image "/cluster/home/n/w/nwhite01/storage/ocr_20150623/17/hvd.32044096580436/419.png"; bbox 0 0 4068 6182; ppageno 0'>
   <div class='ocr_carea' id='block_1_1' title="bbox 560 368 669 426">
    <p class='ocr_par' dir='ltr' id='par_1_1' title="bbox 560 368 669 426">
     <span class='ocr_line' id='line_1_1' title="bbox 560 368 669 426; baseline -0.028 1"><span class='ocrx_word' id='word_1_1' title='bbox 560 368 669 426; x_wconf 76' lang='grc'>827</span> 
     </span>
    </p>
   </div>
   <div class='ocr_carea' id='block_1_2' title="bbox 1588 336 3786 409">
    <p class='ocr_par' dir='ltr' id='par_1_2' title="bbox 1588 336 3786 409">
     <span class='ocr_line' id='line_1_2' title="bbox 1588 336 3786 409; baseline -0.012 0"><span class='ocrx_word' id='word_1_2' title='bbox 1588 354 1686 409; x_wconf 87' lang='lat' dir='ltr'><strong>AD</strong></span> <span class='ocrx_word' id='word_1_3' title='bbox 1725 347 1960 407; x_wconf 84' lang='lat' dir='ltr'><strong>OPERA</strong></span> <span class='ocrx_word' id='word_1_4' title='bbox 1996 345 2053 402; x_wconf 87' lang='lat' dir='ltr'><strong>S.</strong></span> <span class='ocrx_word' id='word_1_5' title='bbox 2094 341 2429 401; x_wconf 80' lang='lat' dir='ltr'><strong>AMBROSII</strong></span> <span class='ocrx_word' id='word_1_6' title='bbox 2464 336 2846 396; x_wconf 87' lang='lat' dir='ltr'><strong>APPENDIX.</strong></span> <span class='ocrx_word' id='word_1_7' title='bbox 3364 386 3369 387; x_wconf 62' lang='lat'><strong><em>,</em></strong></span> <span class='ocrx_word' id='word_1_8' title='bbox 3702 340 3786 397; x_wconf 71' lang='lat'><strong>323</strong></span> 
     </span>
    </p>
   </div>
   <div class='ocr_carea' id='block_1_3' title="bbox 544 455 3786 561">
    <p class='ocr_par' dir='ltr' id='par_1_3' title="bbox 544 455 3786 561">
     <span class='ocr_line' id='line_1_3' title="bbox 544 455 3786 561; baseline -0.013 -8"><span class='ocrx_word' id='word_1_9' title='bbox 544 500 789 552; x_wconf 76' lang='lat' dir='ltr'><strong>sanctus</strong></span> <span class='ocrx_word' id='word_1_10' title='bbox 825 488 1050 561; x_wconf 82' lang='lat' dir='ltr'><strong>angelus</strong></span> <span class='ocrx_word' id='word_1_11' title='bbox 1096 492 1225 541; x_wconf 90' lang='lat' dir='ltr'><strong>tuus</strong></span> <span class='ocrx_word' id='word_1_12' title='bbox 1274 479 1412 537; x_wconf 90' lang='lat' dir='ltr'><strong>mihi</strong></span> <span class='ocrx_word' id='word_1_13' title='bbox 1460 474 1721 534; x_wconf 78' lang='lat' dir='ltr'><strong>ostendit.</strong></span> <span class='ocrx_word' id='word_1_14' title='bbox 1783 474 1855 530; x_wconf 92' lang='lat' dir='ltr'><strong>Et</strong></span> <span class='ocrx_word' id='word_1_15' title='bbox 1889 470 2162 544; x_wconf 91' lang='lat' dir='ltr'><strong>completa</strong></span> <span class='ocrx_word' id='word_1_16' title='bbox 2188 470 2237 529; x_wconf 88' lang='lat' dir='ltr'><strong>A</strong></span> <span class='ocrx_word' id='word_1_17' title='bbox 2338 467 2390 524; x_wconf 78' lang='lat'><strong>2.</strong></span> <span class='ocrx_word' id='word_1_18' title='bbox 2424 466 2542 522; x_wconf 90' lang='lat' dir='ltr'><strong>Non</strong></span> <span class='ocrx_word' id='word_1_19' title='bbox 2574 470 2727 536; x_wconf 80' lang='lat' dir='ltr'><strong>potes</strong></span> <span class='ocrx_word' id='word_1_20' title='bbox 2761 460 2900 516; x_wconf 89' lang='lat' dir='ltr'><strong>iram</strong></span> <span class='ocrx_word' id='word_1_21' title='bbox 2930 457 3125 525; x_wconf 89' lang='lat' dir='ltr'><strong>vitare,</strong></span> <span class='ocrx_word' id='word_1_22' title='bbox 3157 455 3342 512; x_wconf 89' lang='lat' dir='ltr'><strong>saltem</strong></span> <span class='ocrx_word' id='word_1_23' title='bbox 3368 465 3604 530; x_wconf 89' lang='lat' dir='ltr'><strong>tempera.</strong></span> <span class='ocrx_word' id='word_1_24' title='bbox 3630 462 3786 534; x_wconf 75' lang='lat' dir='ltr'><strong>Magna</strong></span> 
     </span>
    </p>
   </div>
   <div class='ocr_carea' id='block_1_4' title="bbox 568 571 1360 648">
    <p class='ocr_par' dir='ltr' id='par_1_4' title="bbox 568 571 1360 648">
     <span class='ocr_line' id='line_1_4' title="bbox 568 571 1360 648; baseline -0.02 -7"><span class='ocrx_word' id='word_1_25' title='bbox 568 582 839 648; x_wconf 88' lang='lat' dir='ltr'><strong>oratione,</strong></span> <span class='ocrx_word' id='word_1_26' title='bbox 874 576 1058 634; x_wconf 79' lang='lat' dir='ltr'><strong>emisit</strong></span> <span class='ocrx_word' id='word_1_27' title='bbox 1083 571 1360 646; x_wconf 81' lang='lat' dir='ltr'><strong>spiritum.</strong></span> 
     </span>
    </p>
   </div>
   <div class='ocr_carea' id='block_1_5' title="bbox 640 652 2166 737">
    <p class='ocr_par' dir='ltr' id='par_1_5' title="bbox 640 652 2166 737">
     <span class='ocr_line' id='line_1_5' title="bbox 640 652 2166 737; baseline -0.016 -6"><span class='ocrx_word' id='word_1_28' title='bbox 640 677 695 732; x_wconf 91' lang='lat'><strong>8.</strong></span> <span class='ocrx_word' id='word_1_29' title='bbox 724 675 956 730; x_wconf 89' lang='lat' dir='ltr'><strong>Sanctus</strong></span> <span class='ocrx_word' id='word_1_30' title='bbox 985 684 1116 723; x_wconf 91' lang='lat' dir='ltr'><strong>vero</strong></span> <span class='ocrx_word' id='word_1_31' title='bbox 1152 665 1409 737; x_wconf 83' lang='lat' dir='ltr'><strong>Agricola</strong></span> <span class='ocrx_word' id='word_1_32' title='bbox 1450 659 1767 718; x_wconf 73' lang='lat' dir='ltr'><strong>mitioribus</strong></span> <span class='ocrx_word' id='word_1_33' title='bbox 1798 656 1874 712; x_wconf 90' lang='lat' dir='ltr'><strong>ita</strong></span> <span class='ocrx_word' id='word_1_34' title='bbox 1902 652 2166 727; x_wconf 66' lang='lat' dir='ltr'><strong>praeditus</strong></span> 
     </span>
    </p>
   </div>
   <div class='ocr_carea' id='block_1_6' title="bbox 569 745 2159 826">
    <p class='ocr_par' dir='ltr' id='par_1_6' title="bbox 569 745 2159 826">
     <span class='ocr_line' id='line_1_6' title="bbox 569 745 2159 826; baseline -0.015 -6"><span class='ocrx_word' id='word_1_35' title='bbox 569 771 683 822; x_wconf 88' lang='lat' dir='ltr'><strong>erat</strong></span> <span class='ocrx_word' id='word_1_36' title='bbox 712 760 978 826; x_wconf 91' lang='lat' dir='ltr'><strong>moribus,</strong></span> <span class='ocrx_word' id='word_1_37' title='bbox 1005 765 1067 813; x_wconf 92' lang='lat' dir='ltr'><strong>ut</strong></span> <span class='ocrx_word' id='word_1_38' title='bbox 1118 756 1186 812; x_wconf 89' lang='lat' dir='ltr'><strong>ab</strong></span> <span class='ocrx_word' id='word_1_39' title='bbox 1231 752 1491 811; x_wconf 91' lang='lat' dir='ltr'><strong>omnibus</strong></span> <span class='ocrx_word' id='word_1_40' title='bbox 1527 751 1770 822; x_wconf 86' lang='lat' dir='ltr'><strong>impense</strong></span> <span class='ocrx_word' id='word_1_41' title='bbox 1802 745 2159 817; x_wconf 80' lang='lat' dir='ltr'><strong>diligeretur:</strong></span> 
     </span>
    </p>
   </div>
   <div class='ocr_carea' id='block_1_7' title="bbox 568 840 2167 925">
    <p class='ocr_par' dir='ltr' id='par_1_7' title="bbox 568 840 2167 925">
     <span class='ocr_line' id='line_1_7' title="bbox 568 840 2167 925; baseline -0.013 -16"><span class='ocrx_word' id='word_1_42' title='bbox 568 854 801 925; x_wconf 86' lang='lat' dir='ltr'><strong>ideoque</strong></span> <span class='ocrx_word' id='word_1_43' title='bbox 842 849 961 922; x_wconf 87' lang='lat' dir='ltr'><strong>ejus</strong></span> <span class='ocrx_word' id='word_1_44' title='bbox 1007 847 1313 920; x_wconf 87' lang='lat' dir='ltr'><strong>passionem</strong></span> <span class='ocrx_word' id='word_1_45' title='bbox 1345 842 1691 899; x_wconf 72' lang='lat' dir='ltr'><strong>differebant.</strong></span> <span class='ocrx_word' id='word_1_46' title='bbox 1725 840 1931 896; x_wconf 83' lang='lat' dir='ltr'><strong>Verum</strong></span> <span class='ocrx_word' id='word_1_47' title='bbox 1975 851 2167 908; x_wconf 90' lang='lat' dir='ltr'><strong>perse—</strong></span> 
     </span>
    </p>
   </div>
   <div class='ocr_carea' id='block_1_8' title="bbox 569 923 2166 1007">
    <p class='ocr_par' dir='ltr' id='par_1_8' title="bbox 569 923 2166 1007">
     <span class='ocr_line' id='line_1_8' title="bbox 569 923 2166 1007; baseline -0.013 -8"><span class='ocrx_word' id='word_1_48' title='bbox 569 923 823 1000; x_wconf 77' lang='lat' dir='ltr'><strong>cutorum</strong></span> <span class='ocrx_word' id='word_1_49' title='bbox 866 940 984 995; x_wconf 58' lang='lat' dir='ltr'><strong>haec</strong></span> <span class='ocrx_word' id='word_1_50' title='bbox 1013 934 1379 1007; x_wconf 82' lang='lat' dir='ltr'><strong>indulgentia,</strong></span> <span class='ocrx_word' id='word_1_51' title='bbox 1411 932 1663 1005; x_wconf 87' lang='lat' dir='ltr'><strong>quapiam</strong></span> <span class='ocrx_word' id='word_1_52' title='bbox 1696 930 1862 985; x_wconf 89' lang='lat' dir='ltr'><strong>etiam</strong></span> <span class='ocrx_word' id='word_1_53' title='bbox 1897 923 2166 982; x_wconf 86' lang='lat' dir='ltr'><strong>immani-</strong></span> 
     </span>
    </p>
   </div>
   <div class='ocr_carea' id='block_1_9' title="bbox 568 1019 2163 1102">
    <p class='ocr_par' dir='ltr' id='par_1_9' title="bbox 568 1019 2163 1102">
     <span class='ocr_line' id='line_1_9' title="bbox 568 1019 2163 1102; baseline -0.011 -14"><span class='ocrx_word' id='word_1_54' title='bbox 568 1040 677 1088; x_wconf 84' lang='lat' dir='ltr'><strong>tate</strong></span> <span class='ocrx_word' id='word_1_55' title='bbox 708 1030 938 1102; x_wconf 86' lang='lat' dir='ltr'><strong>martyri</strong></span> <span class='ocrx_word' id='word_1_56' title='bbox 978 1028 1269 1084; x_wconf 82' lang='lat' dir='ltr'><strong>videbatur</strong></span> <span class='ocrx_word' id='word_1_57' title='bbox 1316 1022 1595 1088; x_wconf 86' lang='lat' dir='ltr'><strong>acerbior;</strong></span> <span class='ocrx_word' id='word_1_58' title='bbox 1646 1037 1746 1076; x_wconf 88' lang='lat' dir='ltr'><strong>nec</strong></span> <span class='ocrx_word' id='word_1_59' title='bbox 1783 1019 1930 1074; x_wconf 90' lang='lat' dir='ltr'><strong>enim</strong></span> <span class='ocrx_word' id='word_1_60' title='bbox 1974 1032 2163 1072; x_wconf 92' lang='lat' dir='ltr'><strong>eorum</strong></span> 
     </span>
    </p>
   </div>
   <div class='ocr_carea' id='block_1_10' title="bbox 567 1103 2167 1182">
    <p class='ocr_par' dir='ltr' id='par_1_10' title="bbox 567 1103 2167 1182">
     <span class='ocr_line' id='line_1_10' title="bbox 567 1103 2167 1182; baseline -0.011 -6"><span class='ocrx_word' id='word_1_61' title='bbox 567 1119 851 1176; x_wconf 66' lang='lat' dir='ltr'><strong>blanditiae</strong></span> <span class='ocrx_word' id='word_1_62' title='bbox 880 1117 1210 1182; x_wconf 84' lang='lat' dir='ltr'><strong>sedulitatis,</strong></span> <span class='ocrx_word' id='word_1_63' title='bbox 1253 1114 1347 1170; x_wconf 91' lang='lat' dir='ltr'><strong>sed</strong></span> <span class='ocrx_word' id='word_1_64' title='bbox 1385 1111 1594 1167; x_wconf 81' lang='lat' dir='ltr'><strong>fraudis</strong></span> <span class='ocrx_word' id='word_1_65' title='bbox 1622 1117 1808 1166; x_wconf 90' lang='lat' dir='ltr'><strong>erant:</strong></span> <span class='ocrx_word' id='word_1_66' title='bbox 1841 1103 2167 1162; x_wconf 72' lang='lat' dir='ltr'><strong>differebant</strong></span> 
     </span>
    </p>
   </div>
   <div class='ocr_carea' id='block_1_11' title="bbox 569 1193 2166 1282">
    <p class='ocr_par' dir='ltr' id='par_1_11' title="bbox 569 1193 2166 1282">
     <span class='ocr_line' id='line_1_11' title="bbox 569 1193 2166 1282; baseline -0.013 -16"><span class='ocrx_word' id='word_1_67' title='bbox 569 1209 770 1282; x_wconf 85' lang='lat' dir='ltr'><strong>quippe</strong></span> <span class='ocrx_word' id='word_1_68' title='bbox 799 1223 1079 1264; x_wconf 84' lang='lat' dir='ltr'><strong>coronam.</strong></span> <span class='ocrx_word' id='word_1_69' title='bbox 1123 1205 1266 1260; x_wconf 86' lang='lat' dir='ltr'><strong>Hinc</strong></span> <span class='ocrx_word' id='word_1_70' title='bbox 1293 1217 1530 1274; x_wconf 89' lang='lat' dir='ltr'><strong>namque</strong></span> <span class='ocrx_word' id='word_1_71' title='bbox 1559 1205 1830 1256; x_wconf 90' lang='lat' dir='ltr'><strong>tormenta</strong></span> <span class='ocrx_word' id='word_1_72' title='bbox 1860 1193 2166 1267; x_wconf 90' lang='lat' dir='ltr'><strong>supplicia-</strong></span> 
     </span>
    </p>
   </div>
   <div class='ocr_carea' id='block_1_12' title="bbox 569 1289 2161 1373">
    <p class='ocr_par' dir='ltr' id='par_1_12' title="bbox 569 1289 2161 1373">
     <span class='ocr_line' id='line_1_12' title="bbox 569 1289 2161 1373; baseline -0.011 -18"><span class='ocrx_word' id='word_1_73' title='bbox 569 1315 675 1373; x_wconf 89' lang='lat' dir='ltr'><strong>que</strong></span> <span class='ocrx_word' id='word_1_74' title='bbox 706 1299 864 1372; x_wconf 87' lang='lat' dir='ltr'><strong>plura</strong></span> <span class='ocrx_word' id='word_1_75' title='bbox 908 1297 963 1352; x_wconf 92' lang='lat' dir='ltr'><strong>in</strong></span> <span class='ocrx_word' id='word_1_76' title='bbox 1007 1303 1196 1352; x_wconf 89' lang='lat' dir='ltr'><strong>sancto</strong></span> <span class='ocrx_word' id='word_1_77' title='bbox 1242 1308 1533 1350; x_wconf 85' lang='lat' dir='ltr'><strong>exercuere</strong></span> <span class='ocrx_word' id='word_1_78' title='bbox 1560 1289 1765 1356; x_wconf 86' lang='lat' dir='ltr'><strong>Vitale,</strong></span> <span class='ocrx_word' id='word_1_79' title='bbox 1807 1294 1869 1342; x_wconf 90' lang='lat' dir='ltr'><strong>ut</strong></span> <span class='ocrx_word' id='word_1_80' title='bbox 1913 1293 2161 1341; x_wconf 89' lang='lat' dir='ltr'><strong>sanctum</strong></span> 
     </span>
    </p>
   </div>
   <div class='ocr_carea' id='block_1_13' title="bbox 568 1373 2163 1461">
    <p class='ocr_par' dir='ltr' id='par_1_13' title="bbox 568 1373 2163 1461">
     <span class='ocr_line' id='line_1_13' title="bbox 568 1373 2163 1461; baseline -0.012 -14"><span class='ocrx_word' id='word_1_81' title='bbox 568 1399 839 1447; x_wconf 88' lang='lat' dir='ltr'><strong>terrerent</strong></span> <span class='ocrx_word' id='word_1_82' title='bbox 866 1388 1178 1461; x_wconf 81' lang='lat' dir='ltr'><strong>Agricolam</strong></span> <span class='ocrx_word' id='word_1_83' title='bbox 1213 1402 1224 1441; x_wconf 91' lang='lat'><strong>:</strong></span> <span class='ocrx_word' id='word_1_84' title='bbox 1269 1384 1361 1440; x_wconf 89' lang='lat' dir='ltr'><strong>sed</strong></span> <span class='ocrx_word' id='word_1_85' title='bbox 1390 1381 1660 1438; x_wconf 89' lang='lat' dir='ltr'><strong>Dominus</strong></span> <span class='ocrx_word' id='word_1_86' title='bbox 1678 1379 1785 1461; x_wconf 20' lang='lat' dir='ltr'><strong>Villa</strong></span> <span class='ocrx_word' id='word_1_87' title='bbox 1815 1377 1872 1432; x_wconf 91' lang='lat' dir='ltr'><strong>in</strong></span> <span class='ocrx_word' id='word_1_88' title='bbox 1903 1373 2163 1447; x_wconf 84' lang='lat' dir='ltr'><strong>majorem</strong></span> 
     </span>
    </p>
   </div>
   <div class='ocr_carea' id='block_1_14' title="bbox 569 1454 2165 1551">
    <p class='ocr_par' dir='ltr' id='par_1_14' title="bbox 569 1454 2165 1551">
     <span class='ocr_line' id='line_1_14' title="bbox 569 1454 2165 1551; baseline -0.012 -15"><span class='ocrx_word' id='word_1_89' title='bbox 569 1480 689 1551; x_wconf 87' lang='lat' dir='ltr'><strong>ejus</strong></span> <span class='ocrx_word' id='word_1_90' title='bbox 711 1454 1073 1536; x_wconf 72' lang='lat' dir='ltr'><strong>constantiam</strong></span> <span class='ocrx_word' id='word_1_91' title='bbox 1106 1475 1292 1532; x_wconf 86' lang='lat' dir='ltr'><strong>vertit.</strong></span> <span class='ocrx_word' id='word_1_92' title='bbox 1323 1471 1571 1544; x_wconf 90' lang='lat' dir='ltr'><strong>Denique</strong></span> <span class='ocrx_word' id='word_1_93' title='bbox 1595 1454 1847 1524; x_wconf 88' lang='lat' dir='ltr'><strong>videntes</strong></span> <span class='ocrx_word' id='word_1_94' title='bbox 1876 1465 2018 1521; x_wconf 85' lang='lat' dir='ltr'><strong>nihil</strong></span> <span class='ocrx_word' id='word_1_95' title='bbox 2046 1479 2165 1535; x_wconf 90' lang='lat' dir='ltr'><strong>pro-</strong></span> 
     </span>
    </p>
   </div>
   <div class='ocr_carea' id='block_1_15' title="bbox 569 1558 2166 1643">
    <p class='ocr_par' dir='ltr' id='par_1_15' title="bbox 569 1558 2166 1643">
     <span class='ocr_line' id='line_1_15' title="bbox 569 1558 2166 1643; baseline -0.011 -15"><span class='ocrx_word' id='word_1_96' title='bbox 569 1570 756 1643; x_wconf 83' lang='lat' dir='ltr'><strong>ﬁcere,</strong></span> <span class='ocrx_word' id='word_1_97' title='bbox 798 1580 927 1626; x_wconf 86' lang='lat' dir='ltr'><strong>eum‘</strong></span> <span class='ocrx_word' id='word_1_98' title='bbox 970 1568 1190 1625; x_wconf 88' lang='lat' dir='ltr'><strong>tandem</strong></span> <span class='ocrx_word' id='word_1_99' title='bbox 1240 1565 1390 1623; x_wconf 88' lang='lat' dir='ltr'><strong>cruci</strong></span> <span class='ocrx_word' id='word_1_100' title='bbox 1442 1563 1767 1627; x_wconf 81' lang='lat' dir='ltr'><strong>afﬁxerunt;</strong></span> <span class='ocrx_word' id='word_1_101' title='bbox 1820 1558 2007 1631; x_wconf 87' lang='lat' dir='ltr'><strong>sicque</strong></span> <span class='ocrx_word' id='word_1_102' title='bbox 2053 1559 2166 1613; x_wconf 92' lang='lat' dir='ltr'><strong>Deo</strong></span> 
     </span>
    </p>
   </div>
   <div class='ocr_carea' id='block_1_16' title="bbox 572 1657 1126 1732">
    <p class='ocr_par' dir='ltr' id='par_1_16' title="bbox 572 1657 1126 1732">
     <span class='ocr_line' id='line_1_16' title="bbox 572 1657 1126 1732; baseline -0.009 -15"><span class='ocrx_word' id='word_1_103' title='bbox 572 1660 832 1732; x_wconf 84' lang='lat' dir='ltr'><strong>spiritum</strong></span> <span class='ocrx_word' id='word_1_104' title='bbox 865 1657 1126 1715; x_wconf 90' lang='lat' dir='ltr'><strong>reddidit.</strong></span> 
     </span>
    </p>
   </div>
   <div class='ocr_carea' id='block_1_17' title="bbox 641 1736 2165 1813">
    <p class='ocr_par' dir='ltr' id='par_1_17' title="bbox 641 1736 2165 1813">
     <span class='ocr_line' id='line_1_17' title="bbox 641 1736 2165 1813; baseline -0.009 -9"><span class='ocrx_word' id='word_1_105' title='bbox 641 1749 697 1804; x_wconf 88' lang='lat'><strong>9.</strong></span> <span class='ocrx_word' id='word_1_106' title='bbox 731 1748 963 1805; x_wconf 89' lang='lat' dir='ltr'><strong>Sanctus</strong></span> <span class='ocrx_word' id='word_1_107' title='bbox 982 1745 1184 1804; x_wconf 88' lang='lat' dir='ltr'><strong>Vitalis</strong></span> <span class='ocrx_word' id='word_1_108' title='bbox 1223 1742 1396 1799; x_wconf 87' lang='lat' dir='ltr'><strong>sancti</strong></span> <span class='ocrx_word' id='word_1_109' title='bbox 1427 1739 1697 1813; x_wconf 65' lang='lat' dir='ltr'><strong>Agricolae</strong></span> <span class='ocrx_word' id='word_1_110' title='bbox 1735 1754 1926 1794; x_wconf 90' lang='lat' dir='ltr'><strong>servus</strong></span> <span class='ocrx_word' id='word_1_111' title='bbox 1967 1736 2165 1800; x_wconf 83' lang='lat' dir='ltr'><strong>fuerat,</strong></span> 
     </span>
    </p>
   </div>
   <div class='ocr_carea' id='block_1_18' title="bbox 2274 548 3787 628">
    <p class='ocr_par' dir='ltr' id='par_1_18' title="bbox 2274 548 3787 628">
     <span class='ocr_line' id='line_1_18' title="bbox 2274 548 3787 628; baseline -0.003 -17"><span class='ocrx_word' id='word_1_112' title='bbox 2274 555 2448 628; x_wconf 79' lang='lat' dir='ltr'><strong>gloria</strong></span> <span class='ocrx_word' id='word_1_113' title='bbox 2485 561 2566 610; x_wconf 89' lang='lat' dir='ltr'><strong>est</strong></span> <span class='ocrx_word' id='word_1_114' title='bbox 2600 552 2668 621; x_wconf 90' lang='lat' dir='ltr'><strong>si,</strong></span> <span class='ocrx_word' id='word_1_115' title='bbox 2696 551 2786 609; x_wconf 91' lang='lat' dir='ltr'><strong>cui</strong></span> <span class='ocrx_word' id='word_1_116' title='bbox 2818 548 3045 622; x_wconf 87' lang='lat' dir='ltr'><strong>potuisti</strong></span> <span class='ocrx_word' id='word_1_117' title='bbox 3086 560 3300 615; x_wconf 87' lang='lat' dir='ltr'><strong>nocere,</strong></span> <span class='ocrx_word' id='word_1_118' title='bbox 3341 561 3542 616; x_wconf 86' lang='lat' dir='ltr'><strong>parcas;</strong></span> <span class='ocrx_word' id='word_1_119' title='bbox 3588 555 3787 621; x_wconf 86' lang='lat' dir='ltr'><strong>peceauti</strong></span> 
     </span>
    </p>
   </div>
   <div class='ocr_carea' id='block_1_19' title="bbox 2277 634 3791 705">
    <p class='ocr_par' dir='ltr' id='par_1_19' title="bbox 2277 634 3791 705">
     <span class='ocr_line' id='line_1_19' title="bbox 2277 634 3791 705; baseline -0.003 -4"><span class='ocrx_word' id='word_1_120' title='bbox 2277 646 2334 700; x_wconf 91' lang='lat' dir='ltr'><strong>in</strong></span> <span class='ocrx_word' id='word_1_121' title='bbox 2362 653 2417 700; x_wconf 90' lang='lat' dir='ltr'><strong>te</strong></span> <span class='ocrx_word' id='word_1_122' title='bbox 2446 660 2558 699; x_wconf 93' lang='lat' dir='ltr'><strong>non</strong></span> <span class='ocrx_word' id='word_1_123' title='bbox 2589 641 2861 696; x_wconf 88' lang='lat' dir='ltr'><strong>retribuas</strong></span> <span class='ocrx_word' id='word_1_124' title='bbox 2900 635 3202 694; x_wconf 89' lang='lat' dir='ltr'><strong>secundum</strong></span> <span class='ocrx_word' id='word_1_125' title='bbox 3245 634 3472 705; x_wconf 82' lang='lat' dir='ltr'><strong>culpam,</strong></span> <span class='ocrx_word' id='word_1_126' title='bbox 3507 637 3665 695; x_wconf 88' lang='lat' dir='ltr'><strong>sciens</strong></span> <span class='ocrx_word' id='word_1_127' title='bbox 3687 640 3729 695; x_wconf 87' lang='lat' dir='ltr'><strong>in</strong></span> <span class='ocrx_word' id='word_1_128' title='bbox 3754 650 3791 697; x_wconf 87' lang='lat' dir='ltr'><strong>te</strong></span> 
     </span>
    </p>
   </div>
   <div class='ocr_carea' id='block_1_20' title="bbox 2274 725 3791 801">
    <p class='ocr_par' dir='ltr' id='par_1_20' title="bbox 2274 725 3791 801">
     <span class='ocr_line' id='line_1_20' title="bbox 2274 725 3791 801; baseline -0.003 -11"><span class='ocrx_word' id='word_1_129' title='bbox 2274 742 2570 790; x_wconf 90' lang='lat' dir='ltr'><strong>venturum</strong></span> <span class='ocrx_word' id='word_1_130' title='bbox 2600 748 2714 787; x_wconf 90' lang='lat' dir='ltr'><strong>esse</strong></span> <span class='ocrx_word' id='word_1_131' title='bbox 2741 729 3037 801; x_wconf 85' lang='lat' dir='ltr'><strong>judicium.</strong></span> <span class='ocrx_word' id='word_1_132' title='bbox 3069 726 3203 781; x_wconf 88' lang='lat' dir='ltr'><strong>Nam</strong></span> <span class='ocrx_word' id='word_1_133' title='bbox 3245 741 3351 779; x_wconf 89' lang='lat' dir='ltr'><strong>non</strong></span> <span class='ocrx_word' id='word_1_134' title='bbox 3395 725 3599 783; x_wconf 88' lang='lat' dir='ltr'><strong>habebis</strong></span> <span class='ocrx_word' id='word_1_135' title='bbox 3639 728 3791 786; x_wconf 87' lang='lat' dir='ltr'><strong>indul-</strong></span> 
     </span>
    </p>
   </div>
   <div class='ocr_carea' id='block_1_21' title="bbox 2275 812 3792 894">
    <p class='ocr_par' dir='ltr' id='par_1_21' title="bbox 2275 812 3792 894">
     <span class='ocr_line' id='line_1_21' title="bbox 2275 812 3792 894; baseline -0.003 -17"><span class='ocrx_word' id='word_1_136' title='bbox 2275 821 2535 894; x_wconf 83' lang='lat' dir='ltr'><strong>gentiam,</strong></span> <span class='ocrx_word' id='word_1_137' title='bbox 2570 818 2678 874; x_wconf 90' lang='lat' dir='ltr'><strong>nisi</strong></span> <span class='ocrx_word' id='word_1_138' title='bbox 2713 818 2868 873; x_wconf 88' lang='lat' dir='ltr'><strong>alteri</strong></span> <span class='ocrx_word' id='word_1_139' title='bbox 2899 813 3191 871; x_wconf 89' lang='lat' dir='ltr'><strong>donaveris</strong></span> <span class='ocrx_word' id='word_1_140' title='bbox 3223 812 3357 884; x_wconf 87' lang='lat' dir='ltr'><strong>(Jac.</strong></span> <span class='ocrx_word' id='word_1_141' title='bbox 3396 830 3451 879; x_wconf 83' lang='grc' dir='ltr'><strong>ιι,</strong></span> <span class='ocrx_word' id='word_1_142' title='bbox 3482 815 3601 884; x_wconf 80' lang='grc'><strong>13);</strong></span> <span class='ocrx_word' id='word_1_143' title='bbox 3646 816 3792 873; x_wconf 86' lang='lat' dir='ltr'><strong>odium</strong></span> 
     </span>
    </p>
   </div>
   <div class='ocr_carea' id='block_1_22' title="bbox 2274 901 3793 976">
    <p class='ocr_par' dir='ltr' id='par_1_22' title="bbox 2274 901 3793 976">
     <span class='ocr_line' id='line_1_22' title="bbox 2274 901 3793 976; baseline -0.003 -11"><span class='ocrx_word' id='word_1_144' title='bbox 2274 908 2421 966; x_wconf 90' lang='lat' dir='ltr'><strong>enim</strong></span> <span class='ocrx_word' id='word_1_145' title='bbox 2455 907 2735 963; x_wconf 87' lang='lat' dir='ltr'><strong>hominem</strong></span> <span class='ocrx_word' id='word_1_146' title='bbox 2768 911 2979 976; x_wconf 88' lang='lat' dir='ltr'><strong>separat</strong></span> <span class='ocrx_word' id='word_1_147' title='bbox 3007 918 3038 958; x_wconf 91' lang='lat' dir='ltr'><strong>a</strong></span> <span class='ocrx_word' id='word_1_148' title='bbox 3067 917 3253 973; x_wconf 87' lang='lat' dir='ltr'><strong>regno,</strong></span> <span class='ocrx_word' id='word_1_149' title='bbox 3284 917 3313 955; x_wconf 89' lang='lat' dir='ltr'><strong>a</strong></span> <span class='ocrx_word' id='word_1_150' title='bbox 3340 902 3470 956; x_wconf 72' lang='lat' dir='ltr'><strong>cmlo</strong></span> <span class='ocrx_word' id='word_1_151' title='bbox 3496 901 3747 971; x_wconf 86' lang='lat' dir='ltr'><strong>subtrahit,</strong></span> <span class='ocrx_word' id='word_1_152' title='bbox 3770 923 3793 961; x_wconf 73' lang='grc' dir='ltr'><strong>ι</strong></span> 
     </span>
    </p>
   </div>
   <div class='ocr_carea' id='block_1_23' title="bbox 2277 994 2765 1072">
    <p class='ocr_par' dir='ltr' id='par_1_23' title="bbox 2277 994 2765 1072">
     <span class='ocr_line' id='line_1_23' title="bbox 2277 994 2765 1072; baseline -0.01 -18"><span class='ocrx_word' id='word_1_153' title='bbox 2277 998 2527 1072; x_wconf 87' lang='lat' dir='ltr'><strong>paradiso</strong></span> <span class='ocrx_word' id='word_1_154' title='bbox 2556 994 2765 1066; x_wconf 88' lang='lat' dir='ltr'><strong>dejicit.</strong></span> 
     </span>
    </p>
   </div>
   <div class='ocr_carea' id='block_1_24' title="bbox 2345 1094 3793 1162">
    <p class='ocr_par' dir='ltr' id='par_1_24' title="bbox 2345 1094 3793 1162">
     <span class='ocr_line' id='line_1_24' title="bbox 2345 1094 3793 1162; baseline -0.005 -4"><span class='ocrx_word' id='word_1_155' title='bbox 2345 1103 2400 1159; x_wconf 91' lang='lat'><strong>3.</strong></span> <span class='ocrx_word' id='word_1_156' title='bbox 2432 1104 2496 1157; x_wconf 90' lang='lat' dir='ltr'><strong>In</strong></span> <span class='ocrx_word' id='word_1_157' title='bbox 2524 1100 2782 1157; x_wconf 91' lang='lat' dir='ltr'><strong>omnibus</strong></span> <span class='ocrx_word' id='word_1_158' title='bbox 2814 1097 3030 1155; x_wconf 89' lang='lat' dir='ltr'><strong>actibus</strong></span> <span class='ocrx_word' id='word_1_159' title='bbox 3068 1095 3177 1151; x_wconf 87' lang='lat' dir='ltr'><strong>tuis</strong></span> <span class='ocrx_word' id='word_1_160' title='bbox 3205 1094 3418 1151; x_wconf 88' lang='lat' dir='ltr'><strong>imitare</strong></span> <span class='ocrx_word' id='word_1_161' title='bbox 3458 1094 3636 1162; x_wconf 88' lang='lat' dir='ltr'><strong>bonos,</strong></span> <span class='ocrx_word' id='word_1_162' title='bbox 3671 1112 3793 1151; x_wconf 68' lang='lat' dir='ltr'><strong>remu-</strong></span> 
     </span>
    </p>
   </div>
   <div class='ocr_carea' id='block_1_25' title="bbox 2275 1184 3795 1259">
    <p class='ocr_par' dir='ltr' id='par_1_25' title="bbox 2275 1184 3795 1259">
     <span class='ocr_line' id='line_1_25' title="bbox 2275 1184 3795 1259; baseline -0.005 -11"><span class='ocrx_word' id='word_1_163' title='bbox 2275 1193 2387 1249; x_wconf 89' lang='lat' dir='ltr'><strong>lare</strong></span> <span class='ocrx_word' id='word_1_164' title='bbox 2425 1199 2661 1259; x_wconf 90' lang='lat' dir='ltr'><strong>sanctos,</strong></span> <span class='ocrx_word' id='word_1_165' title='bbox 2710 1190 2908 1245; x_wconf 88' lang='lat' dir='ltr'><strong>habeto</strong></span> <span class='ocrx_word' id='word_1_166' title='bbox 2954 1195 3079 1242; x_wconf 89' lang='lat' dir='ltr'><strong>ante</strong></span> <span class='ocrx_word' id='word_1_167' title='bbox 3127 1184 3315 1240; x_wconf 89' lang='lat' dir='ltr'><strong>oculos</strong></span> <span class='ocrx_word' id='word_1_168' title='bbox 3360 1185 3596 1255; x_wconf 86' lang='lat' dir='ltr'><strong>exempla</strong></span> <span class='ocrx_word' id='word_1_169' title='bbox 3633 1195 3795 1241; x_wconf 86' lang='lat' dir='ltr'><strong>sancto-</strong></span> 
     </span>
    </p>
   </div>
   <div class='ocr_carea' id='block_1_26' title="bbox 2275 1272 3799 1345">
    <p class='ocr_par' dir='ltr' id='par_1_26' title="bbox 2275 1272 3799 1345">
     <span class='ocr_line' id='line_1_26' title="bbox 2275 1272 3799 1345; baseline -0.004 -8"><span class='ocrx_word' id='word_1_170' title='bbox 2275 1298 2437 1337; x_wconf 88' lang='lat' dir='ltr'><strong>rum:</strong></span> <span class='ocrx_word' id='word_1_171' title='bbox 2475 1280 2652 1336; x_wconf 92' lang='lat' dir='ltr'><strong>socios</strong></span> <span class='ocrx_word' id='word_1_172' title='bbox 2696 1279 2800 1335; x_wconf 90' lang='lat' dir='ltr'><strong>tibi</strong></span> <span class='ocrx_word' id='word_1_173' title='bbox 2843 1278 3018 1333; x_wconf 90' lang='lat' dir='ltr'><strong>bonos</strong></span> <span class='ocrx_word' id='word_1_174' title='bbox 3060 1272 3352 1345; x_wconf 87' lang='lat' dir='ltr'><strong>conjunge,</strong></span> <span class='ocrx_word' id='word_1_175' title='bbox 3402 1272 3523 1344; x_wconf 87' lang='lat' dir='ltr'><strong>quia</strong></span> <span class='ocrx_word' id='word_1_176' title='bbox 3574 1273 3614 1328; x_wconf 89' lang='lat' dir='ltr'><strong>si</strong></span> <span class='ocrx_word' id='word_1_177' title='bbox 3665 1276 3799 1331; x_wconf 86' lang='lat' dir='ltr'><strong>socius</strong></span> 
     </span>
    </p>
   </div>
   <div class='ocr_carea' id='block_1_27' title="bbox 2274 1361 3799 1432">
    <p class='ocr_par' dir='ltr' id='par_1_27' title="bbox 2274 1361 3799 1432">
     <span class='ocr_line' id='line_1_27' title="bbox 2274 1361 3799 1432; baseline -0.005 -6"><span class='ocrx_word' id='word_1_178' title='bbox 2274 1369 2448 1426; x_wconf 89' lang='lat' dir='ltr'><strong>fueris</strong></span> <span class='ocrx_word' id='word_1_179' title='bbox 2474 1366 2929 1432; x_wconf 85' lang='lat' dir='ltr'><strong>conversationis,</strong></span> <span class='ocrx_word' id='word_1_180' title='bbox 2981 1364 3089 1420; x_wconf 89' lang='lat' dir='ltr'><strong>eris</strong></span> <span class='ocrx_word' id='word_1_181' title='bbox 3140 1371 3193 1418; x_wconf 90' lang='lat' dir='ltr'><strong>et</strong></span> <span class='ocrx_word' id='word_1_182' title='bbox 3235 1361 3457 1416; x_wconf 88' lang='lat' dir='ltr'><strong>virtutis</strong></span> <span class='ocrx_word' id='word_1_183' title='bbox 3503 1362 3656 1432; x_wconf 82' lang='lat' dir='ltr'><strong>(Psal.</strong></span> <span class='ocrx_word' id='word_1_184' title='bbox 3696 1380 3799 1432; x_wconf 80' lang='lat' dir='ltr'><strong>xvu,</strong></span> 
     </span>
    </p>
   </div>
   <div class='ocr_carea' id='block_1_28' title="bbox 2276 1450 3799 1530">
    <p class='ocr_par' dir='ltr' id='par_1_28' title="bbox 2276 1450 3799 1530">
     <span class='ocr_line' id='line_1_28' title="bbox 2276 1450 3799 1530; baseline -0.005 -15"><span class='ocrx_word' id='word_1_185' title='bbox 2276 1458 2390 1530; x_wconf 81' lang='lat'><strong>26).</strong></span> <span class='ocrx_word' id='word_1_186' title='bbox 2422 1458 2795 1513; x_wconf 90' lang='lat' dir='ltr'><strong>Periculosum</strong></span> <span class='ocrx_word' id='word_1_187' title='bbox 2819 1463 2902 1512; x_wconf 89' lang='lat' dir='ltr'><strong>est</strong></span> <span class='ocrx_word' id='word_1_188' title='bbox 2927 1471 3054 1511; x_wconf 91' lang='lat' dir='ltr'><strong>cum</strong></span> <span class='ocrx_word' id='word_1_189' title='bbox 3086 1452 3173 1509; x_wconf 92' lang='lat' dir='ltr'><strong>his</strong></span> <span class='ocrx_word' id='word_1_190' title='bbox 3201 1451 3297 1524; x_wconf 90' lang='lat' dir='ltr'><strong>qui</strong></span> <span class='ocrx_word' id='word_1_191' title='bbox 3326 1450 3462 1506; x_wconf 90' lang='lat' dir='ltr'><strong>male</strong></span> <span class='ocrx_word' id='word_1_192' title='bbox 3489 1450 3685 1520; x_wconf 89' lang='lat' dir='ltr'><strong>vivunt,</strong></span> <span class='ocrx_word' id='word_1_193' title='bbox 3707 1468 3799 1507; x_wconf 82' lang='lat' dir='ltr'><strong>con-</strong></span> 
     </span>
    </p>
   </div>
   <div class='ocr_carea' id='block_1_29' title="bbox 2275 1542 3798 1617">
    <p class='ocr_par' dir='ltr' id='par_1_29' title="bbox 2275 1542 3798 1617">
     <span class='ocr_line' id='line_1_29' title="bbox 2275 1542 3798 1617; baseline -0.005 -12"><span class='ocrx_word' id='word_1_194' title='bbox 2275 1550 2503 1606; x_wconf 87' lang='lat' dir='ltr'><strong>versari.</strong></span> <span class='ocrx_word' id='word_1_195' title='bbox 2532 1548 2729 1604; x_wconf 89' lang='lat' dir='ltr'><strong>Melius</strong></span> <span class='ocrx_word' id='word_1_196' title='bbox 2772 1555 2855 1603; x_wconf 87' lang='lat' dir='ltr'><strong>est</strong></span> <span class='ocrx_word' id='word_1_197' title='bbox 2894 1562 3022 1617; x_wconf 86' lang='lat' dir='ltr'><strong>ergo</strong></span> <span class='ocrx_word' id='word_1_198' title='bbox 3069 1543 3273 1601; x_wconf 87' lang='lat' dir='ltr'><strong>habere</strong></span> <span class='ocrx_word' id='word_1_199' title='bbox 3330 1542 3586 1598; x_wconf 88' lang='lat' dir='ltr'><strong>malorum</strong></span> <span class='ocrx_word' id='word_1_200' title='bbox 3635 1542 3798 1611; x_wconf 85' lang='lat' dir='ltr'><strong>odium,</strong></span> 
     </span>
    </p>
   </div>
   <div class='ocr_carea' id='block_1_30' title="bbox 2276 1637 2830 1711">
    <p class='ocr_par' dir='ltr' id='par_1_30' title="bbox 2276 1637 2830 1711">
     <span class='ocr_line' id='line_1_30' title="bbox 2276 1637 2830 1711; baseline -0.005 -17"><span class='ocrx_word' id='word_1_201' title='bbox 2276 1654 2438 1711; x_wconf 90' lang='lat' dir='ltr'><strong>quam</strong></span> <span class='ocrx_word' id='word_1_202' title='bbox 2468 1637 2830 1695; x_wconf 88' lang='lat' dir='ltr'><strong>consortium.</strong></span> 
     </span>
    </p>
   </div>
   <div class='ocr_carea' id='block_1_31' title="bbox 2346 1727 3804 1804">
    <p class='ocr_par' dir='ltr' id='par_1_31' title="bbox 2346 1727 3804 1804">
     <span class='ocr_line' id='line_1_31' title="bbox 2346 1727 3804 1804; baseline -0.006 -13"><span class='ocrx_word' id='word_1_203' title='bbox 2346 1735 2400 1792; x_wconf 74' lang='grc'><strong>4.</strong></span> <span class='ocrx_word' id='word_1_204' title='bbox 2434 1735 2624 1792; x_wconf 85' lang='lat' dir='ltr'><strong>Vanus</strong></span> <span class='ocrx_word' id='word_1_205' title='bbox 2652 1749 2831 1790; x_wconf 88' lang='lat' dir='ltr'><strong>sermo</strong></span> <span class='ocrx_word' id='word_1_206' title='bbox 2871 1732 2982 1789; x_wconf 90' lang='lat' dir='ltr'><strong>cito</strong></span> <span class='ocrx_word' id='word_1_207' title='bbox 3025 1730 3229 1804; x_wconf 90' lang='lat' dir='ltr'><strong>polluit</strong></span> <span class='ocrx_word' id='word_1_208' title='bbox 3282 1736 3548 1796; x_wconf 86' lang='lat' dir='ltr'><strong>mentem;</strong></span> <span class='ocrx_word' id='word_1_209' title='bbox 3597 1736 3645 1784; x_wconf 88' lang='lat' dir='ltr'><strong>et</strong></span> <span class='ocrx_word' id='word_1_210' title='bbox 3688 1727 3804 1784; x_wconf 83' lang='lat' dir='ltr'><strong>facile</strong></span> 
     </span>
    </p>
   </div>
   <div class='ocr_carea' id='block_1_32' title="bbox 571 1819 3805 1912">
    <p class='ocr_par' dir='ltr' id='par_1_32' title="bbox 571 1819 3805 1912">
     <span class='ocr_line' id='line_1_32' title="bbox 571 1819 3805 1912; baseline -0.008 -14"><span class='ocrx_word' id='word_1_211' title='bbox 571 1858 706 1898; x_wconf 86' lang='lat' dir='ltr'><strong>mox</strong></span> <span class='ocrx_word' id='word_1_212' title='bbox 734 1839 853 1912; x_wconf 87' lang='lat' dir='ltr'><strong>ejus</strong></span> <span class='ocrx_word' id='word_1_213' title='bbox 886 1839 944 1895; x_wconf 93' lang='lat' dir='ltr'><strong>in</strong></span> <span class='ocrx_word' id='word_1_214' title='bbox 974 1836 1223 1911; x_wconf 86' lang='lat' dir='ltr'><strong>passione</strong></span> <span class='ocrx_word' id='word_1_215' title='bbox 1272 1834 1477 1899; x_wconf 91' lang='lat' dir='ltr'><strong>socius,</strong></span> <span class='ocrx_word' id='word_1_216' title='bbox 1522 1847 1672 1887; x_wconf 91' lang='lat' dir='ltr'><strong>nunc</strong></span> <span class='ocrx_word' id='word_1_217' title='bbox 1710 1829 1894 1901; x_wconf 66' lang='lat' dir='ltr'><strong>gloriae</strong></span> <span class='ocrx_word' id='word_1_218' title='bbox 1944 1842 2169 1884; x_wconf 89' lang='lat' dir='ltr'><strong>consors</strong></span> <span class='ocrx_word' id='word_1_219' title='bbox 2196 1835 2243 1896; x_wconf 82' lang='grc' dir='ltr'><strong>Β</strong></span> <span class='ocrx_word' id='word_1_220' title='bbox 2276 1826 2455 1898; x_wconf 86' lang='lat' dir='ltr'><strong>agitur</strong></span> <span class='ocrx_word' id='word_1_221' title='bbox 2508 1824 2657 1898; x_wconf 90' lang='lat' dir='ltr'><strong>quod</strong></span> <span class='ocrx_word' id='word_1_222' title='bbox 2708 1823 2944 1879; x_wconf 86' lang='lat' dir='ltr'><strong>libenter</strong></span> <span class='ocrx_word' id='word_1_223' title='bbox 2997 1820 3242 1877; x_wconf 90' lang='lat' dir='ltr'><strong>auditur.</strong></span> <span class='ocrx_word' id='word_1_224' title='bbox 3301 1820 3418 1875; x_wconf 85' lang='lat' dir='ltr'><strong>Hoc</strong></span> <span class='ocrx_word' id='word_1_225' title='bbox 3458 1819 3727 1891; x_wconf 83' lang='lat' dir='ltr'><strong>proferatur</strong></span> <span class='ocrx_word' id='word_1_226' title='bbox 3758 1834 3805 1872; x_wconf 73' lang='lat' dir='ltr'><strong>ex</strong></span> 
     </span>
    </p>
   </div>
   <div class='ocr_carea' id='block_1_33' title="bbox 572 1918 2173 1991">
    <p class='ocr_par' dir='ltr' id='par_1_33' title="bbox 572 1918 2173 1991">
     <span class='ocr_line' id='line_1_33' title="bbox 572 1918 2173 1991; baseline -0.011 -3"><span class='ocrx_word' id='word_1_227' title='bbox 572 1932 751 1988; x_wconf 90' lang='lat' dir='ltr'><strong>factus</strong></span> <span class='ocrx_word' id='word_1_228' title='bbox 779 1937 880 1986; x_wconf 87' lang='lat' dir='ltr'><strong>est.</strong></span> <span class='ocrx_word' id='word_1_229' title='bbox 908 1929 1104 1985; x_wconf 89' lang='lat' dir='ltr'><strong>Merito</strong></span> <span class='ocrx_word' id='word_1_230' title='bbox 1132 1933 1313 1981; x_wconf 88' lang='lat' dir='ltr'><strong>autem</strong></span> <span class='ocrx_word' id='word_1_231' title='bbox 1354 1932 1573 1979; x_wconf 89' lang='lat' dir='ltr'><strong>sanctus</strong></span> <span class='ocrx_word' id='word_1_232' title='bbox 1601 1920 1803 1978; x_wconf 86' lang='lat' dir='ltr'><strong>Vitalis</strong></span> <span class='ocrx_word' id='word_1_233' title='bbox 1831 1918 2009 1991; x_wconf 90' lang='lat' dir='ltr'><strong>primo</strong></span> <span class='ocrx_word' id='word_1_234' title='bbox 2040 1933 2173 1989; x_wconf 88' lang='lat' dir='ltr'><strong>pas—</strong></span> 
     </span>
    </p>
   </div>
   <div class='ocr_carea' id='block_1_34' title="bbox 573 2006 2173 2088">
    <p class='ocr_par' dir='ltr' id='par_1_34' title="bbox 573 2006 2173 2088">
     <span class='ocr_line' id='line_1_34' title="bbox 573 2006 2173 2088; baseline -0.011 -11"><span class='ocrx_word' id='word_1_235' title='bbox 573 2038 668 2077; x_wconf 86' lang='lat' dir='ltr'><strong>sus</strong></span> <span class='ocrx_word' id='word_1_236' title='bbox 695 2027 798 2088; x_wconf 89' lang='lat' dir='ltr'><strong>est,</strong></span> <span class='ocrx_word' id='word_1_237' title='bbox 826 2016 880 2075; x_wconf 82' lang='lat' dir='ltr'><strong>et</strong></span> <span class='ocrx_word' id='word_1_238' title='bbox 906 2026 969 2074; x_wconf 92' lang='lat' dir='ltr'><strong>ut</strong></span> <span class='ocrx_word' id='word_1_239' title='bbox 995 2033 1185 2073; x_wconf 89' lang='lat' dir='ltr'><strong>servus</strong></span> <span class='ocrx_word' id='word_1_240' title='bbox 1215 2013 1511 2087; x_wconf 67' lang='lat' dir='ltr'><strong>prmeessit,</strong></span> <span class='ocrx_word' id='word_1_241' title='bbox 1541 2011 1672 2083; x_wconf 89' lang='lat' dir='ltr'><strong>quia</strong></span> <span class='ocrx_word' id='word_1_242' title='bbox 1697 2008 1925 2065; x_wconf 91' lang='lat' dir='ltr'><strong>domino</strong></span> <span class='ocrx_word' id='word_1_243' title='bbox 1950 2006 2173 2078; x_wconf 86' lang='lat' dir='ltr'><strong>parabat</strong></span> 
     </span>
    </p>
   </div>
   <div class='ocr_carea' id='block_1_35' title="bbox 547 2094 2173 2169">
    <p class='ocr_par' dir='ltr' id='par_1_35' title="bbox 547 2094 2173 2169">
     <span class='ocr_line' id='line_1_35' title="bbox 547 2094 2173 2169; baseline -0.007 -8"><span class='ocrx_word' id='word_1_244' title='bbox 547 2113 759 2167; x_wconf 72' lang='lat' dir='ltr'><strong>locum</strong></span> <span class='ocrx_word' id='word_1_245' title='bbox 795 2128 807 2165; x_wconf 93' lang='lat'><strong>:</strong></span> <span class='ocrx_word' id='word_1_246' title='bbox 849 2115 1068 2165; x_wconf 91' lang='lat' dir='ltr'><strong>secutus</strong></span> <span class='ocrx_word' id='word_1_247' title='bbox 1115 2113 1196 2162; x_wconf 90' lang='lat' dir='ltr'><strong>est</strong></span> <span class='ocrx_word' id='word_1_248' title='bbox 1241 2103 1518 2169; x_wconf 89' lang='lat' dir='ltr'><strong>dominus,</strong></span> <span class='ocrx_word' id='word_1_249' title='bbox 1571 2108 1635 2155; x_wconf 92' lang='lat' dir='ltr'><strong>ut</strong></span> <span class='ocrx_word' id='word_1_250' title='bbox 1679 2098 1825 2155; x_wconf 88' lang='lat' dir='ltr'><strong>servi</strong></span> <span class='ocrx_word' id='word_1_251' title='bbox 1887 2094 2173 2169; x_wconf 88' lang='lat' dir='ltr'><strong>prudentis</strong></span> 
     </span>
    </p>
   </div>
   <div class='ocr_carea' id='block_1_36' title="bbox 573 2185 2167 2273">
    <p class='ocr_par' dir='ltr' id='par_1_36' title="bbox 573 2185 2167 2273">
     <span class='ocr_line' id='line_1_36' title="bbox 573 2185 2167 2273; baseline -0.011 -16"><span class='ocrx_word' id='word_1_252' title='bbox 573 2204 739 2258; x_wconf 78' lang='lat' dir='ltr'><strong>ﬁdem</strong></span> <span class='ocrx_word' id='word_1_253' title='bbox 771 2199 1046 2273; x_wconf 85' lang='lat' dir='ltr'><strong>probaret.</strong></span> <span class='ocrx_word' id='word_1_254' title='bbox 1088 2195 1274 2252; x_wconf 89' lang='lat' dir='ltr'><strong>Passio</strong></span> <span class='ocrx_word' id='word_1_255' title='bbox 1306 2193 1450 2249; x_wconf 84' lang='lat' dir='ltr'><strong>servi</strong></span> <span class='ocrx_word' id='word_1_256' title='bbox 1481 2190 1776 2263; x_wconf 87' lang='lat' dir='ltr'><strong>disciplina</strong></span> <span class='ocrx_word' id='word_1_257' title='bbox 1805 2196 1887 2244; x_wconf 87' lang='lat' dir='ltr'><strong>est</strong></span> <span class='ocrx_word' id='word_1_258' title='bbox 1915 2185 2126 2243; x_wconf 90' lang='lat' dir='ltr'><strong>domini</strong></span> <span class='ocrx_word' id='word_1_259' title='bbox 2155 2202 2167 2240; x_wconf 92' lang='lat'><strong>:</strong></span> 
     </span>
    </p>
   </div>
   <div class='ocr_carea' id='block_1_37' title="bbox 573 2276 2173 2358">
    <p class='ocr_par' dir='ltr' id='par_1_37' title="bbox 573 2276 2173 2358">
     <span class='ocr_line' id='line_1_37' title="bbox 573 2276 2173 2358; baseline -0.01 -10"><span class='ocrx_word' id='word_1_260' title='bbox 573 2291 667 2349; x_wconf 89' lang='lat' dir='ltr'><strong>hic</strong></span> <span class='ocrx_word' id='word_1_261' title='bbox 694 2289 958 2358; x_wconf 89' lang='lat' dir='ltr'><strong>instituit,</strong></span> <span class='ocrx_word' id='word_1_262' title='bbox 990 2286 1083 2343; x_wconf 90' lang='lat' dir='ltr'><strong>ille</strong></span> <span class='ocrx_word' id='word_1_263' title='bbox 1114 2284 1398 2357; x_wconf 86' lang='lat' dir='ltr'><strong>implevit;</strong></span> <span class='ocrx_word' id='word_1_264' title='bbox 1452 2280 1596 2337; x_wconf 89' lang='lat' dir='ltr'><strong>nihil</strong></span> <span class='ocrx_word' id='word_1_265' title='bbox 1644 2280 1726 2335; x_wconf 93' lang='lat' dir='ltr'><strong>illi</strong></span> <span class='ocrx_word' id='word_1_266' title='bbox 1775 2278 2038 2335; x_wconf 89' lang='lat' dir='ltr'><strong>servitute</strong></span> <span class='ocrx_word' id='word_1_267' title='bbox 2068 2276 2173 2332; x_wconf 92' lang='lat' dir='ltr'><strong>de—</strong></span> 
     </span>
    </p>
   </div>
   <div class='ocr_carea' id='block_1_38' title="bbox 573 2363 2172 2455">
    <p class='ocr_par' dir='ltr' id='par_1_38' title="bbox 573 2363 2172 2455">
     <span class='ocr_line' id='line_1_38' title="bbox 573 2363 2172 2455; baseline -0.013 -15"><span class='ocrx_word' id='word_1_268' title='bbox 573 2382 836 2455; x_wconf 89' lang='lat' dir='ltr'><strong>cerpitur.</strong></span> <span class='ocrx_word' id='word_1_269' title='bbox 871 2377 1159 2447; x_wconf 87' lang='lat' dir='ltr'><strong>Quomodo</strong></span> <span class='ocrx_word' id='word_1_270' title='bbox 1188 2383 1369 2432; x_wconf 89' lang='lat' dir='ltr'><strong>autem</strong></span> <span class='ocrx_word' id='word_1_271' title='bbox 1401 2370 1581 2427; x_wconf 91' lang='lat' dir='ltr'><strong>minui</strong></span> <span class='ocrx_word' id='word_1_272' title='bbox 1610 2377 1807 2442; x_wconf 90' lang='lat' dir='ltr'><strong>potest,</strong></span> <span class='ocrx_word' id='word_1_273' title='bbox 1839 2365 1987 2440; x_wconf 90' lang='lat' dir='ltr'><strong>quod</strong></span> <span class='ocrx_word' id='word_1_274' title='bbox 2015 2363 2172 2424; x_wconf 89' lang='lat' dir='ltr'><strong>Chri-</strong></span> 
     </span>
    </p>
   </div>
   <div class='ocr_carea' id='block_1_39' title="bbox 573 2453 2173 2540">
    <p class='ocr_par' dir='ltr' id='par_1_39' title="bbox 573 2453 2173 2540">
     <span class='ocr_line' id='line_1_39' title="bbox 573 2453 2173 2540; baseline -0.013 -11"><span class='ocrx_word' id='word_1_275' title='bbox 573 2453 691 2529; x_wconf 79' lang='lat' dir='ltr'><strong>stus</strong></span> <span class='ocrx_word' id='word_1_276' title='bbox 717 2470 945 2528; x_wconf 89' lang='lat' dir='ltr'><strong>donavit</strong></span> <span class='ocrx_word' id='word_1_277' title='bbox 969 2467 1180 2540; x_wconf 78' lang='lat' dir='ltr'><strong>egregie</strong></span> <span class='ocrx_word' id='word_1_278' title='bbox 1205 2467 1218 2522; x_wconf 85' lang='lat' dir='ltr'><strong>l</strong></span> <span class='ocrx_word' id='word_1_279' title='bbox 1253 2465 1350 2521; x_wconf 93' lang='lat' dir='ltr'><strong>Ille</strong></span> <span class='ocrx_word' id='word_1_280' title='bbox 1377 2461 1599 2536; x_wconf 90' lang='lat' dir='ltr'><strong>quidem</strong></span> <span class='ocrx_word' id='word_1_281' title='bbox 1631 2456 1846 2515; x_wconf 91' lang='lat' dir='ltr'><strong>homini</strong></span> <span class='ocrx_word' id='word_1_282' title='bbox 1875 2453 2173 2512; x_wconf 86' lang='lat' dir='ltr'><strong>serviendo</strong></span> 
     </span>
    </p>
   </div>
   <div class='ocr_carea' id='block_1_40' title="bbox 574 2543 2172 2631">
    <p class='ocr_par' dir='ltr' id='par_1_40' title="bbox 574 2543 2172 2631">
     <span class='ocr_line' id='line_1_40' title="bbox 574 2543 2172 2631; baseline -0.013 -14"><span class='ocrx_word' id='word_1_283' title='bbox 574 2560 773 2617; x_wconf 88' lang='lat' dir='ltr'><strong>didicit</strong></span> <span class='ocrx_word' id='word_1_284' title='bbox 840 2555 1116 2631; x_wconf 91' lang='lat' dir='ltr'><strong>quomodo</strong></span> <span class='ocrx_word' id='word_1_285' title='bbox 1162 2555 1398 2628; x_wconf 85' lang='lat' dir='ltr'><strong>placeret</strong></span> <span class='ocrx_word' id='word_1_286' title='bbox 1438 2550 1705 2609; x_wconf 88' lang='lat' dir='ltr'><strong>Christo:</strong></span> <span class='ocrx_word' id='word_1_287' title='bbox 1758 2546 1852 2602; x_wconf 89' lang='lat' dir='ltr'><strong>hic</strong></span> <span class='ocrx_word' id='word_1_288' title='bbox 1899 2543 2172 2631; x_wconf 85' lang='lat' dir='ltr'><strong>geminam</strong></span> 
     </span>
    </p>
   </div>
   <div class='ocr_carea' id='block_1_41' title="bbox 574 2629 2170 2722">
    <p class='ocr_par' dir='ltr' id='par_1_41' title="bbox 574 2629 2170 2722">
     <span class='ocr_line' id='line_1_41' title="bbox 574 2629 2170 2722; baseline -0.012 -17"><span class='ocrx_word' id='word_1_289' title='bbox 574 2629 873 2722; x_wconf 76' lang='lat' dir='ltr'><strong>acquisivit</strong></span> <span class='ocrx_word' id='word_1_290' title='bbox 903 2645 1120 2702; x_wconf 91' lang='lat' dir='ltr'><strong>laudem</strong></span> <span class='ocrx_word' id='word_1_291' title='bbox 1149 2645 1207 2700; x_wconf 91' lang='lat' dir='ltr'><strong>in</strong></span> <span class='ocrx_word' id='word_1_292' title='bbox 1239 2642 1337 2697; x_wconf 95' lang='lat' dir='ltr'><strong>illo</strong></span> <span class='ocrx_word' id='word_1_293' title='bbox 1371 2636 1691 2711; x_wconf 80' lang='lat' dir='ltr'><strong>magisterii,</strong></span> <span class='ocrx_word' id='word_1_294' title='bbox 1723 2636 1780 2691; x_wconf 92' lang='lat' dir='ltr'><strong>in</strong></span> <span class='ocrx_word' id='word_1_295' title='bbox 1810 2651 1866 2690; x_wconf 90' lang='lat' dir='ltr'><strong>se</strong></span> <span class='ocrx_word' id='word_1_296' title='bbox 1895 2629 2170 2704; x_wconf 88' lang='lat' dir='ltr'><strong>martyrii.</strong></span> 
     </span>
    </p>
   </div>
   <div class='ocr_carea' id='block_1_42' title="bbox 576 2722 2175 2811">
    <p class='ocr_par' dir='ltr' id='par_1_42' title="bbox 576 2722 2175 2811">
     <span class='ocr_line' id='line_1_42' title="bbox 576 2722 2175 2811; baseline -0.012 -16"><span class='ocrx_word' id='word_1_297' title='bbox 576 2737 869 2811; x_wconf 89' lang='lat' dir='ltr'><strong>Beneﬁciis</strong></span> <span class='ocrx_word' id='word_1_298' title='bbox 932 2742 1127 2791; x_wconf 91' lang='lat' dir='ltr'><strong>mutuo</strong></span> <span class='ocrx_word' id='word_1_299' title='bbox 1176 2736 1547 2796; x_wconf 89' lang='lat' dir='ltr'><strong>certaverunt,</strong></span> <span class='ocrx_word' id='word_1_300' title='bbox 1601 2733 1888 2798; x_wconf 86' lang='lat' dir='ltr'><strong>postquam</strong></span> <span class='ocrx_word' id='word_1_301' title='bbox 1939 2722 2175 2795; x_wconf 73' lang='lat' dir='ltr'><strong>aequales</strong></span> 
     </span>
    </p>
   </div>
   <div class='ocr_carea' id='block_1_43' title="bbox 574 2811 2171 2888">
    <p class='ocr_par' dir='ltr' id='par_1_43' title="bbox 574 2811 2171 2888">
     <span class='ocr_line' id='line_1_43' title="bbox 574 2811 2171 2888; baseline -0.012 -3"><span class='ocrx_word' id='word_1_302' title='bbox 574 2844 689 2885; x_wconf 90' lang='lat' dir='ltr'><strong>esse</strong></span> <span class='ocrx_word' id='word_1_303' title='bbox 720 2831 1038 2882; x_wconf 90' lang='lat' dir='ltr'><strong>meruerunt</strong></span> <span class='ocrx_word' id='word_1_304' title='bbox 1073 2841 1085 2879; x_wconf 91' lang='lat'><strong>:</strong></span> <span class='ocrx_word' id='word_1_305' title='bbox 1117 2822 1210 2879; x_wconf 90' lang='lat' dir='ltr'><strong>hic</strong></span> <span class='ocrx_word' id='word_1_306' title='bbox 1238 2821 1397 2877; x_wconf 90' lang='lat' dir='ltr'><strong>illum</strong></span> <span class='ocrx_word' id='word_1_307' title='bbox 1423 2817 1492 2874; x_wconf 89' lang='lat' dir='ltr'><strong>ad</strong></span> <span class='ocrx_word' id='word_1_308' title='bbox 1520 2814 1846 2888; x_wconf 88' lang='lat' dir='ltr'><strong>martyrium</strong></span> <span class='ocrx_word' id='word_1_309' title='bbox 1887 2811 2171 2885; x_wconf 61' lang='lat' dir='ltr'><strong>praemisit,</strong></span> 
     </span>
    </p>
   </div>
   <div class='ocr_carea' id='block_1_44' title="bbox 572 2899 2176 2992">
    <p class='ocr_par' dir='ltr' id='par_1_44' title="bbox 572 2899 2176 2992">
     <span class='ocr_line' id='line_1_44' title="bbox 572 2899 2176 2992; baseline -0.011 -21"><span class='ocrx_word' id='word_1_310' title='bbox 572 2916 672 2992; x_wconf 79' lang='lat' dir='ltr'><strong>ille</strong></span> <span class='ocrx_word' id='word_1_311' title='bbox 702 2915 871 2970; x_wconf 86' lang='lat' dir='ltr'><strong>istum</strong></span> <span class='ocrx_word' id='word_1_312' title='bbox 900 2910 1209 2969; x_wconf 89' lang='lat' dir='ltr'><strong>accersivit.</strong></span> <span class='ocrx_word' id='word_1_313' title='bbox 1259 2908 1411 2966; x_wconf 91' lang='lat' dir='ltr'><strong>Nihil</strong></span> <span class='ocrx_word' id='word_1_314' title='bbox 1443 2922 1571 2977; x_wconf 88' lang='lat' dir='ltr'><strong>ergo</strong></span> <span class='ocrx_word' id='word_1_315' title='bbox 1602 2904 1669 2960; x_wconf 89' lang='lat' dir='ltr'><strong>ad</strong></span> <span class='ocrx_word' id='word_1_316' title='bbox 1698 2902 1952 2958; x_wconf 90' lang='lat' dir='ltr'><strong>meritum</strong></span> <span class='ocrx_word' id='word_1_317' title='bbox 1982 2899 2176 2955; x_wconf 91' lang='lat' dir='ltr'><strong>homi-</strong></span> 
     </span>
    </p>
   </div>
   <div class='ocr_carea' id='block_1_45' title="bbox 576 2989 2174 3066">
    <p class='ocr_par' dir='ltr' id='par_1_45' title="bbox 576 2989 2174 3066">
     <span class='ocr_line' id='line_1_45' title="bbox 576 2989 2174 3066; baseline -0.011 -4"><span class='ocrx_word' id='word_1_318' title='bbox 576 2989 666 3063; x_wconf 85' lang='lat' dir='ltr'><strong>nis</strong></span> <span class='ocrx_word' id='word_1_319' title='bbox 713 3003 961 3061; x_wconf 88' lang='lat' dir='ltr'><strong>conditio</strong></span> <span class='ocrx_word' id='word_1_320' title='bbox 1015 2998 1277 3066; x_wconf 84' lang='lat' dir='ltr'><strong>detraxit,</strong></span> <span class='ocrx_word' id='word_1_321' title='bbox 1323 2997 1467 3052; x_wconf 90' lang='lat' dir='ltr'><strong>nihil</strong></span> <span class='ocrx_word' id='word_1_322' title='bbox 1523 2993 1762 3066; x_wconf 84' lang='lat' dir='ltr'><strong>dignitas</strong></span> <span class='ocrx_word' id='word_1_323' title='bbox 1818 2991 2019 3047; x_wconf 83' lang='lat' dir='ltr'><strong>auxit:</strong></span> <span class='ocrx_word' id='word_1_324' title='bbox 2081 2989 2174 3045; x_wconf 90' lang='lat' dir='ltr'><strong>sed</strong></span> 
     </span>
    </p>
   </div>
   <div class='ocr_carea' id='block_1_46' title="bbox 578 3081 2169 3166">
    <p class='ocr_par' dir='ltr' id='par_1_46' title="bbox 578 3081 2169 3166">
     <span class='ocr_line' id='line_1_46' title="bbox 578 3081 2169 3166; baseline -0.011 -15"><span class='ocrx_word' id='word_1_325' title='bbox 578 3103 875 3166; x_wconf 88' lang='lat' dir='ltr'><strong>utrumque</strong></span> <span class='ocrx_word' id='word_1_326' title='bbox 900 3091 1036 3146; x_wconf 87' lang='lat' dir='ltr'><strong>ﬁdes</strong></span> <span class='ocrx_word' id='word_1_327' title='bbox 1071 3085 1497 3145; x_wconf 83' lang='lat' dir='ltr'><strong>consummavit.</strong></span> <span class='ocrx_word' id='word_1_328' title='bbox 1544 3084 1679 3139; x_wconf 91' lang='lat' dir='ltr'><strong>Nam</strong></span> <span class='ocrx_word' id='word_1_329' title='bbox 1734 3081 2000 3153; x_wconf 89' lang='lat' dir='ltr'><strong>scriptum</strong></span> <span class='ocrx_word' id='word_1_330' title='bbox 2041 3086 2123 3135; x_wconf 86' lang='lat' dir='ltr'><strong>est</strong></span> <span class='ocrx_word' id='word_1_331' title='bbox 2158 3097 2169 3135; x_wconf 76' lang='grc' dir='ltr'>ε</span> 
     </span>
    </p>
   </div>
   <div class='ocr_carea' id='block_1_47' title="bbox 591 3171 2253 3252">
    <p class='ocr_par' dir='ltr' id='par_1_47' title="bbox 591 3171 2253 3252">
     <span class='ocr_line' id='line_1_47' title="bbox 591 3171 2253 3252; baseline -0.011 -11"><span class='ocrx_word' id='word_1_332' title='bbox 591 3208 609 3232; x_wconf 75' lang='grc' dir='ltr'><strong>ι</strong></span> <span class='ocrx_word' id='word_1_333' title='bbox 637 3185 765 3241; x_wconf 91' lang='lat' dir='ltr'><strong>Sive</strong></span> <span class='ocrx_word' id='word_1_334' title='bbox 796 3183 955 3250; x_wconf 91' lang='lat' dir='ltr'><strong>liber,</strong></span> <span class='ocrx_word' id='word_1_335' title='bbox 985 3181 1101 3236; x_wconf 88' lang='lat' dir='ltr'><strong>sive</strong></span> <span class='ocrx_word' id='word_1_336' title='bbox 1148 3195 1359 3245; x_wconf 89' lang='lat' dir='ltr'><strong>servus,</strong></span> <span class='ocrx_word' id='word_1_337' title='bbox 1396 3190 1587 3231; x_wconf 90' lang='lat' dir='ltr'><strong>omnes</strong></span> <span class='ocrx_word' id='word_1_338' title='bbox 1634 3174 1689 3229; x_wconf 91' lang='lat' dir='ltr'><strong>in</strong></span> <span class='ocrx_word' id='word_1_339' title='bbox 1736 3171 1954 3229; x_wconf 89' lang='lat' dir='ltr'><strong>Christo</strong></span> <span class='ocrx_word' id='word_1_340' title='bbox 2001 3186 2172 3225; x_wconf 92' lang='lat' dir='ltr'><strong>unum</strong></span> <span class='ocrx_word' id='word_1_341' title='bbox 2208 3191 2253 3252; x_wconf 70' lang='grc' dir='ltr'>ο</span> 
     </span>
    </p>
   </div>
   <div class='ocr_carea' id='block_1_48' title="bbox 575 3261 2172 3345">
    <p class='ocr_par' dir='ltr' id='par_1_48' title="bbox 575 3261 2172 3345">
     <span class='ocr_line' id='line_1_48' title="bbox 575 3261 2172 3345; baseline -0.011 -13"><span class='ocrx_word' id='word_1_342' title='bbox 575 3292 765 3333; x_wconf 88' lang='lat' dir='ltr'><strong>sumus</strong></span> <span class='ocrx_word' id='word_1_343' title='bbox 810 3273 1017 3345; x_wconf 83' lang='lat' dir='ltr'><strong>(Galot.</strong></span> <span class='ocrx_word' id='word_1_344' title='bbox 1063 3289 1146 3336; x_wconf 84' lang='grc' dir='ltr'><strong>ιιι,</strong></span> <span class='ocrx_word' id='word_1_345' title='bbox 1185 3270 1277 3341; x_wconf 78' lang='grc'>28)</span> <span class='ocrx_word' id='word_1_346' title='bbox 1314 3287 1328 3337; x_wconf 85' lang='grc'>;</span> <span class='ocrx_word' id='word_1_347' title='bbox 1378 3276 1478 3324; x_wconf 91' lang='lat' dir='ltr'><strong>et:</strong></span> <span class='ocrx_word' id='word_1_348' title='bbox 1524 3291 1543 3314; x_wconf 75' lang='grc' dir='ltr'><strong>ε</strong></span> <span class='ocrx_word' id='word_1_349' title='bbox 1592 3263 1976 3337; x_wconf 87' lang='lat' dir='ltr'><strong>Unusquisque</strong></span> <span class='ocrx_word' id='word_1_350' title='bbox 2025 3261 2172 3334; x_wconf 90' lang='lat' dir='ltr'><strong>quod</strong></span> 
     </span>
    </p>
   </div>
   <div class='ocr_carea' id='block_1_49' title="bbox 578 3353 2170 3431">
    <p class='ocr_par' dir='ltr' id='par_1_49' title="bbox 578 3353 2170 3431">
     <span class='ocr_line' id='line_1_49' title="bbox 578 3353 2170 3431; baseline -0.009 -10"><span class='ocrx_word' id='word_1_351' title='bbox 578 3364 772 3422; x_wconf 87' lang='lat' dir='ltr'><strong>fecerit</strong></span> <span class='ocrx_word' id='word_1_352' title='bbox 809 3363 1037 3431; x_wconf 90' lang='lat' dir='ltr'><strong>bonum,</strong></span> <span class='ocrx_word' id='word_1_353' title='bbox 1069 3361 1176 3417; x_wconf 88' lang='lat' dir='ltr'><strong>hoc</strong></span> <span class='ocrx_word' id='word_1_354' title='bbox 1203 3358 1429 3431; x_wconf 90' lang='lat' dir='ltr'><strong>recipiet</strong></span> <span class='ocrx_word' id='word_1_355' title='bbox 1471 3374 1503 3412; x_wconf 90' lang='lat' dir='ltr'><strong>a</strong></span> <span class='ocrx_word' id='word_1_356' title='bbox 1549 3355 1786 3413; x_wconf 91' lang='lat' dir='ltr'><strong>Domino</strong></span> <span class='ocrx_word' id='word_1_357' title='bbox 1832 3353 2050 3425; x_wconf 82' lang='lat' dir='ltr'><strong>(Ephes.</strong></span> <span class='ocrx_word' id='word_1_358' title='bbox 2090 3369 2170 3420; x_wconf 86' lang='lat' dir='ltr'><strong>vr,</strong></span> 
     </span>
    </p>
   </div>
   <div class='ocr_carea' id='block_1_50' title="bbox 573 3444 2175 3528">
    <p class='ocr_par' dir='ltr' id='par_1_50' title="bbox 573 3444 2175 3528">
     <span class='ocr_line' id='line_1_50' title="bbox 573 3444 2175 3528; baseline -0.011 -15"><span class='ocrx_word' id='word_1_359' title='bbox 573 3455 656 3528; x_wconf 90' lang='lat'><strong>8).</strong></span> <span class='ocrx_word' id='word_1_360' title='bbox 679 3480 697 3503; x_wconf 78' lang='grc' dir='ltr'><strong>ιι</strong></span> <span class='ocrx_word' id='word_1_361' title='bbox 742 3453 901 3527; x_wconf 84' lang='lat' dir='ltr'><strong>Apud</strong></span> <span class='ocrx_word' id='word_1_362' title='bbox 931 3453 1229 3509; x_wconf 90' lang='lat' dir='ltr'><strong>Dominum</strong></span> <span class='ocrx_word' id='word_1_363' title='bbox 1256 3450 1403 3505; x_wconf 91' lang='lat' dir='ltr'><strong>enim</strong></span> <span class='ocrx_word' id='word_1_364' title='bbox 1428 3447 1666 3504; x_wconf 89' lang='lat' dir='ltr'><strong>servitus</strong></span> <span class='ocrx_word' id='word_1_365' title='bbox 1694 3454 1748 3501; x_wconf 92' lang='lat' dir='ltr'><strong>et</strong></span> <span class='ocrx_word' id='word_1_366' title='bbox 1778 3444 2000 3499; x_wconf 88' lang='lat' dir='ltr'><strong>libertas</strong></span> <span class='ocrx_word' id='word_1_367' title='bbox 2020 3458 2175 3513; x_wconf 87' lang='lat' dir='ltr'><strong>aequa</strong></span> 
     </span>
    </p>
   </div>
   <div class='ocr_carea' id='block_1_51' title="bbox 576 3531 2173 3617">
    <p class='ocr_par' dir='ltr' id='par_1_51' title="bbox 576 3531 2173 3617">
     <span class='ocr_line' id='line_1_51' title="bbox 576 3531 2173 3617; baseline -0.009 -15"><span class='ocrx_word' id='word_1_368' title='bbox 576 3548 732 3602; x_wconf 88' lang='lat' dir='ltr'><strong>lance</strong></span> <span class='ocrx_word' id='word_1_369' title='bbox 789 3544 1148 3617; x_wconf 88' lang='lat' dir='ltr'><strong>penduntur:</strong></span> <span class='ocrx_word' id='word_1_370' title='bbox 1199 3556 1324 3597; x_wconf 90' lang='lat' dir='ltr'><strong>cum</strong></span> <span class='ocrx_word' id='word_1_371' title='bbox 1373 3539 1527 3593; x_wconf 89' lang='lat' dir='ltr'><strong>nulla</strong></span> <span class='ocrx_word' id='word_1_372' title='bbox 1567 3536 1639 3591; x_wconf 91' lang='lat' dir='ltr'><strong>sit</strong></span> <span class='ocrx_word' id='word_1_373' title='bbox 1692 3532 1866 3605; x_wconf 86' lang='lat' dir='ltr'><strong>major</strong></span> <span class='ocrx_word' id='word_1_374' title='bbox 1912 3531 2173 3605; x_wconf 89' lang='lat' dir='ltr'><strong>dignitas,</strong></span> 
     </span>
    </p>
   </div>
   <div class='ocr_carea' id='block_1_52' title="bbox 576 3620 2176 3708">
    <p class='ocr_par' dir='ltr' id='par_1_52' title="bbox 576 3620 2176 3708">
     <span class='ocr_line' id='line_1_52' title="bbox 576 3620 2176 3708; baseline -0.011 -18"><span class='ocrx_word' id='word_1_375' title='bbox 576 3650 742 3708; x_wconf 90' lang='lat' dir='ltr'><strong>quam</strong></span> <span class='ocrx_word' id='word_1_376' title='bbox 773 3632 979 3688; x_wconf 89' lang='lat' dir='ltr'><strong>servire</strong></span> <span class='ocrx_word' id='word_1_377' title='bbox 1008 3630 1248 3696; x_wconf 87' lang='lat' dir='ltr'><strong>Christo,</strong></span> <span class='ocrx_word' id='word_1_378' title='bbox 1276 3628 1369 3700; x_wconf 92' lang='lat' dir='ltr'><strong>qui</strong></span> <span class='ocrx_word' id='word_1_379' title='bbox 1419 3626 1559 3683; x_wconf 89' lang='lat' dir='ltr'><strong>tanti</strong></span> <span class='ocrx_word' id='word_1_380' title='bbox 1607 3641 1709 3680; x_wconf 88' lang='lat' dir='ltr'><strong>nos</strong></span> <span class='ocrx_word' id='word_1_381' title='bbox 1750 3620 2065 3688; x_wconf 64' lang='lat' dir='ltr'><strong>aestimavit,</strong></span> <span class='ocrx_word' id='word_1_382' title='bbox 2113 3625 2176 3675; x_wconf 89' lang='lat' dir='ltr'><strong>ut</strong></span> 
     </span>
    </p>
   </div>
   <div class='ocr_carea' id='block_1_53' title="bbox 578 3716 1611 3792">
    <p class='ocr_par' dir='ltr' id='par_1_53' title="bbox 578 3716 1611 3792">
     <span class='ocr_line' id='line_1_53' title="bbox 578 3716 1611 3792; baseline -0.009 -13"><span class='ocrx_word' id='word_1_383' title='bbox 578 3723 818 3779; x_wconf 90' lang='lat' dir='ltr'><strong>animam</strong></span> <span class='ocrx_word' id='word_1_384' title='bbox 851 3737 1004 3777; x_wconf 90' lang='lat' dir='ltr'><strong>suam</strong></span> <span class='ocrx_word' id='word_1_385' title='bbox 1034 3737 1134 3792; x_wconf 81' lang='lat' dir='ltr'><strong>pro</strong></span> <span class='ocrx_word' id='word_1_386' title='bbox 1166 3718 1323 3774; x_wconf 89' lang='lat' dir='ltr'><strong>nobis</strong></span> <span class='ocrx_word' id='word_1_387' title='bbox 1352 3716 1611 3772; x_wconf 87' lang='lat' dir='ltr'><strong>traderet.</strong></span> 
     </span>
    </p>
   </div>
   <div class='ocr_carea' id='block_1_54' title="bbox 652 3798 2177 3881">
    <p class='ocr_par' dir='ltr' id='par_1_54' title="bbox 652 3798 2177 3881">
     <span class='ocr_line' id='line_1_54' title="bbox 652 3798 2177 3881; baseline -0.009 -14"><span class='ocrx_word' id='word_1_388' title='bbox 652 3811 737 3867; x_wconf 83' lang='grc'><strong>10.</strong></span> <span class='ocrx_word' id='word_1_389' title='bbox 772 3811 900 3866; x_wconf 86' lang='lat' dir='ltr'><strong>Haec</strong></span> <span class='ocrx_word' id='word_1_390' title='bbox 927 3809 1087 3865; x_wconf 86' lang='lat' dir='ltr'><strong>vobis</strong></span> <span class='ocrx_word' id='word_1_391' title='bbox 1116 3823 1288 3881; x_wconf 89' lang='lat' dir='ltr'><strong>pauca</strong></span> <span class='ocrx_word' id='word_1_392' title='bbox 1316 3814 1370 3862; x_wconf 91' lang='lat' dir='ltr'><strong>et</strong></span> <span class='ocrx_word' id='word_1_393' title='bbox 1395 3801 1827 3876; x_wconf 90' lang='lat' dir='ltr'><strong>compendiario,</strong></span> <span class='ocrx_word' id='word_1_394' title='bbox 1869 3798 2177 3857; x_wconf 90' lang='lat' dir='ltr'><strong>dilectissi-</strong></span> 
     </span>
    </p>
   </div>
   <div class='ocr_carea' id='block_1_55' title="bbox 579 3886 2176 3968">
    <p class='ocr_par' dir='ltr' id='par_1_55' title="bbox 579 3886 2176 3968">
     <span class='ocr_line' id='line_1_55' title="bbox 579 3886 2176 3968; baseline -0.009 -14"><span class='ocrx_word' id='word_1_395' title='bbox 579 3899 655 3954; x_wconf 92' lang='lat' dir='ltr'><strong>mi</strong></span> <span class='ocrx_word' id='word_1_396' title='bbox 677 3897 891 3965; x_wconf 85' lang='lat' dir='ltr'><strong>fratres,</strong></span> <span class='ocrx_word' id='word_1_397' title='bbox 913 3896 981 3953; x_wconf 93' lang='lat' dir='ltr'><strong>de</strong></span> <span class='ocrx_word' id='word_1_398' title='bbox 1002 3910 1291 3968; x_wconf 89' lang='lat' dir='ltr'><strong>corporum</strong></span> <span class='ocrx_word' id='word_1_399' title='bbox 1315 3899 1629 3949; x_wconf 91' lang='lat' dir='ltr'><strong>sanctorum</strong></span> <span class='ocrx_word' id='word_1_400' title='bbox 1657 3896 1960 3959; x_wconf 88' lang='lat' dir='ltr'><strong>martyrum</strong></span> <span class='ocrx_word' id='word_1_401' title='bbox 1985 3886 2176 3941; x_wconf 90' lang='lat' dir='ltr'><strong>inven-</strong></span> 
     </span>
    </p>
   </div>
   <div class='ocr_carea' id='block_1_56' title="bbox 577 3975 2175 4059">
    <p class='ocr_par' dir='ltr' id='par_1_56' title="bbox 577 3975 2175 4059">
     <span class='ocr_line' id='line_1_56' title="bbox 577 3975 2175 4059; baseline -0.009 -16"><span class='ocrx_word' id='word_1_402' title='bbox 577 3988 728 4044; x_wconf 88' lang='lat' dir='ltr'><strong>tione</strong></span> <span class='ocrx_word' id='word_1_403' title='bbox 757 3985 1067 4059; x_wconf 88' lang='lat' dir='ltr'><strong>signiﬁcare</strong></span> <span class='ocrx_word' id='word_1_404' title='bbox 1096 3983 1412 4040; x_wconf 90' lang='lat' dir='ltr'><strong>curavimus</strong></span> <span class='ocrx_word' id='word_1_405' title='bbox 1436 3999 1450 4048; x_wconf 89' lang='lat'><strong>;</strong></span> <span class='ocrx_word' id='word_1_406' title='bbox 1485 3988 1547 4036; x_wconf 91' lang='lat' dir='ltr'><strong>ut</strong></span> <span class='ocrx_word' id='word_1_407' title='bbox 1576 3978 1821 4051; x_wconf 89' lang='lat' dir='ltr'><strong>ipsorum</strong></span> <span class='ocrx_word' id='word_1_408' title='bbox 1853 3975 2175 4032; x_wconf 89' lang='lat' dir='ltr'><strong>memoriam</strong></span> 
     </span>
    </p>
   </div>
   <div class='ocr_carea' id='block_1_57' title="bbox 579 4063 2177 4134">
    <p class='ocr_par' dir='ltr' id='par_1_57' title="bbox 579 4063 2177 4134">
     <span class='ocr_line' id='line_1_57' title="bbox 579 4063 2177 4134; baseline -0.009 0"><span class='ocrx_word' id='word_1_409' title='bbox 579 4076 639 4134; x_wconf 89' lang='lat' dir='ltr'><strong>in</strong></span> <span class='ocrx_word' id='word_1_410' title='bbox 677 4075 943 4134; x_wconf 85' lang='lat' dir='ltr'><strong>Ecclesiis</strong></span> <span class='ocrx_word' id='word_1_411' title='bbox 970 4076 1147 4131; x_wconf 88' lang='lat' dir='ltr'><strong>facere</strong></span> <span class='ocrx_word' id='word_1_412' title='bbox 1175 4071 1423 4129; x_wconf 90' lang='lat' dir='ltr'><strong>valeatis.</strong></span> <span class='ocrx_word' id='word_1_413' title='bbox 1455 4068 1605 4126; x_wconf 88' lang='lat' dir='ltr'><strong>Passi</strong></span> <span class='ocrx_word' id='word_1_414' title='bbox 1634 4074 1763 4123; x_wconf 90' lang='lat' dir='ltr'><strong>sunt</strong></span> <span class='ocrx_word' id='word_1_415' title='bbox 1790 4074 1971 4121; x_wconf 91' lang='lat' dir='ltr'><strong>autem</strong></span> <span class='ocrx_word' id='word_1_416' title='bbox 2002 4063 2177 4120; x_wconf 88' lang='lat' dir='ltr'><strong>sancti</strong></span> 
     </span>
    </p>
   </div>
   <div class='ocr_carea' id='block_1_58' title="bbox 579 4157 2178 4241">
    <p class='ocr_par' dir='ltr' id='par_1_58' title="bbox 579 4157 2178 4241">
     <span class='ocr_line' id='line_1_58' title="bbox 579 4157 2178 4241; baseline -0.009 -15"><span class='ocrx_word' id='word_1_417' title='bbox 579 4176 847 4241; x_wconf 85' lang='lat' dir='ltr'><strong>martyres</strong></span> <span class='ocrx_word' id='word_1_418' title='bbox 876 4166 978 4223; x_wconf 88' lang='lat' dir='ltr'><strong>sub</strong></span> <span class='ocrx_word' id='word_1_419' title='bbox 1001 4164 1346 4222; x_wconf 91' lang='lat' dir='ltr'><strong>Diocletiano</strong></span> <span class='ocrx_word' id='word_1_420' title='bbox 1374 4170 1429 4219; x_wconf 89' lang='lat' dir='ltr'><strong>et</strong></span> <span class='ocrx_word' id='word_1_421' title='bbox 1456 4160 1793 4219; x_wconf 85' lang='lat' dir='ltr'><strong>Maximiano</strong></span> <span class='ocrx_word' id='word_1_422' title='bbox 1823 4157 2178 4230; x_wconf 89' lang='lat' dir='ltr'><strong>imperatori-</strong></span> 
     </span>
    </p>
   </div>
   <div class='ocr_carea' id='block_1_59' title="bbox 577 4247 2178 4335">
    <p class='ocr_par' dir='ltr' id='par_1_59' title="bbox 577 4247 2178 4335">
     <span class='ocr_line' id='line_1_59' title="bbox 577 4247 2178 4335; baseline -0.008 -18"><span class='ocrx_word' id='word_1_423' title='bbox 577 4260 701 4328; x_wconf 88' lang='lat' dir='ltr'><strong>bus,</strong></span> <span class='ocrx_word' id='word_1_424' title='bbox 733 4259 793 4315; x_wconf 92' lang='lat' dir='ltr'><strong>in</strong></span> <span class='ocrx_word' id='word_1_425' title='bbox 831 4257 1054 4335; x_wconf 80' lang='lat' dir='ltr'><strong>civitate</strong></span> <span class='ocrx_word' id='word_1_426' title='bbox 1080 4253 1417 4312; x_wconf 89' lang='lat' dir='ltr'><strong>Bononiensi</strong></span> <span class='ocrx_word' id='word_1_427' title='bbox 1448 4249 1749 4324; x_wconf 61' lang='lat' dir='ltr'><strong>provincia;</strong></span> <span class='ocrx_word' id='word_1_428' title='bbox 1776 4248 1968 4316; x_wconf 70' lang='lat' dir='ltr'><strong>Italiaa,</strong></span> <span class='ocrx_word' id='word_1_429' title='bbox 2000 4247 2178 4320; x_wconf 90' lang='lat' dir='ltr'><strong>pridie</strong></span> 
     </span>
    </p>
   </div>
   <div class='ocr_carea' id='block_1_60' title="bbox 579 4338 2178 4417">
    <p class='ocr_par' dir='ltr' id='par_1_60' title="bbox 579 4338 2178 4417">
     <span class='ocr_line' id='line_1_60' title="bbox 579 4338 2178 4417; baseline -0.009 -11"><span class='ocrx_word' id='word_1_430' title='bbox 579 4351 762 4407; x_wconf 89' lang='lat' dir='ltr'><strong>Nonas</strong></span> <span class='ocrx_word' id='word_1_431' title='bbox 818 4346 1166 4415; x_wconf 87' lang='lat' dir='ltr'><strong>Novembris,</strong></span> <span class='ocrx_word' id='word_1_432' title='bbox 1210 4352 1473 4417; x_wconf 83' lang='lat' dir='ltr'><strong>regnante</strong></span> <span class='ocrx_word' id='word_1_433' title='bbox 1508 4344 1637 4398; x_wconf 85' lang='lat' dir='ltr'><strong>Jesu</strong></span> <span class='ocrx_word' id='word_1_434' title='bbox 1681 4338 1903 4396; x_wconf 88' lang='lat' dir='ltr'><strong>Christo</strong></span> <span class='ocrx_word' id='word_1_435' title='bbox 1939 4338 2178 4394; x_wconf 94' lang='lat' dir='ltr'><strong>Domino</strong></span> 
     </span>
    </p>
   </div>
   <div class='ocr_carea' id='block_1_61' title="bbox 580 4429 2178 4507">
    <p class='ocr_par' dir='ltr' id='par_1_61' title="bbox 580 4429 2178 4507">
     <span class='ocr_line' id='line_1_61' title="bbox 580 4429 2178 4507; baseline -0.006 -12"><span class='ocrx_word' id='word_1_436' title='bbox 580 4446 792 4507; x_wconf 89' lang='lat' dir='ltr'><strong>nostro,</strong></span> <span class='ocrx_word' id='word_1_437' title='bbox 822 4438 912 4495; x_wconf 91' lang='lat' dir='ltr'><strong>cui</strong></span> <span class='ocrx_word' id='word_1_438' title='bbox 941 4446 1023 4495; x_wconf 89' lang='lat' dir='ltr'><strong>est</strong></span> <span class='ocrx_word' id='word_1_439' title='bbox 1048 4436 1231 4493; x_wconf 90' lang='lat' dir='ltr'><strong>omnis</strong></span> <span class='ocrx_word' id='word_1_440' title='bbox 1259 4435 1437 4491; x_wconf 91' lang='lat' dir='ltr'><strong>honor</strong></span> <span class='ocrx_word' id='word_1_441' title='bbox 1465 4440 1521 4490; x_wconf 91' lang='lat' dir='ltr'><strong>et</strong></span> <span class='ocrx_word' id='word_1_442' title='bbox 1549 4432 1723 4505; x_wconf 86' lang='lat' dir='ltr'><strong>gloria</strong></span> <span class='ocrx_word' id='word_1_443' title='bbox 1758 4431 1818 4486; x_wconf 90' lang='lat' dir='ltr'><strong>in</strong></span> <span class='ocrx_word' id='word_1_444' title='bbox 1847 4429 2046 4486; x_wconf 73' lang='lat' dir='ltr'><strong>saecula</strong></span> <span class='ocrx_word' id='word_1_445' title='bbox 2074 4445 2178 4485; x_wconf 72' lang='lat' dir='ltr'><strong>sae-</strong></span> 
     </span>
    </p>
   </div>
   <div class='ocr_carea' id='block_1_62' title="bbox 580 4529 1066 4594">
    <p class='ocr_par' dir='ltr' id='par_1_62' title="bbox 580 4529 1066 4594">
     <span class='ocr_line' id='line_1_62' title="bbox 580 4529 1066 4594; baseline -0.004 -9"><span class='ocrx_word' id='word_1_446' title='bbox 580 4529 854 4594; x_wconf 86' lang='lat' dir='ltr'><strong>culorum,</strong></span> <span class='ocrx_word' id='word_1_447' title='bbox 887 4540 1066 4583; x_wconf 89' lang='lat' dir='ltr'><strong>amen.</strong></span> 
     </span>
    </p>
   </div>
   <div class='ocr_carea' id='block_1_63' title="bbox 909 4635 1858 4712">
    <p class='ocr_par' dir='ltr' id='par_1_63' title="bbox 909 4635 1858 4712">
     <span class='ocr_line' id='line_1_63' title="bbox 909 4635 1858 4712; baseline -0.005 -15"><span class='ocrx_word' id='word_1_448' title='bbox 909 4639 1252 4697; x_wconf 82' lang='lat' dir='ltr'><strong>EPISTOLA</strong></span> <span class='ocrx_word' id='word_1_449' title='bbox 1297 4639 1374 4696; x_wconf 83' lang='lat' dir='ltr'><strong>IV</strong></span> <span class='ocrx_word' id='word_1_450' title='bbox 1415 4639 1593 4712; x_wconf 82' lang='lat' dir='ltr'><strong>(Alias</strong></span> <span class='ocrx_word' id='word_1_451' title='bbox 1622 4635 1858 4709; x_wconf 83' lang='lat' dir='ltr'><strong>XXIX).</strong></span> 
     </span>
    </p>
   </div>
   <div class='ocr_carea' id='block_1_64' title="bbox 587 4743 2183 4838">
    <p class='ocr_par' dir='ltr' id='par_1_64' title="bbox 587 4743 2183 4838">
     <span class='ocr_line' id='line_1_64' title="bbox 587 4743 2183 4838; baseline -0.011 -24"><span class='ocrx_word' id='word_1_452' title='bbox 587 4754 905 4838; x_wconf 71' lang='lat' dir='ltr'><strong>Gloriqnnm</strong></span> <span class='ocrx_word' id='word_1_453' title='bbox 945 4752 1035 4833; x_wconf 44' lang='lat' dir='ltr'><strong>ad.</strong></span> <span class='ocrx_word' id='word_1_454' title='bbox 1056 4755 1327 4838; x_wconf 51' lang='lat' dir='ltr'><strong>proterrent</strong></span> <span class='ocrx_word' id='word_1_455' title='bbox 1376 4754 1424 4830; x_wconf 67' lang='lat' dir='ltr'><strong>et</strong></span> <span class='ocrx_word' id='word_1_456' title='bbox 1474 4747 1779 4838; x_wconf 45' lang='lat' dir='ltr'><strong>qon‘tinuqm</strong></span> <span class='ocrx_word' id='word_1_457' title='bbox 1819 4743 2183 4838; x_wconf 61' lang='lat' dir='ltr'><strong>pwnitentiam</strong></span> 
     </span>
    </p>
   </div>
   <div class='ocr_carea' id='block_1_65' title="bbox 653 4815 2182 4894">
    <p class='ocr_par' dir='ltr' id='par_1_65' title="bbox 653 4815 2182 4894">
     <span class='ocr_line' id='line_1_65' title="bbox 653 4815 2182 4894; baseline -0.01 -11"><span class='ocrx_word' id='word_1_458' title='bbox 653 4827 909 4893; x_wconf 73' lang='lat' dir='ltr'><strong>excitans,</strong></span> <span class='ocrx_word' id='word_1_459' title='bbox 942 4823 1072 4894; x_wconf 80' lang='lat' dir='ltr'><strong>quid</strong></span> <span class='ocrx_word' id='word_1_460' title='bbox 1100 4822 1205 4893; x_wconf 83' lang='lat' dir='ltr'><strong>ipsi</strong></span> <span class='ocrx_word' id='word_1_461' title='bbox 1240 4820 1346 4875; x_wconf 81' lang='lat' dir='ltr'><strong>sive</strong></span> <span class='ocrx_word' id='word_1_462' title='bbox 1375 4819 1447 4894; x_wconf 71' lang='lat' dir='ltr'><strong>in</strong></span> <span class='ocrx_word' id='word_1_463' title='bbox 1475 4818 1627 4873; x_wconf 82' lang='lat' dir='ltr'><strong>dictis</strong></span> <span class='ocrx_word' id='word_1_464' title='bbox 1667 4818 1776 4894; x_wconf 59' lang='lat' dir='ltr'><strong>sine</strong></span> <span class='ocrx_word' id='word_1_465' title='bbox 1810 4815 1868 4871; x_wconf 85' lang='lat' dir='ltr'><strong>in</strong></span> <span class='ocrx_word' id='word_1_466' title='bbox 1909 4815 2067 4887; x_wconf 80' lang='lat' dir='ltr'><strong>factis</strong></span> <span class='ocrx_word' id='word_1_467' title='bbox 2109 4831 2182 4869; x_wconf 80' lang='lat' dir='ltr'><strong>se-</strong></span> 
     </span>
    </p>
   </div>
   <div class='ocr_carea' id='block_1_66' title="bbox 654 4889 1771 4971">
    <p class='ocr_par' dir='ltr' id='par_1_66' title="bbox 654 4889 1771 4971">
     <span class='ocr_line' id='line_1_66' title="bbox 654 4889 1771 4971; baseline -0.01 -17"><span class='ocrx_word' id='word_1_468' title='bbox 654 4889 918 4971; x_wconf 75' lang='lat' dir='ltr'><strong>quendum</strong></span> <span class='ocrx_word' id='word_1_469' title='bbox 946 4889 1313 4967; x_wconf 52' lang='lat' dir='ltr'><strong>fugien&#39;dumve</strong></span> <span class='ocrx_word' id='word_1_470' title='bbox 1338 4891 1424 4959; x_wconf 80' lang='lat' dir='ltr'><strong>sit,</strong></span> <span class='ocrx_word' id='word_1_471' title='bbox 1452 4889 1771 4963; x_wconf 67' lang='lat' dir='ltr'><strong>praescribit.</strong></span> 
     </span>
    </p>
   </div>
   <div class='ocr_carea' id='block_1_67' title="bbox 904 4998 1861 5072">
    <p class='ocr_par' dir='ltr' id='par_1_67' title="bbox 904 4998 1861 5072">
     <span class='ocr_line' id='line_1_67' title="bbox 904 4998 1861 5072; baseline -0.008 -13"><span class='ocrx_word' id='word_1_472' title='bbox 904 5004 1224 5059; x_wconf 70' lang='lat' dir='ltr'><strong>Aunnosms</strong></span> <span class='ocrx_word' id='word_1_473' title='bbox 1247 4999 1535 5072; x_wconf 89' lang='lat' dir='ltr'><strong>episcopus</strong></span> <span class='ocrx_word' id='word_1_474' title='bbox 1557 4998 1861 5053; x_wconf 74' lang='lat' dir='ltr'><strong>FLonuno.</strong></span> 
     </span>
    </p>
   </div>
   <div class='ocr_carea' id='block_1_68' title="bbox 661 5091 2181 5171">
    <p class='ocr_par' dir='ltr' id='par_1_68' title="bbox 661 5091 2181 5171">
     <span class='ocr_line' id='line_1_68' title="bbox 661 5091 2181 5171; baseline -0.008 -14"><span class='ocrx_word' id='word_1_475' title='bbox 661 5101 711 5159; x_wconf 82' lang='grc' dir='ltr'><strong>ι.</strong></span> <span class='ocrx_word' id='word_1_476' title='bbox 744 5100 960 5159; x_wconf 88' lang='lat' dir='ltr'><strong>Dileete</strong></span> <span class='ocrx_word' id='word_1_477' title='bbox 989 5100 1090 5168; x_wconf 88' lang='lat' dir='ltr'><strong>ﬁli,</strong></span> <span class='ocrx_word' id='word_1_478' title='bbox 1122 5097 1292 5171; x_wconf 91' lang='lat' dir='ltr'><strong>dilige</strong></span> <span class='ocrx_word' id='word_1_479' title='bbox 1320 5098 1612 5168; x_wconf 89' lang='lat' dir='ltr'><strong>lacrymas,</strong></span> <span class='ocrx_word' id='word_1_480' title='bbox 1653 5093 1768 5149; x_wconf 90' lang='lat' dir='ltr'><strong>noli</strong></span> <span class='ocrx_word' id='word_1_481' title='bbox 1810 5091 2031 5148; x_wconf 71' lang='lat' dir='ltr'><strong>differre</strong></span> <span class='ocrx_word' id='word_1_482' title='bbox 2071 5105 2181 5147; x_wconf 87' lang='lat' dir='ltr'><strong>eas.</strong></span> 
     </span>
    </p>
   </div>
   <div class='ocr_carea' id='block_1_69' title="bbox 590 5179 2183 5265">
    <p class='ocr_par' dir='ltr' id='par_1_69' title="bbox 590 5179 2183 5265">
     <span class='ocr_line' id='line_1_69' title="bbox 590 5179 2183 5265; baseline -0.01 -15"><span class='ocrx_word' id='word_1_483' title='bbox 590 5193 825 5250; x_wconf 90' lang='lat' dir='ltr'><strong>Tantum</strong></span> <span class='ocrx_word' id='word_1_484' title='bbox 859 5199 1146 5265; x_wconf 89' lang='lat' dir='ltr'><strong>promptus</strong></span> <span class='ocrx_word' id='word_1_485' title='bbox 1174 5196 1290 5245; x_wconf 92' lang='lat' dir='ltr'><strong>esto</strong></span> <span class='ocrx_word' id='word_1_486' title='bbox 1317 5187 1385 5243; x_wconf 90' lang='lat' dir='ltr'><strong>ad</strong></span> <span class='ocrx_word' id='word_1_487' title='bbox 1414 5187 1673 5254; x_wconf 85' lang='lat' dir='ltr'><strong>lamenta,</strong></span> <span class='ocrx_word' id='word_1_488' title='bbox 1714 5189 1981 5256; x_wconf 88' lang='lat' dir='ltr'><strong>quantum</strong></span> <span class='ocrx_word' id='word_1_489' title='bbox 2028 5179 2183 5236; x_wconf 81' lang='lat' dir='ltr'><strong>fuisti</strong></span> 
     </span>
    </p>
   </div>
   <div class='ocr_carea' id='block_1_70' title="bbox 585 5269 2186 5359">
    <p class='ocr_par' dir='ltr' id='par_1_70' title="bbox 585 5269 2186 5359">
     <span class='ocr_line' id='line_1_70' title="bbox 585 5269 2186 5359; baseline -0.012 -17"><span class='ocrx_word' id='word_1_490' title='bbox 585 5291 876 5359; x_wconf 89' lang='lat' dir='ltr'><strong>promptus</strong></span> <span class='ocrx_word' id='word_1_491' title='bbox 904 5289 958 5338; x_wconf 91' lang='lat' dir='ltr'><strong>et</strong></span> <span class='ocrx_word' id='word_1_492' title='bbox 986 5296 1193 5354; x_wconf 92' lang='lat' dir='ltr'><strong>pronus</strong></span> <span class='ocrx_word' id='word_1_493' title='bbox 1222 5277 1292 5334; x_wconf 93' lang='lat' dir='ltr'><strong>ad</strong></span> <span class='ocrx_word' id='word_1_494' title='bbox 1318 5277 1558 5348; x_wconf 90' lang='lat' dir='ltr'><strong>culpam.</strong></span> <span class='ocrx_word' id='word_1_495' title='bbox 1600 5273 1764 5330; x_wconf 89' lang='lat' dir='ltr'><strong>Nulla</strong></span> <span class='ocrx_word' id='word_1_496' title='bbox 1811 5287 1897 5327; x_wconf 91' lang='lat' dir='ltr'><strong>res</strong></span> <span class='ocrx_word' id='word_1_497' title='bbox 1932 5269 2000 5326; x_wconf 91' lang='lat' dir='ltr'><strong>de</strong></span> <span class='ocrx_word' id='word_1_498' title='bbox 2049 5285 2186 5343; x_wconf 86' lang='lat' dir='ltr'><strong>pee—</strong></span> 
     </span>
    </p>
   </div>
   <div class='ocr_carea' id='block_1_71' title="bbox 584 5363 1704 5438">
    <p class='ocr_par' dir='ltr' id='par_1_71' title="bbox 584 5363 1704 5438">
     <span class='ocr_line' id='line_1_71' title="bbox 584 5363 1704 5438; baseline -0.015 -4"><span class='ocrx_word' id='word_1_499' title='bbox 584 5385 712 5434; x_wconf 89' lang='lat' dir='ltr'><strong>cato</strong></span> <span class='ocrx_word' id='word_1_500' title='bbox 749 5381 804 5432; x_wconf 87' lang='lat' dir='ltr'><strong>te</strong></span> <span class='ocrx_word' id='word_1_501' title='bbox 832 5387 1086 5429; x_wconf 91' lang='lat' dir='ltr'><strong>securum</strong></span> <span class='ocrx_word' id='word_1_502' title='bbox 1116 5367 1282 5425; x_wconf 87' lang='lat' dir='ltr'><strong>faciat</strong></span> <span class='ocrx_word' id='word_1_503' title='bbox 1313 5365 1505 5438; x_wconf 80' lang='lat' dir='ltr'><strong>(Eccti.</strong></span> <span class='ocrx_word' id='word_1_504' title='bbox 1541 5381 1596 5432; x_wconf 89' lang='lat' dir='ltr'><strong>v,</strong></span> <span class='ocrx_word' id='word_1_505' title='bbox 1621 5363 1704 5434; x_wconf 83' lang='lat'>5).</span> 
     </span>
    </p>
   </div>
   <div class='ocr_carea' id='block_1_72' title="bbox 660 5542 1829 5689">
    <p class='ocr_par' dir='ltr' id='par_1_72' title="bbox 660 5542 1829 5689">
     <span class='ocr_line' id='line_1_72' title="bbox 660 5542 1829 5689; baseline -0.013 -76"><span class='ocrx_word' id='word_1_506' title='bbox 660 5555 780 5689; x_wconf 53' lang='lat'><strong>(26)</strong></span> <span class='ocrx_word' id='word_1_507' title='bbox 812 5555 971 5610; x_wconf 85' lang='lat' dir='ltr'><strong>Rom.</strong></span> <span class='ocrx_word' id='word_1_508' title='bbox 1005 5548 1163 5632; x_wconf 74' lang='lat' dir='ltr'><strong>edit.,</strong></span> <span class='ocrx_word' id='word_1_509' title='bbox 1191 5548 1413 5608; x_wconf 83' lang='lat' dir='ltr'><strong>Mentem</strong></span> <span class='ocrx_word' id='word_1_510' title='bbox 1443 5542 1829 5628; x_wconf 40' lang='lat' dir='ltr'><strong>hominis-etc.</strong></span> 
     </span>
     <span class='ocr_line' id='line_1_73' title="bbox 662 5615 1758 5689; baseline -0.012 -7"><span class='ocrx_word' id='word_1_511' title='bbox 662 5627 754 5689; x_wconf 82' lang='lat'><strong>(27</strong></span> <span class='ocrx_word' id='word_1_512' title='bbox 812 5623 1015 5680; x_wconf 87' lang='lat' dir='ltr'><strong>Eadem</strong></span> <span class='ocrx_word' id='word_1_513' title='bbox 1039 5620 1196 5689; x_wconf 80' lang='lat' dir='ltr'><strong>edit.,</strong></span> <span class='ocrx_word' id='word_1_514' title='bbox 1228 5618 1300 5676; x_wconf 78' lang='lat' dir='ltr'><strong>ad</strong></span> <span class='ocrx_word' id='word_1_515' title='bbox 1326 5634 1546 5673; x_wconf 70' lang='lat' dir='ltr'><strong>noxiam</strong></span> <span class='ocrx_word' id='word_1_516' title='bbox 1576 5615 1758 5671; x_wconf 73' lang='lat' dir='ltr'><strong>trahit.</strong></span> 
     </span>
    </p>
   </div>
   <div class='ocr_carea' id='block_1_73' title="bbox 662 5614 1758 5696">
    <p class='ocr_par' dir='ltr' id='par_1_73' title="bbox 662 5614 1758 5696">
     <span class='ocr_line' id='line_1_74' title="bbox 662 5614 1758 5696; baseline -0.012 -14"><span class='ocrx_word' id='word_1_517' title='bbox 662 5614 780 5696; x_wconf 60' lang='lat'><strong>(27)</strong></span> <span class='ocrx_word' id='word_1_518' title='bbox 812 5623 1015 5696; x_wconf 76' lang='lat' dir='ltr'><strong>Eadem</strong></span> <span class='ocrx_word' id='word_1_519' title='bbox 1039 5614 1196 5696; x_wconf 79' lang='lat' dir='ltr'><strong>edit.,</strong></span> <span class='ocrx_word' id='word_1_520' title='bbox 1228 5618 1300 5676; x_wconf 78' lang='lat' dir='ltr'><strong>ad</strong></span> <span class='ocrx_word' id='word_1_521' title='bbox 1326 5617 1546 5673; x_wconf 70' lang='lat' dir='ltr'><strong>noxiam</strong></span> <span class='ocrx_word' id='word_1_522' title='bbox 1576 5614 1758 5671; x_wconf 82' lang='lat' dir='ltr'><strong>trahit.</strong></span> 
     </span>
    </p>
   </div>
   <div class='ocr_carea' id='block_1_74' title="bbox 666 5684 2007 5769">
    <p class='ocr_par' dir='ltr' id='par_1_74' title="bbox 666 5684 2007 5769">
     <span class='ocr_line' id='line_1_75' title="bbox 666 5684 2007 5769; baseline -0.01 -15"><span class='ocrx_word' id='word_1_523' title='bbox 666 5684 783 5769; x_wconf 60' lang='lat'>(28)</span> <span class='ocrx_word' id='word_1_524' title='bbox 814 5695 943 5767; x_wconf 81' lang='lat' dir='ltr'><strong>Reg.</strong></span> <span class='ocrx_word' id='word_1_525' title='bbox 978 5684 1192 5763; x_wconf 71' lang='lat' dir='ltr'><strong>Codex,</strong></span> <span class='ocrx_word' id='word_1_526' title='bbox 1210 5696 1467 5766; x_wconf 85' lang='lat' dir='ltr'><strong>perpetua</strong></span> <span class='ocrx_word' id='word_1_527' title='bbox 1491 5705 1650 5763; x_wconf 62' lang='lat' dir='ltr'><strong>paena</strong></span> <span class='ocrx_word' id='word_1_528' title='bbox 1679 5684 2007 5757; x_wconf 77' lang='lat' dir='ltr'><strong>constringit.</strong></span> 
     </span>
    </p>
   </div>
   <div class='ocr_carea' id='block_1_75' title="bbox 2282 1905 3808 1986">
    <p class='ocr_par' dir='ltr' id='par_1_75' title="bbox 2282 1905 3808 1986">
     <span class='ocr_line' id='line_1_76' title="bbox 2282 1905 3808 1986; baseline -0.007 -16"><span class='ocrx_word' id='word_1_529' title='bbox 2282 1913 2443 1971; x_wconf 89' lang='lat' dir='ltr'><strong>labiis</strong></span> <span class='ocrx_word' id='word_1_530' title='bbox 2470 1913 2618 1986; x_wconf 92' lang='lat' dir='ltr'><strong>quod</strong></span> <span class='ocrx_word' id='word_1_531' title='bbox 2647 1929 2806 1968; x_wconf 91' lang='lat' dir='ltr'><strong>aures</strong></span> <span class='ocrx_word' id='word_1_532' title='bbox 2830 1928 2942 1967; x_wconf 92' lang='lat' dir='ltr'><strong>non</strong></span> <span class='ocrx_word' id='word_1_533' title='bbox 2973 1910 3184 1983; x_wconf 90' lang='lat' dir='ltr'><strong>polluat</strong></span> <span class='ocrx_word' id='word_1_534' title='bbox 3213 1907 3510 1964; x_wconf 87' lang='lat' dir='ltr'><strong>audientis.</strong></span> <span class='ocrx_word' id='word_1_535' title='bbox 3549 1908 3701 1963; x_wconf 85' lang='lat' dir='ltr'><strong>Mores</strong></span> <span class='ocrx_word' id='word_1_536' title='bbox 3730 1905 3808 1961; x_wconf 87' lang='lat' dir='ltr'><strong>ho-</strong></span> 
     </span>
    </p>
   </div>
   <div class='ocr_carea' id='block_1_76' title="bbox 2282 1999 3811 2076">
    <p class='ocr_par' dir='ltr' id='par_1_76' title="bbox 2282 1999 3811 2076">
     <span class='ocr_line' id='line_1_77' title="bbox 2282 1999 3811 2076; baseline -0.003 -17"><span class='ocrx_word' id='word_1_537' title='bbox 2282 2004 2449 2061; x_wconf 91' lang='lat' dir='ltr'><strong>minis</strong></span> <span class='ocrx_word' id='word_1_538' title='bbox 2481 2005 2598 2076; x_wconf 78' lang='lat'><strong>(26)</strong></span> <span class='ocrx_word' id='word_1_539' title='bbox 2632 2004 2820 2076; x_wconf 90' lang='lat' dir='ltr'><strong>lingua</strong></span> <span class='ocrx_word' id='word_1_540' title='bbox 2849 2002 3059 2076; x_wconf 89' lang='lat' dir='ltr'><strong>pandit,</strong></span> <span class='ocrx_word' id='word_1_541' title='bbox 3092 2011 3148 2057; x_wconf 89' lang='lat' dir='ltr'><strong>et</strong></span> <span class='ocrx_word' id='word_1_542' title='bbox 3176 2000 3364 2074; x_wconf 85' lang='lat' dir='ltr'><strong>qualis</strong></span> <span class='ocrx_word' id='word_1_543' title='bbox 3407 2017 3579 2056; x_wconf 86' lang='lat' dir='ltr'><strong>sermo</strong></span> <span class='ocrx_word' id='word_1_544' title='bbox 3617 1999 3811 2056; x_wconf 84' lang='lat' dir='ltr'><strong>ostendi-</strong></span> 
     </span>
    </p>
   </div>
   <div class='ocr_carea' id='block_1_77' title="bbox 2281 2090 3812 2166">
    <p class='ocr_par' dir='ltr' id='par_1_77' title="bbox 2281 2090 3812 2166">
     <span class='ocr_line' id='line_1_78' title="bbox 2281 2090 3812 2166; baseline -0.006 -13"><span class='ocrx_word' id='word_1_545' title='bbox 2281 2104 2391 2166; x_wconf 89' lang='lat' dir='ltr'><strong>tur,</strong></span> <span class='ocrx_word' id='word_1_546' title='bbox 2427 2096 2552 2153; x_wconf 90' lang='lat' dir='ltr'><strong>talis</strong></span> <span class='ocrx_word' id='word_1_547' title='bbox 2598 2097 2819 2153; x_wconf 91' lang='lat' dir='ltr'><strong>animus</strong></span> <span class='ocrx_word' id='word_1_548' title='bbox 2863 2093 3255 2166; x_wconf 88' lang='lat' dir='ltr'><strong>comprobatur</strong></span> <span class='ocrx_word' id='word_1_549' title='bbox 3298 2111 3312 2149; x_wconf 90' lang='grc'>;</span> <span class='ocrx_word' id='word_1_550' title='bbox 3360 2117 3379 2139; x_wconf 72' lang='grc' dir='ltr'><strong>α</strong></span> <span class='ocrx_word' id='word_1_551' title='bbox 3422 2093 3507 2147; x_wconf 72' lang='lat' dir='ltr'><strong>Ex</strong></span> <span class='ocrx_word' id='word_1_552' title='bbox 3546 2090 3812 2146; x_wconf 74' lang='lat' dir='ltr'><strong>abundantia</strong></span> 
     </span>
    </p>
   </div>
   <div class='ocr_carea' id='block_1_78' title="bbox 2280 2181 3811 2257">
    <p class='ocr_par' dir='ltr' id='par_1_78' title="bbox 2280 2181 3811 2257">
     <span class='ocr_line' id='line_1_79' title="bbox 2280 2181 3811 2257; baseline -0.004 -16"><span class='ocrx_word' id='word_1_553' title='bbox 2280 2186 2427 2241; x_wconf 90' lang='lat' dir='ltr'><strong>enim</strong></span> <span class='ocrx_word' id='word_1_554' title='bbox 2458 2186 2640 2242; x_wconf 91' lang='lat' dir='ltr'><strong>cordis</strong></span> <span class='ocrx_word' id='word_1_555' title='bbox 2670 2202 2731 2241; x_wconf 91' lang='lat' dir='ltr'><strong>os</strong></span> <span class='ocrx_word' id='word_1_556' title='bbox 2758 2184 3024 2257; x_wconf 89' lang='lat' dir='ltr'><strong>loquitur,</strong></span> <span class='ocrx_word' id='word_1_557' title='bbox 3058 2207 3076 2231; x_wconf 72' lang='grc' dir='ltr'><strong>ι</strong></span> <span class='ocrx_word' id='word_1_558' title='bbox 3122 2191 3184 2239; x_wconf 92' lang='lat' dir='ltr'><strong>ut</strong></span> <span class='ocrx_word' id='word_1_559' title='bbox 3214 2181 3489 2254; x_wconf 86' lang='lat' dir='ltr'><strong>scriptum</strong></span> <span class='ocrx_word' id='word_1_560' title='bbox 3538 2191 3611 2237; x_wconf 90' lang='lat' dir='ltr'><strong>est</strong></span> <span class='ocrx_word' id='word_1_561' title='bbox 3653 2181 3811 2252; x_wconf 76' lang='lat' dir='ltr'><strong>(Matth.</strong></span> 
     </span>
    </p>
   </div>
   <div class='ocr_carea' id='block_1_79' title="bbox 2280 2270 3810 2347">
    <p class='ocr_par' dir='ltr' id='par_1_79' title="bbox 2280 2270 3810 2347">
     <span class='ocr_line' id='line_1_80' title="bbox 2280 2270 3810 2347; baseline -0.004 -17"><span class='ocrx_word' id='word_1_562' title='bbox 2280 2292 2383 2343; x_wconf 82' lang='lat' dir='ltr'><strong>xu,</strong></span> <span class='ocrx_word' id='word_1_563' title='bbox 2417 2274 2742 2346; x_wconf 65' lang='lat' dir='ltr'><strong>3h).Retine</strong></span> <span class='ocrx_word' id='word_1_564' title='bbox 2766 2273 2994 2330; x_wconf 89' lang='lat' dir='ltr'><strong>verbum</strong></span> <span class='ocrx_word' id='word_1_565' title='bbox 3016 2274 3164 2347; x_wconf 91' lang='lat' dir='ltr'><strong>quod</strong></span> <span class='ocrx_word' id='word_1_566' title='bbox 3185 2289 3307 2328; x_wconf 92' lang='lat' dir='ltr'><strong>non</strong></span> <span class='ocrx_word' id='word_1_567' title='bbox 3328 2270 3810 2336; x_wconf 68' lang='lat' dir='ltr'><strong>aadiﬁeataudientes,</strong></span> 
     </span>
    </p>
   </div>
   <div class='ocr_carea' id='block_1_80' title="bbox 2282 2357 3815 2436">
    <p class='ocr_par' dir='ltr' id='par_1_80' title="bbox 2282 2357 3815 2436">
     <span class='ocr_line' id='line_1_81' title="bbox 2282 2357 3815 2436; baseline -0.003 -18"><span class='ocrx_word' id='word_1_568' title='bbox 2282 2363 2410 2435; x_wconf 88' lang='lat' dir='ltr'><strong>quia</strong></span> <span class='ocrx_word' id='word_1_569' title='bbox 2457 2363 2551 2436; x_wconf 90' lang='lat' dir='ltr'><strong>qui</strong></span> <span class='ocrx_word' id='word_1_570' title='bbox 2596 2363 2832 2419; x_wconf 91' lang='lat' dir='ltr'><strong>otiosum</strong></span> <span class='ocrx_word' id='word_1_571' title='bbox 2874 2361 3107 2418; x_wconf 90' lang='lat' dir='ltr'><strong>verbum</strong></span> <span class='ocrx_word' id='word_1_572' title='bbox 3153 2376 3276 2417; x_wconf 85' lang='lat' dir='ltr'><strong>non</strong></span> <span class='ocrx_word' id='word_1_573' title='bbox 3329 2359 3591 2432; x_wconf 88' lang='lat' dir='ltr'><strong>reprimit,</strong></span> <span class='ocrx_word' id='word_1_574' title='bbox 3642 2358 3732 2415; x_wconf 86' lang='lat' dir='ltr'><strong>cito</strong></span> <span class='ocrx_word' id='word_1_575' title='bbox 3768 2357 3815 2412; x_wconf 82' lang='lat' dir='ltr'><strong>ad</strong></span> 
     </span>
    </p>
   </div>
   <div class='ocr_carea' id='block_1_81' title="bbox 2281 2450 2861 2524">
    <p class='ocr_par' dir='ltr' id='par_1_81' title="bbox 2281 2450 2861 2524">
     <span class='ocr_line' id='line_1_82' title="bbox 2281 2450 2861 2524; baseline -0.002 -16"><span class='ocrx_word' id='word_1_576' title='bbox 2281 2452 2451 2508; x_wconf 87' lang='lat' dir='ltr'><strong>noxia</strong></span> <span class='ocrx_word' id='word_1_577' title='bbox 2479 2450 2678 2507; x_wconf 90' lang='lat' dir='ltr'><strong>transit</strong></span> <span class='ocrx_word' id='word_1_578' title='bbox 2718 2451 2861 2524; x_wconf 76' lang='grc'>(27).</span> 
     </span>
    </p>
   </div>
   <div class='ocr_carea' id='block_1_82' title="bbox 2361 2556 3815 2629">
    <p class='ocr_par' dir='ltr' id='par_1_82' title="bbox 2361 2556 3815 2629">
     <span class='ocr_line' id='line_1_83' title="bbox 2361 2556 3815 2629; baseline -0.003 -15"><span class='ocrx_word' id='word_1_579' title='bbox 2361 2557 2508 2616; x_wconf 83' lang='grc'><strong>489</strong></span> <span class='ocrx_word' id='word_1_580' title='bbox 2536 2563 2592 2619; x_wconf 83' lang='grc'>5.</span> <span class='ocrx_word' id='word_1_581' title='bbox 2622 2564 2701 2618; x_wconf 87' lang='lat' dir='ltr'><strong>De</strong></span> <span class='ocrx_word' id='word_1_582' title='bbox 2729 2561 2919 2618; x_wconf 85' lang='lat' dir='ltr'><strong>alieno</strong></span> <span class='ocrx_word' id='word_1_583' title='bbox 2939 2560 3084 2615; x_wconf 87' lang='lat' dir='ltr'><strong>malo</strong></span> <span class='ocrx_word' id='word_1_584' title='bbox 3114 2576 3175 2616; x_wconf 92' lang='lat' dir='ltr'><strong>os</strong></span> <span class='ocrx_word' id='word_1_585' title='bbox 3204 2568 3374 2616; x_wconf 87' lang='lat' dir='ltr'><strong>tuum</strong></span> <span class='ocrx_word' id='word_1_586' title='bbox 3405 2573 3513 2615; x_wconf 92' lang='lat' dir='ltr'><strong>non</strong></span> <span class='ocrx_word' id='word_1_587' title='bbox 3539 2556 3815 2629; x_wconf 85' lang='lat' dir='ltr'><strong>coinquines:</strong></span> 
     </span>
    </p>
   </div>
   <div class='ocr_carea' id='block_1_83' title="bbox 2282 2643 3817 2726">
    <p class='ocr_par' dir='ltr' id='par_1_83' title="bbox 2282 2643 3817 2726">
     <span class='ocr_line' id='line_1_84' title="bbox 2282 2643 3817 2726; baseline -0.008 -18"><span class='ocrx_word' id='word_1_588' title='bbox 2282 2668 2565 2726; x_wconf 88' lang='lat' dir='ltr'><strong>nunquam</strong></span> <span class='ocrx_word' id='word_1_589' title='bbox 2592 2652 2845 2708; x_wconf 88' lang='lat' dir='ltr'><strong>detrahas</strong></span> <span class='ocrx_word' id='word_1_590' title='bbox 2877 2650 3145 2723; x_wconf 90' lang='lat' dir='ltr'><strong>peccanti,</strong></span> <span class='ocrx_word' id='word_1_591' title='bbox 3176 2648 3281 2705; x_wconf 91' lang='lat' dir='ltr'><strong>sed</strong></span> <span class='ocrx_word' id='word_1_592' title='bbox 3310 2648 3539 2706; x_wconf 91' lang='lat' dir='ltr'><strong>condole</strong></span> <span class='ocrx_word' id='word_1_593' title='bbox 3571 2666 3582 2703; x_wconf 89' lang='lat'>:</span> <span class='ocrx_word' id='word_1_594' title='bbox 3627 2644 3745 2719; x_wconf 87' lang='lat' dir='ltr'><strong>quod</strong></span> <span class='ocrx_word' id='word_1_595' title='bbox 3778 2643 3817 2696; x_wconf 87' lang='lat' dir='ltr'><strong>in</strong></span> 
     </span>
    </p>
   </div>
   <div class='ocr_carea' id='block_1_84' title="bbox 2281 2736 3818 2812">
    <p class='ocr_par' dir='ltr' id='par_1_84' title="bbox 2281 2736 3818 2812">
     <span class='ocr_line' id='line_1_85' title="bbox 2281 2736 3818 2812; baseline -0.007 -15"><span class='ocrx_word' id='word_1_596' title='bbox 2281 2741 2406 2798; x_wconf 89' lang='lat' dir='ltr'><strong>aliis</strong></span> <span class='ocrx_word' id='word_1_597' title='bbox 2449 2740 2714 2809; x_wconf 89' lang='lat' dir='ltr'><strong>detrahis,</strong></span> <span class='ocrx_word' id='word_1_598' title='bbox 2765 2741 2825 2796; x_wconf 91' lang='lat' dir='ltr'><strong>in</strong></span> <span class='ocrx_word' id='word_1_599' title='bbox 2871 2749 2925 2797; x_wconf 90' lang='lat' dir='ltr'><strong>te</strong></span> <span class='ocrx_word' id='word_1_600' title='bbox 2975 2740 3160 2812; x_wconf 91' lang='lat' dir='ltr'><strong>potius</strong></span> <span class='ocrx_word' id='word_1_601' title='bbox 3206 2738 3557 2811; x_wconf 89' lang='lat' dir='ltr'><strong>pertimesce.</strong></span> <span class='ocrx_word' id='word_1_602' title='bbox 3594 2736 3818 2804; x_wconf 81' lang='lat' dir='ltr'><strong>Nunquam</strong></span> 
     </span>
    </p>
   </div>
   <div class='ocr_carea' id='block_1_85' title="bbox 2282 2822 3817 2904">
    <p class='ocr_par' dir='ltr' id='par_1_85' title="bbox 2282 2822 3817 2904">
     <span class='ocr_line' id='line_1_86' title="bbox 2282 2822 3817 2904; baseline -0.007 -17"><span class='ocrx_word' id='word_1_603' title='bbox 2282 2833 2527 2904; x_wconf 87' lang='lat' dir='ltr'><strong>profecto</strong></span> <span class='ocrx_word' id='word_1_604' title='bbox 2575 2831 2850 2900; x_wconf 88' lang='lat' dir='ltr'><strong>detrahes,</strong></span> <span class='ocrx_word' id='word_1_605' title='bbox 2898 2831 2941 2887; x_wconf 91' lang='lat' dir='ltr'><strong>si</strong></span> <span class='ocrx_word' id='word_1_606' title='bbox 3002 2839 3055 2887; x_wconf 90' lang='lat' dir='ltr'><strong>te</strong></span> <span class='ocrx_word' id='word_1_607' title='bbox 3090 2830 3295 2902; x_wconf 79' lang='lat' dir='ltr'><strong>ipsum</strong></span> <span class='ocrx_word' id='word_1_608' title='bbox 3344 2830 3482 2885; x_wconf 89' lang='lat' dir='ltr'><strong>bene</strong></span> <span class='ocrx_word' id='word_1_609' title='bbox 3527 2822 3817 2900; x_wconf 80' lang='lat' dir='ltr'><strong>perspexeris.</strong></span> 
     </span>
    </p>
   </div>
   <div class='ocr_carea' id='block_1_86' title="bbox 2282 2920 3820 2993">
    <p class='ocr_par' dir='ltr' id='par_1_86' title="bbox 2282 2920 3820 2993">
     <span class='ocr_line' id='line_1_87' title="bbox 2282 2920 3820 2993; baseline -0.008 -15"><span class='ocrx_word' id='word_1_610' title='bbox 2282 2922 2518 2978; x_wconf 89' lang='lat' dir='ltr'><strong>Tantum</strong></span> <span class='ocrx_word' id='word_1_611' title='bbox 2554 2937 2687 2977; x_wconf 90' lang='lat' dir='ltr'><strong>cura</strong></span> <span class='ocrx_word' id='word_1_612' title='bbox 2712 2921 2984 2993; x_wconf 89' lang='lat' dir='ltr'><strong>corrigere</strong></span> <span class='ocrx_word' id='word_1_613' title='bbox 3013 2920 3183 2975; x_wconf 91' lang='lat' dir='ltr'><strong>vitam</strong></span> <span class='ocrx_word' id='word_1_614' title='bbox 3215 2926 3403 2985; x_wconf 89' lang='lat' dir='ltr'><strong>tuam,</strong></span> <span class='ocrx_word' id='word_1_615' title='bbox 3451 2923 3691 2991; x_wconf 89' lang='lat' dir='ltr'><strong>quantum</strong></span> <span class='ocrx_word' id='word_1_616' title='bbox 3722 2926 3820 2984; x_wconf 88' lang='lat' dir='ltr'><strong>pro-</strong></span> 
     </span>
    </p>
   </div>
   <div class='ocr_carea' id='block_1_87' title="bbox 2279 2997 3819 3082">
    <p class='ocr_par' dir='ltr' id='par_1_87' title="bbox 2279 2997 3819 3082">
     <span class='ocr_line' id='line_1_88' title="bbox 2279 2997 3819 3082; baseline -0.009 -17"><span class='ocrx_word' id='word_1_617' title='bbox 2279 3009 2447 3082; x_wconf 88' lang='lat' dir='ltr'><strong>spicis</strong></span> <span class='ocrx_word' id='word_1_618' title='bbox 2471 3009 2727 3066; x_wconf 90' lang='lat' dir='ltr'><strong>alienam.</strong></span> <span class='ocrx_word' id='word_1_619' title='bbox 2759 3010 2863 3064; x_wconf 92' lang='lat' dir='ltr'><strong>Per</strong></span> <span class='ocrx_word' id='word_1_620' title='bbox 2890 3009 3100 3064; x_wconf 91' lang='lat' dir='ltr'><strong>nullam</strong></span> <span class='ocrx_word' id='word_1_621' title='bbox 3137 3007 3422 3064; x_wconf 87' lang='lat' dir='ltr'><strong>fallaciam</strong></span> <span class='ocrx_word' id='word_1_622' title='bbox 3447 3006 3612 3061; x_wconf 89' lang='lat' dir='ltr'><strong>vitam</strong></span> <span class='ocrx_word' id='word_1_623' title='bbox 3640 2997 3819 3069; x_wconf 86' lang='lat' dir='ltr'><strong>alicujus</strong></span> 
     </span>
    </p>
   </div>
   <div class='ocr_carea' id='block_1_88' title="bbox 2284 3098 2567 3155">
    <p class='ocr_par' dir='ltr' id='par_1_88' title="bbox 2284 3098 2567 3155">
     <span class='ocr_line' id='line_1_89' title="bbox 2284 3098 2567 3155; baseline 0.004 -1"><span class='ocrx_word' id='word_1_624' title='bbox 2284 3098 2567 3155; x_wconf 87' lang='lat' dir='ltr'><strong>defendas.</strong></span> 
     </span>
    </p>
   </div>
   <div class='ocr_carea' id='block_1_89' title="bbox 2362 3183 3925 3270">
    <p class='ocr_par' dir='ltr' id='par_1_89' title="bbox 2362 3183 3925 3270">
     <span class='ocr_line' id='line_1_90' title="bbox 2362 3183 3925 3270; baseline -0.013 -15"><span class='ocrx_word' id='word_1_625' title='bbox 2362 3200 2414 3255; x_wconf 89' lang='lat'><strong>6.</strong></span> <span class='ocrx_word' id='word_1_626' title='bbox 2438 3200 2549 3255; x_wconf 86' lang='lat' dir='ltr'><strong>Nec</strong></span> <span class='ocrx_word' id='word_1_627' title='bbox 2586 3198 2762 3270; x_wconf 86' lang='lat' dir='ltr'><strong>plaga,</strong></span> <span class='ocrx_word' id='word_1_628' title='bbox 2796 3211 2898 3252; x_wconf 90' lang='lat' dir='ltr'><strong>nec</strong></span> <span class='ocrx_word' id='word_1_629' title='bbox 2926 3210 3074 3250; x_wconf 84' lang='lat' dir='ltr'><strong>mors</strong></span> <span class='ocrx_word' id='word_1_630' title='bbox 3103 3201 3157 3250; x_wconf 92' lang='lat' dir='ltr'><strong>te</strong></span> <span class='ocrx_word' id='word_1_631' title='bbox 3184 3192 3450 3258; x_wconf 88' lang='lat' dir='ltr'><strong>terrebit,</strong></span> <span class='ocrx_word' id='word_1_632' title='bbox 3483 3190 3527 3247; x_wconf 92' lang='lat' dir='ltr'><strong>si</strong></span> <span class='ocrx_word' id='word_1_633' title='bbox 3556 3190 3676 3245; x_wconf 88' lang='lat' dir='ltr'><strong>bene</strong></span> <span class='ocrx_word' id='word_1_634' title='bbox 3699 3193 3743 3240; x_wconf 89' lang='lat' dir='ltr'><strong>et</strong></span> <span class='ocrx_word' id='word_1_635' title='bbox 3760 3183 3820 3255; x_wconf 83' lang='lat' dir='ltr'><strong>pie</strong></span> <span class='ocrx_word' id='word_1_636' title='bbox 3924 3214 3925 3267; x_wconf 34' lang='grc' dir='ltr'>ξ</span> 
     </span>
    </p>
   </div>
   <div class='ocr_carea' id='block_1_90' title="bbox 2281 3276 3820 3359">
    <p class='ocr_par' dir='ltr' id='par_1_90' title="bbox 2281 3276 3820 3359">
     <span class='ocr_line' id='line_1_91' title="bbox 2281 3276 3820 3359; baseline -0.011 -15"><span class='ocrx_word' id='word_1_637' title='bbox 2281 3288 2512 3344; x_wconf 88' lang='lat' dir='ltr'><strong>vixeris.</strong></span> <span class='ocrx_word' id='word_1_638' title='bbox 2544 3287 2847 3345; x_wconf 89' lang='lat' dir='ltr'><strong>Curiositas</strong></span> <span class='ocrx_word' id='word_1_639' title='bbox 2876 3286 3183 3359; x_wconf 91' lang='lat' dir='ltr'><strong>periculosa</strong></span> <span class='ocrx_word' id='word_1_640' title='bbox 3220 3281 3582 3357; x_wconf 83' lang='lat' dir='ltr'><strong>praesumptio</strong></span> <span class='ocrx_word' id='word_1_641' title='bbox 3614 3285 3700 3334; x_wconf 87' lang='lat' dir='ltr'><strong>est.</strong></span> <span class='ocrx_word' id='word_1_642' title='bbox 3730 3276 3820 3330; x_wconf 85' lang='lat' dir='ltr'><strong>Plus</strong></span> 
     </span>
    </p>
   </div>
   <div class='ocr_carea' id='block_1_91' title="bbox 2283 3369 3925 3449">
    <p class='ocr_par' dir='ltr' id='par_1_91' title="bbox 2283 3369 3925 3449">
     <span class='ocr_line' id='line_1_92' title="bbox 2283 3369 3925 3449; baseline -0.01 -17"><span class='ocrx_word' id='word_1_643' title='bbox 2283 3376 2452 3448; x_wconf 91' lang='lat' dir='ltr'><strong>dilige</strong></span> <span class='ocrx_word' id='word_1_644' title='bbox 2482 3375 2673 3432; x_wconf 91' lang='lat' dir='ltr'><strong>audire</strong></span> <span class='ocrx_word' id='word_1_645' title='bbox 2717 3392 2881 3449; x_wconf 87' lang='lat' dir='ltr'><strong>quam</strong></span> <span class='ocrx_word' id='word_1_646' title='bbox 2926 3374 3144 3430; x_wconf 85' lang='lat' dir='ltr'><strong>dicere:</strong></span> <span class='ocrx_word' id='word_1_647' title='bbox 3197 3374 3332 3445; x_wconf 87' lang='lat' dir='ltr'><strong>plus</strong></span> <span class='ocrx_word' id='word_1_648' title='bbox 3370 3369 3661 3427; x_wconf 71' lang='lat' dir='ltr'><strong>auscultem</strong></span> <span class='ocrx_word' id='word_1_649' title='bbox 3701 3377 3817 3436; x_wconf 85' lang='lat' dir='ltr'><strong>quam</strong></span> <span class='ocrx_word' id='word_1_650' title='bbox 3924 3422 3925 3435; x_wconf 19' lang='grc' dir='ltr'>ξ</span> 
     </span>
    </p>
   </div>
   <div class='ocr_carea' id='block_1_92' title="bbox 2284 3446 3820 3538">
    <p class='ocr_par' dir='ltr' id='par_1_92' title="bbox 2284 3446 3820 3538">
     <span class='ocr_line' id='line_1_93' title="bbox 2284 3446 3820 3538; baseline -0.01 -16"><span class='ocrx_word' id='word_1_651' title='bbox 2284 3446 2455 3538; x_wconf 79' lang='lat' dir='ltr'><strong>loqui.</strong></span> <span class='ocrx_word' id='word_1_652' title='bbox 2485 3466 2591 3532; x_wconf 89' lang='lat' dir='ltr'><strong>Qui</strong></span> <span class='ocrx_word' id='word_1_653' title='bbox 2630 3446 2971 3536; x_wconf 78' lang='lat' dir='ltr'><strong>obtemperat</strong></span> <span class='ocrx_word' id='word_1_654' title='bbox 2999 3463 3054 3518; x_wconf 91' lang='lat' dir='ltr'><strong>in</strong></span> <span class='ocrx_word' id='word_1_655' title='bbox 3091 3462 3260 3529; x_wconf 88' lang='lat' dir='ltr'><strong>malo,</strong></span> <span class='ocrx_word' id='word_1_656' title='bbox 3313 3459 3514 3517; x_wconf 89' lang='lat' dir='ltr'><strong>similis</strong></span> <span class='ocrx_word' id='word_1_657' title='bbox 3555 3462 3630 3511; x_wconf 90' lang='lat' dir='ltr'><strong>est</strong></span> <span class='ocrx_word' id='word_1_658' title='bbox 3659 3453 3719 3519; x_wconf 90' lang='lat' dir='ltr'><strong>ei,</strong></span> <span class='ocrx_word' id='word_1_659' title='bbox 3756 3446 3820 3520; x_wconf 79' lang='lat' dir='ltr'><strong>qui</strong></span> 
     </span>
    </p>
   </div>
   <div class='ocr_carea' id='block_1_93' title="bbox 2285 3538 3822 3623">
    <p class='ocr_par' dir='ltr' id='par_1_93' title="bbox 2285 3538 3822 3623">
     <span class='ocr_line' id='line_1_94' title="bbox 2285 3538 3822 3623; baseline -0.009 -13"><span class='ocrx_word' id='word_1_660' title='bbox 2285 3554 2418 3611; x_wconf 87' lang='lat' dir='ltr'><strong>facit</strong></span> <span class='ocrx_word' id='word_1_661' title='bbox 2446 3554 2674 3610; x_wconf 92' lang='lat' dir='ltr'><strong>malum.</strong></span> <span class='ocrx_word' id='word_1_662' title='bbox 2718 3553 3031 3610; x_wconf 88' lang='lat' dir='ltr'><strong>Facientem</strong></span> <span class='ocrx_word' id='word_1_663' title='bbox 3062 3559 3116 3607; x_wconf 90' lang='lat' dir='ltr'><strong>et</strong></span> <span class='ocrx_word' id='word_1_664' title='bbox 3147 3550 3547 3623; x_wconf 88' lang='lat' dir='ltr'><strong>obsequentem</strong></span> <span class='ocrx_word' id='word_1_665' title='bbox 3589 3560 3675 3617; x_wconf 89' lang='lat' dir='ltr'><strong>par</strong></span> <span class='ocrx_word' id='word_1_666' title='bbox 3701 3538 3822 3612; x_wconf 62' lang='lat' dir='ltr'><strong>peni-</strong></span> 
     </span>
    </p>
   </div>
   <div class='ocr_carea' id='block_1_94' title="bbox 2284 3629 3822 3715">
    <p class='ocr_par' dir='ltr' id='par_1_94' title="bbox 2284 3629 3822 3715">
     <span class='ocr_line' id='line_1_95' title="bbox 2284 3629 3822 3715; baseline -0.009 -16"><span class='ocrx_word' id='word_1_667' title='bbox 2284 3636 2458 3699; x_wconf 85' lang='lat' dir='ltr'><strong>tentia</strong></span> <span class='ocrx_word' id='word_1_668' title='bbox 2487 3642 2816 3715; x_wconf 88' lang='lat' dir='ltr'><strong>constringit</strong></span> <span class='ocrx_word' id='word_1_669' title='bbox 2856 3641 2996 3713; x_wconf 81' lang='lat'>(28).</span> <span class='ocrx_word' id='word_1_670' title='bbox 3038 3639 3332 3712; x_wconf 86' lang='lat' dir='ltr'><strong>Quidquid</strong></span> <span class='ocrx_word' id='word_1_671' title='bbox 3360 3636 3494 3694; x_wconf 91' lang='lat' dir='ltr'><strong>boni</strong></span> <span class='ocrx_word' id='word_1_672' title='bbox 3522 3648 3638 3690; x_wconf 89' lang='lat' dir='ltr'><strong>cum</strong></span> <span class='ocrx_word' id='word_1_673' title='bbox 3663 3629 3822 3686; x_wconf 80' lang='lat' dir='ltr'><strong>discre-</strong></span> 
     </span>
    </p>
   </div>
   <div class='ocr_carea' id='block_1_95' title="bbox 2285 3723 3824 3800">
    <p class='ocr_par' dir='ltr' id='par_1_95' title="bbox 2285 3723 3824 3800">
     <span class='ocr_line' id='line_1_96' title="bbox 2285 3723 3824 3800; baseline -0.01 -11"><span class='ocrx_word' id='word_1_674' title='bbox 2285 3732 2434 3790; x_wconf 90' lang='lat' dir='ltr'><strong>tione</strong></span> <span class='ocrx_word' id='word_1_675' title='bbox 2462 3732 2676 3800; x_wconf 89' lang='lat' dir='ltr'><strong>feceris,</strong></span> <span class='ocrx_word' id='word_1_676' title='bbox 2708 3731 2887 3787; x_wconf 89' lang='lat' dir='ltr'><strong>virtus</strong></span> <span class='ocrx_word' id='word_1_677' title='bbox 2913 3737 2996 3786; x_wconf 88' lang='lat' dir='ltr'><strong>est</strong></span> <span class='ocrx_word' id='word_1_678' title='bbox 3029 3747 3040 3785; x_wconf 89' lang='lat'><strong>:</strong></span> <span class='ocrx_word' id='word_1_679' title='bbox 3084 3729 3274 3784; x_wconf 88' lang='lat' dir='ltr'><strong>virtus</strong></span> <span class='ocrx_word' id='word_1_680' title='bbox 3305 3743 3442 3784; x_wconf 88' lang='lat' dir='ltr'><strong>vero</strong></span> <span class='ocrx_word' id='word_1_681' title='bbox 3472 3723 3735 3781; x_wconf 82' lang='lat' dir='ltr'><strong>indiscreta</strong></span> <span class='ocrx_word' id='word_1_682' title='bbox 3758 3729 3824 3787; x_wconf 81' lang='lat' dir='ltr'><strong>pro</strong></span> 
     </span>
    </p>
   </div>
   <div class='ocr_carea' id='block_1_96' title="bbox 2285 3822 2769 3893">
    <p class='ocr_par' dir='ltr' id='par_1_96' title="bbox 2285 3822 2769 3893">
     <span class='ocr_line' id='line_1_97' title="bbox 2285 3822 2769 3893; baseline -0.004 -16"><span class='ocrx_word' id='word_1_683' title='bbox 2285 3822 2425 3878; x_wconf 90' lang='lat' dir='ltr'><strong>vitio</strong></span> <span class='ocrx_word' id='word_1_684' title='bbox 2455 3822 2769 3893; x_wconf 88' lang='lat' dir='ltr'><strong>deputatur.</strong></span> 
     </span>
    </p>
   </div>
   <div class='ocr_carea' id='block_1_97' title="bbox 2356 3910 3825 3975">
    <p class='ocr_par' dir='ltr' id='par_1_97' title="bbox 2356 3910 3825 3975">
     <span class='ocr_line' id='line_1_98' title="bbox 2356 3910 3825 3975; baseline -0.011 0"><span class='ocrx_word' id='word_1_685' title='bbox 2356 3920 2408 3975; x_wconf 92' lang='lat'><strong>7.</strong></span> <span class='ocrx_word' id='word_1_686' title='bbox 2437 3918 2837 3975; x_wconf 89' lang='lat' dir='ltr'><strong>Testimonium</strong></span> <span class='ocrx_word' id='word_1_687' title='bbox 2880 3924 3033 3973; x_wconf 90' lang='lat' dir='ltr'><strong>tuum</strong></span> <span class='ocrx_word' id='word_1_688' title='bbox 3066 3914 3209 3971; x_wconf 88' lang='lat' dir='ltr'><strong>nulli</strong></span> <span class='ocrx_word' id='word_1_689' title='bbox 3242 3921 3447 3971; x_wconf 89' lang='lat' dir='ltr'><strong>noceat</strong></span> <span class='ocrx_word' id='word_1_690' title='bbox 3480 3931 3492 3969; x_wconf 91' lang='lat'><strong>:</strong></span> <span class='ocrx_word' id='word_1_691' title='bbox 3544 3923 3703 3966; x_wconf 90' lang='lat' dir='ltr'><strong>sermo</strong></span> <span class='ocrx_word' id='word_1_692' title='bbox 3740 3910 3825 3956; x_wconf 76' lang='lat' dir='ltr'><strong>tuus</strong></span> 
     </span>
    </p>
   </div>
   <div class='ocr_carea' id='block_1_98' title="bbox 2286 3998 3821 4079">
    <p class='ocr_par' dir='ltr' id='par_1_98' title="bbox 2286 3998 3821 4079">
     <span class='ocr_line' id='line_1_99' title="bbox 2286 3998 3821 4079; baseline -0.012 -14"><span class='ocrx_word' id='word_1_693' title='bbox 2286 4024 2397 4065; x_wconf 89' lang='lat' dir='ltr'><strong>non</strong></span> <span class='ocrx_word' id='word_1_694' title='bbox 2427 4008 2499 4064; x_wconf 90' lang='lat' dir='ltr'><strong>sit</strong></span> <span class='ocrx_word' id='word_1_695' title='bbox 2530 4005 2999 4079; x_wconf 86' lang='lat' dir='ltr'><strong>reprehensibilis,</strong></span> <span class='ocrx_word' id='word_1_696' title='bbox 3032 4004 3126 4061; x_wconf 88' lang='lat' dir='ltr'><strong>sed</strong></span> <span class='ocrx_word' id='word_1_697' title='bbox 3154 4003 3223 4059; x_wconf 88' lang='lat' dir='ltr'><strong>ab</strong></span> <span class='ocrx_word' id='word_1_698' title='bbox 3256 4002 3523 4060; x_wconf 87' lang='lat' dir='ltr'><strong>omnibus</strong></span> <span class='ocrx_word' id='word_1_699' title='bbox 3569 3998 3635 4054; x_wconf 89' lang='lat' dir='ltr'><strong>sit</strong></span> <span class='ocrx_word' id='word_1_700' title='bbox 3675 4004 3821 4059; x_wconf 81' lang='lat' dir='ltr'><strong>accep-</strong></span> 
     </span>
    </p>
   </div>
   <div class='ocr_carea' id='block_1_99' title="bbox 2285 4084 3826 4170">
    <p class='ocr_par' dir='ltr' id='par_1_99' title="bbox 2285 4084 3826 4170">
     <span class='ocr_line' id='line_1_100' title="bbox 2285 4084 3826 4170; baseline -0.013 -14"><span class='ocrx_word' id='word_1_701' title='bbox 2285 4107 2374 4156; x_wconf 91' lang='lat' dir='ltr'><strong>tus</strong></span> <span class='ocrx_word' id='word_1_702' title='bbox 2403 4106 2566 4170; x_wconf 89' lang='lat' dir='ltr'><strong>atque</strong></span> <span class='ocrx_word' id='word_1_703' title='bbox 2596 4096 2909 4153; x_wconf 88' lang='lat' dir='ltr'><strong>laudabilis.</strong></span> <span class='ocrx_word' id='word_1_704' title='bbox 2939 4095 3159 4150; x_wconf 88' lang='lat' dir='ltr'><strong>Nullius</strong></span> <span class='ocrx_word' id='word_1_705' title='bbox 3181 4110 3438 4166; x_wconf 75' lang='lat' dir='ltr'><strong>personae</strong></span> <span class='ocrx_word' id='word_1_706' title='bbox 3460 4090 3650 4147; x_wconf 74' lang='lat' dir='ltr'><strong>affectu</strong></span> <span class='ocrx_word' id='word_1_707' title='bbox 3673 4100 3701 4139; x_wconf 87' lang='lat' dir='ltr'><strong>a</strong></span> <span class='ocrx_word' id='word_1_708' title='bbox 3725 4084 3826 4136; x_wconf 75' lang='lat' dir='ltr'><strong>recto</strong></span> 
     </span>
    </p>
   </div>
   <div class='ocr_carea' id='block_1_100' title="bbox 2280 4178 3822 4261">
    <p class='ocr_par' dir='ltr' id='par_1_100' title="bbox 2280 4178 3822 4261">
     <span class='ocr_line' id='line_1_101' title="bbox 2280 4178 3822 4261; baseline -0.008 -19"><span class='ocrx_word' id='word_1_709' title='bbox 2280 4186 2497 4261; x_wconf 89' lang='lat' dir='ltr'><strong>judicio</strong></span> <span class='ocrx_word' id='word_1_710' title='bbox 2525 4184 2851 4252; x_wconf 87' lang='lat' dir='ltr'><strong>deﬁectaris,</strong></span> <span class='ocrx_word' id='word_1_711' title='bbox 2884 4200 2953 4240; x_wconf 90' lang='lat' dir='ltr'><strong>an</strong></span> <span class='ocrx_word' id='word_1_712' title='bbox 2984 4183 3160 4251; x_wconf 91' lang='lat' dir='ltr'><strong>dives,</strong></span> <span class='ocrx_word' id='word_1_713' title='bbox 3191 4199 3264 4238; x_wconf 88' lang='lat' dir='ltr'><strong>an</strong></span> <span class='ocrx_word' id='word_1_714' title='bbox 3299 4196 3510 4254; x_wconf 88' lang='lat' dir='ltr'><strong>pauper</strong></span> <span class='ocrx_word' id='word_1_715' title='bbox 3538 4178 3630 4243; x_wconf 89' lang='lat' dir='ltr'><strong>sit;</strong></span> <span class='ocrx_word' id='word_1_716' title='bbox 3663 4182 3822 4229; x_wconf 65' lang='lat' dir='ltr'><strong>causam</strong></span> 
     </span>
    </p>
   </div>
   <div class='ocr_carea' id='block_1_101' title="bbox 2288 4266 3827 4348">
    <p class='ocr_par' dir='ltr' id='par_1_101' title="bbox 2288 4266 3827 4348">
     <span class='ocr_line' id='line_1_102' title="bbox 2288 4266 3827 4348; baseline -0.011 -16"><span class='ocrx_word' id='word_1_717' title='bbox 2288 4275 2521 4348; x_wconf 89' lang='lat' dir='ltr'><strong>respice,</strong></span> <span class='ocrx_word' id='word_1_718' title='bbox 2552 4290 2668 4330; x_wconf 91' lang='lat' dir='ltr'><strong>non</strong></span> <span class='ocrx_word' id='word_1_719' title='bbox 2706 4288 3013 4346; x_wconf 87' lang='lat' dir='ltr'><strong>personam.</strong></span> <span class='ocrx_word' id='word_1_720' title='bbox 3060 4271 3351 4328; x_wconf 87' lang='lat' dir='ltr'><strong>Justitiam</strong></span> <span class='ocrx_word' id='word_1_721' title='bbox 3400 4287 3501 4343; x_wconf 90' lang='lat' dir='ltr'><strong>pro</strong></span> <span class='ocrx_word' id='word_1_722' title='bbox 3542 4266 3651 4324; x_wconf 86' lang='lat' dir='ltr'><strong>sola</strong></span> <span class='ocrx_word' id='word_1_723' title='bbox 3685 4269 3827 4319; x_wconf 64' lang='lat' dir='ltr'><strong>aeterm</strong></span> 
     </span>
    </p>
   </div>
   <div class='ocr_carea' id='block_1_102' title="bbox 2291 4346 3826 4433">
    <p class='ocr_par' dir='ltr' id='par_1_102' title="bbox 2291 4346 3826 4433">
     <span class='ocr_line' id='line_1_103' title="bbox 2291 4346 3826 4433; baseline -0.01 -13"><span class='ocrx_word' id='word_1_724' title='bbox 2291 4346 2654 4420; x_wconf 77' lang='lat' dir='ltr'><strong>retributione</strong></span> <span class='ocrx_word' id='word_1_725' title='bbox 2699 4361 2970 4419; x_wconf 88' lang='lat' dir='ltr'><strong>distribue</strong></span> <span class='ocrx_word' id='word_1_726' title='bbox 2993 4377 3007 4426; x_wconf 90' lang='lat'><strong>;</strong></span> <span class='ocrx_word' id='word_1_727' title='bbox 3054 4359 3149 4433; x_wconf 90' lang='lat' dir='ltr'><strong>qui</strong></span> <span class='ocrx_word' id='word_1_728' title='bbox 3197 4359 3355 4414; x_wconf 89' lang='lat' dir='ltr'><strong>enim</strong></span> <span class='ocrx_word' id='word_1_729' title='bbox 3415 4351 3687 4430; x_wconf 69' lang='lat' dir='ltr'><strong>praesentia</strong></span> <span class='ocrx_word' id='word_1_730' title='bbox 3727 4346 3826 4433; x_wconf 63' lang='lat' dir='ltr'><strong>dom</strong></span> 
     </span>
    </p>
   </div>
   <div class='ocr_carea' id='block_1_103' title="bbox 2289 4432 3825 4524">
    <p class='ocr_par' dir='ltr' id='par_1_103' title="bbox 2289 4432 3825 4524">
     <span class='ocr_line' id='line_1_104' title="bbox 2289 4432 3825 4524; baseline -0.014 -13"><span class='ocrx_word' id='word_1_731' title='bbox 2289 4456 2524 4524; x_wconf 82' lang='lat' dir='ltr'><strong>affectat,</strong></span> <span class='ocrx_word' id='word_1_732' title='bbox 2554 4454 2797 4510; x_wconf 89' lang='lat' dir='ltr'><strong>futuram</strong></span> <span class='ocrx_word' id='word_1_733' title='bbox 2828 4451 3055 4523; x_wconf 89' lang='lat' dir='ltr'><strong>gloriam</strong></span> <span class='ocrx_word' id='word_1_734' title='bbox 3076 4432 3199 4506; x_wconf 85' lang='lat' dir='ltr'><strong>non</strong></span> <span class='ocrx_word' id='word_1_735' title='bbox 3226 4440 3458 4524; x_wconf 64' lang='lat' dir='ltr'><strong>qu&#39;aarit,</strong></span> <span class='ocrx_word' id='word_1_736' title='bbox 3490 4446 3573 4501; x_wconf 86' lang='lat' dir='ltr'><strong>vel</strong></span> <span class='ocrx_word' id='word_1_737' title='bbox 3604 4432 3825 4524; x_wconf 76' lang='lat' dir='ltr'><strong>speratln</strong></span> 
     </span>
    </p>
   </div>
   <div class='ocr_carea' id='block_1_104' title="bbox 2207 4522 3827 4618">
    <p class='ocr_par' dir='ltr' id='par_1_104' title="bbox 2207 4522 3827 4618">
     <span class='ocr_line' id='line_1_105' title="bbox 2207 4522 3827 4618; baseline -0.01 -14"><span class='ocrx_word' id='word_1_738' title='bbox 2207 4545 2256 4604; x_wconf 92' lang='lat' dir='ltr'>D</span> <span class='ocrx_word' id='word_1_739' title='bbox 2282 4545 2498 4618; x_wconf 88' lang='lat' dir='ltr'><strong>judicio</strong></span> <span class='ocrx_word' id='word_1_740' title='bbox 2527 4559 2806 4617; x_wconf 89' lang='lat' dir='ltr'><strong>nunquam</strong></span> <span class='ocrx_word' id='word_1_741' title='bbox 2828 4522 3264 4598; x_wconf 80' lang='lat' dir='ltr'><strong>misericordiam</strong></span> <span class='ocrx_word' id='word_1_742' title='bbox 3285 4540 3540 4597; x_wconf 89' lang='lat' dir='ltr'><strong>deseras:</strong></span> <span class='ocrx_word' id='word_1_743' title='bbox 3574 4530 3721 4603; x_wconf 83' lang='lat' dir='ltr'><strong>impia</strong></span> <span class='ocrx_word' id='word_1_744' title='bbox 3742 4522 3827 4618; x_wconf 52' lang='grc' dir='ltr'><strong>(ἓξ)</strong></span> 
     </span>
    </p>
   </div>
   <div class='ocr_carea' id='block_1_105' title="bbox 2283 4611 3825 4711">
    <p class='ocr_par' dir='ltr' id='par_1_105' title="bbox 2283 4611 3825 4711">
     <span class='ocr_line' id='line_1_106' title="bbox 2283 4611 3825 4711; baseline -0.014 -20"><span class='ocrx_word' id='word_1_745' title='bbox 2283 4611 2506 4711; x_wconf 79' lang='lat' dir='ltr'><strong>justitia</strong></span> <span class='ocrx_word' id='word_1_746' title='bbox 2534 4642 2616 4691; x_wconf 88' lang='lat' dir='ltr'><strong>est</strong></span> <span class='ocrx_word' id='word_1_747' title='bbox 2645 4611 2902 4690; x_wconf 69' lang='lat' dir='ltr'><strong>humanae</strong></span> <span class='ocrx_word' id='word_1_748' title='bbox 2933 4630 3220 4704; x_wconf 87' lang='lat' dir='ltr'><strong>fragilitati</strong></span> <span class='ocrx_word' id='word_1_749' title='bbox 3264 4646 3387 4686; x_wconf 91' lang='lat' dir='ltr'><strong>non</strong></span> <span class='ocrx_word' id='word_1_750' title='bbox 3430 4628 3706 4700; x_wconf 86' lang='lat' dir='ltr'><strong>ignoscere.</strong></span> 
     </span>
    </p>
   </div>
   <div class='ocr_carea' id='block_1_106' title="bbox 2292 4704 3828 4797">
    <p class='ocr_par' dir='ltr' id='par_1_106' title="bbox 2292 4704 3828 4797">
     <span class='ocr_line' id='line_1_107' title="bbox 2292 4704 3828 4797; baseline -0.01 -14"><span class='ocrx_word' id='word_1_751' title='bbox 2292 4727 2407 4783; x_wconf 89' lang='lat' dir='ltr'><strong>lum</strong></span> <span class='ocrx_word' id='word_1_752' title='bbox 2474 4732 2600 4781; x_wconf 89' lang='lat' dir='ltr'><strong>ante</strong></span> <span class='ocrx_word' id='word_1_753' title='bbox 2646 4723 2922 4797; x_wconf 89' lang='lat' dir='ltr'><strong>judicium</strong></span> <span class='ocrx_word' id='word_1_754' title='bbox 2974 4721 3313 4780; x_wconf 89' lang='lat' dir='ltr'><strong>condemnes</strong></span> <span class='ocrx_word' id='word_1_755' title='bbox 3358 4738 3372 4776; x_wconf 93' lang='lat'><strong>:</strong></span> <span class='ocrx_word' id='word_1_756' title='bbox 3426 4717 3633 4774; x_wconf 90' lang='lat' dir='ltr'><strong>nullum</strong></span> <span class='ocrx_word' id='word_1_757' title='bbox 3671 4704 3828 4781; x_wconf 64' lang='lat' dir='ltr'><strong>judices</strong></span> 
     </span>
    </p>
   </div>
   <div class='ocr_carea' id='block_1_107' title="bbox 2293 4814 2887 4888">
    <p class='ocr_par' dir='ltr' id='par_1_107' title="bbox 2293 4814 2887 4888">
     <span class='ocr_line' id='line_1_108' title="bbox 2293 4814 2887 4888; baseline -0.005 -16"><span class='ocrx_word' id='word_1_758' title='bbox 2293 4815 2623 4888; x_wconf 88' lang='lat' dir='ltr'><strong>suspicionis</strong></span> <span class='ocrx_word' id='word_1_759' title='bbox 2639 4814 2887 4871; x_wconf 91' lang='lat' dir='ltr'><strong>arbitrio.</strong></span> 
     </span>
    </p>
   </div>
   <div class='ocr_carea' id='block_1_108' title="bbox 2362 4900 3827 4985">
    <p class='ocr_par' dir='ltr' id='par_1_108' title="bbox 2362 4900 3827 4985">
     <span class='ocr_line' id='line_1_109' title="bbox 2362 4900 3827 4985; baseline -0.011 -14"><span class='ocrx_word' id='word_1_760' title='bbox 2362 4914 2417 4971; x_wconf 93' lang='lat'>8.</span> <span class='ocrx_word' id='word_1_761' title='bbox 2455 4913 2600 4972; x_wconf 91' lang='lat' dir='ltr'><strong>Cave</strong></span> <span class='ocrx_word' id='word_1_762' title='bbox 2654 4912 2914 4980; x_wconf 88' lang='lat' dir='ltr'><strong>honores,</strong></span> <span class='ocrx_word' id='word_1_763' title='bbox 2970 4926 3106 4983; x_wconf 91' lang='lat' dir='ltr'><strong>quos</strong></span> <span class='ocrx_word' id='word_1_764' title='bbox 3156 4915 3351 4965; x_wconf 89' lang='lat' dir='ltr'><strong>tenere</strong></span> <span class='ocrx_word' id='word_1_765' title='bbox 3405 4908 3526 4964; x_wconf 88' lang='lat' dir='ltr'><strong>sine</strong></span> <span class='ocrx_word' id='word_1_766' title='bbox 3573 4900 3712 4970; x_wconf 77' lang='lat' dir='ltr'><strong>culpa</strong></span> <span class='ocrx_word' id='word_1_767' title='bbox 3752 4903 3827 4985; x_wconf 59' lang='lat' dir='ltr'><strong>“9n</strong></span> 
     </span>
    </p>
   </div>
   <div class='ocr_carea' id='block_1_109' title="bbox 2292 4983 3827 5077">
    <p class='ocr_par' dir='ltr' id='par_1_109' title="bbox 2292 4983 3827 5077">
     <span class='ocr_line' id='line_1_110' title="bbox 2292 4983 3827 5077; baseline -0.012 -16"><span class='ocrx_word' id='word_1_768' title='bbox 2292 5013 2468 5077; x_wconf 90' lang='lat' dir='ltr'><strong>potes.</strong></span> <span class='ocrx_word' id='word_1_769' title='bbox 2500 5001 2825 5059; x_wconf 89' lang='lat' dir='ltr'><strong>Sublimitas</strong></span> <span class='ocrx_word' id='word_1_770' title='bbox 2863 5000 3134 5057; x_wconf 90' lang='lat' dir='ltr'><strong>honorum</strong></span> <span class='ocrx_word' id='word_1_771' title='bbox 3179 4998 3304 5054; x_wconf 89' lang='lat' dir='ltr'><strong>sine</strong></span> <span class='ocrx_word' id='word_1_772' title='bbox 3336 5011 3507 5053; x_wconf 87' lang='lat' dir='ltr'><strong>onere</strong></span> <span class='ocrx_word' id='word_1_773' title='bbox 3550 4983 3730 5065; x_wconf 69' lang='lat' dir='ltr'><strong>peccati</strong></span> <span class='ocrx_word' id='word_1_774' title='bbox 3761 4983 3827 5077; x_wconf 67' lang='grc' dir='ltr'><strong>ῖίξ</strong></span> 
     </span>
    </p>
   </div>
   <div class='ocr_carea' id='block_1_110' title="bbox 2291 5063 3827 5162">
    <p class='ocr_par' dir='ltr' id='par_1_110' title="bbox 2291 5063 3827 5162">
     <span class='ocr_line' id='line_1_111' title="bbox 2291 5063 3827 5162; baseline -0.016 -12"><span class='ocrx_word' id='word_1_775' title='bbox 2291 5063 2554 5161; x_wconf 69' lang='lat' dir='ltr'><strong>tenetur;</strong></span> <span class='ocrx_word' id='word_1_776' title='bbox 2590 5091 2715 5148; x_wconf 93' lang='lat' dir='ltr'><strong>ideo</strong></span> <span class='ocrx_word' id='word_1_777' title='bbox 2734 5090 2872 5147; x_wconf 89' lang='lat' dir='ltr'><strong>dicit</strong></span> <span class='ocrx_word' id='word_1_778' title='bbox 2898 5088 3198 5162; x_wconf 84' lang='lat' dir='ltr'><strong>Apostolus</strong></span> <span class='ocrx_word' id='word_1_779' title='bbox 3229 5104 3243 5142; x_wconf 95' lang='lat'>:</span> <span class='ocrx_word' id='word_1_780' title='bbox 3294 5110 3315 5134; x_wconf 73' lang='grc' dir='ltr'><strong>ε</strong></span> <span class='ocrx_word' id='word_1_781' title='bbox 3353 5086 3471 5143; x_wconf 89' lang='lat' dir='ltr'><strong>Nec</strong></span> <span class='ocrx_word' id='word_1_782' title='bbox 3507 5063 3827 5162; x_wconf 30' lang='lat' dir='ltr'><strong>quaerentes-ab</strong></span> 
     </span>
    </p>
   </div>
   <div class='ocr_carea' id='block_1_111' title="bbox 2295 5155 3824 5256">
    <p class='ocr_par' dir='ltr' id='par_1_111' title="bbox 2295 5155 3824 5256">
     <span class='ocr_line' id='line_1_112' title="bbox 2295 5155 3824 5256; baseline -0.005 -14"><span class='ocrx_word' id='word_1_783' title='bbox 2295 5155 2617 5242; x_wconf 80' lang='lat' dir='ltr'><strong>hominibus</strong></span> <span class='ocrx_word' id='word_1_784' title='bbox 2643 5183 2872 5256; x_wconf 87' lang='lat' dir='ltr'><strong>gloriam</strong></span> <span class='ocrx_word' id='word_1_785' title='bbox 2900 5155 2968 5253; x_wconf 74' lang='grc' dir='ltr'><strong>(ί</strong></span> <span class='ocrx_word' id='word_1_786' title='bbox 2990 5181 3169 5237; x_wconf 83' lang='lat' dir='ltr'><strong>Thess.</strong></span> <span class='ocrx_word' id='word_1_787' title='bbox 3197 5195 3259 5245; x_wconf 88' lang='grc' dir='ltr'><strong>ιι,</strong></span> <span class='ocrx_word' id='word_1_788' title='bbox 3296 5177 3359 5249; x_wconf 87' lang='grc'><strong>6)</strong></span> <span class='ocrx_word' id='word_1_789' title='bbox 3399 5194 3411 5232; x_wconf 94' lang='lat'><strong>:</strong></span> <span class='ocrx_word' id='word_1_790' title='bbox 3445 5175 3507 5231; x_wconf 87' lang='lat' dir='ltr'><strong>in</strong></span> <span class='ocrx_word' id='word_1_791' title='bbox 3531 5164 3703 5256; x_wconf 46' lang='lat' dir='ltr'><strong>majori</strong></span> <span class='ocrx_word' id='word_1_792' title='bbox 3723 5155 3824 5256; x_wconf 61' lang='grc' dir='ltr'>θξιίω</span> 
     </span>
    </p>
   </div>
   <div class='ocr_carea' id='block_1_112' title="bbox 2293 5249 3827 5348">
    <p class='ocr_par' dir='ltr' id='par_1_112' title="bbox 2293 5249 3827 5348">
     <span class='ocr_line' id='line_1_113' title="bbox 2293 5249 3827 5348; baseline -0.028 -4"><span class='ocrx_word' id='word_1_793' title='bbox 2293 5275 2464 5348; x_wconf 68' lang='lat' dir='ltr'><strong>gradu</strong></span> <span class='ocrx_word' id='word_1_794' title='bbox 2498 5273 2616 5348; x_wconf 88' lang='lat'>(30)</span> <span class='ocrx_word' id='word_1_795' title='bbox 2643 5249 2834 5344; x_wconf 40' lang='lat' dir='ltr'><strong>&#39;major</strong></span> <span class='ocrx_word' id='word_1_796' title='bbox 2877 5249 2997 5327; x_wconf 88' lang='lat' dir='ltr'><strong>sine</strong></span> <span class='ocrx_word' id='word_1_797' title='bbox 3028 5267 3201 5326; x_wconf 89' lang='lat' dir='ltr'><strong>dubio</strong></span> <span class='ocrx_word' id='word_1_798' title='bbox 3242 5267 3420 5341; x_wconf 89' lang='lat' dir='ltr'><strong>culpa</strong></span> <span class='ocrx_word' id='word_1_799' title='bbox 3446 5271 3564 5323; x_wconf 87' lang='lat' dir='ltr'><strong>est:</strong></span> <span class='ocrx_word' id='word_1_800' title='bbox 3592 5255 3675 5332; x_wconf 84' lang='lat' dir='ltr'><strong>qui</strong></span> <span class='ocrx_word' id='word_1_801' title='bbox 3698 5249 3827 5306; x_wconf 81' lang='lat' dir='ltr'><strong>minor</strong></span> 
     </span>
    </p>
   </div>
   <div class='ocr_carea' id='block_1_113' title="bbox 2292 5362 3044 5437">
    <p class='ocr_par' dir='ltr' id='par_1_113' title="bbox 2292 5362 3044 5437">
     <span class='ocr_line' id='line_1_114' title="bbox 2292 5362 3044 5437; baseline -0.011 -12"><span class='ocrx_word' id='word_1_802' title='bbox 2292 5376 2394 5436; x_wconf 90' lang='lat' dir='ltr'><strong>est,</strong></span> <span class='ocrx_word' id='word_1_803' title='bbox 2426 5366 2602 5422; x_wconf 75' lang='lat' dir='ltr'><strong>veniae</strong></span> <span class='ocrx_word' id='word_1_804' title='bbox 2629 5362 2919 5437; x_wconf 87' lang='lat' dir='ltr'><strong>proximus</strong></span> <span class='ocrx_word' id='word_1_805' title='bbox 2944 5369 3044 5419; x_wconf 86' lang='lat' dir='ltr'><strong>est.</strong></span> 
     </span>
    </p>
   </div>
   <div class='ocr_carea' id='block_1_114' title="bbox 2369 5532 3633 5679">
    <p class='ocr_par' dir='ltr' id='par_1_114' title="bbox 2369 5532 3633 5679">
     <span class='ocr_line' id='line_1_115' title="bbox 2369 5532 3633 5679; baseline -0.009 -88"><span class='ocrx_word' id='word_1_806' title='bbox 2369 5534 2485 5679; x_wconf 46' lang='lat'><strong>(29)</strong></span> <span class='ocrx_word' id='word_1_807' title='bbox 2509 5535 2696 5593; x_wconf 85' lang='lat' dir='ltr'><strong>Codex</strong></span> <span class='ocrx_word' id='word_1_808' title='bbox 2720 5534 2876 5607; x_wconf 68' lang='lat' dir='ltr'><strong>Reg,</strong></span> <span class='ocrx_word' id='word_1_809' title='bbox 2909 5532 3077 5616; x_wconf 78' lang='lat' dir='ltr'><strong>impia</strong></span> <span class='ocrx_word' id='word_1_810' title='bbox 3103 5544 3247 5585; x_wconf 80' lang='lat' dir='ltr'><strong>mens</strong></span> <span class='ocrx_word' id='word_1_811' title='bbox 3267 5534 3368 5589; x_wconf 84' lang='lat' dir='ltr'><strong>est,</strong></span> <span class='ocrx_word' id='word_1_812' title='bbox 3400 5533 3507 5583; x_wconf 91' lang='lat' dir='ltr'><strong>etc.</strong></span> <span class='ocrx_word' id='word_1_813' title='bbox 3624 5591 3633 5602; x_wconf 42' lang='lat'>.</span> 
     </span>
     <span class='ocr_line' id='line_1_116' title="bbox 2369 5601 3633 5679; baseline -0.006 -17"><span class='ocrx_word' id='word_1_814' title='bbox 2369 5606 2462 5675; x_wconf 87' lang='lat'><strong>(30</strong></span> <span class='ocrx_word' id='word_1_815' title='bbox 2518 5607 2666 5663; x_wconf 91' lang='lat' dir='ltr'><strong>Idem</strong></span> <span class='ocrx_word' id='word_1_816' title='bbox 2694 5605 2815 5679; x_wconf 74' lang='lat' dir='ltr'><strong>cod.</strong></span> <span class='ocrx_word' id='word_1_817' title='bbox 2849 5606 3177 5679; x_wconf 68' lang='lat' dir='ltr'><strong>Sublimntus</strong></span> <span class='ocrx_word' id='word_1_818' title='bbox 3217 5601 3482 5656; x_wconf 82' lang='lat' dir='ltr'><strong>honorem</strong></span> <span class='ocrx_word' id='word_1_819' title='bbox 3518 5612 3633 5669; x_wconf 76' lang='lat' dir='ltr'><strong>agm</strong></span> 
     </span>
    </p>
   </div>
   <div class='ocr_carea' id='block_1_115' title="bbox 2369 5601 3635 5690">
    <p class='ocr_par' dir='ltr' id='par_1_115' title="bbox 2369 5601 3635 5690">
     <span class='ocr_line' id='line_1_117' title="bbox 2369 5601 3635 5690; baseline -0.016 -21"><span class='ocrx_word' id='word_1_820' title='bbox 2369 5601 2485 5690; x_wconf 70' lang='grc'><strong>(30)</strong></span> <span class='ocrx_word' id='word_1_821' title='bbox 2518 5607 2666 5690; x_wconf 82' lang='lat' dir='ltr'><strong>Idem</strong></span> <span class='ocrx_word' id='word_1_822' title='bbox 2694 5601 2827 5687; x_wconf 54' lang='lat' dir='ltr'><strong>cod;</strong></span> <span class='ocrx_word' id='word_1_823' title='bbox 2849 5601 3198 5690; x_wconf 57' lang='lat' dir='ltr'><strong>sublimatus</strong></span> <span class='ocrx_word' id='word_1_824' title='bbox 3215 5601 3482 5690; x_wconf 73' lang='lat' dir='ltr'><strong>honorem</strong></span> <span class='ocrx_word' id='word_1_825' title='bbox 3518 5601 3635 5669; x_wconf 75' lang='lat' dir='ltr'><strong>agni</strong></span> 
     </span>
    </p>
   </div>
   <div class='ocr_carea' id='block_1_116' title="bbox 2295 5677 3264 5751">
    <p class='ocr_par' dir='ltr' id='par_1_116' title="bbox 2295 5677 3264 5751">
     <span class='ocr_line' id='line_1_118' title="bbox 2295 5677 3264 5751; baseline -0.007 -14"><span class='ocrx_word' id='word_1_826' title='bbox 2295 5677 2541 5737; x_wconf 69' lang='lat' dir='ltr'><strong>scelerum</strong></span> <span class='ocrx_word' id='word_1_827' title='bbox 2574 5696 2591 5734; x_wconf 92' lang='lat'><strong>:</strong></span> <span class='ocrx_word' id='word_1_828' title='bbox 2618 5679 2674 5737; x_wconf 88' lang='lat' dir='ltr'><strong>in</strong></span> <span class='ocrx_word' id='word_1_829' title='bbox 2706 5677 2904 5750; x_wconf 81' lang='lat' dir='ltr'><strong>majori</strong></span> <span class='ocrx_word' id='word_1_830' title='bbox 2929 5677 3125 5751; x_wconf 83' lang='lat' dir='ltr'><strong>gradu,</strong></span> <span class='ocrx_word' id='word_1_831' title='bbox 3151 5680 3264 5732; x_wconf 86' lang='lat' dir='ltr'><strong>etc.</strong></span> 
     </span>
    </p>
   </div>
   <div class='ocr_carea' id='block_1_117' title="bbox 3638 5580 3820 5647">
    <p class='ocr_par' dir='ltr' id='par_1_117' title="bbox 3638 5580 3820 5647">
     <span class='ocr_line' id='line_1_119' title="bbox 3638 5580 3820 5647; baseline -0.027 -2"><span class='ocrx_word' id='word_1_832' title='bbox 3638 5584 3739 5647; x_wconf 81' lang='lat' dir='ltr'><strong>tudo</strong></span> <span class='ocrx_word' id='word_1_833' title='bbox 3758 5580 3820 5641; x_wconf 71' lang='grc' dir='ltr'><strong>σει»</strong></span> 
     </span>
    </p>
   </div>
  </div>
