4068 6182
266 339 378 397 829

1579 312 2063 396 PRECATIONES
2095 338 2289 395 cum.

3465 340 3573 398 830

340 478 395 533 9.
437 474 635 531 Nullus
674 473 796 530 sine
824 464 1052 547 peccati
1085 473 1330 546 periculo
1361 482 1603 531 terrenas
1638 491 1722 532 res
1753 475 1869 550 (31)
1902 479 1953 538 Α
2057 475 2140 532 10.
2183 474 2455 533 Omnibus
2478 476 2661 553 tribue
2694 494 2707 533 :
2756 492 2868 533 non
2896 477 3065 549 eligas
3093 477 3183 533 cui
3222 476 3570 546 miserearis;

266 563 657 622 administrat:
693 561 854 619 valde
882 579 1069 618 rarum
1099 571 1200 632 est,
1231 570 1294 620 ut
1320 563 1414 637 qui
1443 562 1669 621 divitias
1700 564 1869 636 possi-

266 653 361 710 det
391 651 459 708 ad
488 651 734 724 requiem
756 651 966 708 tendat.
999 652 1154 708 Unde
1183 652 1448 725 scriptum
1479 662 1594 709 est:
1643 676 1661 699 ε
1692 653 1868 708 Amen

267 742 398 798 dico
442 740 605 797 vobis
638 740 786 814 quod
827 741 984 797 dives
1012 742 1237 799 difﬁcile
1282 742 1511 798 intrabit
1548 742 1608 797 in
1640 759 1867 814 regnum

261 831 534 888 caelorum
579 829 794 901 (Matth.
830 847 953 895 xix,
982 830 1100 901 23).
1134 856 1152 877 ι
1214 831 1319 898 Qui
1357 832 1506 888 curis
1548 833 1781 888 terrenis
1810 849 1866 889 se

261 918 538 991 implicat,
575 934 607 974 a
644 917 885 973 Domino
923 935 980 974 se
1030 927 1244 991 separat
1293 920 1433 992 (32).
1484 921 1656 975 Nemo
1685 928 1866 992 potest

260 1007 523 1079 amplecti
563 1007 663 1063 Dei
706 1008 935 1079 gratiam
983 1009 1150 1064 simul
1181 1019 1237 1066 et
1265 1009 1472 1066 saeculi.
1517 1009 1754 1067 Difﬁcile
1785 1018 1867 1067 est

259 1096 580 1155 coelestibus
596 1105 651 1152 et
664 1097 1055 1155 terreniscuris
1066 1099 1233 1155 simul
1247 1098 1518 1156 insistere.
1534 1101 1771 1157 Difﬁcile
1782 1110 1865 1158 est

256 1190 439 1244 Deum
473 1186 641 1242 simul
673 1195 728 1242 et
760 1187 1028 1243 mundum
1074 1188 1321 1262 diligere.
1372 1189 1510 1245 Toto
1554 1190 1741 1246 animo
1769 1190 1863 1246 odi

258 1289 316 1336 et
343 1279 547 1335 damna
579 1278 731 1350 quod
764 1278 950 1352 diligit
976 1281 1235 1337 mundus.
1269 1282 1549 1356 Tanquam
1589 1292 1861 1350 mortuus,

256 1385 290 1425 a
322 1367 445 1424 labe
474 1374 529 1423 et
556 1367 755 1424 affectu
794 1367 954 1423 istius
988 1370 1181 1425 mundi
1225 1378 1279 1427 te
1306 1387 1497 1443 separa
1531 1389 1543 1428 :
1597 1372 1740 1429 sicut
1769 1388 1865 1428 se-

257 1458 476 1531 pultus,
518 1456 727 1511 nullam
762 1455 964 1513 habeas
994 1474 1181 1514 curam
1222 1459 1289 1516 de
1318 1460 1425 1516 hoc
1450 1462 1651 1517 saeculo
1684 1479 1696 1517 :
1733 1470 1864 1517 tan-

255 1564 427 1620 quam
458 1546 774 1614 defunctus,
806 1546 874 1602 ab
905 1547 1059 1603 omni
1088 1556 1307 1605 terreno
1336 1558 1388 1607 te
1432 1552 1591 1623 priva
1619 1552 1859 1625 negotio.

255 1636 565 1694 Contemne
598 1634 789 1691 vivens
823 1651 945 1708 quae
970 1644 1094 1709 post
1137 1646 1369 1695 mortem
1401 1638 1602 1697 habere
1630 1656 1743 1697 non
1772 1659 1864 1715 po-

255 1725 415 1782 teris.

328 1893 453 1963 (31)
486 1894 685 1965 Regius
712 1893 909 1962 codex,
938 1893 1050 1948 sine
1073 1900 1280 1965 peccato
1319 1901 1555 1950 terrenas
1583 1911 1686 1961 res,
1718 1902 1822 1950 etc.

330 1966 455 2037 (32)
490 1966 649 2022 Rom.
682 1966 841 2030 edit.,
875 1966 940 2021 ab
967 1981 1024 2020 eo
1055 1971 1102 2037 te
1127 1966 1526 2037 separa.Minus
1555 1965 1859 2037 commode.

332 2036 457 2108 (33)
490 2037 693 2092 Eadem
743 2037 876 2093 edit.
923 2036 1176 2094 Omnibus
1225 2043 1269 2092 te
1305 2037 1588 2093 tribue.....
1636 2054 1698 2091 ne
1724 2036 1864 2108 forte

242 2107 529 2180 pi'mferas
559 2109 731 2177 illum,
764 2116 868 2164 etc.

338 2179 463 2251 (34)
501 2181 581 2235 De
624 2180 705 2235 his
750 2180 986 2249 dicitur;
1047 2179 1166 2237 haec
1216 2179 1384 2235 verba
1434 2195 1561 2236 cum
1616 2177 1863 2251 subjecto

1894 1836 1942 1896 B

1978 579 2048 620 ne
2076 564 2220 622 forte
2248 573 2535 636 praetereas
2565 565 2725 621 illum
2753 565 2869 637 (35)
2895 565 2990 638 qui
3022 573 3262 621 meretur
3290 566 3570 637 accipere:

1979 652 2249 709 incertum
2284 662 2366 709 est
2390 653 2539 710 enim
2570 671 2669 726 pro
2697 672 2806 727 quo
2842 655 3052 726 placeas
3083 653 3255 724 magis
3286 655 3419 709 Deo.
3450 655 3573 711 Non

1976 744 2192 800 auferas
2225 744 2323 799 uni
2366 745 2513 801 unde
2556 745 2767 800 tribuas
2806 745 3003 811 alteri;
3058 761 3126 800 ne
3172 745 3353 801 alieno
3393 748 3572 818 spolio

1977 833 2386 891 misericordem
2442 844 2494 891 te
2545 824 2859 891 ostendas‘:
2908 834 3239 891 condemnat
3285 834 3565 892 miseratio

1976 919 2100 987 ista,
2128 937 2243 976 non
2273 921 2509 992 proficit.
3424 978 3425 981 η

2047 1018 2132 1072 11.
2176 1004 2390 1074 Βόιιαῑη
2444 1019 2591 1092 quod
2640 1020 2796 1083 facis,
2857 1018 3270 1087 misericordiae,
3330 1035 3440 1073 non
3488 1018 3569 1091 ja-

1974 1107 2193 1163 ctantiaa
2222 1124 2384 1163 causa
2416 1108 2583 1165 facias
2609 1127 2621 1169 :
2674 1109 2719 1165 si
2749 1110 2895 1165 enim
2926 1109 3019 1165 hic
3048 1111 3167 1165 laus
3194 1110 3480 1182 quaeritur,
3512 1109 3568 1166 in

1974 1195 2114 1252 coelo
2166 1198 2539 1253 remuneratio
2588 1197 2883 1253 amittitur.
2933 1200 3010 1254 De
3051 1198 3139 1253 his
3180 1198 3387 1254 dicitur
3416 1199 3564 1271 (34):

1988 1307 2007 1331 ε
2038 1288 2213 1341 Amen
2263 1284 2387 1341 dico
2434 1285 2612 1353 vobis,
2672 1294 2995 1358 receperunt
3051 1286 3355 1343 mercedem
3412 1304 3566 1343 suam

1962 1360 2188 1444 ’(Matth.
2218 1392 2298 1440 vi,
2321 1374 2401 1448 2).
2429 1401 2448 1424 ι
2487 1375 2658 1431 Justis
2684 1375 2739 1430 in
2766 1377 2925 1446 crelo,
2958 1392 3069 1432 non
3100 1376 3158 1431 in
3189 1384 3333 1432 terra
3363 1392 3569 1432 merces
3656 1442 3663 1448 ,

1974 1463 2338 1533 promittitur.

2048 1561 2132 1616 12.
2176 1562 2314 1634 Lege
2361 1563 2507 1636 quod
2550 1564 2898 1636 scripserim;
2945 1572 2999 1619 et
3028 1563 3155 1620 vide
3198 1579 3267 1620 ne
3315 1563 3460 1637 quod
3492 1564 3564 1621 le-

1974 1650 2150 1722 gendo
2180 1651 2419 1719 miraris,
2450 1652 2693 1709 vivendo
2721 1662 3063 1709 contemnas.
3091 1654 3248 1722 Vale,
3277 1661 3329 1709 et
3355 1669 3455 1709 nos
3485 1653 3566 1709 di-

1975 1739 2101 1811 lige,
2137 1741 2268 1814 quia
2296 1748 2352 1797 te
2380 1748 2443 1797 ut
2475 1741 2655 1797 ﬁlium
2690 1758 2792 1798 nos
2818 1742 3121 1815 diligimus.

1970 1901 2211 1978 matthaai
2261 1904 2382 1959 loco
2421 1903 2480 1978 in
2528 1906 2658 1976 Reg.
2705 1904 2829 1978 cod.
2864 1904 3303 1978 desiderantur;
3354 1906 3411 1978 in
3440 1921 3568 1978 quo

1970 1972 2136 2046 etiam
2186 1984 2308 2046 post
2352 1975 2584 2030 verbum
2612 1972 2964 2046 promittitur
3006 1976 3236 2046 epistola
3276 1972 3492 2033 desinit.
3509 1977 3566 2032 in

1970 1994 2136 2028 etiam
2187 1994 2308 2045 pos;
2352 1994 2584 2030 vernum
2628 1994 2964 2046 promuntur
3006 1994 3033 2032 e
3076 1994 3236 2032 iStOla
3276 1994 3480 2033 uesnnit
3509 1994 3566 2032 in

1970 2042 2120 2118 hunc
2151 2045 2376 2118 modum
2410 2064 2421 2102 :
2486 2047 2610 2102 Vide
2638 2047 2879 2117 quisquis
2914 2048 3007 2102 hoc
3039 1994 3185 2117 iiagis,
3236 2064 3298 2102 ne
3326 2049 3467 2118 quod
3500 2044 3567 2103 ιε.

1967 2115 2130 2186 gendo
2158 2116 2395 2188 respicis,
2442 2115 2664 2173 vivendo
2690 2115 3006 2174 contemnas.
3042 2115 3185 2174 Litus
3216 2115 3351 2174 Deo.—
3376 2119 3563 2176 Amen.

1646 2464 2176 2541 MONITUM.

321 2831 632 2901 Sequentes
658 2827 781 2885 dua:
811 2828 1151 2901 precationes
1179 2828 1238 2884 in
1268 2827 1527 2884 omnibus
1556 2827 1775 2900 quidem
1799 2825 2185 2883 Ambrosianis
2211 2822 2557 2880 editionibus
2579 2822 3015 2895 reperiebantur:
3038 2820 3133 2877 sed
3153 2822 3356 2893 scripta
3373 2839 3560 2881 earum

235 2918 597 2989 exemplaria
625 2935 721 2990 per
764 2935 928 2992 quam
970 2935 1091 2974 rara
1119 2927 1268 2988 sunt,
1308 2926 1362 2975 et
1392 2919 1624 2974 inventu
1658 2916 1928 2974 diﬂicilia.
1970 2914 2140 2971 Nobis
2170 2914 2437 2986 profecto,
2496 2912 2690 2968 forulis
2730 2912 3067 2968 nobiliorum
3100 2912 3560 2969 bibliothecarum

229 3025 364 3065 non
395 3006 753 3079 indiligenter
793 3008 1163 3080 perlustratis,
1212 3007 1648 3080 manuscriptum
1694 3008 1893 3079 prioris
1935 3004 2201 3061 orationis
2251 3002 2500 3069 nullum,
2546 3000 2866 3073 posterioris
2914 3017 3044 3056 vero
3090 3009 3303 3056 tantum
3335 3001 3562 3057 unicum

229 3096 503 3167 detegere
534 3095 711 3152 licuit.
745 3095 902 3163 Quod
949 3103 1333 3168 argumentum
1364 3104 1443 3152 est
1470 3095 1617 3152 haud
1645 3094 1918 3152 mediocre
1950 3094 2077 3149 illos
2105 3109 2138 3147 a
2166 3090 2377 3164 quibus
2411 3088 2581 3146 inter'
2601 3089 2880 3145 Ambrosii
2926 3089 3103 3161 Opera
3132 3090 3371 3161 primum
3402 3088 3565 3145 editae

228 3193 404 3252 sunt,
438 3200 553 3240 non
583 3184 952 3257 frequentium
979 3184 1377 3257 exemplarium
1402 3184 1727 3241 auctoritate
1748 3185 1851 3240 niti
1883 3182 2143 3256 potuisse.
2175 3182 2295 3237 Non
2326 3180 2535 3234 mirum
2566 3179 2735 3251 igitur
2767 3178 2810 3234 si
2835 3196 2867 3234 a
2883 3178 3169 3250 judicibus
3194 3178 3567 3251 sagacioribus

229 3284 484 3348 utraque
510 3283 701 3347 partus
728 3275 1025 3331 adulterini
1057 3275 1179 3332 loco
1209 3274 1397 3331 habita
1425 3275 1630 3342 fuerit;
1663 3275 1879 3332 etiamsi
1907 3272 2050 3331 enim
2086 3271 2263 3344 prima
2290 3287 2401 3326 non
2424 3270 2614 3342 paucis
2642 3272 2887 3326 Doctore
2919 3278 3108 3326 nostro
3133 3270 3252 3326 visa
3276 3270 3349 3325 sit
3377 3269 3562 3341 digna:

226 3371 435 3419 tamen
470 3363 736 3419 attentius
785 3362 1158 3419 consideranti
1206 3371 1260 3419 et
1299 3362 1417 3434 ejus
1446 3365 1625 3436 stylus
1656 3364 1724 3419 ab
1770 3361 2134 3419 Ambrosiano
2166 3362 2392 3433 paulum
2439 3361 2720 3428 diversus,
2762 3369 2816 3416 et
2845 3360 2903 3414 in
2932 3376 2996 3415 ea
3031 3360 3187 3417 citati
3235 3375 3305 3414 ex
3335 3359 3565 3432 antiquo

230 3453 458 3509 foedere
486 3452 593 3508 loci
622 3452 879 3508 nonnulli
910 3469 1035 3509 cum
1067 3453 1217 3508 LXX
1246 3454 1498 3509 versione
1523 3470 1633 3509 non
1656 3468 1956 3525 congruere
1977 3451 2484 3523 deprehenduntur.
2527 3449 2686 3516 Quod
2711 3465 2842 3505 vero
2869 3450 3068 3506 attinet
3096 3449 3163 3505 ad
3182 3450 3562 3522 posteriorem,

231 3544 295 3599 in
332 3558 400 3596 ea
430 3540 730 3613 rejicienda
759 3543 941 3597 minor
969 3548 1051 3597 est
1079 3541 1412 3610 difﬁcultas;
1465 3541 1665 3615 quippe
1695 3559 1835 3615 quae,
1869 3542 1996 3597 licet
2026 3556 2135 3595 non
2168 3540 2481 3612 inelegans,
2526 3536 2906 3594 Ambrosianus
2937 3539 3221 3610 gravitatis
3262 3539 3361 3592 vix
3392 3537 3566 3611 quid-

230 3648 413 3707 quam
450 3647 561 3703 pra:
589 3647 647 3687 se
670 3632 827 3688 ferat.
852 3633 987 3686 Eam
1018 3639 1200 3687 autem
1222 3630 1290 3686 ad
1309 3630 1553 3688 codicem
1578 3632 1980 3688 Floriacensem
2005 3648 2278 3687 annorum
2310 3630 2537 3687 circiter
2559 3631 2662 3688 700
2687 3638 2957 3697 exactam,
2982 3631 3157 3685 multo
3179 3645 3342 3701 quam
3364 3632 3561 3700 fuerat,

228 3720 685 3779 emendatiorem
716 3721 1063 3778 exhibemus.
1096 3721 1366 3780 Caeterum
1390 3723 1551 3779 nobis
1576 3723 1807 3779 minime
1837 3724 2030 3795 placet,
2065 3721 2212 3794 quod
2242 3721 2589 3794 Theophilus
2620 3721 2937 3778 Reinaudus
2965 3729 3255 3793 utramque
3279 3725 3566 3791 eapropter

228 3809 648 3869 Mediolanensi
695 3810 952 3883 episcopo
981 3810 1272 3882 ascriptam
1303 3820 1478 3882 putat,
1527 3812 1655 3884 quia
1688 3811 2029 3868 characteres
2071 3810 2126 3866 S.
2160 3811 2228 3865 A.
2260 3809 2465 3866 eisdem
2497 3810 2843 3866 orationibus
2871 3810 2935 3864 in
2968 3808 3347 3880 manuscripto
3376 3807 3564 3880 aliquo

233 3908 589 3976 praenotatos
618 3899 685 3956 de
712 3907 903 3958 sancto
932 3898 1227 3955 Ambrosio
1271 3900 1542 3973 quispiam
1585 3900 1977 3973 interpretatus
2020 3901 2114 3968 sit,
2162 3916 2288 3956 cum
2321 3916 2418 3972 per
2451 3900 2580 3955 illos
2606 3907 2830 3955 sanctus
2875 3897 3172 3953 Anselmus
3202 3896 3560 3952 indicaretur-

232 3991 557 4048 Euimvero
585 3990 775 4046 utalia
802 3989 1156 4064 quadrarent,
1186 3989 1423 4045 nimium
1453 3990 1618 4046 unius
1646 3990 1788 4046 ratio
1814 3989 2046 4047 dissidet
2073 3989 2141 4046 ab
2169 3990 2360 4057 altera,
2392 4005 2557 4063 quam
2591 3996 2653 4045 ut
2681 3987 2969 4044 ambarum
3000 3985 3255 4043 eumdem
3281 3991 3561 4041 auctorem

233 4080 424 4138 fuisse
447 4080 796 4138 arbitremur.

1038 4369 2220 4520 PREGATIONES
2364 4369 2749 4518 DUM

656 4633 1387 4721 HACTENUS
1469 4628 2178 4719 AMBROSIO
2269 4622 3135 4711 ATTRIBUT/E.

728 4953 1080 5015 PRECATIO
1114 4953 1357 5014 PRIMA.

616 5044 685 5101 In
716 5042 1111 5115 preparations
1145 5042 1220 5097 ad
1254 5041 1494 5101 Missam.

316 5137 376 5193 1.
416 5133 644 5191 Summe
672 5131 924 5189 sacerdos
952 5138 1007 5189 et
1036 5147 1163 5187 vere
1192 5129 1443 5203 pontifex
1462 5130 1590 5187 Jesu
1612 5128 1850 5199 Christe,

225 5226 345 5303 qui
392 5231 451 5280 te
478 5221 732 5279 obtulisti
776 5224 891 5279 Deo
938 5220 1085 5278 Patri
1129 5221 1188 5278 in
1238 5238 1333 5279 ara
1385 5222 1566 5279 crucis
1614 5219 1852 5277 hostiam

226 5329 451 5389 puram
492 5319 549 5368 et
576 5311 987 5368 immaculatam
1028 5326 1129 5383 pro
1173 5310 1334 5368 nobis
1364 5311 1579 5367 miseris
1607 5316 1850 5382 peccato-

230 5405 432 5469 ribus,
482 5407 538 5458 et
580 5401 676 5475 qui
719 5399 923 5457 dedisti
967 5398 1130 5457 nobis
1157 5416 1377 5458 carnem
1407 5407 1559 5457 tuam
1590 5399 1658 5456 ad
1686 5414 1854 5455 man-

227 5491 595 5560 ducandum,
646 5499 703 5547 et
758 5490 1081 5564 sanguinem
1136 5497 1286 5548 tuam
1318 5489 1386 5546 ad
1414 5489 1740 5559 bibendum,
1798 5496 1854 5545 et

230 5579 492 5655 posuisti
533 5580 859 5652 mysterium
892 5580 951 5636 in
987 5580 1196 5637 virtute
1239 5580 1477 5653 Spiritus
1522 5580 1720 5650 sancti,
1753 5580 1852 5638 di-

231 5688 392 5731 cens
423 5688 435 5729 :
481 5672 661 5731 «.Haec
687 5671 1143 5748 quotiescumque
1182 5670 1446 5742 feceritis,
1501 5671 1559 5728 in
1588 5672 1698 5733 mei
1740 5689 1851 5733 me-

1889 4951 1935 5013 C
1969 4948 2202 5005 moriam
2248 4945 2461 5004 facietis
2509 4945 2575 5017 (Ι
2603 4945 2730 5003 Cor.
2769 4959 2852 5015 xx,
2892 4942 3025 5017 25);
3080 4960 3213 5018 rogo
3250 4959 3347 5017 per
3400 4949 3558 4999 tuum

1960 5036 2280 5110 sanguinem
2311 5034 2634 5108 pretiosum,
2667 5049 2927 5106 magnum
2970 5032 3164 5089 salutis
3196 5040 3395 5089 nostra:
3437 5044 3555 5102 pre-

1960 5128 2103 5184 tium
2135 5145 2147 5183 :
2191 5141 2322 5198 rogo
2348 5141 2445 5197 per
2467 5123 2609 5181 hanc
2637 5123 2834 5179 miram
2860 5130 2914 5180 et
2938 5122 3276 5179 inetfabilem
3306 5118 3557 5177 charita-

1960 5226 2094 5288 tem,
2138 5234 2245 5292 qua
2274 5234 2376 5275 nos
2404 5216 2634 5273 miseros
2663 5225 2717 5273 et
2746 5216 3003 5289 indignos
3036 5216 3116 5271 sic
3143 5228 3324 5269 amare
3351 5210 3555 5280 digna-

1961 5316 2051 5365 tus
2085 5324 2168 5377 es,
2221 5315 2285 5364 ut
2325 5307 2537 5363 lavares
2584 5321 2685 5363 nos
2731 5323 2763 5363 a
2806 5303 3046 5379 peccatis
3085 5302 3289 5359 nostris
3331 5298 3389 5353 iu
3432 5311 3553 5352 san-

1961 5406 2127 5479 guine
2152 5399 2285 5474 tuo;
2321 5405 2456 5462 doce
2485 5420 2571 5461 me
2599 5421 2820 5461 servum
2847 5412 3005 5460 tuum
3037 5399 3347 5470 indignum,
3388 5409 3551 5466 quem

1959 5495 2107 5552 inter
2133 5502 2328 5552 caetera
2354 5495 2500 5552 dona
2538 5504 2634 5552 tua
2673 5494 2741 5550 ad
2790 5492 3030 5551 ofﬁcium
3080 5482 3415 5543 sacerdotale
3443 5498 3556 5539 vo-

1959 5600 2081 5642 care
2109 5583 2367 5657 dignatus
2413 5599 2470 5639 es
2495 5583 2666 5639 nullis
2694 5579 2830 5636 meis
2860 5574 3092 5641 meritis,
3151 5572 3246 5629 sed
3279 5572 3397 5628 sola
3422 5570 3555 5646 dig-

1960 5671 2182 5733 natione
2229 5671 2621 5732 misericordiae
2675 5677 2820 5729 tuae;
2880 5666 3013 5725 doce
3056 5678 3165 5739 me,
3213 5677 3419 5740 quaso,
3458 5679 3557 5743 per
