4068 6182
591 289 690 350 831

1522 275 1530 281 ’
1598 294 1694 350 ΑΙ)
1734 291 1969 350 orem
2006 292 2062 349 s.
2103 291 2436 350 AMBROSII
2473 291 2853 350 APPENDIX.
3721 311 3802 370 832

592 421 856 494 Spiritum
891 431 1047 478 tuum
1079 427 1291 475 tantum
1331 417 1655 490 mysterium
1687 426 1920 474 tractare
1947 434 2012 474 ea
2042 435 2189 474 reve-
2218 421 2268 480 A
2298 427 2360 474 ut
2388 419 2609 474 offeram
2647 419 2747 476 tibi
2787 418 3143 485 sacriﬁcium,
3188 421 3329 492 quod
3376 431 3428 478 tu
3474 426 3736 500 instituisti,
3759 447 3798 494 et

593 511 770 566 rentia
797 517 851 564 et
881 509 1111 577 honore,
1147 524 1318 581 eaque
1333 506 1627 564 devotione
1657 517 1709 564 et
1736 507 1961 574 timore,
1989 507 2189 580 quibus

593 607 806 672 oportet
835 606 888 654 et
918 599 1091 654 decet.

669 689 814 746 490
853 684 906 738 2.
948 685 1056 738 Fac
1086 699 1195 751 me,
1241 682 1473 738 Domine
1509 683 1635 738 Jesu
1667 683 1904 751 Christe,
1946 698 2042 755 per
2069 699 2188 756 gra-

590 781 718 837 tiam
763 767 909 836 tu‘am
952 797 1167 853 semper
1208 781 1350 838 illud
1380 780 1448 837 de
1490 789 1646 838 tanto
1676 782 1942 855 mysterio
1970 784 2189 840 credere

589 879 641 926 et
672 870 1009 941 intelligere,
1053 872 1258 926 sentire
1288 881 1340 927 et
1370 871 1604 927 ﬁrmiter
1635 872 1889 941 retinere,
1925 873 2108 929 dicere
2136 879 2190 928 et

589 959 854 1030 cogitare,
905 959 1052 1033 quod
1085 960 1186 1015 tibi
1220 961 1417 1033 placet,
1467 968 1521 1016 et
1551 961 1774 1032 expedit
1801 961 1998 1016 animae
2031 977 2183 1017 mere.

589 1051 768 1106 Intret
797 1049 1037 1122 Spiritus
1068 1059 1198 1109 tuus
1227 1052 1408 1108 bonus
1440 1052 1496 1108 in
1539 1069 1634 1108 cor
1665 1069 1866 1120 meum,
1892 1052 1986 1126 qui
2031 1061 2188 1109 sonet

588 1138 670 1195 ibi
700 1139 820 1195 sine
870 1157 1026 1209 sono,
1069 1150 1123 1196 et
1159 1141 1278 1198 sine
1324 1142 1557 1214 strepitu
1595 1141 1889 1197 verborum
1932 1143 2188 1215 loquatur

588 1243 810 1284 omnem
838 1231 1126 1286 veritatem
1159 1239 1435 1288 tantorum
1469 1231 1878 1304 mysteriorum.
1908 1232 2186 1288 Profunda

585 1325 716 1373 sunt
745 1318 937 1388 nimis,
971 1329 1025 1376 et
1052 1337 1206 1376 sacro
1236 1327 1377 1379 tecta
1405 1321 1699 1377 velamine.

657 1415 708 1470 3.
747 1417 974 1488 Propter
1031 1434 1280 1491 magnam
1336 1421 1684 1476 clementiam
1744 1430 1891 1477 tuam
1949 1421 2185 1478 concede

584 1504 724 1562 mihi
757 1505 923 1562 hodie
945 1515 999 1562 et
1027 1524 1242 1580 semper
1264 1509 1554 1565 missarum
1577 1511 1841 1566 solemnia
1861 1528 1998 1583 puro
2021 1511 2184 1568 corde

583 1603 637 1651 et
663 1611 801 1667 pura
838 1607 1020 1654 mente
1053 1599 1348 1656 celebrare.
1399 1600 1595 1656 Libera
1641 1618 1736 1658 cor
1778 1617 1959 1657 meum
1989 1601 2058 1657 ab
2083 1602 2183 1657 im-

585 1684 814 1740 mundis
844 1695 898 1742 et
944 1687 1220 1756 nefandis,
1270 1689 1427 1745 vanis
1456 1699 1510 1745 et
1547 1690 1804 1746 obnoxiis
1841 1689 2182 1762 cogitationi-

2297 509 2482 564 oﬁ'erri
2505 509 2811 581 praecepisti
2835 510 2890 564 in
2907 511 3465 569 commemorationem
3485 516 3556 570 tui
3574 535 3658 588 pro
3671 524 3808 581 salute

2298 609 2502 654 nostra.
2554 598 2778 670 Suscipe
2824 615 2951 669 ergo
2999 597 3167 667 istud,
3221 615 3414 670 quasso,
3461 620 3646 661 summe
3681 613 3807 683 Deus,

2297 687 2615 744 dulcissime
2644 688 2769 743 Jesu
2801 687 3035 755 Christe,
3078 705 3175 761 pro
3206 689 3442 744 Ecclesia
3473 699 3555 747 tua
3580 707 3750 768 sancta,
3769 713 3809 759 et

2297 795 2395 850 pro
2435 785 2636 834 cuncto
2683 779 2886 850 populo
2933 787 3047 846 tuo,
3096 795 3256 851 quem
3300 781 3562 852 acquisisti
3605 791 3810 860 sanguine

2297 875 2393 924 tuo
2421 867 2680 940 pretioso.
2734 869 2804 924 Et
2849 869 3108 940 quoniam
3157 886 3243 924 me
3293 881 3601 941 peccatorem
3637 877 3750 933 inter
3772 891 3808 937 te

2295 965 2350 1012 et
2381 957 2633 1012 eumdem
2684 959 2952 1030 populum
3007 957 3250 1014 medium
3299 975 3410 1015 esse
3459 963 3677 1033 voluisti,
3719 969 3812 1025 licet

2295 1049 2354 1104 in
2383 1063 2468 1104 me
2498 1048 2630 1104 boni
2661 1049 2850 1120 operis
2879 1048 3258 1105 testimonium
3294 1066 3400 1105 non
3445 1067 3691 1124 agnoscas,
3726 1059 3808 1115 olli-

2294 1139 2441 1196 cium
2487 1138 2918 1211 dispensationis
2965 1139 3190 1195 creditae
3240 1155 3350 1195 non
3383 1156 3599 1211 recuses,
3644 1162 3726 1202 nec
3747 1164 3813 1218 per

2295 1245 2382 1284 me
2413 1229 2702 1300 indignum
2753 1227 3022 1282 famulum
3064 1235 3218 1282 tuum
3250 1243 3437 1282 eorum
3466 1230 3640 1287 salutis
3678 1245 3812 1304 pereat

2293 1321 2554 1395 pretium,
2578 1338 2677 1394 pro
2709 1320 2911 1394 quibus
2939 1320 3168 1376 victima
3199 1321 3396 1388 factus,
3419 1323 3653 1379 salutaris
3676 1325 3814 1398 digna-

2293 1419 2383 1466 tus
2431 1426 2488 1465 es
2534 1427 2648 1466 esse
2698 1409 3020 1481 redemptio.
3072 1409 3300 1464 Profero
3347 1425 3489 1481 ergo,
3535 1412 3748 1479 Domine,
3783 1417 3814 1470 si

2292 1499 2538 1572 dignaris
2595 1499 2869 1572 propitius
2923 1499 3129 1554 intueri
3186 1498 3566 1554 tribulationes
3609 1501 3814 1572 plebium,
3953 1565 3956 1572 ι

2293 1588 2537 1661 pericula
2565 1589 2920 1661 populorum,
2939 1587 3287 1659 captivorum
3313 1588 3586 1660 gemitum,
3602 1590 3817 1645 miseriam

2291 1678 2687 1750 orphanorum,
2743 1676 3093 1734 necessitates
3151 1677 3580 1748 peregrinorum,
3634 1679 3820 1751 impiam

585 1773 708 1828 bus,
764 1774 915 1828 Muni
951 1791 1035 1830 me
1064 1775 1346 1831 beatorum
1379 1779 1696 1849 angelorum
1731 1779 1819 1851 pia
1848 1787 1901 1834 ει
1945 1779 2053 1834 ﬁda
2081 1789 2180 1836 ιιι..
2211 1789 2258 1848 Β
2293 1768 2582 1837 debilium,
2630 1768 3040 1840 desperationes
3071 1769 3478 1841 languentium,
3523 1770 3736 1827 defectus
3757 1788 3822 1826 se-

581 1863 714 1928 tela,
745 1871 908 1935 atque
941 1863 1242 1920 fortissima
1287 1867 1574 1934 custodia;
1617 1876 1679 1922 ut
1709 1867 1892 1924 hostes
1929 1869 2176 1924 omnium

579 1948 851 2005 bonorum
890 1951 1103 2008 confusi
1135 1953 1418 2010 discedant
1460 1971 1555 2027 per
1589 1955 1858 2012 virtutem
1895 1957 2031 2012 tanti
2064 1973 2179 2029 my-

580 2037 757 2103 sterii,
807 2049 860 2096 et
893 2057 988 2112 per
1026 2058 1249 2098 manum
1297 2045 1473 2100 sancti
1519 2045 1698 2114 angeli
1741 2045 1846 2101 tui.
1902 2046 2120 2118 Repelle
2149 2064 2180 2102 a

577 2145 685 2196 me,
719 2130 954 2186 Domine
1005 2132 1132 2188 Jesu
1164 2132 1402 2202 Christe,
1454 2142 1507 2190 et
1536 2152 1567 2190 a
1609 2135 1824 2192 cunctis
1867 2137 2040 2190 servis
2069 2134 2178 2192 tuis

575 2215 940 2276 durissimum
992 2222 1252 2294 spiritum
1295 2224 1584 2296 superbiat,
1645 2225 1984 2294 cenodoxiaa,
2035 2225 2176 2281 invi-

575 2303 701 2374 dire,
744 2307 1068 2374 iracundiae,
1119 2311 1505 2368 fornicationis
1551 2321 1605 2368 et
1636 2313 2028 2379 immunditiae,
2077 2314 2174 2370 du-

574 2393 794 2451 bietatis
824 2403 878 2452 et
904 2397 1279 2470 blasphemiae.
1306 2400 1730 2457 Confundantur
1749 2403 1843 2475 qui
1873 2419 1974 2458 nos
1999 2420 2174 2476 perse-

575 2490 842 2554 quuntur,
877 2495 1099 2558 pereant
1153 2487 1235 2542 illi
1275 2489 1368 2560 qui
1411 2499 1609 2545 cuncta
1637 2491 1861 2561 perdere
1888 2490 2169 2547 festinant.

575 2571 690 2627 Rex
721 2573 1014 2641 virtutum,
1049 2575 1323 2633 castitatis
1352 2585 1405 2633 et
1435 2579 1766 2650 integritatis
1795 2589 2006 2636 amator
2025 2587 2164 2643 491

571 2667 736 2738 Deus,
777 2671 983 2727 caelesti
1033 2689 1155 2728 rore
1189 2673 1590 2732 benedictionis
1628 2684 1734 2732 tua:
1781 2678 2069 2751 exstingue
2111 2680 2170 2736 in

568 2774 800 2830 corpore
832 2777 954 2817 meo
983 2769 1160 2818 totum
1205 2764 1455 2821 fomitem
1485 2765 1766 2822 ardentem
1811 2767 2079 2836 libidinis,
2109 2777 2171 2826 ut

571 2858 788 2905 maneat
817 2849 874 2905 in
906 2867 992 2906 me
1022 2861 1180 2908 tenor
1215 2854 1387 2910 totius
1431 2855 1700 2912 castitatis
1745 2855 1942 2912 animae
1973 2865 2026 2913 et
2052 2875 2166 2914 cor-

568 2938 746 3009 poris.
801 2939 1073 2996 Mortiﬁca
1119 2941 1178 2996 in
1226 2959 1312 2998 me
1343 2945 1525 3000 carnis
1572 2945 1846 3015 stimulos,
1886 2955 1940 3002 et
1976 2963 2168 3004 omnes

567 3023 822 3082 libidinis
850 3029 1269 3098 commotiones,
1304 3039 1358 3087 et
1385 3031 1454 3088 da
1485 3031 1624 3088 mihi
1670 3050 1852 3090 veram
1885 3043 1938 3091 et
1965 3051 2167 3108 perpe-

2292 1875 2450 1928 num,
2499 1859 2736 1931 suspiria
2781 1857 3075 1930 juvenum,
3124 1866 3255 1914 vota
3307 1859 3597 1932 virginum,
3641 1861 3823 1916 lamenta
3953 1868 3959 1960 χ

2289 1948 2582 2002 viduarum
2612 1965 2625 2014 ;
2668 1954 2731 2002 tu
2760 1948 2906 2002 enim
2940 1948 3218 2004 misereris
3248 1950 3525 2018 omnium,
3550 1950 3770 2014 Domine,
3789 1959 3826 2004 et

2289 2035 2429 2072 nam
2465 2035 2632 2072 nam;
2665 2035 2917 2072 ηπηηςιπη
2949 2052 3068 2072 mm
3100 2037 3285 2072 ξορεας
3344 2037 3632 2072 “omnm...
3658 2055 3754 2072 ηινη
3775 2039 3822 2072 ος.

2289 2035 2431 2092 nihil
2465 2035 2633 2092 odisti
2665 2035 2918 2092 omnium
2949 2052 3069 2109 quae
3100 2037 3311 2094 fecisti.
3344 2037 3632 2094 Memorare
3658 2055 3754 2110 qua
3775 2039 3824 2094 sit
3953 2035 3961 2130 ‘1

2287 2133 2473 2180 nostra
2529 2124 2862 2193 substantia,
2920 2125 3052 2198 quia
3105 2134 3165 2181 tu
3219 2126 3389 2181 Pater
3445 2134 3622 2182 noster
3662 2143 3734 2192 es;
3781 2143 3828 2181 ne

2287 2213 2538 2269 irascaris
2575 2215 2726 2282 satis,
2778 2231 2956 2288 neque
2994 2215 3425 2271 multitudinem
3457 2217 3705 2272 viscerum
3730 2225 3825 2271 tuo-

2285 2320 2406 2359 rum
2439 2320 2603 2375 super
2630 2321 2730 2360 nos
2759 2304 3064 2360 contineas.
3107 2305 3228 2360 Non
3281 2305 3432 2361 enim
3465 2305 3522 2360 in
3544 2305 3828 2376 justiﬁcatie

2283 2392 2448 2447 nibus
2479 2393 2680 2449 nostris
2728 2394 3132 2465 prosternimus
3166 2409 3362 2466 preces
3407 2403 3612 2451 nostras
3652 2403 3756 2449 ante
3774 2393 3828 2446 fa-
3957 2403 3961 2478 ς

2281 2481 2420 2537 ciem
2452 2490 2623 2550 tuam,
2648 2481 2743 2538 sed
2773 2484 2829 2538 in
2861 2483 3317 2540 miserationibus
3347 2484 3460 2541 tuis
3487 2483 3683 2540 multis.
3704 2482 3830 2538 Aufer

2281 2587 2311 2626 a
2335 2571 2516 2640 nobis,
2547 2572 2805 2640 Domine,
2854 2571 3174 2645 iniquitates
3204 2581 3448 2641 nostras,
3481 2582 3534 2628 et
3560 2573 3720 2645 ignem
3742 2587 3828 2626 san-

2279 2659 2354 2716 cti
2399 2660 2638 2733 Spiritus
2676 2661 2734 2716 in
2769 2663 2930 2718 nobis
2957 2663 3268 2719 clementer
3297 2663 3554 2720 accende.
3594 2661 3742 2717 Aufer
3765 2676 3831 2716 cor
3961 2701 3966 2776 ν

2279 2749 2551 2776 ιιι-άλλη...
2588 2749 2652 2776 AA
2688 2767 2848 2776 ...ι-ν...
2882 2761 3063 2776 .....-a_-
3134 2761 3181 2776 Α..
3214 2752 3282 2776 ,1-
3313 2753 3477 2776 _._L:_
3512 2769 3598 2776 ..Α-
3626 2766 3827 2776 -.ι-...η-..η

2279 2749 2553 2821 lapideum
2586 2749 2653 2806 de
2684 2767 2850 2806 carne
2882 2761 3089 2821 nostra,
3130 2761 3184 2808 et
3211 2752 3288 2808 da
3313 2753 3480 2809 nobis
3507 2769 3598 2808 cor
3623 2766 3828 2807 carneuui

2277 2837 2424 2909 quod
2452 2846 2506 2894 te
2539 2839 2749 2908 timeat,
2783 2839 2978 2912 diligat
3004 2848 3058 2896 et
3088 2840 3451 2909 honoriﬁcet,
3485 2849 3535 2897 te
3561 2841 3830 2902 delectetur,

2277 2934 2329 2982 te
2379 2935 2660 3000 sequatur,
2714 2937 2767 2984 et
2811 2936 2865 2984 te
2915 2929 3251 3001 perfruatur.
3315 2931 3572 2996 Oramus,
3629 2926 3832 2989 Domine,

2275 3014 2621 3072 clementiam
2657 3024 2828 3086 tuam,
2885 3027 2945 3074 ut
2977 3035 3169 3074 sereno
3217 3019 3392 3075 vultu
3436 3017 3691 3074 familiam
3718 3023 3832 3069 tuam

572 3125 720 3172 tuam
751 3118 1056 3175 castitatem
1110 3137 1234 3176 cum
1277 3123 1487 3179 caeteris
1527 3123 1688 3180 donis
1718 3126 1849 3193 tuis,
1899 3104 2021 3198 quae
2062 3104 2163 3181 tibi

2273 3104 2414 3161 sacri
2478 3105 2560 3161 tui
2628 3105 2871 3162 nominis
2927 3107 3108 3164 oﬂicia
3164 3109 3588 3179 praastolantem
3645 3104 3836 3174 aspicere

2589 3195 2654 3212 η,
2736 3202 2751 3212 ,
3251 3198 3287 3212 ._
3512 3203 3524 3212 ,
3670 3190 3832 3212 ﬂ...“

573 3204 825 3276 placeant
866 3207 920 3264 in
970 3209 1239 3277 veritate;
1295 3219 1357 3267 ut
1401 3211 1732 3269 sacriﬁcium
1783 3213 1960 3270 laudis
2009 3221 2157 3271 casto

560 3311 792 3368 corpore
818 3305 872 3354 et
896 3299 1110 3356 "mundo
1139 3301 1301 3357 corde
1331 3303 1539 3358 valeam
1568 3302 1669 3358 tibi
1701 3304 1915 3360 offerre.

633 3395 685 3453 4.
728 3397 941 3465 Quanta
996 3401 1165 3470 enim,
1222 3403 1456 3459 Domine
1509 3403 1636 3460 Jesu
1689 3403 1927 3474 Christe,
1976 3404 2157 3462 cordis

558 3485 918 3556 contritione,
941 3495 994 3544 et
1026 3489 1394 3562 lacrymarum
1417 3491 1589 3560 fonte,
1620 3501 1824 3566 quanta
1851 3494 2159 3551 reverentia

560 3578 616 3628 et
643 3581 901 3642 tremore,
927 3585 1131 3648 quanta
1151 3580 1397 3652 corporis
1426 3582 1698 3650 castitate,
1729 3590 1783 3638 et
1808 3583 1980 3638 animi
2009 3584 2156 3656 puri-

559 3667 671 3717 tate
706 3662 856 3719 istud
886 3663 1142 3721 divinum
1191 3676 1243 3724 et
1285 3670 1504 3726 cmleste
1544 3671 1876 3728 sacriﬁcium
1906 3680 1988 3730 est
2013 3675 2155 3730 cele-

559 3749 872 3824 brandum;
924 3755 1019 3811 ubi
1059 3773 1187 3812 caro
1231 3765 1326 3814 tua
1375 3759 1432 3814 in
1479 3761 1712 3816 veritate
1748 3763 2005 3832 sumitur,
2058 3763 2154 3820 ubi

558 3843 780 3914 sanguis
814 3851 941 3900 tuus
972 3845 1030 3902 in
1073 3847 1303 3906 veritate
1346 3849 1576 3920 bibitur,
1627 3852 1722 3908 ubi
1766 3869 1982 3910 summa
2027 3855 2156 3912 imis

558 3939 864 4004 unguntur,
898 3935 995 3992 ubi
1047 3937 1198 3994 adest
1242 3941 1532 4011 presentia
1573 3951 1886 3999 sanctorum
1929 3946 2152 4016 angelo-

554 4040 702 4094 rum,
723 4027 820 4083 ubi
850 4036 910 4084 tu
939 4045 995 4085 es
1024 4031 1277 4088 sacerdos
1305 4041 1358 4088 et
1387 4033 1719 4091 sacriﬁcium
1753 4035 2081 4092 mirabiliter
2100 4047 2154 4094 et

554 4114 910 4174 ineffabiliter
939 4121 1313 4178 constitutusl
1366 4123 1501 4190 Quis
1531 4124 1694 4196 digne
1745 4125 1848 4181 hoc
1879 4126 2151 4184 celebrare

557 4207 781 4276 poterit,
806 4209 913 4265 nisi
945 4217 1024 4278 tu,
1048 4212 1194 4267 Deus
1219 4212 1590 4284 omnipotens,
1613 4214 1928 4271 offerentem
1958 4216 2151 4272 feceris

551 4293 783 4369 dignum
807 4300 836 4356 ?
876 4299 1023 4366 Scio,
1055 4309 1109 4357 et
1141 4318 1267 4357 vere
1301 4302 1437 4371 scio,
1483 4311 1538 4359 et
1580 4303 1759 4376 ipsum
1808 4305 1996 4377 pietati
2041 4314 2148 4362 tuae

551 4386 820 4443 conﬁteor
850 4391 978 4460 quia
1017 4407 1128 4446 non
1169 4408 1291 4447 sum
1324 4391 1523 4463 dignus
1553 4394 1806 4450 accedere
1834 4394 1902 4449 ad
1935 4404 2150 4467 myste-

553 4473 696 4529 rium
729 4483 945 4533 tantum
975 4487 1197 4551 propter
1217 4480 1388 4536 nimia
1417 4491 1636 4554 peccata
1668 4498 1805 4552 mea,
1828 4492 1882 4540 et
1902 4483 2148 4540 inﬁnitas

550 4563 911 4636 negligentias
955 4584 1120 4624 meas.
1170 4569 1276 4625 Sed
1317 4571 1431 4627 scio
1462 4573 1752 4638 veraciter,
1803 4580 1856 4627 et
1885 4572 2048 4629 credo
2075 4589 2145 4628 ex

548 4660 668 4711 toto
696 4654 858 4712 corde
906 4665 960 4712 et
993 4674 1086 4713 ore
1135 4659 1423 4728 conﬁteor,
1473 4661 1603 4732 quia
1641 4668 1794 4733 potes
1846 4678 1932 4717 me
1972 4662 2150 4718 facere

551 4741 814 4816 dignum;
849 4746 944 4819 qui
972 4747 1122 4803 solus
1143 4755 1295 4820 potes
1321 4749 1588 4805 mundum
1615 4751 1792 4807 facere
1819 4751 1884 4807 de
1913 4750 2149 4806 immun-

547 4834 618 4891 do
649 4844 973 4908 conceptum
1008 4838 1239 4907 semine,
1269 4839 1336 4895 de
1363 4841 1740 4912 peccatoribus
1769 4841 1945 4898 facere
1968 4840 2149 4914 jnstos

550 4932 606 4980 et
636 4934 871 4982 sanctos.
925 4927 1026 4982 Per
1057 4925 1198 4982 hanc
1227 4928 1682 5000 omnipotentiam
1715 4937 1866 4985 tuam
1895 4937 1948 4985 te
1994 4947 2144 5001 rogo,

549 5020 612 5068 ut
641 5015 909 5070 concedas
940 5015 1084 5072 mihi
1115 5019 1389 5088 peccatori
1425 5017 1530 5074 hoc
1555 5020 1775 5076 caeleste
1815 5017 2147 5075 sacriﬁcium

555 5103 831 5159 celebrare
872 5121 996 5160 cum
1028 5105 1226 5161 timore
1255 5115 1308 5162 et
1338 5114 1594 5177 tremore,
1638 5124 1762 5164 cum
1790 5106 1970 5163 cordis
1999 5105 2148 5178 puri-

552 5201 683 5260 tate,
718 5201 772 5249 et
805 5195 1172 5268 lacrymarum
1203 5196 1375 5263 fonte,
1408 5213 1532 5252 cum
1575 5196 1768 5253 Iustitia
1804 5195 2061 5268 spiritali,
2093 5204 2146 5252 et

545 5284 758 5341 caelesti
788 5285 1005 5356 gaudio.
1040 5285 1252 5342 Sentiat
1283 5302 1437 5342 mens
1467 5302 1587 5342 mea
1627 5285 1975 5342 dulcedinem
2005 5284 2144 5340 bea-

540 5373 770 5430 tissimm
801 5375 1103 5446 praesentiae
1122 5382 1252 5443 tuae,
1281 5383 1333 5430 et
1354 5375 1615 5432 excubias
1643 5381 1957 5431 sanctorum
1985 5388 2143 5446 ange'

549 5461 728 5519 lorum
764 5471 988 5519 tuorum
1021 5464 1080 5520 in
1110 5462 1349 5520 circuitu
1379 5479 1518 5519 meo.

609 5561 664 5617 ὅ.
706 5563 824 5633 Ego
873 5562 1046 5632 enim,
1092 5562 1350 5631 Domine,
1400 5578 1611 5618 memor
1647 5561 1973 5620 veneranda:
2019 5577 2141 5636 pas-

542 5650 723 5708 sionis
754 5659 862 5707 tuae
906 5653 1106 5711 accedo
1152 5653 1221 5712 ad
1259 5653 1429 5710 altare
1458 5662 1638 5724 tuum,
1683 5652 1812 5712 licet
1855 5659 2136 5727 peccator;

2276 3192 2539 3264 digneris.
2587 3195 2658 3250 Et
2693 3202 2755 3250 ut
2796 3195 3008 3251 nullius
3055 3196 3130 3252 sit
3162 3195 3394 3253 irritum
3433 3203 3646 3262 votum,
3670 3190 3834 3247 nullius

2268 3299 2440 3338 vacua
2471 3284 2788 3355 postulatio,
2823 3295 2883 3342 tu
2913 3285 3074 3341 nobis
3107 3301 3303 3358 preces
3330 3301 3584 3358 suggere,
3613 3298 3733 3356 quas
3755 3280 3837 3351 ipse

2267 3370 2458 3427 audire
2497 3375 2770 3445 propitius
2801 3382 2854 3430 et
2883 3375 3147 3431 exaudire
3176 3375 3503 3432 delecteris.

2338 3478 2390 3534 6.
2433 3480 2706 3552 Rogamus
2729 3483 2894 3538 etiam
2926 3489 2998 3551 te,
3031 3491 3216 3540 sancte
3251 3484 3444 3552 Pater,
3476 3499 3576 3556 pro
3605 3476 3839 3553 spiritibus

2265 3541 2958 3640 ﬁdeliumvdefunctorum,
2982 3541 3074 3628 'ut
3117 3570 3190 3628 sit
3234 3572 3360 3628 illis
3389 3541 3543 3628 salus
3574 3541 3772 3632 aeterna,
3795 3578 3837 3616 ac

2266 3666 2528 3731 perpetua
2555 3661 2781 3730 sanitas,
2815 3661 3076 3734 gaudium
3106 3669 3161 3718 et
3189 3663 3571 3736 refrigerium
3610 3656 3840 3728 sempiter-
3965 3659 3972 3736 ς

2265 3765 2420 3818 num,
2465 3749 2572 3807 hoc
2615 3767 2876 3823 magnum
2916 3751 3134 3822 pietatis
3173 3761 3624 3810 sacramentum.
3654 3745 3838 3804 Domine

2264 3839 2409 3893 Deus
2440 3854 2612 3906 meus,
2646 3839 2718 3894 sit
2744 3839 2858 3896 illis
2884 3839 3048 3896 hodie
3079 3858 3354 3914 magnum
3386 3851 3445 3899 et
3494 3842 3712 3915 plenum
3738 3850 3842 3907 gau-

2263 3925 2418 3982 dium
2449 3927 2517 3983 de
2548 3935 2603 3982 te
2633 3944 2772 4000 pane
2802 3929 2933 3985 vivo
2962 3939 3016 3986 et
3041 3946 3194 3998 vero,
3242 3931 3349 4004 qui
3381 3931 3454 3988 de
3487 3932 3627 3988 caelo
3654 3928 3840 3984 descen-

2261 4015 2415 4084 disti,
2464 4023 2520 4072 et
2564 4017 2662 4073 das
2711 4017 2882 4073 vitam
2935 4019 3162 4087 mundo,
3220 4020 3296 4077 de
3359 4037 3537 4078 carne
3596 4025 3767 4076 sancta
3807 4018 3844 4065 ει

2260 4107 2568 4178 benedicta,
2601 4111 2727 4183 agni
2759 4110 3019 4168 videlicet
3049 4111 3419 4169 immaculatl
3463 4113 3564 4186 qui
3595 4110 3732 4168 tollis
3755 4121 3839 4179 pec-
3961 4117 3974 4192 tl

2261 4208 2443 4256 catum
2475 4203 2690 4270 mundi,
2715 4212 2769 4259 et
2790 4204 2967 4276 potari
2995 4205 3061 4261 de
3085 4204 3241 4261 fonte
3263 4206 3506 4278 pietatis
3526 4215 3655 4272 tuae,
3681 4201 3762 4276 qui
3778 4212 3842 4271 Ρεῐ

2261 4289 2508 4346 lanceam
2539 4292 2736 4348 militis
2761 4293 2828 4348 de
2854 4294 3020 4349 latere
3049 4296 3343 4351 emanavit
3373 4294 3639 4353 cruciﬁxi
3668 4285 3840 4348 Domini

2261 4379 2466 4446 nostri;
2500 4389 2561 4437 ut
2589 4383 2859 4438 consolati
2893 4383 3177 4439 exsultent
3208 4384 3276 4440 in
3310 4383 3489 4441 laude
3520 4391 3576 4441 et
3605 4379 3760 4457 gloria
3779 4385 3843 4431 tua

2257 4477 2467 4524 sancta.

2333 4568 2383 4622 7.
2428 4567 2579 4636 Peto,
2603 4569 2858 4637 Domine,
2888 4567 3244 4625 clementiam
3281 4578 3480 4638 tuam,
3508 4578 3574 4628 ut
3601 4561 3843 4626 descendat

2260 4672 2422 4728 super
2454 4657 2604 4714 hunc
2633 4674 2828 4730 panem
2861 4665 2915 4713 et
2944 4657 3168 4714 calicem
3203 4658 3395 4716 istum
3428 4657 3716 4733 plenitudo
3739 4649 3843 4709 diti.

2261 4745 2450 4802 nitatis
2485 4755 2610 4803 tuae.
2657 4747 2965 4804 Descendat
3008 4747 3194 4816 etiam,
3247 4751 3534 4820 Domine,
3582 4749 3675 4806 illa
3711 4738 3843 4802 sancti

2259 4836 2498 4908 Spiritus
2520 4837 2608 4892 tui
2641 4836 2943 4892 invisibilis
2975 4837 3171 4906 forma,
3193 4848 3256 4895 et
3291 4829 3844 4913 incomprehensibilis

2259 4925 2536 4998 majestas,
2567 4926 2715 4982 sicut
2745 4926 3024 4998 quondam
3058 4927 3116 4983 in
3150 4927 3402 4985 Patrum
3437 4929 3652 4986 hostias
3670 4925 3842 4981 descen-

2257 5013 2438 5083 debat,
2489 5016 2582 5088 qui
2618 5025 2671 5072 et
2701 5015 3007 5072 oblationes
3052 5025 3279 5075 nostras
3326 5036 3547 5094 corpus
3593 5027 3645 5074 et
3673 5006 3843 5082 επιειιῦ

2254 5119 2380 5160 nem
2428 5114 2584 5160 tuum
2642 5107 2863 5174 eﬁiciat,
2919 5115 2974 5162 et
3028 5122 3114 5161 me
3167 5107 3496 5182 indignum
3554 5103 3839 5164 sacerdotem

2261 5199 2418 5249 tuum
2473 5194 2665 5251 doceat
2723 5202 2935 5250 tantum
2984 5203 3218 5252 tractare
3278 5201 3652 5272 mysterium,
3705 5193 3768 5245 ita
3802 5191 3844 5238 ῐιί

2260 5285 2473 5356 placide
2501 5302 2566 5342 ac
2596 5284 2830 5358 benigne
2851 5283 3178 5355 sacriﬁcium
3215 5289 3517 5361 suscipias
3547 5287 3614 5344 de
3639 5276 3842 5338 manibus

2255 5376 2391 5430 meis
2417 5373 2485 5429 ad
2515 5376 2747 5430 salutem
2776 5374 3027 5430 omnium
3056 5381 3168 5430 tam
3196 5376 3489 5434 vivorum
3511 5391 3672 5451 quam
3693 5367 3842 5427 defun-

2249 5472 2488 5520 ctorum.
2530 5467 2678 5537 Rogo
2715 5473 2787 5532 te,
2828 5468 2974 5528 492
3005 5463 3273 5534 Domine,
3332 5483 3440 5540 per
3487 5469 3664 5539 ipsum
3691 5470 3838 5516 sacro-

2252 5567 2503 5618 sanctum
2533 5562 2857 5634 mysterium
2901 5561 3149 5635 corporis
3175 5568 3240 5616 et
3291 5563 3602 5637 sanguinis
3630 5559 3724 5625 tui,
3761 5563 3840 5623 quo

2249 5651 2497 5726 quotidie
2515 5652 2575 5710 in
2603 5653 2853 5711 Ecclesia
2879 5659 2972 5710 tua
2992 5651 3284 5726 pascimur
3317 5662 3381 5711 et
3415 5662 3692 5728 potam”,
3715 5641 3836 5700 εδιιι.
