4020 6200
191 292 293 349 833

1480 275 1965 338 PRECATIONES
2004 275 2192 333 DUIE.

3385 277 3491 334 834

193 417 333 471 imur
357 421 410 470 et
437 411 864 480 sanctificamur,
896 418 1059 482 atque
1089 409 1260 466 unius
1284 417 1391 466 tuae
1440 421 1775 478 summaeque
1809 408 1857 467 Α
1885 401 2122 474 Spiritus
2142 410 2366 460 sanctus
2397 421 2409 459 :
2434 402 2528 459 sed
2562 403 2720 459 Pater
2739 403 2798 458 in
2828 402 2971 458 Filio
2993 411 3047 460 et
3071 403 3284 476 Spiritu
3300 413 3490 463 sancto

191 502 491 560 divinitatis
521 501 814 574 participes
860 499 1130 556 efﬁcimur
1157 518 1170 566 ;
1201 505 1467 570 quatenus
1499 498 1596 553 des
1638 495 1779 550 mihi

192 595 416 649 virtutes
459 600 582 648 tuas
638 598 874 657 sanctas,
919 588 1119 662 quibus
1165 589 1426 660 repletus,
1452 586 1598 642 bona
1635 601 1780 642 con—

190 683 410 740 scientia
436 683 503 738 ad
530 684 699 738 altare
715 689 870 737 tuum
895 680 1166 747 accedam,
1187 681 1264 734 ita
1292 678 1473 734 uthaec
1529 676 1780 734 coelestia

188 782 520 830 sacramenta
561 771 870 828 efﬁciantur
899 770 1035 826 mihi
1067 771 1213 825 salus
1250 777 1304 825 et
1342 769 1477 824 vita.
1511 767 1594 822 Tu
1631 765 1778 822 enim

187 863 375 919 dixisti
405 881 497 920 ore
525 870 623 919 tuo
672 870 862 918 sancto
907 869 961 918 et
997 861 1288 916 benedicto
1321 878 1333 916 :
1380 885 1397 906 ε
1420 858 1582 914 Panis
1617 873 1778 931 quem

185 969 281 1024 ego
310 951 531 1021 dedero,
562 969 688 1009 caro
720 968 838 1006 mea
875 958 956 1007 est
985 967 1085 1022 pro
1115 949 1310 1005 mundi
1341 950 1456 1004 vita
1485 949 1666 1014 (Joan.
1695 963 1775 1014 v1,

185 1043 298 1116 52).
332 1067 350 1090 ι
393 1045 482 1112 Et,
530 1068 547 1091 ι
577 1042 683 1109 Qui
724 1041 1017 1098 manducat
1045 1057 1151 1108 me,
1184 1041 1301 1095 vita
1347 1039 1500 1094 vivet
1551 1046 1777 1110 propter

103 1127 110 1130 ’
186 1153 289 1205 me,
323 1138 438 1210 ipse
458 1145 641 1194 manet
669 1137 729 1192 in
766 1153 873 1202 me,
904 1144 957 1192 et
982 1153 1079 1208 ego
1108 1136 1167 1191 in
1197 1151 1281 1190 eo.
1312 1135 1426 1205 Ego
1455 1150 1577 1188 sum
1624 1130 1780 1204 panis

185 1225 348 1282 vivus
377 1227 471 1300 qui
495 1227 562 1284 de
593 1227 732 1283 cmlo
769 1225 1027 1282 descendi
1063 1245 1074 1281 :
1103 1225 1149 1280 si
1194 1224 1318 1296 quis
1363 1221 1779 1279 manducaverit

183 1332 248 1370 ex
280 1315 386 1373 hoc
407 1333 562 1388 pane,
595 1316 746 1373 vivet
792 1316 850 1371 in
893 1324 1159 1372 aeternum
1194 1313 1359 1387 (Ibid.
1406 1313 1496 1380 58,
1540 1310 1630 1380 57,
1685 1310 1776 1378 51,

183 1404 296 1477 52).
332 1429 351 1451 .

251 1495 303 1551 8.
336 1495 502 1551 Panis
529 1493 870 1562 dulcissime,
902 1508 1035 1550 sana
1061 1491 1304 1563 palatum
1334 1491 1517 1548 cordis
1549 1490 1676 1558 mei,
1717 1498 1778 1546 ut

182 1583 412 1640 sentiam
444 1584 772 1640 suavitatem
803 1583 1008 1638 amoris
1044 1581 1127 1638 tui
1162 1601 1174 1638 :
1209 1597 1340 1637 sana
1382 1580 1450 1636 ab
1481 1581 1634 1636 omni
1666 1581 1778 1635 lan-

180 1689 362 1744 guore,
413 1681 474 1728 ut
504 1674 714 1728 nullam
746 1681 943 1744 praeter
983 1680 1036 1728 te
1067 1688 1243 1727 amem
1277 1669 1773 1742 pulchritudinem.

1890 493 2068 549 Filius
2102 493 2160 548 in
2193 495 2354 550 Patre
2409 501 2464 548 et
2505 492 2714 565 Spiritu
2761 501 2970 560 sancto,
3003 492 3240 565 Spiritus
3271 504 3491 553 sanctus

1891 583 1950 638 in
1988 583 2147 638 Patre
2189 590 2244 638 et
2285 582 2431 638 Filio
2463 589 2580 649 est;
2614 581 2744 654 quia
2779 581 2922 637 sicut
2951 589 3064 649 tua,
3107 585 3251 641 Deus
3284 593 3488 656 noster,

1888 679 2086 726 natura
2113 687 2373 743 personas
2420 672 2640 743 recipit,
2689 672 2769 728 sic
2797 680 2978 744 partes
3005 688 3349 746 nequaquam
3379 676 3490 731 ad-

1891 764 2102 820 mittit:
2141 764 2230 820 cui
2276 780 2377 820 nec
2423 779 2606 834 supra,
2651 778 2752 819 nec
2787 763 3002 830 subtus,
3033 770 3160 819 ante
3201 765 3286 819 vel
3346 773 3494 821 retro

1889 855 2170 922 convenit,
2209 855 2338 927 quia
2381 870 2674 926 corporum
2724 853 3058 909 lineamenta
3110 871 3221 911 non
3275 855 3491 925 recipit.

1889 944 2043 1002 Unde
2088 952 2142 1000 et
2187 951 2300 1000 tota
2334 944 2592 999 omnibus
2637 943 2694 998 in
2745 943 2879 1000 locis
2917 943 3034 999 sine
3075 945 3198 999 loco
3229 944 3491 1012 habetur,

1889 1051 1990 1091 nec
2019 1043 2200 1090 tamen
2236 1041 2354 1090 tota
2380 1031 2897 1104 comprehenditur;
2933 1039 3050 1088 tota
3087 1049 3330 1106 namque
3357 1033 3494 1088 ubi—

1889 1141 1993 1198 que
2027 1124 2276 1191 habetur,
2311 1123 2441 1196 quia
2469 1122 2713 1194 profecto
2760 1139 2882 1194 pars
2930 1139 3054 1178 mea
3082 1124 3240 1178 nulla
3278 1123 3495 1194 reperi-

1889 1221 1979 1269 tur
2012 1232 2023 1270 :
2056 1221 2171 1269 tota
2195 1219 2378 1268 autem
2407 1228 2518 1267 non
2539 1211 3054 1283 comprehenditur,
3077 1212 3207 1284 quia
3233 1212 3495 1268 videlicet

1888 1320 2013 1361 cum
2071 1303 2129 1358 in
2175 1301 2441 1359 creaturis
2480 1301 2778 1374 unicuique
2808 1309 2922 1357 tota
2956 1317 3192 1372 prasens
3232 1301 3492 1371 efﬁcitur,

1888 1394 2054 1449 etiam
2101 1393 2246 1448 ultra
2291 1399 2568 1449 creaturas
2604 1399 2718 1447 tota
2766 1389 3072 1446 invenitur.
3124 1389 3494 1456 Quamobrem

1887 1497 2013 1537 cum
2053 1481 2254 1536 coelum
2308 1489 2362 1536 et
2402 1489 2601 1536 terram
2633 1478 2845 1550 implet,
2900 1485 3015 1533 tota
3043 1484 3125 1532 est
3167 1494 3179 1532 :
3214 1493 3341 1533 cum
3381 1477 3496 1534 ho-

1888 1571 2094 1625 minem
2125 1587 2298 1625 unum
2331 1569 2546 1640 implet,
2579 1576 2693 1624 tota
2721 1574 2829 1634 est;
2856 1583 2958 1623 nec
2987 1567 3231 1622 variatur
3251 1582 3348 1638 per
3377 1568 3487 1623 sin-

1887 1661 2034 1733 gula,
2059 1677 2178 1733 quas
2200 1659 2258 1714 in
2287 1659 2519 1730 singulis
2548 1667 2662 1715 tota
2689 1667 2770 1714 est
2794 1678 2806 1726 ;
2841 1675 2942 1715 nec
2961 1657 3028 1714 de
3051 1659 3175 1715 loco
3205 1658 3275 1715 ad
3307 1659 3492 1715 locum

180 1762 339 1819 Panis
364 1763 784 1830 candidissime,
815 1761 1027 1818 habens
1057 1763 1114 1817 in
1144 1770 1198 1818 te
1229 1764 1391 1818 omne
1418 1761 1778 1817 delectamen-
1808 1774 1854 1834 Β
1890 1756 2111 1825 transit,
2143 1772 2270 1812 cum
2323 1772 2497 1811 unum
2548 1756 2824 1821 deserens,
2877 1756 3111 1810 alterum
3165 1754 3318 1828 petit,
3372 1771 3495 1828 quae

179 1860 316 1921 tum,
343 1861 398 1909 et
432 1851 615 1908 omnis
643 1852 851 1924 saporis
902 1851 1250 1920 suavitatem,
1290 1850 1384 1924 qui
1424 1867 1523 1906 nos
1570 1865 1782 1922 semper

180 1943 359 2016 reficis
383 1962 398 2011 ;
438 1942 691 2000 comedat
720 1951 774 1999 te
807 1959 901 1998 cor
931 1959 1136 2011 meum,
1160 1949 1215 1998 et
1245 1941 1538 1998 dulcedine
1574 1939 1785 2011 saporis

177 2035 262 2088 tui
302 2033 622 2105 repleantur
667 2033 879 2089 viscera
923 2032 1120 2088 animae
1176 2046 1330 2086 meae.
1386 2028 1678 2085 Manducat
1730 2036 1786 2084 te

178 2124 413 2196 angelus
441 2124 605 2195 pleno
653 2139 765 2190 ore,
807 2121 1102 2178 manducet
1153 2129 1208 2176 te
1250 2120 1569 2192 peregrinus
1617 2118 1786 2173 homo

178 2228 276 2285 pro
309 2212 540 2270 modulo
577 2228 713 2280 suo;
755 2227 825 2267 ne
867 2211 1100 2268 deﬁcere
1129 2210 1302 2284 possit
1341 2209 1398 2264 in
1429 2209 1538 2276 via,
1577 2207 1676 2263 tali
1704 2223 1784 2262 re-

179 2312 392 2360 creatus
453 2302 676 2360 viatico.
735 2301 899 2357 Panis
947 2308 1152 2368 sancte,
1208 2299 1368 2372 panis
1433 2297 1578 2366 vive,
1628 2297 1786 2370 panis

181 2392 438 2464 pulcher,
474 2391 631 2463 panis
661 2390 890 2459 munde,
921 2391 1016 2462 qui
1065 2388 1398 2446 descendisti
1453 2387 1519 2443 de
1543 2388 1701 2456 ccelo,
1733 2394 1788 2442 et

179 2480 275 2537 das
307 2479 490 2535 vitam
515 2477 746 2547 mundo,
777 2478 906 2533 veni
934 2478 991 2533 in
1019 2495 1116 2534 cor
1143 2494 1348 2545 meum,
1381 2485 1435 2533 et
1469 2477 1674 2533 munda
1702 2493 1787 2532 me

179 2570 246 2626 ab
271 2569 434 2626 omni
463 2568 883 2641 inquinamento
935 2568 1116 2624 carnis
1156 2575 1210 2624 et
1256 2567 1502 2638 spiritus.
1533 2567 1682 2623 Intra
1728 2567 1786 2622 in

180 2660 430 2716 animam
461 2674 658 2727 meam,
690 2666 744 2714 et
772 2657 1053 2715 sanctifica
1095 2673 1182 2713 me
1228 2657 1378 2712 intus
1419 2665 1472 2712 et
1519 2657 1782 2712 exterius.

180 2749 318 2805 Esto
348 2757 602 2806 tutamen
635 2757 690 2804 et
718 2754 982 2820 perpetua
1009 2747 1157 2803 salus
1193 2745 1440 2820 corporis
1489 2754 1544 2802 et
1589 2745 1788 2802 animae

183 2855 340 2895 meae.
377 2838 604 2909 Repelle
632 2853 664 2892 a
706 2853 792 2893 me
841 2836 1166 2893 insidiantes
1211 2836 1372 2892 mihi.
1407 2835 1600 2891 Hostes
1630 2851 1789 2890 rece-

184 2928 320 2983 dant
357 2929 556 3000 procul
586 2944 617 2983 a
645 2927 935 3000 praesentia
963 2935 1080 2996 tua,
1109 2935 1172 2982 ut
1193 2925 1327 2981 foris
1351 2933 1404 2981 et
1431 2925 1579 2980 intus
1611 2940 1706 2995 per
1733 2931 1787 2978 te

186 3017 465 3086 munitus,
495 3024 645 3073 recto
674 3016 894 3072 tramite
915 3014 1228 3087 perveniam
1252 3013 1320 3070 ad
1345 3021 1503 3068 tuum
1535 3028 1784 3084 regnum;

1895 1856 2239 1927 semetipsam
2264 1854 2382 1911 sine
2409 1856 2530 1912 loco
2561 1863 2614 1912 et
2637 1862 2883 1926 tempore
2905 1862 3111 1910 movet.
3135 1854 3275 1910 Hinc
3297 1853 3496 1911 merito

1896 1945 2177 2013 colendus,
2210 1944 2343 2001 hinc
2383 1943 2693 2000 adorandus
2725 1960 2801 2012 es,
2834 1942 2967 1999 hinc
2998 1942 3492 2011 incommutabilis,

1897 2033 2031 2091 hinc
2077 2033 2592 2104 incircumscriptus
2647 2032 2954 2105 agnosceris
3011 2050 3022 2088 :
3067 2031 3200 2087 hinc
3230 2029 3498 2087 mediator

1897 2123 1997 2179 Dei
2028 2131 2082 2180 et
2128 2123 2420 2178 hominum
2470 2121 2642 2177 homo
2698 2120 2950 2178 Christus
2996 2121 3152 2176 Jesus
3190 2119 3495 2177 secundum

1897 2211 2210 2268 divinitatis
2230 2211 2543 2278 essentiam,
2559 2217 2708 2267 totus
2729 2226 2855 2267 cum
2883 2209 3207 2266 hominibus
3233 2210 3290 2265 in
3312 2210 3494 2279 terris,

1898 2309 2048 2358 totus
2075 2308 2190 2358 erat
2219 2317 2347 2358 cum
2374 2301 2531 2357 Patre
2560 2300 2618 2355 in
2650 2299 2824 2368 caelis,
2858 2315 2984 2356 cum
3014 2299 3229 2356 diceret
3263 2316 3276 2355 :
3339 2323 3358 2346 ι
3397 2300 3496 2356 Ne-

1898 2407 1990 2448 mo
2019 2390 2265 2448 ascendit
2299 2392 2358 2446 in
2388 2392 2610 2458 caelum,
2665 2390 2772 2446 nisi
2813 2389 2907 2463 qui
2938 2388 3005 2445 de
3034 2389 3173 2447 caalo
3210 2388 3496 2447 descendit

1899 2483 2075 2540 Filius
2127 2483 2391 2552 hominis,
2423 2482 2518 2556 qui
2569 2481 2628 2538 in
2672 2485 2812 2540 caelo
2843 2492 2923 2540 est
2969 2485 3153 2553 (Joan.
3180 2500 3264 2552 ιιι,
3317 2483 3429 2555 l3).
3465 2507 3484 2530 ι

1914 2597 1932 2620 ε
1969 2573 2075 2640 Qui
2108 2572 2438 2645 (videlicet),
2472 2588 2599 2628 eum
2640 2573 2698 2627 in
2727 2572 2906 2628 forma
2935 2572 3031 2628 Dei
3064 2580 3226 2641 esset,
3258 2589 3372 2627 non
3401 2588 3500 2627 ra-

1900 2662 2085 2735 pinam
2143 2661 2443 2717 arbitratus
2493 2668 2575 2716 est
2613 2677 2729 2716 esse
2783 2677 2841 2716 se
2883 2663 3150 2733 aequalem
3200 2663 3361 2716 Deo:
3405 2659 3499 2715 sed

1899 2751 2256 2822 semetipsum
2296 2749 2634 2818 exinanivit,
2668 2750 2900 2805 formam
2940 2751 3082 2806 servi
3116 2749 3406 2822 accipiens,
3441 2750 3497 2806 in

1900 2839 2326 2896 similitudinem
2357 2839 2648 2895 hominum
2667 2839 2748 2911 (1)
2773 2839 2970 2908 factus,
3003 2847 3057 2895 et
3085 2839 3279 2895 habitu
3308 2839 3499 2895 inven-

1899 2937 1990 2986 tus
2033 2938 2095 2986 ut
2125 2930 2310 2986 homo.
2363 2930 2692 2986 Humiliavit
2718 2929 3093 3004 semetipsum,
3149 2930 3327 2987 factus
3372 2930 3497 2987 obe-

1899 3018 2057 3074 dieus
2077 3035 2248 3092 usque
2275 3019 2345 3075 ad
2381 3027 2634 3088 mortem,
2667 3029 2897 3078 mortem
2933 3028 3116 3076 autem
3146 3019 3328 3077 crucis
3348 3019 3498 3093 (Phi-

185 3104 283 3160 ubi
312 3122 426 3160 non
459 3105 761 3177 mysteriis,
795 3105 940 3159 sicut
973 3104 1032 3158 in
1063 3103 1167 3160 hoc
1193 3111 1441 3175 tempore
1470 3103 1669 3174 agitur,
1693 3101 1787 3158 sed
1823 3141 1866 3202 Ο
1902 3109 2032 3181 lipp,
2064 3127 2125 3179 ιι,
2155 3111 2310 3182 6-8),
2343 3135 2361 3158 ι

186 3192 326 3248 facie
347 3194 418 3248 ad
435 3194 632 3250 faciem
658 3199 708 3248 te
726 3191 1058 3258 videbimus,
1081 3207 1204 3247 cum
1229 3191 1522 3247 tradideris
1558 3207 1786 3263 regnum

185 3283 300 3337 Deo
316 3282 564 3349 Patri,et
593 3281 699 3336 erit
727 3283 872 3336 Deus
901 3280 1088 3336 omnia
1117 3279 1176 3334 in
1206 3280 1490 3336 omnibus.
1521 3281 1676 3336 Tunc
1703 3295 1788 3335 me

184 3371 254 3427 de
303 3380 358 3427 te
405 3371 630 3427 satiabis
661 3372 910 3428 satietate
955 3378 1233 3444 perpetua,
1278 3379 1340 3427 ut
1384 3387 1486 3428 nec
1529 3371 1788 3440 esuriam,

186 3476 292 3517 nec
321 3459 509 3516 sitiam
543 3461 597 3516 in
632 3470 896 3518 aeternum
925 3479 936 3516 :
973 3460 1067 3533 qui
1095 3477 1220 3517 cum
1257 3460 1450 3517 eodem
1480 3462 1596 3517 Deo
1633 3461 1792 3516 Patre

189 3557 245 3605 et
274 3550 488 3622 Spiritu
517 3558 705 3607 sancto
724 3551 873 3606 vivis
897 3558 950 3607 et
979 3566 1171 3624 regnas
1218 3567 1313 3623 per
1363 3550 1549 3606 omnia
1594 3551 1794 3608 saecula

189 3645 546 3716 saeculorum,
579 3663 758 3704 amen.

624 3791 974 3850 PRECATIO
1016 3791 1364 3850 SECUNDA.

501 3899 634 3954 Item
659 3898 718 3953 in
753 3899 1151 3972 prwparatione
1178 3900 1249 3955 ad
1276 3899 1516 3958 Missam.

267 4021 319 4080 1.
355 4023 586 4079 Summa
639 4031 692 4079 et
730 4023 1305 4096 incomprehensibilis
1350 4032 1567 4094 natura,
1620 4023 1799 4079 virtus

194 4112 424 4186 vitaque
448 4113 626 4184 beata,
652 4113 752 4169 lux
780 4113 1194 4184 inaccessibilis,
1227 4131 1376 4184 vera,
1409 4113 1725 4186 singularis,
1746 4122 1801 4170 et

191 4220 302 4260 una
349 4204 646 4276 sapientia,
678 4203 881 4260 veritas
917 4203 1423 4274 incommutabilis,
1465 4213 1671 4274 sancta,
1703 4205 1801 4260 in—

193 4295 606 4368 comparabilis,
639 4305 691 4351 et
720 4303 922 4351 aterna
951 4295 1194 4362 dilectio,
1220 4297 1602 4367 temporalium
1618 4311 1800 4350 rerum

194 4385 314 4440 sine
354 4395 607 4458 tempore
658 4384 930 4453 conditor,
963 4383 1271 4440 visibilium
1323 4393 1376 4440 et
1429 4383 1802 4439 invisibilium

1968 3199 2020 3256 2.
2053 3200 2154 3254 Per
2183 3198 2334 3257 hunc
2362 3208 2434 3268 te,
2462 3199 2621 3256 beata
2657 3199 2917 3268 Trinitas,
2948 3196 3314 3256 humanitatis
3343 3196 3495 3255 habi-

1896 3304 2036 3365 tum,
2065 3294 2212 3352 493
2241 3313 2337 3370 per
2375 3295 2542 3368 hujus
2582 3295 2942 3367 subjectionis
2988 3296 3367 3352 humilitatem
3407 3293 3497 3350 de-

1899 3403 2110 3459 precor,
2152 3402 2248 3458 per
2294 3385 2460 3456 hujus
2498 3385 2921 3440 sacratissimam
2970 3383 3371 3451 obedientiam,
3403 3399 3501 3456 per

1900 3476 2065 3548 hujus
2091 3475 2463 3532 beatissimam
2515 3481 2746 3530 mortem
2795 3489 2964 3529 exoro
2991 3472 3048 3528 in
3099 3472 3314 3544 primis,
3344 3482 3406 3529 ut
3446 3482 3500 3529 te

1900 3566 2198 3623 Dominum
2229 3567 2405 3621 Deum
2462 3579 2645 3619 meum
2699 3563 2948 3634 diligam,
2979 3570 3034 3618 te
3065 3561 3272 3630 sitiam,
3302 3569 3356 3618 te
3381 3569 3499 3618 toto

1857 3653 1866 3668 ²
1902 3657 2065 3713 corde
2095 3655 2407 3728 perquiram
2443 3673 2454 3710 :
2487 3653 2686 3710 deinde
2725 3660 2786 3708 ut
2817 3653 3133 3725 proximum
3161 3651 3328 3724 juxta
3352 3653 3500 3709 vires

1902 3753 2064 3817 atque
2093 3760 2406 3800 mensuram
2437 3744 2496 3800 in
2530 3743 2632 3800 hac
2661 3743 2780 3814 ipsa
2807 3749 2903 3798 tua
2939 3741 3238 3800 dilectione
3267 3741 3496 3799 charum

1904 3852 2116 3908 semper
2159 3843 2319 3909 atque
2357 3834 2620 3890 dilectum
2667 3832 2966 3890 attendam.
3015 3832 3121 3888 Sed
3176 3832 3318 3890 hanc
3368 3832 3503 3890 dile-

1905 3928 2145 3984 ctionem
2191 3925 2354 3993 nulli,
2404 3924 2659 3993 Domine,
2693 3922 3002 3995 praestabis,
3052 3919 3160 3977 nisi
3215 3923 3306 3978 cui
3364 3921 3506 3978 vitia

1907 4017 2060 4088 prius
2101 4015 2280 4072 odisse
2325 4015 2639 4071 donaveris.
2690 4013 2927 4070 Obsecro
2967 4029 3116 4085 ergo,
3160 4014 3250 4084 pia
3291 4021 3345 4068 et
3374 4028 3506 4069 vera

1909 4104 2302 4172 misericordia,
2344 4103 2520 4160 solida
2566 4111 2728 4177 atque
2777 4104 2941 4159 unica
2987 4117 3108 4174 spes
3139 4117 3278 4168 mea,
3312 4109 3374 4156 ut
3403 4117 3506 4156 su—

1909 4195 2109 4268 perbiae
2140 4211 2365 4267 regnum
2397 4193 2610 4249 auferas
2637 4192 2704 4248 ab
2743 4193 2928 4249 anima
2960 4206 3100 4246 mea.
3133 4189 3503 4259 Horrendum,

1909 4285 2164 4352 Domine,
2183 4283 2600 4356 pavendumque
2629 4291 2740 4338 tam
2770 4280 3076 4335 maximum
3107 4279 3336 4348 malum,
3359 4279 3506 4352 quod

1912 4375 2131 4446 angelos
2157 4373 2224 4429 de
2252 4373 2390 4429 coelo
2417 4370 2667 4444 projecit,
2702 4369 2851 4441 quod
2871 4367 3130 4424 homines
3156 4366 3224 4423 de
3254 4368 3508 4439 paradiso

195 4472 508 4531 invisibilis
542 4482 886 4548 aeternusque
933 4480 1195 4546 patrator,
1227 4473 1386 4528 Pater
1427 4481 1479 4528 et
1528 4471 1702 4528 Filius
1749 4478 1802 4526 et
1831 4501 1880 4560 D
1913 4470 2224 4527 eliminavit
2255 4469 2361 4542 (Ξ),
2408 4467 2664 4542 quodque
2697 4467 2920 4522 initium
2953 4467 3134 4523 omnis
3163 4468 3370 4540 peccati
3403 4476 3504 4539 est,

196 4561 444 4634 Spiritus
471 4573 712 4633 sanctus,
752 4580 895 4619 unus
924 4571 978 4619 et
1022 4579 1185 4618 verus
1215 4562 1273 4617 in
1313 4561 1585 4617 Trinitate
1616 4559 1802 4617 Domi-

199 4667 304 4708 nus
333 4654 488 4708 Deus
509 4670 519 4706 :
544 4653 702 4709 Pater
725 4669 836 4708 non
865 4652 1072 4709 habens
1091 4669 1122 4707 a
1143 4669 1251 4725 quo
1268 4654 1362 4721 sis,
1386 4652 1594 4708 habens
1615 4657 1800 4706 tamen

201 4741 555 4814 sapientiam,
580 4743 635 4798 id
664 4750 746 4798 est
777 4742 1105 4811 Filium,cui
1120 4743 1294 4815 major
1319 4743 1406 4799 vel
1429 4742 1672 4799 anterior
1688 4758 1799 4797 non

201 4830 276 4886 sis
311 4851 322 4888 :
359 4829 542 4888 Filius
593 4831 799 4889 habens
845 4833 1055 4888 Patrem
1106 4849 1138 4888 a
1184 4850 1292 4906 quo
1335 4833 1429 4902 sis,
1468 4849 1579 4889 non
1616 4839 1801 4887 tamen

204 4918 419 4976 habens
445 4921 536 4976 cui
571 4922 752 4978 minor
799 4923 886 4977 vel
931 4923 1200 4993 posterior
1244 4923 1319 4978 sis
1350 4940 1362 4978 :
1389 4922 1627 4994 Spiritus
1682 4938 1801 4977 san-

204 5017 327 5067 ctus
376 5009 586 5065 habens
625 5012 838 5067 Patrem
887 5019 940 5066 et
986 5010 1212 5078 Filium,
1245 5027 1276 5066 a
1322 5011 1524 5082 quibus
1561 5011 1655 5078 sis,
1689 5027 1801 5067 non

206 5107 395 5155 tamen
425 5099 631 5155 habens
660 5100 862 5173 quibus
898 5100 986 5156 vel
1032 5099 1320 5172 inaequalis
1350 5101 1438 5155 vel
1468 5099 1647 5170 impar
1677 5099 1750 5155 sis
1786 5118 1800 5168 ;

209 5191 339 5262 quia
365 5198 545 5247 totum
576 5191 634 5246 in
666 5191 768 5248 hac
791 5197 885 5246 tua
931 5189 1243 5258 divinitate,
1273 5189 1364 5246 cui
1409 5197 1626 5262 tempus
1664 5205 1804 5247 nun-

211 5293 376 5351 quam
417 5279 640 5347 accidit,
683 5287 949 5335 aeternum
997 5295 1060 5336 ac
1091 5286 1445 5349 coaeternum,
1487 5280 1697 5353 aequale
1745 5295 1808 5338 ac

212 5371 491 5443 coaequale
516 5376 620 5440 est,
646 5369 704 5425 in
745 5385 852 5442 qua
896 5369 1037 5426 alius
1063 5369 1240 5438 Pater,
1271 5369 1412 5427 alius
1439 5369 1635 5441 Filius,
1667 5368 1808 5428 alius

293 5573 376 5648 (1)
433 5575 638 5634 Omnes
685 5571 859 5645 edit.,
911 5571 968 5629 in
1020 5570 1422 5648 similitudinem
1479 5571 1807 5648 hominum,

228 5643 404 5716 factus
431 5649 668 5706 obediens
683 5665 704 5715 ;
722 5643 916 5707 caetera
943 5663 1014 5705 ex
1039 5647 1170 5721 Reg.
1199 5643 1321 5708 cod.
1359 5645 1616 5706 restituta

1911 4568 1965 4614 et
1986 4558 2051 4612 ad
2075 4558 2252 4629 ipsum
2274 4556 2511 4629 pertinet
2540 4554 2812 4627 quidquid
2847 4553 2970 4609 vitii
3001 4560 3054 4610 et
3076 4553 3388 4626 iniquitatis
3404 4563 3505 4624 est,

1909 4649 2068 4722 cujus
2110 4649 2301 4722 primas
2353 4645 2568 4702 soboles
2609 4651 2814 4717 septem
2866 4643 3132 4700 nimirum
3181 4643 3510 4717 principalia

1909 4740 2066 4808 vitia,
2115 4756 2185 4795 ex
2214 4738 2317 4794 hac
2353 4737 2632 4793 virulenta
2677 4736 2859 4792 radice
2891 4734 3265 4808 proferuntur,
3299 4735 3511 4793 scilicet

1865 4894 1884 4916 θ
1911 4830 2092 4887 inanis
2115 4830 2306 4903 gloria,
2340 4828 2571 4897 invidia,
2606 4829 2706 4895 ira,
2732 4825 2980 4897 tristitia,
3009 4826 3262 4896 avaritia,
3293 4824 3511 4883 ventris

1912 4919 2186 4992 ingluvies
2215 4926 2376 4991 atque
2405 4917 2646 4974 luxuria.
2679 4915 2785 4972 Sed
2811 4923 2863 4973 et
2881 4931 3174 4973 numerosa
3194 4916 3514 4989 propaginis

1910 5009 2074 5067 turba
2108 5025 2177 5065 ex
2207 5007 2439 5081 singulis
2468 5014 2777 5080 generatur.

1983 5101 2036 5156 3.
2060 5098 2244 5156 Inanis
2279 5114 2405 5169 ergo
2432 5097 2608 5170 gloria
2637 5113 2763 5154 cum
2795 5096 2956 5168 plene
2994 5104 3236 5152 mentem
3282 5095 3509 5168 ceperit,

1913 5211 2044 5251 mox
2095 5192 2468 5265 septiformem
2524 5189 2583 5244 in
2613 5189 2708 5244 illa
2737 5189 3040 5262 nequitiam
3077 5189 3272 5262 gignit,
3326 5188 3511 5244 inobe-

1913 5283 2179 5340 dientiam
2209 5281 2441 5345 scilicet,
2467 5277 2818 5351 jactantiam,
2837 5277 3186 5351 hypocrisin,
3205 5275 3513 5333 contentio-

1915 5389 2062 5442 nem,
2094 5371 2472 5445 pertinaciam,
2528 5368 2882 5436 discordiam,
2914 5383 2977 5424 ac
3023 5367 3332 5423 novitatum
3363 5381 3514 5438 prae-

1917 5581 2074 5719 suta}
2104 5648 2236 5720 Reg.
2267 5642 2420 5717 cod.,
2451 5643 2513 5704 de
2531 5642 2794 5718 paradiso
2812 5639 3059 5698 minavit.
