4020 6200
507 221 614 279 835

1534 219 1629 273 AD
1669 218 1903 274 OPERA
1941 216 1998 272 S.
2025 214 2358 273 AMBROSII
2403 215 2783 272 APPENDIX.

3701 217 3806 272 836

509 350 900 423 sumptionem.
930 349 1034 406 Sed
1064 349 1110 405 si
1141 348 1271 405 huic
1301 364 1428 403 vera
1455 347 1748 404 humilitas
1777 354 2103 419 opponatur,
2137 347 2187 406 A
2221 345 2469 402 omnium
2498 346 2773 402 virtutum
2803 353 2858 402 et
2902 343 3174 400 bonorum
3209 361 3220 400 :
3256 359 3377 417 qua
3419 360 3533 400 non
3580 344 3812 413 invidet,

509 440 690 496 omnis
737 438 854 509 ejus
891 437 1138 510 nequitia
1187 445 1475 492 vacuatur.
1525 437 1600 492 Te
1652 453 1781 507 ergo
1827 436 2108 508 deprecor,

508 529 842 584 humilitatis
892 528 1170 599 magister,
1205 535 1266 582 ut
1322 526 1464 582 hanc
1521 525 1672 583 cordi
1721 542 1841 581 meo
1882 527 2108 593 inseras,

508 617 880 688 insertamque
909 617 1204 682 custodias,
1231 631 1349 687 qua
1379 615 1510 670 dum
1541 616 1764 672 cunctis
1794 614 2110 670 inferiorem

509 724 566 761 se
585 706 838 772 attendit,
861 705 1259 776 subjectionem
1292 707 1547 777 protinus
1573 707 1776 778 gignit,
1789 705 2110 778 jactantiam

508 795 832 866 exstinguit,
853 795 1174 866 hypocrisin
1189 795 1437 851 excludit
1453 796 1863 852 contentionem
1888 796 2108 866 refugit,

507 883 865 956 pertinaciam
916 884 1152 952 emollit,
1188 884 1522 940 discordiam
1575 892 1865 956 pracavet,
1901 884 2112 939 novita-

506 981 622 1028 tum
660 973 1142 1044 prasumptionem
1170 973 1448 1028 abhorret.
1487 974 1604 1029 Hoc
1633 973 1803 1028 beata
1831 973 2112 1028 humilita-

510 1063 581 1118 tis
611 1061 976 1118 medicamine
1036 1061 1290 1118 morbum
1333 1062 1596 1117 elationis
1627 1061 1933 1117 sanandum
1964 1078 2113 1132 pra—

508 1154 750 1220 videras,
771 1169 897 1209 cum
919 1168 1016 1224 per
1036 1151 1318 1207 hominem
1335 1160 1684 1225 assumptum
1704 1160 1894 1209 auctor
1913 1161 2111 1208 nostra

505 1242 720 1309 salutis,
767 1241 878 1296 tuis
919 1241 986 1295 ad
1034 1247 1086 1295 te
1134 1241 1486 1296 venientibus
1533 1240 1788 1297 diceres:
1843 1265 1860 1288 ι
1906 1242 2112 1297 Discite

505 1348 537 1386 a
571 1347 657 1386 me
687 1331 818 1403 quia
849 1329 1002 1385 mitis
1030 1345 1152 1385 sum
1183 1337 1236 1385 et
1265 1330 1496 1386 humilis
1517 1330 1700 1398 corde,
1732 1337 1787 1386 et
1814 1331 2112 1388 invenietis

508 1411 754 1493 requiem
803 1419 1091 1475 animabus
1148 1420 1348 1476 vestris
1403 1421 1614 1491 (Matth.
1674 1437 1754 1487 x1,
1795 1421 1908 1492 29).
1953 1446 1970 1467 ι
2040 1422 2112 1481 Et

506 1526 727 1566 rursum
765 1527 777 1564 :
820 1509 970 1565 «Nisi
989 1509 1240 1565 conversi
1276 1509 1516 1575 fueritis,
1546 1517 1601 1565 et
1629 1509 1946 1565 eﬂiciamini
1968 1511 2112 1565 sicut

505 1599 746 1671 parvuli,
777 1613 892 1654 non
922 1597 1200 1654 intrabitis
1233 1597 1291 1652 in
1318 1614 1549 1669 regnum
1580 1597 1854 1654 calorum
1892 1599 2106 1670 (Matth.

506 1704 669 1756 xvm,
705 1689 784 1759 3).
818 1712 836 1735 ι

577 1787 631 1842 4.
663 1787 741 1840 De
771 1782 986 1840 invidia
1015 1803 1232 1859 quoque
1270 1785 1483 1854 odium,
1521 1787 1845 1855 susurratio,
1877 1787 2103 1845 detrac-

509 1875 612 1942 tio,
649 1875 944 1930 exsultatio
973 1875 1031 1929 in
1076 1873 1322 1930 adversis
1351 1877 1612 1946 proximi,
1658 1876 1885 1933 alllictio
1917 1885 2099 1933 autem

512 1965 571 2020 in
601 1965 876 2036 prosperis
903 1965 1021 2037 ejus
1041 1973 1384 2038 propagatur.
1410 1967 1454 2023 Ο
1474 1968 1617 2022 mala
1645 1968 1950 2040 progenies,
1981 1987 2101 2042 qua

505 2055 551 2110 si
579 2055 765 2110 animo
792 2055 1106 2111 intromissa
1135 2055 1408 2112 dominari
1439 2056 1683 2128 coeperit,
1713 2074 1928 2114 omnem
1965 2075 2103 2115 san-

503 2144 715 2202 ctitatis
743 2144 984 2200 sobolem
1019 2145 1359 2216 exstinguitl
1393 2144 1498 2210 Qui
1553 2146 1737 2216 itaque
1773 2146 1986 2202 invidet
2015 2148 2102 2202 vel

505 2235 644 2302 odit,
679 2253 788 2290 non
819 2236 988 2291 alium
1040 2236 1358 2309 priusquam
1390 2254 1447 2292 se
1496 2238 1673 2309 ipsum
1707 2237 1912 2294 occidit
1947 2257 1959 2294 :
2009 2239 2101 2311 qui

505 2332 753 2378 susurrat
772 2332 826 2378 et
856 2323 1116 2390 detrahit,
1147 2325 1299 2395 prius
1329 2341 1454 2380 suas
1483 2342 1647 2397 quam
1679 2327 1916 2380 aliorum
1945 2327 2102 2381 radi-

505 2427 594 2468 ces
631 2413 868 2468 evellit:
929 2413 1025 2485 qui
1081 2415 1295 2469 exsulat
1337 2415 1394 2469 in
1452 2415 1698 2472 adversis
1752 2417 2018 2487 proximi,
2050 2427 2106 2474 et

505 2500 774 2572 aﬂligitur
803 2501 860 2557 in
891 2502 1163 2574 prosperis
1191 2502 1327 2574 ejus,
1360 2503 1541 2559 alieno
1563 2521 1618 2558 se
1650 2505 1890 2576 primum
1923 2506 2103 2577 gladio

506 2591 646 2663 petit
679 2590 782 2662 (3).
838 2591 952 2648 Hoc
985 2592 1289 2648 secundum
1338 2593 1608 2664 superbia
1638 2593 1940 2665 virgultum
1973 2603 2106 2653 tunc

500 2681 684 2752 primo
714 2679 820 2735 fuit
861 2691 1136 2749 exortum,
1175 2698 1296 2737 cum
1335 2682 1427 2736 ille
1458 2681 1526 2736 de
1559 2699 1668 2754 quo
1705 2683 1968 2754 scriptum
1999 2693 2101 2753 est,

513 2795 531 2817 ι
563 2770 781 2826 Invidia
811 2771 1017 2827 diaboli
1050 2790 1198 2828 mors
1241 2773 1496 2829 introivit
1525 2773 1583 2828 in
1613 2775 1799 2831 orbem
1833 2783 2102 2832 terrarum

503 2861 653 2929 (Sap.
695 2877 754 2926 ιι,
787 2859 905 2929 24),
931 2886 948 2908 ›
993 2861 1126 2916 Cain
1152 2863 1419 2932 persuasit
1447 2871 1511 2917 ut
1538 2863 1732 2920 livoris
1757 2864 1885 2920 odio
1914 2865 2102 2921 frater-

502 2962 638 3000 num
690 2947 947 3002 funderet
976 2949 1319 3018 sanguinem.
1353 2951 1460 3006 Sed
1491 2951 1755 3008 nimirum
1791 2953 1934 3010 idem
1967 2954 2102 3011 Cain

2221 436 2310 491 sed
2329 436 2634 507 congaudet
2665 454 2676 491 :
2707 451 2819 491 non
2838 433 2978 502 odit,
3007 433 3102 490 sed
3130 432 3316 505 diligit
3347 451 3358 488 :
3400 449 3512 488 non
3541 447 3813 502 susurrat,

2218 524 2312 579 sed
2361 523 2612 596 objurgat
2655 542 2666 579 :
2719 541 2830 579 non
2877 523 3141 591 detrahit,
3179 523 3272 578 sed
3325 523 3506 594 arguit
3541 542 3553 578 :
3588 541 3699 580 non
3754 525 3817 580 de

2219 613 2464 668 adversis
2491 613 2731 684 proximi
2763 611 2980 684 gaudet,
3009 611 3108 667 sed
3144 619 3338 667 maeret
3375 630 3387 667 :
3423 627 3538 668 non
3585 611 3652 667 de
3685 630 3819 684 pro-

2220 704 2393 775 speris
2447 703 2802 760 aﬂlictionem
2859 703 3188 772 contrahit,
3237 703 3330 758 sed
3385 703 3816 760 consolationem

2222 793 2439 866 recipit.
2468 793 2666 850 Merito
2696 800 2880 848 autem
2910 793 3018 848 tale
3045 809 3249 848 nomen
3287 791 3518 862 accepit,
3547 791 3699 865 quod
3732 793 3818 846 illa

2220 884 2442 940 charius
2482 884 2722 939 inveniri
2767 901 2877 938 non
2925 882 3128 954 poterit
3169 900 3179 937 :
3219 898 3386 955 quam
3417 882 3515 954 qui
3545 882 3738 950 habet,
3775 893 3820 938 te

2222 973 2412 1045 utique
2453 973 2636 1028 habet.
2684 997 2701 1019 ι
2739 973 2904 1040 Deus,
2972 970 3175 1043 inquit,
3211 969 3453 1026 charitas
3498 978 3600 1038 est,
3641 979 3700 1026 et
3732 973 3816 1045 qui

2221 1070 2408 1118 manet
2452 1062 2510 1116 in
2552 1062 2840 1129 charitate,
2886 1060 2944 1116 in
2991 1062 3104 1116 Deo
3163 1067 3364 1126 manet,
3400 1067 3452 1113 et
3481 1061 3628 1115 Deus
3672 1061 3734 1115 in
3763 1079 3819 1116 eo

2223 1155 2277 1225 (Ι
2312 1155 2467 1210 Joan.
2489 1171 2568 1219 vi,
2603 1153 2714 1222 16).
2740 1178 2757 1198 ι
2792 1151 2898 1219 Qui
2919 1158 2980 1206 ut
3011 1149 3299 1222 prafatum
3332 1149 3563 1204 invidia
3597 1162 3815 1223 superet

2221 1243 2450 1308 malum,
2486 1240 2668 1296 cordis
2696 1241 2862 1297 simul
2883 1249 2938 1296 et
2961 1240 3074 1296 oris
3101 1236 3387 1310 jungeuda
3411 1238 3670 1294 custodia
3706 1250 3815 1296 est:

2219 1344 2402 1400 cordis
2431 1344 2660 1412 scilicet,
2693 1360 2761 1400 ne
2790 1342 3059 1408 invideat,
3084 1335 3234 1393 494
3262 1358 3330 1397 ne
3348 1341 3407 1396 in
3434 1340 3688 1397 adversis
3707 1359 3818 1414 pro-

2220 1434 2359 1489 ximi
2389 1435 2650 1501 exsultet,
2684 1433 2820 1488 nein
2849 1431 3122 1504 prosperis
3144 1431 3464 1488 mastitiam
3495 1432 3815 1488 contrahat:

2221 1523 2332 1580 oris
2358 1539 2512 1592 vero,
2533 1539 2602 1577 ne
2631 1531 2896 1590 susurret,
2915 1537 2983 1577 ne
3005 1521 3277 1578 detrahat.
3310 1521 3596 1594 Scriptum
3622 1522 3819 1594 quippe

2221 1621 2303 1670 est
2333 1631 2345 1668 :
2393 1637 2412 1660 ι
2443 1612 2609 1668 Omni
2638 1612 2891 1668 custodia
2929 1627 3087 1666 serva
3113 1627 3176 1666 os
3204 1618 3365 1666 tuum
3412 1627 3425 1665 :
3455 1626 3619 1666 serva
3666 1618 3816 1666 tuum

2138 1707 2184 1767 B
2217 1719 2330 1770 cor,
2363 1703 2494 1774 quia
2533 1717 2603 1756 ex
2637 1701 2756 1773 ipso
2794 1701 2910 1756 vita
2957 1699 3206 1773 procedit
3249 1700 3438 1769 (Prov.
3489 1717 3569 1766 IV,
3624 1700 3744 1765 23).
3793 1727 3808 1747 -

2211 1795 2281 1849 Et
2310 1809 2532 1848 rursum
2562 1791 2829 1862 scriptum
2853 1797 2976 1846 est:
3025 1814 3043 1836 ι
3072 1790 3222 1845 Mors
3278 1796 3332 1844 et
3376 1789 3493 1844 vita
3533 1789 3596 1843 in
3645 1789 3816 1844 maui-

2209 1882 2313 1938 bus
2350 1881 2549 1953 lingua
2581 1881 2766 1951 (Prov.
2806 1896 2968 1946 xvnr,
3020 1878 3136 1949 21).
3184 1904 3202 1927 ι
3259 1877 3440 1935 Citius
3472 1885 3656 1932 autem
3708 1894 3811 1932 ma-

2211 1971 2324 2026 lum
2357 1969 2504 2042 quod
2547 1968 2698 2024 intus
2735 1968 2884 2034 latet,
2917 1966 3312 2038 exstinguitur,
3345 1967 3393 2021 si
3422 1983 3453 2021 a
3488 1983 3662 2038 pravo
3712 1967 3817 2022 elo.

2210 2059 2341 2131 quio
2372 2058 2504 2113 foris
2536 2058 2720 2130 lingua
2750 2057 3012 2113 frenetur.
3061 2082 3079 2103 ι
3108 2057 3276 2124 Pone,
3322 2056 3579 2122 Domine,
3629 2063 3820 2110 custo-

2211 2148 2357 2204 diam
2380 2148 2463 2202 ori
2493 2163 2634 2214 meo,
2657 2155 2712 2202 et
2742 2147 2948 2203 ostium
2979 2145 3412 2204 circumstantiae
3440 2144 3606 2200 labiis
3639 2146 3807 2201 meis:

2211 2246 2272 2293 ut
2300 2253 2409 2292 non
2441 2237 2682 2292 declinet
2712 2254 2808 2294 cor
2828 2253 3008 2293 meum
3042 2239 3100 2293 in
3134 2237 3362 2292 verbum
3395 2237 3606 2291 malum
3639 2238 3815 2306 (Psal.

2212 2345 2332 2395 CXL,
2356 2327 2409 2394 3,
2445 2326 2527 2400 4).
2573 2352 2591 2374 ι
2633 2359 2705 2370 -
2756 2353 2775 2375 ι
2828 2326 3026 2382 Libera
3075 2326 3316 2382 animam
3367 2341 3544 2382 meam
3585 2342 3618 2380 a
3651 2324 3815 2380 labiis

2211 2416 2440 2490 iniquis,
2465 2427 2521 2474 et
2543 2434 2574 2472 a
2604 2418 2794 2488 lingua
2823 2417 3013 2472 dolosa
3043 2416 3221 2486 (Psal.
3255 2432 3408 2483 cxrx,
3440 2416 3522 2486 2).
3553 2439 3573 2462 ι

2281 2508 2334 2564 6.
2387 2507 2472 2562 Ira
2504 2516 2685 2562 autem
2727 2504 2995 2561 invidiam
3051 2504 3299 2576 sequitur
3324 2547 3339 2572 ,
3370 2520 3478 2576 qua
3520 2503 3670 2559 inter
3725 2519 3817 2557 ca»

2211 2601 2324 2650 tera
2353 2595 2490 2650 vitia
2517 2593 2660 2648 nihil
2692 2592 2957 2664 asperius,
2991 2590 3135 2646 nihil
3194 2592 3480 2646 invenitur
3525 2591 3771 2646 amarius
3799 2607 3811 2644 :

2211 2699 2332 2754 qua
2357 2682 2488 2737 dum
2511 2683 2656 2737 ultra
2677 2681 2902 2736 modum
2923 2680 3258 2747 eilerbuerit,
3283 2681 3544 2736 atrociter
3574 2687 3812 2734 mentem

2211 2774 2511 2840 exulcerat,
2546 2787 2768 2828 sensum
2809 2770 3048 2838 hebetat,
3081 2769 3326 2841 linguam
3366 2769 3646 2835 immutat,
3669 2784 3813 2824 ocu-

2211 2863 2293 2917 los
2343 2861 2658 2927 obumbrat,
2715 2867 3003 2932 totumque
3061 2877 3261 2932 corpus
3315 2860 3621 2931 perturbat.
3672 2860 3812 2915 Hinc

2209 2953 2465 3025 protinus
2507 2952 2664 3018 rixa,
2698 2949 3068 3018 contumelia,
3109 2950 3335 3016 clamor,
3367 2949 3700 3020 indignatio,
3733 2957 3812 3003 tu.

500 3032 726 3088 invidus
754 3034 906 3104 prius
937 3051 1088 3090 suam
1134 3036 1371 3092 animam
1408 3055 1569 3110 quam
1602 3041 1828 3097 alterius
1870 3059 2089 3098 carnem
2133 3060 2177 3121 ρ
2209 3057 2330 3097 mor
2383 3040 2605 3115 mentis,
2644 3037 2999 3111 blasphemia
3045 3040 3401 3094 suscitantur.
3450 3040 3526 3094 De
3573 3055 3679 3110 qua
3729 3039 3806 3094 ni-

499 3121 750 3193 peremit,
782 3123 1048 3194 scriptum
1096 3125 1295 3196 quippe
1326 3133 1407 3181 est
1442 3145 1453 3182 :
1503 3152 1520 3174 ι
1559 3128 1666 3194 Qui
1712 3130 1830 3188 odit
1872 3132 2097 3195 fratrem

499 3227 659 3266 suum
690 3211 970 3270 homicida
996 3221 1095 3269 est.
1153 3216 1223 3269 Et
1253 3217 1404 3272 scitis
1434 3219 1562 3290 quia
1607 3222 1788 3277 omnis
1817 3222 2098 3285 homicida

496 3318 607 3357 non
630 3301 793 3357 habet
809 3303 978 3358 vitam
1001 3311 1260 3360 aeternam
1279 3306 1336 3361 in
1358 3323 1414 3363 se
1438 3319 1744 3366 manentem
1771 3313 1789 3379 (
1795 3314 1829 3368 Ι
1834 3315 1991 3371 Joan.
2009 3335 2094 3386 ιιι,

498 3392 612 3462 15).
646 3393 806 3459 Hinc,
840 3393 1094 3461 Domine,
1125 3404 1346 3467 apparet
1377 3397 1536 3470 cujus
1557 3400 1795 3471 primum
1815 3403 2096 3463 homicida

494 3490 575 3538 est
593 3484 686 3556 qui
707 3485 943 3540 alterum
971 3485 1110 3553 odit,
1127 3484 1184 3540 in
1202 3502 1311 3558 quo
1327 3487 1442 3543 vita
1461 3505 1571 3544 non
1598 3499 1696 3546 est.
1723 3492 1881 3558 Quod
1901 3504 2094 3552 contra

494 3571 709 3642 Moyses
735 3573 992 3629 omnium
1022 3573 1350 3630 mitissimus
1379 3576 1657 3646 admonet,
1686 3579 1876 3639 dicens
1905 3602 1916 3639 :
1968 3609 1986 3632 ε
2014 3585 2092 3640 Ne

497 3659 677 3716 oderis
702 3662 1017 3731 proximum
1046 3671 1203 3718 tuum
1226 3663 1283 3718 in
1314 3664 1476 3720 corde
1504 3675 1599 3721 tuo
1618 3667 1764 3738 (Leu.
1784 3687 1904 3739 XIX,
1930 3673 2041 3743 17).
2060 3699 2077 3721 ι

493 3748 566 3804 Et
593 3749 722 3821 quia
751 3748 866 3814 ille,
890 3749 982 3822 qui
1007 3751 1217 3808 invidet
1247 3761 1300 3808 et
1322 3753 1461 3822 odit,
1483 3765 1880 3828 consequenter
1907 3777 2088 3816 susur-

494 3847 577 3894 rat
605 3847 659 3894 et
688 3837 961 3906 detrahit;
995 3839 1100 3897 hoc
1127 3842 1330 3897 malum
1364 3842 1646 3916 Scriptura
1672 3855 1862 3904 sancta
1891 3865 2088 3920 praea-

493 3927 733 3983 vendum
756 3927 1045 3985 denuntiat
1070 3948 1082 3985 :
1115 3956 1133 3977 ε
1157 3931 1276 3986 Non
1292 3932 1422 3999 eris,
1447 3935 1650 4006 inquit,
1673 3953 1898 3992 susurro
1916 3937 1972 3992 in
1996 3957 2087 4011 po-

491 4017 636 4090 pulis
659 4019 819 4092 (Ibid.
856 4020 981 4091 16);
1014 4046 1031 4069 ι
1067 4028 1120 4076 et
1154 4039 1164 4076 :
1205 4022 1720 4081 «Nolitedetrahere
1735 4028 2085 4098 alterutrum,

494 4110 690 4168 fratres
721 4113 925 4183 (Iacob.
960 4130 1037 4181 IV,
1073 4112 1185 4184 11).
1234 4139 1252 4162 ι
1313 4113 1420 4181 Qui
1451 4131 1583 4171 vero
1613 4116 1855 4172 detrahit
1906 4119 2085 4188 fratri,

495 4199 738 4257 detrahit
770 4201 873 4274 legi
900 4220 912 4269 ;
950 4203 1042 4274 qui
1074 4203 1221 4258 enim
1255 4214 1501 4261 susurrat
1529 4216 1582 4262 et
1608 4207 1866 4277 detrahit,
1899 4225 2085 4266 conse-

491 4305 664 4361 quens
693 4300 775 4347 est
807 4300 867 4346 ut
896 4293 953 4347 in
979 4293 1227 4349 adversis
1258 4295 1496 4366 proximi
1541 4298 1799 4365 exsultet,
1831 4298 1886 4353 in
1919 4316 2087 4370 pros-

2207 3130 2409 3184 mirum
2451 3128 2732 3199 Scriptura
2773 3137 2958 3184 sancta
3005 3134 3256 3195 testatur,
3301 3127 3538 3182 dicens:
3589 3154 3606 3172 -
3639 3128 3728 3182 Ira
3755 3127 3806 3181 in

2207 3220 2332 3276 sinu
2363 3219 2519 3274 stulti
2543 3218 2836 3291 requiescit
2858 3219 3056 3290 (Eccle.
3091 3235 3193 3286 vu,
3227 3217 3342 3287 20),
3373 3218 3530 3272 etIra
3547 3218 3657 3272 viri
3681 3216 3808 3288 jus-

2205 3309 2389 3366 titiam
2420 3309 2518 3365 Dei
2548 3325 2658 3364 non
2687 3315 2945 3380 operatur
2986 3307 3191 3378 (Iacob.
3214 3325 3256 3375 ι,
3287 3303 3404 3376 20).
3438 3331 3456 3354 ι

2279 3412 2327 3466 7.
2363 3409 2469 3465 Sed
2497 3407 2696 3478 objice,
2729 3407 2983 3474 Domine,
3014 3414 3208 3464 contra
3248 3413 3362 3461 tam
3395 3405 3801 3462 amarissimum

2202 3498 2500 3556 iracundia
2550 3499 2758 3552 malum
2806 3495 3198 3552 suavissimum
3230 3494 3506 3568 patientia
3559 3494 3801 3563 bonum,

2200 3587 2258 3643 in
2288 3604 2398 3660 quo
2434 3585 2746 3658 specialiter
2772 3585 3083 3642 animarum
3122 3593 3434 3641 nostrarum
3482 3585 3633 3639 salus
3683 3584 3804 3640 col-

2199 3677 2436 3744 locatur,
2459 3693 2582 3732 cum
2619 3676 2780 3732 nobis
2825 3691 2920 3748 per
2957 3675 3324 3747 Evangelium
3371 3673 3593 3730 dicatur
3625 3693 3638 3732 :
3690 3699 3709 3722 ‹
3742 3675 3797 3728 In

2198 3766 2463 3838 patientia
2509 3773 2691 3821 vestra
2737 3763 3086 3836 possidebitis
3130 3764 3339 3818 animas
3391 3771 3601 3818 vestras
3650 3764 3794 3835 (Luc.

2198 3872 2321 3922 xxx,
2356 3855 2469 3925 19).
2503 3881 2520 3903 ι
2563 3854 2694 3921 Qua
2727 3853 2992 3918 nimirum
3027 3852 3159 3908 dum
3213 3869 3392 3908 arcem
3423 3860 3477 3907 et
3511 3852 3798 3923 principa-

2197 3953 2314 4001 tum
2342 3944 2399 3999 in
2431 3951 2612 4000 mente
2641 3943 2960 4016 susceperit,
2993 3959 3185 3998 omnes
3207 3960 3338 3998 mox
3359 3942 3798 4014 perturbationes

2196 4033 2534 4107 compescit:
2572 4033 2723 4089 rixas
2766 4041 2819 4089 et
2868 4033 3233 4090 contumelias
3264 4033 3319 4087 in
3350 4030 3794 4087 exhortationem

2194 4124 2493 4191 convertit,
2515 4123 2805 4179 confusum
2829 4124 3124 4179 clamorem
3155 4121 3256 4178 sub
3286 4121 3539 4178 ordinato
3570 4121 3795 4178 silentio

2196 4214 2396 4287 premit
2428 4214 2863 4286 indignationem
2897 4221 3282 4285 tumoremque
3314 4212 3513 4268 mentis
3545 4229 3791 4268 mansue-

2193 4308 2387 4364 tudine
2407 4307 2971 4379 vincit,blaspliemias
2995 4306 3294 4377 gratiarum
3313 4303 3528 4360 actione
3551 4305 3790 4378 repellit.

488 4385 632 4480 peris
660 4391 840 4440 autem
873 4388 1044 4443 animi
1087 4389 1365 4446 tristitiam
1405 4389 1714 4446 contrahat.
1742 4391 1861 4480 'Sed
1896 4409 2082 4449 occur-
2115 4422 2163 4480 D
2195 4398 2353 4464 Quod
2382 4398 2428 4453 si
2457 4399 2598 4454 forte
2632 4399 2688 4452 in
2724 4398 3053 4452 immensum
3093 4396 3175 4451 ira
3217 4411 3474 4450 succensa
3504 4395 3571 4450 ad
3601 4395 3788 4451 horam

488 4471 560 4527 rit
617 4473 810 4529 beatus
863 4476 1181 4546 Apostolus,
1238 4486 1291 4533 et
1343 4478 1479 4533 dicit
1530 4497 1540 4534 :
1593 4502 1610 4524 ι
1668 4471 1916 4536 Gaudere
1959 4498 2084 4536 cum

488 4563 873 4635 gaudentibus,
919 4564 1047 4620 ﬂere
1091 4582 1216 4621 cum
1257 4567 1516 4624 ﬂentibus
1567 4571 1741 4639 (Rom.
1774 4589 1876 4638 xu,
1906 4573 2016 4642 15).
2051 4598 2068 4621 ι

484 4655 555 4710 Et
585 4672 708 4712 ecce
738 4655 880 4711 alius
927 4673 1025 4728 pro
1059 4656 1289 4712 terrenis
1318 4657 1500 4726 rebus,
1542 4660 1879 4733 terrenisque
1913 4661 2084 4719 hono-

486 4744 658 4813 ribus,
693 4746 838 4801 alius
871 4763 966 4816 pro
994 4747 1263 4802 virtutum
1294 4748 1639 4805 successibus
1665 4751 1895 4807 cuilibet
1929 4753 2084 4808 invi-

484 4834 594 4902 det,
626 4835 929 4908 quemlibet
959 4835 1098 4901 odit,
1129 4845 1320 4892 contra
1367 4839 1670 4910 quemlibet
1699 4850 1965 4908 susurrat,
2015 4839 2082 4897 de
2132 4840 2149 4853 ‘

481 4924 731 4998 quolibet
758 4924 1020 4994 detrahit,
1043 4926 1110 4982 de
1139 4926 1434 4999 cujuslibet
1454 4928 1698 4986 adversis
1727 4931 1986 4998 exsultat,
2011 4927 2079 4986 de

480 5014 756 5087 prosperis
775 5015 1022 5072 animum
1053 5015 1380 5074 mastiﬁcat.

549 5113 603 5170 5.
635 5114 740 5170 Sed
766 5122 827 5170 ut
857 5115 914 5170 in
944 5115 1159 5172 cunctis
1210 5114 1316 5178 hoc
1344 5115 1638 5187 multiplex
1684 5116 1890 5172 malum
1920 5133 2074 5189 supe-

479 5209 650 5272 retur,
684 5213 957 5274 occurrat,
1004 5205 1260 5274 Domine,
1291 5222 1494 5278 quaso,
1546 5205 1686 5261 illud
1730 5206 2074 5262 multiforme

476 5290 706 5362 bonum,
739 5294 886 5367 quod
915 5295 1125 5366 potenti
1157 5296 1362 5351 virtute
1391 5295 1652 5350 resistens
1681 5311 1791 5351 non
1817 5296 1910 5352 det
1930 5295 2071 5350 invi-

477 5389 582 5448 dia
614 5393 816 5460 locum,
858 5392 1096 5449 charitas
1129 5390 1359 5458 scilicet,
1384 5407 1505 5463 qua
1535 5391 1956 5450 fundamentum
1988 5401 2070 5450 est

2197 4487 2460 4560 patientia
2475 4487 2850 4552 succubuerit,
2876 4486 3188 4552 nullumne,
3220 4483 3788 4549 Domine,remedium

2192 4578 2342 4633 erit?
2370 4577 2491 4632 Erit
2521 4587 2684 4634 certe.
2705 4578 2838 4632 Nam
2867 4593 2989 4632 cum
3018 4575 3184 4648 hujus
3217 4574 3346 4629 mali
3377 4575 3788 4630 damnationem

2193 4669 2558 4740 Evangelium
2615 4667 2923 4734 denuntiet,
2971 4667 3159 4722 dicens
3212 4683 3223 4720 :
3294 4690 3311 4712 ‹
3368 4664 3472 4731 Qui
3533 4663 3791 4720 irascitur

2194 4760 2352 4816 fratri
2388 4777 2509 4826 suo,
2542 4775 2669 4813 reus
2705 4757 2808 4812 erit
2834 4756 3083 4828 judicio:
3117 4755 3212 4828 qui
3237 4763 3419 4810 autem
3449 4753 3658 4809 dixerit
3684 4752 3788 4806 fra-

2190 4849 2262 4905 tri
2293 4867 2392 4904 suo
2431 4846 2618 4912 racha,
2652 4863 2775 4903 reus
2815 4847 2921 4902 erit
2963 4845 3202 4902 concilio
3241 4845 3372 4917 :qui
3404 4853 3587 4900 autem
3633 4843 3785 4899 dixe-

2189 4939 2260 4994 rit
2286 4938 2454 5006 fatue,
2487 4953 2610 4993 reus
2637 4938 2740 4994 erit
2771 4935 3030 5009 gehenna
3079 4934 3219 5006 ignis
3250 4934 3461 5004 (Matth.
3497 4951 3554 5000 γ,
3585 4932 3719 5002 22);
3757 4956 3774 4977 -

2187 5029 2442 5102 protinus
2496 5028 2964 5101 recuperationem
3021 5023 3348 5096 subjungit,
3396 5039 3524 5078 cum
3583 5020 3723 5077 dicit
3769 5037 3781 5074 :

2200 5147 2218 5171 ι
2255 5120 2313 5176 Si
2351 5120 2513 5176 oﬂ'ers
2543 5134 2748 5175 munus
2773 5124 2930 5172 tuum
2960 5114 3028 5172 ad
3056 5114 3245 5181 altare,
3279 5121 3333 5169 et
3361 5111 3436 5166 ibi
3463 5110 3783 5167 recordatus

2181 5211 2354 5268 fueris
2383 5210 2513 5284 quia
2543 5210 2709 5266 frater
2737 5217 2865 5266 tuus
2907 5207 3073 5264 habet
3127 5203 3339 5277 aliquid
3377 5202 3675 5259 adversum
3703 5210 3780 5267 te,

2181 5303 2430 5374 relinque
2461 5300 2540 5356 ibi
2566 5316 2766 5356 munus
2793 5307 2951 5356 tuum
2981 5305 3108 5353 ante
3142 5297 3335 5365 altare,
3373 5303 3428 5351 et
3458 5294 3598 5350 vade
3629 5290 3782 5365 prius

2178 5390 2532 5451 reconciliari
2561 5390 2722 5448 fratri
2750 5397 2868 5460 tuo,
2899 5397 2953 5447 et
2986 5395 3116 5446 tunc
3147 5385 3376 5443 veniens
3423 5383 3621 5442 oderes
3662 5396 3779 5439 mu-

551 5600 632 5671 (8)
659 5602 739 5658 Ita
757 5599 951 5658 codex.
984 5601 1114 5674 Reg.
1141 5617 1155 5669 ;
1187 5599 1321 5658 edit.
1351 5606 1555 5670 autem,
1577 5597 1751 5658 alieno
1767 5599 2077 5674 proximum
2107 5617 2160 5658 se
2180 5599 2311 5673 petit
2330 5600 2527 5674 gladio.
