4020 6200
199 301 309 358 837

1501 291 1986 353 PRECATIONES
2025 292 2213 348 DUIE.

3409 291 3516 349 838

199 440 308 480 nus
334 432 495 480 tuum
528 423 690 495 (Ibid.
723 423 814 492 23,
838 413 955 494 24).
980 446 998 468 ιι
1034 423 1105 477 Et
1129 421 1269 477 illud
1300 439 1312 477 :
1357 445 1376 469 ‹
1397 420 1532 478 Cum
1555 421 1713 476 statis
1733 420 1800 476 ad
1829 434 1883 494 Α
1913 417 2072 489 cujus
2125 416 2472 472 mortiferum
2529 416 2684 472 virus
2716 424 2851 472 tunc
2892 423 3173 488 utcunque
3219 427 3508 486 vacuatur,

198 514 495 581 orandum,
516 512 801 581 remittite,
821 513 866 566 si
895 512 1028 584 quid
1047 511 1261 568 habetis
1281 511 1543 567 adversus
1564 513 1798 566 alterum

195 601 255 657 in
287 603 553 660 cordibus
573 603 773 660 vestris
805 603 1089 672 (Manen,
1120 602 1236 674 25).
1271 627 1287 648 ι
1331 603 1484 656 Hanc
1513 600 1672 669 mihi,
1695 603 1798 656 Do-

195 693 352 748 mine
402 696 566 762 Deus,
613 693 909 749 secundam
965 694 1145 749 tribue
1173 693 1485 761 victoriam,
1520 693 1568 747 si
1613 693 1799 747 furore

193 793 441 842 cacatus
491 786 724 841 amisere
766 785 1021 858 primam,
1065 803 1188 842 cum
1239 804 1349 843 non
1381 795 1478 842 tuo
1527 785 1664 852 zelo,
1705 784 1798 839 sed

195 891 320 928 meo
356 876 496 930 vitio
528 875 823 948 cujuslibet
854 877 1100 932 animum
1132 878 1372 934 offendo.

265 964 322 1018 8.
373 965 623 1020 Tristitia
653 982 872 1039 quoque
920 966 1057 1021 iram
1089 968 1471 1040 persequitur:
1499 981 1620 1037 qua
1664 963 1795 1017 dum

191 1055 388 1110 cordis
421 1073 615 1112 arcana
665 1064 933 1129 penetrat,
983 1056 1236 1128 protinus
1285 1055 1342 1108 in
1379 1053 1496 1124 ejus
1541 1053 1798 1108 cubiculo

191 1144 500 1213 malitiam,
544 1163 851 1214 rancorem,
885 1145 1423 1218 pusillanimitatem,
1455 1142 1798 1214 desperatio-

191 1251 349 1303 nem,
394 1244 674 1308 torporem
714 1237 860 1293 circa
890 1245 1178 1309 pracepta,
1212 1235 1561 1307 vagationem
1595 1234 1799 1290 mentis

189 1340 324 1395 erga
358 1325 560 1380 illicita
593 1335 832 1397 generat.
866 1326 996 1394 Qua
1027 1327 1174 1382 inter
1211 1334 1407 1382 catera
1450 1325 1590 1381 vitia
1633 1341 1796 1396 quam

187 1413 263 1467 sit
312 1413 660 1482 detestanda,
701 1416 894 1471 beatus
946 1416 1149 1472 Paulus
1197 1415 1445 1471 indicat:
1507 1439 1524 1461 ι
1575 1414 1795 1483 Saculi,

189 1501 479 1574 inquiens,
526 1503 773 1570 tristitia,
833 1513 1063 1560 mortem
1104 1514 1361 1576 operatur
1408 1506 1492 1577 (lI
1524 1505 1650 1560 Cor.
1694 1521 1794 1571 vn,

192 1592 309 1664 10).
359 1618 378 1640 »
425 1594 529 1649 Sed
577 1594 823 1661 obsecro,
868 1596 1014 1650 Deus
1054 1602 1108 1650 et
1154 1595 1425 1651 Dominus
1465 1610 1638 1661 meus,
1689 1610 1800 1664 op—

189 1701 335 1757 pone
389 1693 584 1741 contra
635 1685 821 1742 saculi
864 1687 1149 1743 tristitiam
1203 1688 1401 1742 futura
1440 1685 1799 1742 beatitudinis

1909 525 2035 563 cum
2087 523 2198 562 non
2245 509 2502 579 qualitas,
2535 508 2629 562 sed
2673 507 2848 562 libido
2885 507 2944 560 in
2977 507 3118 562 escis
3146 517 3511 579 pracavetur.

1909 600 2092 654 Prima
2122 599 2268 655 enim
2305 600 2504 654 mulier
2532 616 2642 653 non
2683 598 3082 670 exquisitarum
3133 600 3354 672 dapum,
3409 602 3506 657 sed

1909 688 2025 742 sola
2045 687 2191 759 pomi
2216 687 2578 742 delectatione
2600 695 2832 743 mortem
2865 689 3072 744 mundo
3097 689 3317 746 induxit
3341 691 3502 762 (Gen.

1911 795 1994 846 Ill,
2027 779 2082 848 6)
2115 797 2126 833 :
2189 787 2241 834 et
2285 777 2545 849 antiquus
2591 777 2766 832 hostis
2797 795 2974 849 regem
3007 787 3253 834 nostrum
3296 797 3406 834 non
3437 781 3504 836 de

1910 881 2094 932 carne,
2133 867 2226 920 sed
2267 867 2334 920 de
2363 882 2501 937 pane
2529 868 2764 923 tentavit
2795 869 3007 939 (Matth.
3044 886 3121 936 ιν,
3171 868 3262 939 3):
3315 877 3369 922 et
3402 869 3514 923 So-

1909 959 2072 1015 doma
2110 959 2320 1016 idcirco
2366 961 2491 1033 igne
2534 968 2590 1016 et
2649 961 2914 1033 sulphure
2968 963 3152 1032 periit,
3197 961 3326 1034 quia
3369 962 3515 1016 inter

1909 1059 2106 1105 catera
2136 1052 2280 1106 mala
2310 1067 2503 1122 panem
2527 1049 2584 1104 in
2617 1050 2904 1106 saturitate
2934 1050 3174 1105 comedit
3199 1050 3353 1120 (Gen.
3388 1067 3511 1118 xix,

1983 1235 2067 1290 11.
2101 1236 2442 1308 Quapropter
2465 1237 2814 1293 clementiam
2836 1243 3010 1305 tuam,
3042 1238 3208 1305 Deus,
3241 1237 3510 1309 imploro,

1909 1333 1971 1380 ut
2019 1325 2162 1380 sicut
2216 1343 2355 1397 ager
2383 1325 2451 1381 ad
2484 1326 2834 1393 medicinam,
2865 1326 2944 1382 sic
2982 1327 3051 1381 ad
3081 1326 3374 1382 sumendas
3418 1327 3509 1382 da-

1909 1429 2002 1484 pes
2031 1415 2320 1470 accedam:
2356 1432 2698 1490 nequaquam
2733 1417 2944 1474 scilicet
2969 1419 3024 1473 in
3057 1417 3134 1473 eis
3162 1418 3502 1488 voluptatem

1909 1514 2187 1575 appetens,
2226 1505 2320 1561 sed
2359 1507 2669 1562 necessitati
2717 1507 3071 1563 subveniens.
3116 1508 3290 1562 Aufer
3336 1523 3368 1562 a
3427 1523 3514 1562 me

1908 1601 2130 1664 propter
2150 1611 2403 1666 magnam
2440 1595 2872 1653 misericordiam
2891 1607 3042 1653 tuam
3066 1614 3228 1653 omne
3257 1597 3506 1654 ciborum

1909 1681 2139 1736 noxium
2185 1681 2540 1750 desiderium,
2596 1701 3004 1756 congruamque
3038 1703 3196 1742 servo
3228 1694 3324 1741 tuo
3354 1703 3513 1742 esca-

190 1773 475 1842 latitiam,
535 1791 656 1846 qua
713 1791 784 1829 ex
853 1792 1086 1832 marore
1146 1784 1480 1832 contractam
1553 1768 1801 1830 m'alitam
1831 1781 1877 1841 Β
1909 1787 2029 1825 rum
2081 1771 2360 1843 propitius
2412 1772 2590 1828 tribue
2628 1774 3062 1839 abstinentiam;
3106 1783 3168 1831 ut
3221 1775 3365 1831 inter
3419 1793 3511 1831 ne-

188 1862 385 1919 vincat
433 1863 844 1932 benevolentia,
896 1863 1063 1918 tadio
1115 1873 1457 1936 procreatum
1519 1880 1802 1920 rancorem

189 1949 366 2019 pellat
407 1949 744 2016 sinceritate,
794 1950 1306 2021 pusillanimitatem
1337 1951 1666 2006 fortitudine
1705 1967 1806 2006 ro-

189 2037 374 2107 boret,
428 2039 870 2112 desperationem
905 2042 1019 2114 spei
1071 2041 1275 2098 ﬁducia
1303 2042 1496 2114 erigat,
1526 2051 1802 2113 torporem

188 2125 344 2182 circa
374 2137 647 2200 pracepta
677 2129 942 2186 exercitio
974 2131 1208 2202 spiritali
1247 2131 1496 2202 repellat,
1546 2130 1804 2201 vagatio-

187 2231 316 2271 nem
379 2219 587 2274 mentis
645 2236 771 2292 erga
828 2219 1027 2276 illicita
1103 2221 1428 2276 inconcussa
1499 2218 1802 2275 stabilitate

193 2306 465 2362 refrenet.
517 2308 676 2375 Quod
714 2309 782 2375 si,
839 2308 908 2363 ad
961 2317 1304 2364 momentum
1359 2307 1639 2364 subtracta
1695 2309 1800 2363 la-

189 2395 337 2464 titia,
374 2396 646 2468 spiritali,
686 2399 894 2452 malum
925 2398 1164 2454 tristitia
1194 2398 1568 2471 pravaluerit,
1619 2414 1797 2470 agam,

189 2499 399 2555 quaso,
461 2487 608 2558 quod
662 2495 850 2544 monet
903 2487 1094 2544 beatus
1141 2488 1413 2544 Iacobus:
1481 2512 1498 2534 ε
1527 2488 1801 2546 Tristatur

190 2573 318 2646 quis
353 2575 413 2630 in
445 2575 648 2632 vobis?
700 2579 832 2634 Oret
860 2593 1016 2650 aquo
1055 2577 1264 2646 animo,
1320 2584 1374 2632 et
1405 2577 1601 2649 psallat
1656 2576 1796 2647 (Jac.

191 2680 250 2728 v,
275 2664 392 2736 13).
442 2689 462 2712 ι

269 2756 324 2820 9.
346 2759 603 2817 Avaritia
631 2761 881 2834 sequitur
899 2760 1205 2830 tristitiam,
1222 2778 1342 2834 qua
1366 2760 1423 2816 in
1447 2769 1681 2832 utroque
1701 2758 1798 2812 Te-

191 2859 474 2909 stamento
503 2851 620 2923 pari
651 2859 872 2906 notatur
901 2852 1298 2908 exsecratione.
1333 2853 1394 2906 In
1435 2851 1607 2906 veteri
1644 2865 1796 2903 nam-

186 2959 298 3015 que
354 2941 597 2998 dicitur:
646 2966 663 2987 ι
703 2941 887 2996 Avaro
939 2941 1082 2995 nihil
1131 2951 1211 2996 est
1265 2940 1552 2996 scelestius
1602 2937 1793 3008 (Eccli.

188 3048 247 3099 x,
282 3033 383 3102 9);
421 3057 438 3078 ι
493 3031 551 3086 in
579 3048 725 3087 novo
772 3040 985 3087 autem:
1033 3056 1051 3079 ε
1099 3039 1152 3086 et
1197 3031 1511 3096 avaritiam,
1543 3046 1664 3101 qua
1715 3035 1798 3082 est

189 3121 475 3176 idolorum
507 3121 745 3176 servitus
776 3121 998 3190 (Ephes.
1033 3137 1088 3188 v,
1121 3121 1202 3189 5).
1232 3144 1250 3166 ι
1298 3120 1381 3173 Ex
1411 3134 1517 3190 qua
1549 3117 1795 3189 profecto
1830 3146 1872 3205 Ο

188 3222 398 3284 septem
420 3212 686 3283 nequitia
707 3211 1321 3283 procreantur,scilicet,
1343 3210 1604 3282 proditio,
1625 3210 1794 3277 fraus,

187 3301 437 3368 fallacia,
471 3299 802 3371 perjurium,
834 3299 1179 3372 inquietudo,
1212 3299 1501 3367 violentia,
1533 3306 1585 3353 et
1607 3305 1798 3355 contra

187 3387 639 3444 misericordiam
689 3387 1000 3444 obduratio.
1050 3390 1121 3444 Et
1158 3405 1302 3456 ecce,
1347 3387 1582 3443 Domine
1630 3390 1794 3455 Deus,

187 3479 428 3551 quilibet
471 3488 683 3536 amator
711 3480 925 3546 mundi,
961 3489 1014 3536 et
1043 3496 1153 3535 non
1187 3480 1288 3547 tui,
1325 3486 1547 3551 propter
1575 3479 1796 3534 metalla

187 3571 454 3642 pretiosa,
497 3571 749 3625 ardentes
791 3569 1170 3642 fulgentesque
1229 3568 1456 3640 lapides,
1513 3584 1702 3623 servos
1743 3574 1798 3622 et

188 3677 376 3717 servas
415 3661 623 3733 pradia
649 3670 703 3717 et
724 3661 927 3716 fundos
964 3660 1031 3716 ad
1065 3669 1294 3716 mortem
1326 3660 1642 3732 proximum
1674 3667 1797 3714 tra—

193 3751 297 3819 dit,
330 3750 582 3807 fraudem
615 3751 873 3818 incurrit,
907 3750 1180 3806 fallaciam
1211 3750 1457 3818 obducit,
1492 3747 1795 3821 perjurium

195 3841 528 3896 committit:
579 3849 633 3895 et
670 3841 814 3896 alius
855 3841 1137 3913 inquietus
1174 3849 1227 3897 et
1249 3841 1527 3896 violentus
1551 3847 1632 3894 est
1662 3854 1798 3909 pro-

197 3938 315 4000 pter
344 3929 561 3999 villam,
590 3930 733 3985 alius
756 3939 980 4002 propter
999 3931 1260 4003 gallinam
1286 3949 1297 3986 :
1331 3930 1473 3984 alius
1493 3928 1800 3984 obduratur

196 4025 385 4073 contra
413 4018 856 4075 misericordiam
889 4035 956 4074 ne
987 4019 1257 4076 retribuat
1299 4034 1517 4085 aurum,
1549 4017 1690 4071 alius
1730 4030 1800 4070 ne

195 4107 438 4179 porrigat
483 4117 695 4179 potum.
740 4106 845 4163 Sed
876 4115 1022 4179 peto,
1056 4107 1130 4162 mi
1160 4109 1325 4174 Deus,
1364 4114 1576 4162 amator
1613 4112 1798 4161 castus

193 4203 245 4249 et
288 4211 480 4264 verus,
528 4205 589 4252 ut
624 4197 712 4252 cui
752 4204 950 4268 prater
977 4203 1031 4250 te
1061 4195 1216 4250 nulla
1263 4195 1530 4267 possessio
1568 4193 1799 4250 debetur

199 4283 254 4338 in
314 4294 496 4353 terra,
529 4285 672 4341 nihil
706 4285 854 4358 quod
908 4292 970 4339 tu
1024 4301 1135 4340 non
1179 4300 1254 4353 es,
1305 4284 1688 4354 concupiscam
1739 4283 1798 4337 in

192 4380 370 4444 terra;
435 4394 658 4449 semper
715 4377 868 4432 illius
912 4374 1200 4431 sententia
1265 4376 1632 4442 meminerim,
1694 4391 1800 4447 qua

191 4463 392 4521 dicitur
423 4484 450 4523 :
522 4492 539 4513 ι
573 4466 763 4522 Nudus
817 4482 1063 4538 egressus
1111 4482 1229 4520 sum
1281 4465 1348 4520 de
1406 4471 1562 4519 utero
1609 4465 1800 4544 matris

192 4567 342 4623 mea,
388 4555 585 4610 nudus
641 4563 888 4611 revertar
920 4557 1055 4611 illuc
1095 4556 1210 4626 (Job
1242 4574 1281 4624 ι,
1314 4555 1425 4626 21).
1459 4581 1475 4601 ι
1520 4557 1700 4627 Atque
1726 4556 1804 4610 il-

196 4640 337 4698 lius:
385 4672 401 4693 ι
431 4645 592 4702 Nihil
624 4645 916 4702 intulimus
946 4647 1003 4701 in
1031 4646 1178 4701 hunc
1221 4644 1510 4713 mundum,
1561 4645 1655 4700 sed
1703 4662 1804 4703 nec

205 4732 410 4790 auferre
441 4734 575 4808 quid
609 4752 898 4806 possumus
939 4737 995 4807 (Ι
1041 4737 1171 4791 Tim.
1226 4752 1304 4802 v1,
1353 4735 1432 4805 7).
1465 4759 1483 4781 ι
1543 4734 1673 4801 Quae
1722 4735 1803 4789 ni-

207 4820 401 4878 mirum
435 4825 570 4880 dum
609 4825 696 4896 pie
723 4825 1166 4889 considerantur,
1199 4825 1392 4880 mundi
1423 4833 1801 4897 contemptum

207 4910 390 4968 afferre
421 4915 704 4985 videntur,
739 4917 832 4988 qui
863 4917 1114 4973 avaritia
1146 4915 1456 4974 contrarius
1484 4925 1584 4973 est.

284 5015 426 5072 495
459 5019 546 5075 10.
581 5019 708 5074 Post
739 5019 857 5076 hac
888 5029 1053 5076 restat
1078 5019 1288 5075 ventris
1337 5019 1629 5091 ingluvies,
1681 5038 1802 5093 qua

210 5117 240 5157 a
265 5110 590 5165 necessitate
619 5109 838 5182 quidem
891 5109 1106 5180 incipit,
1154 5110 1246 5164 sed
1281 5111 1474 5166 modus
1513 5111 1801 5166 necessita-

212 5191 280 5247 tis
307 5198 595 5266 excedens,
630 5198 698 5253 ad
729 5199 1070 5269 voluptatem
1111 5199 1446 5268 pertransit;
1499 5197 1743 5270 dumque
1771 5216 1804 5256 a

214 5277 375 5338 licitis
403 5286 471 5341 ad
505 5287 700 5342 illicita
727 5286 1063 5358 pervenerit,
1095 5304 1224 5342 mox
1257 5288 1498 5360 ineptam
1526 5287 1798 5357 latitiam,

214 5374 621 5443 scurrilitatem,
653 5375 1089 5444 immunditiam,
1123 5376 1561 5449 multiloquium,
1589 5393 1802 5434 sensus-

219 5469 320 5526 que
365 5461 755 5521 hebetudinem
820 5465 966 5523 circa
1027 5466 1450 5540 intelligentiam
1524 5468 1797 5541 parturit:

288 5639 366 5716 (4)
397 5646 598 5708 Omnes
621 5649 780 5722 edit.,
837 5649 1192 5710 delectationis
1220 5649 1332 5724 ejus
1359 5667 1531 5709 sensu.

1913 1861 2208 1914 cessarium
2254 1860 2478 1916 modum
2520 1863 2802 1934 proprium
2837 1870 3133 1935 temperem
3179 1865 3510 1936 appetitum,

1914 1956 2228 2021 remotaque
2258 1965 2288 2003 a
2318 1966 2403 2004 me
2433 1951 2586 2005 omni
2625 1968 2847 2023 prorsus
2876 1953 3098 2023 crapula
3121 1963 3175 2008 et
3223 1953 3507 2022 ebrietate,

1913 2037 2082 2093 sciam
2127 2039 2184 2092 in
2239 2039 2446 2094 virtute
2474 2047 2570 2095 tua
2599 2040 2900 2106 abundare,
2941 2041 3107 2097 sciam
3137 2050 3191 2097 et
3221 2043 3509 2114 penuriam

1913 2127 2048 2197 pati,
2082 2127 2335 2182 noverim
2366 2144 2582 2200 quoque
2604 2129 2661 2183 in
2691 2129 2891 2202 quibus
2917 2130 3055 2185 mihi
3086 2131 3365 2186 sufﬁciens
3395 2148 3510 2187 esse

1910 2217 2136 2288 possim.
2179 2219 2280 2282 Ita,
2321 2218 2575 2286 Domine,
2609 2218 2708 2286 ita,
2739 2220 2898 2274 Pater
2947 2221 3110 2288 bone,
3156 2221 3340 2276 noxiis
3380 2239 3510 2292 gas-

1912 2306 2206 2378 trimargia
2244 2308 2423 2364 succis
2469 2308 2724 2364 arefactis
2775 2309 2960 2380 inepta
3003 2310 3195 2366 latitia
3232 2312 3320 2366 vel
3360 2329 3511 2369 scur-

1910 2399 2092 2454 rilitas
2113 2415 2224 2454 non
2257 2399 2574 2471 pullulabit,
2595 2417 2715 2473 qua
2732 2399 2857 2455 illos
2879 2401 3118 2456 maxime
3138 2401 3204 2456 ad
3236 2402 3504 2458 insaniam

1910 2490 2182 2562 perducit,
2227 2491 2286 2546 in
2334 2491 2536 2564 quibus
2565 2492 2786 2564 crapula
2821 2499 2874 2547 et
2909 2492 3144 2548 ebrietas
3195 2493 3505 2549 dominium

1908 2580 2114 2635 sumit:
2166 2605 2183 2626 ι
2217 2581 2373 2650 Sedit
2411 2581 2558 2636 enim
2590 2582 2824 2652 populus
2855 2582 3186 2637 manducare
3215 2590 3269 2638 et
3292 2582 3503 2651 bibere,

1907 2676 1961 2723 et
2007 2679 2367 2725 surrexerunt
2423 2671 2608 2725 ludere
2647 2671 2851 2741 (Exod.
2909 2687 3093 2737 χχχιι,
3125 2670 3207 2741 6).
3241 2695 3258 2715 ι
3303 2671 3508 2726 Contra

1907 2775 2046 2830 quos
2072 2759 2169 2813 illa
2202 2759 2475 2814 sententia
2527 2759 2700 2825 venit,
2744 2775 2850 2830 qua
2877 2757 3083 2813 dicitur
3115 2774 3126 2810 :
3175 2783 3193 2805 ε
3223 2758 3320 2814 Va
3348 2758 3508 2814 vobis

1909 2847 2203 2915 divitibus,
2237 2848 2331 2918 qui
2374 2847 2587 2902 habetis
2636 2849 3068 2903 consolationem
3123 2855 3362 2903 vestram
3393 2849 3405 2902 l
3437 2849 3508 2902 Et

1906 2953 1988 2991 va
2019 2937 2209 3004 vobis,
2245 2937 2335 3008 qui
2373 2936 2565 2992 ridetis
2600 2952 2780 3002 nunc;
2819 2937 2947 3009 quia
2976 2936 3263 3008 plorabitis
3305 2945 3359 2993 et
3399 2936 3508 2992 ﬂe-

1904 3023 2037 3079 bitis
2060 3025 2210 3094 (Luc.
2236 3041 2314 3092 vr,
2346 3023 2435 3093 2’1,
2469 3025 2559 3097 25)
2586 3027 2596 3080 l
2629 3050 2645 3071 ι
2690 3025 2847 3092 Quod
2864 3032 3054 3080 contra
3084 3025 3129 3079 iii
3156 3025 3251 3098 qui
3281 3043 3502 3082 carnem

1906 3131 2071 3170 suam
2117 3115 2516 3172 cruciﬁxerunt
2565 3133 2690 3172 cum
2739 3115 2894 3172 vitiis
2939 3125 2994 3171 et
3044 3117 3506 3189 concupiscentiis

1905 3204 2023 3276 ejus
2078 3205 2288 3276 (Galat.
2348 3223 2403 3270 v,
2445 3205 2536 3275 24)
2577 3205 2844 3260 audiunt:
2900 3230 2917 3254 ι
2957 3207 3195 3262 Mundus
3225 3207 3504 3278 gaudebit,

1907 3311 2004 3349 vos
2022 3311 2154 3349 vero
2185 3294 2628 3350 contritahimini
2651 3295 2778 3362 ;sed
2806 3295 3032 3351 tristitia
3059 3304 3238 3351 vestra
3258 3304 3507 3352 vertetur

1907 3385 1964 3441 in
1995 3385 2257 3456 gaudium
2289 3392 2341 3440 et
2369 3385 2629 3457 gaudium
2660 3393 2901 3441 vestrum
2933 3402 3096 3440 nemo
3114 3387 3273 3441 tollet
3298 3403 3328 3442 a
3349 3386 3508 3442 vobis

1909 3476 2090 3547 (Joan.
2121 3475 2332 3543 xv1,20,
2363 3474 2476 3544 22).
2496 3501 2513 3521 ι
2538 3475 2608 3530 Et
2638 3491 2877 3530 rursum:
2914 3499 2931 3521 ι
2959 3475 3111 3530 Beati
3130 3474 3265 3546 quid
3294 3476 3506 3545 lugent,

1906 3567 2164 3637 quoniam
2196 3565 2299 3638 ipsi
2331 3565 2764 3621 consolabuntur
2787 3566 2997 3637 (Matth.
3023 3584 3082 3633 v,
3112 3567 3192 3638 5).
3213 3592 3230 3612 ι
3263 3568 3505 3622 [annun-

1904 3655 2042 3712 ditia
2071 3673 2286 3729 quoque
2317 3674 2438 3730 qua
2452 3655 2616 3728 juxta
2644 3658 2969 3730 Apostolum
2993 3658 3323 3731 quibusdam
3351 3657 3506 3729 regni

1905 3747 2141 3803 calestis
2171 3747 2382 3802 aditum
2411 3747 2640 3815 claudit,
2673 3748 2992 3819 vigilantem
3036 3765 3341 3821 nunquam,
3382 3748 3506 3805 dor-

1910 3836 2170 3891 mientem
2207 3853 2337 3892 vero
2365 3836 2580 3892 tardius
2609 3853 2707 3892 sua
2734 3837 3048 3893 colluvione
3080 3838 3326 3894 fadavit.
3353 3837 3507 3892 Mul-

1912 3924 2206 3997 tiloquium
2246 3926 2428 3981 inedia
2457 3942 2701 3996 pressum
2731 3926 2952 3982 silebit:
3002 3925 3278 3982 hebetudo
3315 3942 3506 3981 sensus

1907 4013 2052 4070 circa
2097 4015 2519 4086 intelligentiam
2572 4015 2876 4087 spiritualis
2951 4015 3224 4072 acuminis
3285 4014 3506 4084 ingenio

1906 4103 2062 4159 cedet
2085 4122 2116 4171 ;.
2147 4105 2294 4176 quod
2340 4114 2525 4161 sancta
2575 4105 2911 4177 parcimonia
2945 4105 3003 4159 in
3034 4111 3218 4158 mente
3248 4118 3506 4174 propaga-

1906 4191 2015 4258 bit;
2067 4201 2260 4248 venter
2307 4195 2454 4248 enim
2485 4194 2820 4250 abstinentia
2864 4199 3180 4250 contractus
3235 4191 3507 4246 humanos

1907 4279 1964 4334 in
1995 4282 2166 4336 altum
2192 4284 2370 4338 elevat
2400 4299 2611 4338 sensus.

1982 4380 2067 4436 12.
2113 4380 2357 4435 Luxuria
2407 4381 2838 4453 gastrimargiam
2892 4380 3160 4453 sequitur,
3212 4397 3332 4454 qua
3373 4381 3505 4438 dum

1910 4469 2145 4525 licentia
2169 4478 2339 4525 metas
2359 4471 2597 4536 excedit,
2623 4487 2752 4525 mox
2780 4471 2849 4526 de
2868 4488 2924 4526 se
2951 4471 3250 4527 cacitatem
3283 4473 3504 4543 mentis,

1914 4558 2490 4627 inconsiderationem,
2514 4560 2959 4628 inconstantiam,
2990 4561 3504 4633 praecipitationem,

1911 4669 2150 4708 amorem
2187 4654 2294 4721 sui,
2326 4654 2514 4709 odium
2546 4654 2663 4721 Dei,
2696 4654 2949 4709 affectum
2984 4654 3266 4726 praesentis
3295 4655 3505 4723 saculi,

1913 4743 2194 4799 horrorem
2233 4753 2416 4800 autem
2467 4746 2554 4800 vel
2599 4744 3036 4816 desperationem
3089 4745 3266 4816 gignit
3295 4745 3495 4800 futuri.

1911 4832 2015 4888 Sed
2047 4841 2190 4905 peto,
2223 4835 2475 4901 Domine,
2499 4841 2561 4888 ut
2591 4834 2685 4906 qui
2708 4833 2775 4888 ab
2795 4834 2914 4904 ipso
2941 4832 3245 4904 pubertatis
3261 4840 3506 4904 tempore

1911 4938 1943 4977 ε,
1987 4924 2280 4994 complexu
2315 4922 2551 4978 carnalis
2591 4924 2800 4993 copula
2845 4922 3086 4977 alienum
3144 4939 3230 4977 me
3259 4939 3374 4978 esse
3413 4939 3506 4976 vo-

1913 5013 2085 5082 luisti,
2139 5014 2522 5071 delectationis
2570 5013 2689 5085 ejus
2731 5030 3000 5069 consensu
3037 5013 3118 5085 (4)
3152 5028 3262 5068 non
3292 5023 3503 5084 tangar,

1912 5103 2056 5170 Quid
2103 5104 2250 5158 enim
2295 5103 2534 5176 prodest,
2589 5102 2823 5158 Domine
2872 5104 3039 5171 Deus,
3087 5102 3360 5172 virginem
3392 5116 3508 5157 esse

1911 5210 2156 5266 corpore,
2198 5194 2244 5248 si
2282 5193 2566 5264 contingat
2598 5199 2778 5248 mente
2808 5208 2923 5248 esse
2953 5199 3270 5262 corruptum
3296 5191 3324 5246 ?
3357 5215 3375 5238 ι
3400 5189 3505 5256 Qui
3545 5178 3552 5184 ’

1910 5285 2057 5340 enim
2115 5285 2318 5341 viderit
2375 5284 2660 5340 mulierem
2699 5283 2766 5339 ad
2820 5283 3320 5354 concupiscendum
3361 5295 3501 5347 eam,

1905 5372 2019 5446 jam
2049 5375 2353 5432 moechatus
2380 5383 2462 5431 est
2491 5391 2608 5431 eam
2633 5373 2692 5431 in
2723 5375 2887 5432 corde
2907 5392 3008 5431 suo
3030 5372 3240 5444 (Matth.
3267 5388 3326 5437 v,
3349 5370 3492 5440 28).-

1911 5461 2054 5520 Huic
2105 5463 2348 5536 profecto
2397 5464 2632 5522 necdum
2681 5465 2989 5523 castitatem
3040 5461 3306 5535 professo,
3339 5459 3504 5530 juxta
