4068 6182
536 188 641 248 839

1537 191 1633 245 AD
1671 187 1906 246 OPERA
1943 187 1998 243 S.
2035 185 2366 248 AMBROSII
2404 185 2782 244 APPENDIX.
3477 197 3484 206 '
3683 200 3766 256 31,0

542 313 891 387 Apostolum,
922 313 1120 369 melius
1147 321 1229 369 est
1266 313 1473 370 nubere
1493 329 1653 386 quam
1694 313 1782 368 uri
1813 314 1846 368 Ι
1873 314 1998 370 Cor.
2030 330 2130 383 vu,
2165 315 2211 372 A
2247 313 2413 367 etiam
2447 313 2502 368 in
2535 312 2633 368 illo
2662 311 2844 369 adhuc
2881 311 3082 368 saeculo
3111 310 3316 385 aliquid
3342 315 3396 372 in
3422 333 3501 374 me
3535 320 3768 382 vindicari.

541 403 629 475 9):
663 402 756 460 sed
783 403 1028 470 obsecro,
1078 393 1332 470 Demine,
1364 410 1426 458 ut
1454 402 1544 458 cui
1577 418 1690 458 non
1740 403 1868 460 licet
1907 401 2135 471 nubere,

541 509 643 549 nec
671 492 950 562 contingat
985 491 1163 546 aduri.

616 581 700 636 13.
754 581 894 635 Ecce
951 580 1081 634 dum
1125 595 1223 650 pro
1267 595 1354 634 me
1394 579 1668 636 sollicitus
1713 581 1846 637 talia
1899 581 2136 653 postulo,

544 669 857 726 meminisse
885 668 1170 725 charitatis
1199 669 1400 738 debeo;
1436 679 1498 725 ut
1528 672 1692 726 etiam
1733 688 1828 741 pro
1858 671 1984 727 aliis
2013 688 2138 726 exo-

542 777 675 816 rem.
727 761 800 816 Te
844 761 1012 833 igitur
1061 770 1363 818 amatorem
1425 763 1686 820 Ecclesiaz
1717 772 1825 819 tua:
1857 763 2140 836 deprecor,

542 849 706 914 Deus,
757 864 856 920 pro
922 849 1298 905 sacerdotibus
1343 848 1506 920 ejus;
1553 858 1613 906 ut
1664 851 1848 907 verbis
1895 852 2060 907 simul
2089 859 2143 907 et

543 937 755 992 meritis
804 937 933 995 vita
986 939 1249 1011 populum
1302 939 1407 994 sibi
1457 940 1728 996 creditum
1757 941 1825 997 ad
1867 942 2140 998 cmlestem

541 1029 774 1098 patriam
807 1029 1067 1084 invitent.
1102 1031 1204 1085 Pro
1233 1031 1477 1102 regibus,
1500 1032 1756 1100 ducibus,
1783 1041 1836 1087 et
1862 1033 1928 1088 iis
1959 1032 2051 1105 qui
2085 1033 2141 1087 in

542 1116 884 1173 sublimitate
927 1119 1091 1190 positi
1129 1127 1300 1186 sunt;
1343 1128 1403 1175 ut
1435 1127 1614 1191 patres
1663 1121 2032 1192 orphanorum
2090 1129 2143 1176 et

535 1203 751 1276 judices
805 1206 1095 1262 viduarum
1145 1207 1468 1280 semetipsos
1526 1209 1848 1278 exhibeant,
1906 1211 2144 1265 miseriis

541 1295 791 1369 inopum,
843 1305 896 1353 et
944 1298 1236 1369 gemitibus
1290 1315 1589 1370 pauperum
1619 1299 1970 1368 condoleant,
1999 1299 2141 1356 nihil

441 1415 452 1422 -
541 1387 650 1442 nisi
680 1387 825 1460 quod
850 1387 1059 1458 justum
1098 1396 1198 1456 est,
1252 1388 1308 1443 in
1353 1388 1576 1459 judicio
1623 1397 1906 1460 quaerant;
1957 1390 2143 1462 sicque

541 1476 929 1534 administrent
949 1479 1256 1549 praesentia,
1274 1495 1341 1533 ne
1365 1480 1626 1534 amittant
1653 1479 1795 1535 bona
1816 1480 2015 1535 futura.
2041 1482 2144 1536 Pro

543 1567 1324 1639 virginibus,continentibus,
1349 1585 1410 1625 ac
1437 1569 1646 1624 mundo
1678 1569 2141 1639 renuntiantibus;

2248 402 2380 458 dum
2429 418 2694 469 reservas,
2729 409 2855 473 peto
2885 416 2954 456 ne
2983 415 3070 456 me
3098 403 3344 472 potestati
3387 403 3660 466 daemonum
3690 422 3769 469 tra-

2245 490 2364 556 das,
2395 493 2528 547 dum
2559 492 2736 547 scelus
2768 507 2950 546 meum
2983 491 3293 562 purgatoria
3319 508 3470 564 poena
3499 496 3714 570 delergis.

2322 581 2408 636 16.
2448 581 2761 652 Nunquam,
2812 578 3064 646 Domine,
3117 578 3383 636 oblivioni
3437 584 3666 641 tradenda
3709 598 3772 644 est

2248 667 2365 723 dies
2396 667 2512 735 illa,
2561 669 2628 723 de
2660 684 2766 740 qua.
2806 667 2952 723 dixit
3001 667 3266 740 propheta
3302 687 3314 725 :
3376 695 3393 716 ε
3435 673 3585 741 Dies,.
3611 675 3772 748 inquit,

2251 759 2366 826 irae,
2401 760 2521 815 dies
2557 760 2671 827 illa,
2723 759 2840 814 dies
2885 749 3267 816 tribulationis
3310 769 3361 817 et
3387 765 3643 834 angustiae,
3685 767 3775 824 dies

2249 849 2580 906 calamitatis
2609 857 2663 904 et
2696 850 2955 917 miseriae,
2977 849 3094 906 dies
3115 849 3454 906 tenebrarum
3481 860 3529 907 et
3553 855 3774 925 caliginis,

2250 938 2367 993 dies
2397 939 2612 994 nebulae
2642 949 2695 995 et
2724 939 2963 995 turbinis
2996 940 3099 1011 (6),
3147 940 3262 994 dies
3292 940 3432 996 tuhze
3476 949 3527 996 et
3551 943 3770 1013 clangoris

2254 1028 2505 1099 (Sophon.
2538 1029 2815 1100 1,15,16),
2849 1054 2866 1074 ι
2911 1028 2968 1084 in
2999 1047 3127 1103 qua,
3159 1031 3311 1086 caelis
3340 1039 3392 1086 et
3419 1032 3566 1087 terris
3595 1033 3778 1090 ardenti-

2251 1116 2373 1185 bus,
2420 1142 2436 1163 ι
2477 1117 2711 1172 exibunt
2748 1117 2956 1190 angeli,
3013 1126 3068 1174 et
3095 1119 3420 1190 separabunt
3445 1121 3601 1176 malos
3623 1120 3679 1176 de
3703 1139 3782 1176 nie-

2251 1206 2344 1261 dio
2394 1204 2694 1276 justorum,
2753 1215 2807 1262 ct
2855 1208 3077 1264 mittent
3133 1224 3226 1264 eos
3273 1208 3331 1262 in
3381 1210 3633 1264 caminum
3677 1210 3782 1282 ignis

2255 1295 2466 1365 (Matth.
2500 1313 2626 1364 xm,
2672 1295 2758 1362 49,
2792 1296 2925 1366 50);
2963 1322 2980 1344 ι
3044 1298 3102 1352 in
3153 1314 3262 1370 qua
3313 1315 3564 1354 messores
3605 1299 3786 1355 collecta

2252 1384 2462 1440 zizania
2504 1384 2813 1456 alligabunt
2845 1386 2901 1440 in
2947 1387 3239 1443 fasciculos
3285 1387 3352 1442 ad
3392 1387 3783 1444 comburendum.

2254 1475 2315 1530 In
2345 1491 2452 1548 qua
2481 1493 2512 1530 a
2541 1475 2784 1532 sinistris
2816 1476 2980 1548 positi
3007 1477 3233 1532 audient
3266 1476 3419 1549 impii
3454 1495 3465 1532 :
3525 1502 3542 1524 ι
3569 1477 3790 1534 Discedite

2254 1582 2286 1621 a
2315 1581 2420 1632 me,
2443 1564 2744 1633 maledicti,
2779 1564 2836 1620 in
2867 1565 3049 1637 ignem
3081 1574 3373 1633 aeternum,
3405 1566 3495 1638 qui
3516 1577 3793 1638 praeparatus

543 1667 605 1714 ut
660 1659 951 1730 praesentia
1005 1659 1332 1731 despiciant,
1387 1660 1574 1716 futura
1623 1659 1924 1732 requirant,
1959 1677 2059 1716 nec
2084 1677 2140 1716 se
2167 1674 2213 1733 Β
2257 1663 2338 1711 est
2367 1653 2609 1723 diabolo,
2660 1662 2714 1710 et
2743 1655 2950 1726 angelis
2993 1653 3110 1727 ejus
3156 1656 3373 1726 (Matth.
3407 1672 3538 1722 xxv,
3566 1655 3712 1727 41).ι
3748 1656 3791 1708 lu

546 1749 780 1820 negotiis
828 1749 1181 1806 szecularibus
1237 1751 1560 1822 implicent;
1609 1759 1668 1806 ut
1704 1750 1807 1806 tibi
1840 1750 2142 1808 militantes

544 1842 816 1913 placeant,
866 1840 956 1896 cui
998 1856 1054 1896 se
1097 1840 1488 1912 probaverunt.
1556 1840 1660 1895 Pro
1709 1840 2034 1913 conjugatis,
2081 1849 2145 1898 ut

543 1930 623 1987 sic
652 1931 758 1987 sibi
801 1931 1039 1988 invicem
1075 1930 1254 1987 carnis
1281 1930 1529 1986 debitum
1559 1931 1797 2000 solvant,
1832 1947 1901 1987 ne
1927 1947 1959 1987 a
1987 1933 2144 1988 desi—

543 2019 697 2077 derio
726 2021 916 2093 patria:
937 2022 1176 2078 caelestis
1199 2021 1532 2078 exorbitent.

618 2111 703 2167 14.
747 2112 851 2168 Sed
882 2111 1014 2184 quid
1045 2128 1162 2185 ago,
1196 2113 1476 2169 Domine?
1507 2112 1672 2180 Quasi
1723 2113 1930 2169 oblitus
1958 2130 2142 2185 pecca-

546 2207 729 2255 torum
760 2218 1030 2269 meorum,
1060 2219 1159 2273 pro
1175 2201 1300 2257 aliis
1325 2218 1553 2258 exorare
1585 2218 1877 2272 praesumo.
1911 2203 1955 2259 Ο
1979 2220 2141 2275 quam

546 2291 604 2346 in
635 2292 828 2346 multis
855 2291 1059 2346 oﬂ'endi
1087 2299 1250 2362 atque
1269 2291 1516 2346 offendo!
1541 2290 1646 2347 Sed
1675 2299 1861 2346 tamen
1888 2310 1997 2348 non
2019 2293 2143 2349 sub-

548 2381 690 2452 repit
730 2380 1056 2453 desperatio,
1112 2397 1237 2436 cum
1288 2381 1643 2452 publicanum
1690 2381 1747 2436 in
1793 2382 1998 2453 templo
2028 2381 2144 2454 jus-

544 2473 821 2532 tiﬁcatum
851 2471 1094 2541 attendo,
1134 2489 1259 2530 cum
1294 2475 1564 2530 latronem
1601 2474 1658 2530 in
1689 2491 1848 2531 cruce
1880 2476 2142 2531 confiten-

548 2572 682 2628 tem,
705 2571 759 2619 et
787 2563 854 2618 de
879 2579 1041 2638 cruce
1071 2563 1138 2618 ad
1166 2563 1483 2618 Paradisum
1511 2571 1886 2620 transeuntem
1915 2565 2140 2638 aspicio,

547 2669 674 2708 cum
704 2651 930 2709 Mariam
969 2661 1090 2724 post
1124 2654 1326 2708 multas
1358 2652 1654 2709 criminum
1706 2655 1946 2710 maculas
1993 2655 2144 2711 fonte

547 2743 767 2815 pietatis
787 2741 1052 2810 ablutam,
1077 2760 1200 2799 cum
1225 2744 1444 2811 Petrum
1477 2752 1598 2816 post
1622 2749 1769 2807 496
1800 2745 2143 2817 negationem

549 2838 887 2909 apostolatus
916 2837 1144 2909 gratiam
1182 2856 1527 2911 recuperasse
1559 2841 1798 2897 intueor.
1847 2841 1951 2897 Sed
1992 2858 2144 2912 rogo,

549 2927 846 2982 ineﬂabilis
892 2929 1086 2999 pietas,
1133 2936 1196 2984 ut
1222 2930 1311 2985 cui
1342 2930 1410 2986 de
1443 2932 1615 2987 tantis
1643 2932 1914 3004 exemplis
1945 2949 2143 3003 praesu-

2255 1762 2360 1819 qua
2384 1745 2498 1817 jam
2529 1744 2794 1801 obseratis
2839 1746 2967 1801 vitae
2991 1744 3180 1817 januis
3225 1763 3358 1802 cum
3397 1744 3663 1802 exstinctis
3696 1745 3793 1799 lam-

2253 1836 2486 1908 padibus
2528 1837 2708 1892 stultae.
2739 1835 2981 1908 virgines
3011 1853 3042 1892 a
3091 1836 3342 1894 thalamo
3381 1838 3604 1894 exclusze
3641 1836 3792 1908 plora-

2251 1926 2426 1995 bunt,
2483 1926 3026 1998 dominationemque
3083 1927 3428 1999 ingementes
3485 1925 3794 1983 clamabunt:

2265 2038 2284 2062 ι
2326 2015 2580 2084 Domine,
2626 2015 2882 2083 Domine,
2949 2015 3100 2087 aperi
3149 2015 3317 2071 nobis
3367 2015 3527 2089 (Ibid.
3568 2015 3677 2086 11);
3708 2039 3722 2062 ι
3760 2021 3800 2068 et

2251 2116 2386 2165 tunc
2428 2107 2578 2164 dices
2619 2107 2773 2164 illis:
2841 2131 2858 2154 ε
2900 2107 3082 2163 Nescio
3113 2125 3202 2163 vos
3236 2108 3405 2181 (Ibid.
3447 2108 3552 2175 12).
3585 2132 3602 2154 ι
3649 2107 3700 2161 In
3725 2121 3805 2178 qua

2251 2198 2416 2254 etiam
2449 2197 2544 2270 qui
2577 2197 2860 2254 miraculis
2888 2205 3346 2266 coruscaverunt,
3375 2196 3622 2252 similiter
3640 2196 3801 2250 lamen-

2253 2289 2519 2345 tabuntur
2565 2287 2790 2360 repulsi,
2839 2297 2892 2344 et
2929 2287 3115 2344 dicent
3155 2306 3166 2343 :
3238 2315 3260 2336 ε
3302 2288 3554 2354 Domine,
3598 2285 3808 2346 Domine.

2252 2393 2435 2434 nonne
2464 2377 2521 2432 in
2552 2377 2776 2433 nomine
2805 2384 2900 2432 tuo
2943 2376 3430 2449 prophetavimus,
3469 2384 3520 2432 et
3550 2376 3601 2430 in
3629 2373 3808 2429 nomine

2252 2475 2348 2523 tuo
2379 2465 2654 2522 dznmonia
2699 2465 2982 2537 ejecimus,
3031 2474 3084 2522 et
3121 2467 3179 2522 in
3207 2475 3317 2523 tuo
3369 2466 3586 2523 nomine
3623 2465 3812 2520 virtutes

2253 2557 2455 2611 multas
2485 2556 2716 2611 fecimus
2748 2557 2964 2626 (Matth.
2995 2573 3096 2624 vn,
3135 2555 3229 2626 22)
3261 2556 3290 2612 ?
3323 2581 3340 2602 ι
3383 2557 3453 2612 Et
3481 2565 3606 2612 tunc
3631 2552 3810 2610 conﬁte-

2255 2645 2405 2702 beris
2434 2645 2598 2702 etiam
2642 2643 2763 2700 istis
2793 2645 2923 2716 quia
2950 2661 3242 2718 nunquam
3289 2644 3497 2701 novisti
3525 2661 3628 2712 eos,
3668 2638 3815 2712 subji-

2255 2735 2405 2792 ciens
2439 2755 2450 2791 :
2498 2761 2515 2782 ι
2547 2734 2824 2792 Discedite
2855 2751 2886 2789 a
2912 2749 3018 2802 me,
3045 2749 3246 2789 omnes
3279 2734 3376 2807 qui
3407 2732 3697 2806 operamini
3723 2729 3818 2784 ini-

2254 2826 2518 2898 quitatem
2548 2826 2710 2897 (Ibid.
2736 2824 2851 2897 23).
2876 2851 2894 2872 ι
2927 2824 3062 2890 Quis
3082 2823 3219 2892 haec,
3252 2825 3492 2881 Domine
3517 2827 3672 2889 Deus,
3691 2819 3816 2878 terri-

2253 2917 2384 2974 bilis
2414 2917 2472 2973 in
2501 2917 2777 2985 consiliis,
2811 2917 3082 2972 mirabilis
3104 2916 3161 2971 in
3194 2917 3603 2990 majestatibus,
3635 2916 3820 2970 faciens-

551 3031 699 3072 mere
728 3015 966 3084 donasti,
1001 3017 1236 3088 gemitus
1265 3018 1569 3088 publicani,
1623 3001 2021 3076 confessionem
2055 3023 2143 3077 la-

2259 3022 2364 3078 que
2397 3005 2688 3078 prodigia:
2743 3006 2887 3077 quis,
2937 3005 3185 3078 inquam,
3222 3006 3351 3064 haec
3381 3023 3490 3062 non
3540 3011 3714 3078 paveat
3739 3001 3821 3073 (7),

545 3105 742 3174 tronis,
777 3105 1045 3177 lacrymas
1072 3107 1399 3176 meretricis,
1442 3108 1720 3182 ﬂetusque
1745 3109 1996 3183 negantis
2023 3127 2148 3183 apo-

545 3195 672 3252 stoli
703 3195 988 3252 concedas.
1019 3195 1187 3263 Quasi
1218 3195 1435 3269 ﬂagello
1466 3199 1757 3270 temporali
1791 3200 1999 3256 scelera
2030 3217 2150 3257 mea

543 3285 879 3342 vindicanda
905 3286 1232 3360 provideris,
1258 3288 1602 3361 lacrymosus
1628 3289 1867 3360 imploro
1891 3308 1903 3358 ;
1931 3297 1993 3345 ut
2013 3289 2146 3346 dum

547 3384 741 3432 contra
780 3375 898 3432 haec
929 3376 1100 3432 iratus
1137 3377 1388 3446 deszevis,
1443 3394 1656 3450 semper
1712 3378 1770 3434 in
1813 3378 1894 3434 ira
1936 3379 2146 3436 miseri-

545 3468 749 3525 cordiae
805 3468 1148 3525 recorderis:
1208 3485 1370 3540 quem
1415 3468 1562 3525 enim
1611 3468 1819 3541 diligis,
1877 3470 2144 3541 corripis;

549 3558 792 3629 ﬂagellas
819 3567 1002 3614 autem
1031 3574 1252 3614 omnem
1293 3557 1472 3614 ﬁlium
1513 3575 1674 3631 quem
1716 3559 1918 3631 recipis
1964 3560 2147 3630 (Hebr.

553 3663 657 3717 xu,
687 3649 768 3720 6).
820 3647 1032 3715 Quibus
1074 3649 1339 3704 nimirum
1382 3648 1566 3706 verbis
1596 3651 1700 3706 etsi
1731 3649 1886 3723 virga
1929 3667 2151 3722 percus-

553 3737 696 3794 soris
729 3737 810 3810 (ὅ)
859 3737 1121 3805 minatur,
1165 3745 1424 3810 paternus
1452 3747 1635 3794 tamen
1679 3739 1897 3810 pietatis
1925 3739 2152 3798 aﬂ‘ectus

560 3836 919 3886 monstratur.
970 3830 1050 3884 Da
1078 3845 1226 3900 ergo,
1275 3827 1531 3896 Domine,
1580 3828 1724 3884 inter
1769 3828 1983 3902 ﬂagella
2017 3828 2152 3886 tole-

533 3903 810 3988 'rantiam,
841 3934 909 3974 ne
939 3917 1400 3974 murmurationis
1429 3925 1636 3986 notam,
1660 3927 1723 3974 ut
1752 3918 1930 3974 malus
1960 3934 2153 3976 servus

549 4012 828 4068 incurram
862 4027 873 4065 :
920 4006 1015 4064 sed
1043 4007 1215 4080 magis
1241 4007 1396 4081 quasi
1426 4007 1606 4064 bonus
1638 4006 1812 4076 filius,
1851 4007 2151 4080 gratiarum

549 4102 793 4159 actiones
823 4096 1137 4171 rependam.

623 4203 707 4259 15.
752 4199 897 4257 Illud
927 4200 1093 4257 etiam
1127 4214 1456 4273 magnopere
1484 4208 1631 4272 peto,
1665 4206 1732 4256 ut
1769 4199 1914 4258 diem
1946 4202 2149 4274 obitus,

563 4290 709 4349 diem
754 4293 983 4348 extremi
1012 4291 1232 4363 judicii,
1288 4291 1697 4349 damnationem
1728 4294 1915 4351 aeterni
1947 4295 2151 4367 suppli-

2259 3103 2313 3150 et
2342 3113 2374 3151 a
2401 3095 2574 3151 fundo
2595 3094 2778 3151 cordis
2802 3111 2910 3150 non
2934 3095 3336 3153 contremiscat
3365 3115 3376 3152 :
3409 3114 3535 3153 cum
3563 3093 3826 3152 etiamillos

2259 3183 2507 3240 damnari
2534 3184 2741 3252 audiat,
2773 3201 2914 3257 quos
2942 3183 2999 3238 in
3033 3183 3134 3240 hac
3163 3184 3289 3241 vita
3319 3185 3555 3257 contigit
3585 3179 3824 3240 miraculis

2258 3277 2590 3333 coruscare?
2642 3275 2728 3332 Ad
2774 3292 2894 3348 quae
2933 3276 3198 3331 nimirum
3251 3279 3404 3333 valet
3449 3278 3544 3333 illa
3580 3272 3826 3336 sententia,

2260 3383 2367 3440 qua
2395 3367 2601 3424 dicitur
2633 3385 2645 3423 :
2708 3390 2728 3416 ι
2757 3369 2941 3424 Nescit
2986 3368 3154 3424 homo
3199 3379 3400 3426 utrum
3435 3387 3616 3426 amore
3641 3386 3704 3423 an
3729 3363 3828 3420 odio

2258 3453 2458 3526 dignus
2477 3457 2567 3524 sit,
2595 3457 2686 3513 sed
2713 3459 2901 3513 omnia
2923 3465 3285 3514 reservantur
3304 3459 3366 3515 in
3395 3459 3642 3515 futurum
3663 3458 3835 3511 incerta

2263 3545 2559 3615 (Eccle.1x,
2586 3545 2637 3613 1,
2663 3545 2776 3616 2).»
2811 3547 2873 3601 Ιιι
2903 3563 3012 3618 quo
3039 3555 3093 3602 et
3121 3545 3167 3601 si
3191 3545 3392 3616 justus
3422 3549 3520 3603 vix
3548 3543 3831 3603 salvabitur,

2260 3644 2510 3704 peccator
2539 3642 2593 3691 et
2621 3634 2826 3708 impius
2856 3634 2949 3690 ubi
2980 3633 3255 3706 parebunt
3278 3637 3308 3693 ?

2339 3743 2425 3798 17.
2467 3743 2674 3808 Etiam,
2704 3745 2939 3800 Domine
2967 3746 3134 3812 Deus,
3176 3743 3570 3800 indesinenter
3600 3739 3838 3797 meditan-

2264 3832 2396 3888 dum
2427 3841 2644 3889 zeternee
2673 3833 3045 3889 damnationis
3075 3833 3452 3904 supplicium,
3484 3833 3542 3888 in
3574 3848 3678 3904 quo
3703 3824 3842 3900 quid-

2259 3922 2392 3996 quid
2424 3939 2706 3994 paznarum
2765 3939 2914 3980 nunc
2967 3921 3274 3995 excogitari
3336 3929 3546 3995 potest,
3606 3911 3838 3992 quidquid

2260 4013 2427 4069 etiam
2459 4028 2570 4068 non
2601 4019 2798 4083 potest,
2851 4028 3065 4084 semper
3106 4012 3286 4068 adest.
3333 4011 3517 4084 Cujus
3545 4006 3740 4064 vermis
3765 4007 3843 4060 im-

2263 4102 2533 4170 mortalis,
2578 4101 2724 4173 ignis
2767 4099 3267 4172 inexstinguibilis,
3324 4102 3476 4157 fetor
3521 4091 3845 4154 intolerabilis

2260 4202 2343 4250 est
2376 4211 2387 4249 :
2440 4191 2599 4264 cujus
2625 4199 2770 4248 terra
2825 4190 3132 4258 tenebrosa,
3178 4199 3235 4247 et
3268 4191 3481 4248 mortis
3519 4188 3743 4260 caligine
3767 4198 3846 4239 co-

2259 4292 2466 4359 Operta,
2498 4291 2643 4340 terra
2676 4283 2910 4339 miseria:
2943 4291 2995 4339 et
3024 4281 3388 4338 tenebrarum
3417 4289 3540 4349 est;
3574 4279 3724 4350 cujus
3751 4285 3849 4330 tor-

551 4377 645 4449 cii,
678 4381 1188 4454 beatitudinemque
1226 4382 1378 4454 regni
1423 4382 1596 4438 futuri
1643 4400 1861 4457 semper
1893 4364 2152 4440 memine-
2186 4397 2234 4457 ι)
2263 4383 2446 4430 rentes
2471 4373 2528 4428 in
2561 4372 2737 4444 picem
2765 4379 3184 4437 convertuntur,
3209 4381 3267 4427 et
3300 4371 3520 4427 humus
3540 4371 3598 4426 in
3630 4364 3848 4457 sulphur,

551 4467 657 4527 rim
693 4489 704 4525 :
759 4469 906 4542 quod
936 4486 1098 4524 nemo
1128 4468 1500 4526 indesinenter
1548 4479 1746 4543 potest,
1795 4472 1901 4528 nisi
1949 4472 2044 4546 qui
2085 4471 2151 4529 ad

551 4559 723 4617 vitam
754 4557 1154 4631 praeordinatus
1179 4567 1262 4615 est
1299 4566 1580 4616 aeternam.
1619 4559 2014 4631 Indesinenter,
2048 4565 2152 4619 Do-

553 4645 724 4717 mine,
754 4646 1044 4705 recolenda
1073 4655 1154 4703 est
1183 4646 1301 4704 dies
1329 4648 1444 4717 illa,
1479 4650 1535 4704 in
1563 4667 1670 4722 qua
1716 4650 1815 4706 lux
1849 4669 1975 4708 cum
2005 4659 2154 4708 tene-

551 4739 667 4796 bris
697 4743 922 4811 pugnat,
962 4735 1336 4794 misericordia
1381 4754 1504 4795 cum
1537 4739 1868 4797 crudelitate
1898 4741 2154 4808 desudat,

554 4828 612 4884 in
641 4845 746 4902 qua
775 4829 1122 4886 adversarius
1153 4837 1339 4886 noster
1369 4831 1512 4886 mala
1541 4847 1662 4904 quae
1693 4831 1942 4900 fecimus,
1976 4829 2154 4888 locuti

555 4933 768 4986 sumus,
816 4919 903 4973 vel
949 4918 1336 4991 cogitavimus,
1391 4919 1828 4977 violentissimus
1869 4931 2156 4978 accusator

554 5014 784 5074 retexet,
811 5006 1084 5078 justitiam
1125 5014 1280 5064 tuam
1311 5009 1378 5065 ad
1411 5008 1528 5066 haac
1557 5009 1835 5082 punienda
1875 5010 2153 5082 deposcet.

557 5095 662 5153 Ubi
693 5097 825 5170 quid
869 5113 1012 5166 sum,
1067 5098 1321 5166 Domine,
1368 5098 1476 5155 nisi
1517 5105 1580 5154 tu
1610 5100 1704 5172 qui
1729 5098 1876 5170 juste
1909 5098 2154 5170 judicas,

556 5187 723 5244 etiam
753 5186 1184 5246 misericorditer
1227 5187 1536 5246 defendas?
1575 5187 1900 5256 Recordare,
1935 5203 2154 5260 quaso,

557 5279 690 5351 quia
715 5277 1013 5336 advocatus
1041 5294 1195 5336 meus
1222 5295 1280 5336 es
1308 5278 1444 5352 ipse,
1494 5279 1589 5352 qui
1624 5276 1863 5350 judicas.
1917 5275 2077 5346 Quod
2109 5275 2156 5334 si

652 5475 709 5540 6)
750 5477 875 5531 Dies
903 5476 1106 5531 nebqu
1132 5483 1179 5530 et
1221 5475 1469 5540 turbinis,
1514 5490 1543 5529 e
1572 5491 1674 5530 ms.
1711 5476 2027 5530 restitutum
2057 5481 2158 5530 est.

651 5403 709 5475 5)
751 5403 955 5460 Eadem
985 5402 1142 5473 edit.,
1185 5403 1280 5459 etsi
1309 5403 1462 5475 virga
1487 5398 1870 5473 percussionis.

651 5406 686 5462 5
751 5406 955 5460 Eadem
985 5406 1142 5473 edit.,
1185 5406 1280 5459 etsi
1309 5406 1462 5475 virga
1487 5406 1870 5473 percussionis.

652 5406 709 5546 6)
750 5477 875 5531 Dies
903 5476 1106 5531 nebqu
1132 5483 1179 5530 et
1221 5475 1469 5540 turbinis,
1514 5490 1543 5529 e
1572 5491 1674 5530 ms.
1711 5476 2027 5530 restitutum
2057 5481 2158 5530 est.

627 5406 709 5620 i7)
752 5547 926 5617 Edit.,
981 5547 1111 5615 Quis
1435 5546 1575 5616 quis,
1636 5546 1882 5616 inquam,
1936 5546 2019 5602 his
2057 5562 2162 5600 non

2260 4462 2583 4534 ardebitque
2631 4462 2688 4516 in
2723 4461 3149 4532 sempiternum;
3207 4460 3382 4531 cujus
3426 4461 3582 4516 lacus
3622 4453 3852 4526 sanguine

2263 4553 2494 4624 igneque
2525 4548 2820 4622 permistus
2859 4557 2958 4616 est,
3009 4557 3062 4605 et
3089 4565 3469 4622 quoscunque
3516 4545 3758 4619 suscipit,
3783 4538 3854 4594 de-

2262 4641 2459 4713 mergit
2488 4639 2654 4694 simul
2684 4647 2738 4694 et
2768 4639 2972 4695 exurit.
3011 4639 3056 4694 Ο
3085 4654 3250 4711 quam
3294 4637 3622 4696 horrenda!
3663 4652 3694 4692 ο
3721 4642 3854 4704 quam

2263 4729 2530 4802 stupenda
2561 4738 2691 4786 sunt
2718 4729 2821 4784 ista
2845 4731 2857 4784 l

2339 4829 2423 4884 18.
2469 4827 2572 4884 Sed
2621 4825 2796 4899 major
2825 4827 2949 4895 erit,
2994 4827 3250 4897 Domine,
3306 4834 3626 4894 cruciatus,
3668 4817 3861 4881 amissio

2262 4924 2371 4973 tuae
2401 4917 2688 4974 claritatis.
2743 4917 2958 4973 Suﬂicit
3005 4917 3151 4974 enim
3201 4918 3270 4974 ad
3325 4921 3559 4992 plenam
3614 4910 3858 4970 miseriam

2261 5014 2357 5064 tua.
2401 5025 2510 5064 non
2542 5007 2751 5080 perfrui
2797 5008 3166 5078 beatitudine,
3217 5011 3279 5066 in
3327 5028 3447 5085 qua
3484 5009 3629 5083 justi
3660 4999 3864 5094 receptis

2264 5098 2617 5170 corporibus,
2675 5100 3102 5172 sanctorumque
3160 5102 3509 5172 angelorum
3571 5089 3861 5156 celsitudini

2265 5187 2552 5261 coaequati,
2585 5187 2644 5243 in
2673 5197 2932 5245 atternam
2980 5189 3159 5245 lucem
3192 5187 3275 5261 (8)
3324 5190 3698 5262 aspicientes,
3741 5180 3867 5237 sicut

2267 5279 2348 5335 sol
2402 5277 2770 5350 refulgebunt.
2829 5277 2942 5335 Nec
2989 5277 3269 5334 immerito
3318 5279 3446 5336 sole
3497 5285 3555 5334 et
3603 5277 3730 5332 luna
3773 5280 3864 5324 non

2263 5408 2662 5548 pai‘gjtoﬂegius
2686 5473 2880 5546 codex,
2925 5475 3198 5549 cowquati,
3236 5473 3533 5534 internum
3566 5473 3744 5538 lucem,
3779 5469 3866 5522 etc.
