4068 6182
234 269 335 326 841
1674 276 2086 335 ADMONITIO.
3449 288 3554 345 842

236 394 606 469 indigebunt;
649 395 778 468 quia
819 402 872 452 te
904 412 1140 469 perenne
1166 399 1355 456 lumen
1385 399 1685 460 habebunt.
1719 404 1840 460 Non
1865 405 1915 465 A
1950 412 2032 461 ret
2065 423 2077 462 :
2111 421 2320 462 novum
2351 405 2563 463 scilicet
2598 423 2803 464 munus
2831 406 3007 480 prima
3035 409 3275 478 offerret,
3306 415 3369 466 ut
3399 425 3556 482 puer-

229 484 481 541 esurient
509 500 686 557 neque
711 484 921 553 sitient,
958 501 1070 543 non
1108 486 1438 545 laborabunt
1481 506 1661 563 neque
1714 491 1847 548 defi-
1959 510 2089 566 pera
2115 495 2272 568 virgo
2303 504 2674 567 perseveraret
2715 497 2873 567 (l0):
2936 498 3089 553 nulla
3141 505 3337 570 praeter
3381 499 3555 573 ipsam

231 575 406 643 cient,
438 590 547 630 non
583 573 891 631 mmrebunt
934 590 1114 648 neque
1148 575 1451 649 lugebant;
1494 580 1627 653 quia
1675 580 1850 653 quid-
1959 590 2070 638 tam
2127 602 2333 641 novum
2382 585 2669 657 acciperet,
2730 593 2799 641 ut
2848 588 3019 642 Deum
3052 586 3210 659 virgo
3241 597 3472 659 pareret,
3501 596 3557 645 et

230 664 371 739 quid
412 663 702 731 satietatis,
747 662 1019 737 quidquid
1066 665 1289 737 quietis,
1332 668 1605 741 quidquid
1659 669 1847 741 gaudii
1955 677 2101 735 498
2156 680 2278 744 post
2346 682 2561 745 partum
2620 674 2776 746 virgo
2829 683 3093 733 maneret.
3159 676 3554 749 Apostolorum

228 762 465 845 88l,tll_a_
500 752 747 809 νίείῑειῑίο
778 753 1230 845 ΡτεξδδίὸδίΑῑηΑἿαεθ
1264 756 1335 845 illi
1360 757 1621 814 omnibus
1653 760 1848 816 omnia
1959 768 2409 827 intercessionem
2459 772 2716 843 imploro,
2771 773 2867 845 qui
2920 773 3291 830 beatissimam
3338 775 3556 832 Media-

228 845 362 899 erit.
411 842 530 935 Hec
577 849 821 935 tempus
856 841 971 913 jam
1020 842 1134 935 illis
1179 844 1420 935 accedet,
1472 846 1603 935 quia
1668 856 1844 905 totum
1958 861 2094 915 toris
2124 841 2800 933 paupertatem—ejusque-
2829 862 3108 933 passiones
3138 862 3371 935 vestigio
3398 863 3556 919 inse-

228 931 518 1025 aeternitas
547 930 887 1025 possidebit:
923 947 1023 1025 nec
1051 931 1329 1025 timebunt
1371 934 1515 990 ultra
1539 933 1653 1006 jam
1682 938 1842 1007 mori,
1956 930 2202 1019 quentes,
2236 930 2324 1005 ad
2357 957 2571 1006 tantum
2596 930 2966 1007 celsitudinis
3017 952 3238 1009 culmen
3280 930 3555 1025 pervene-

228 1022 329 1094 qui
385 1020 690 1077 meruerint
743 1020 900 1077 beata
955 1021 1379 1081 immortalitate
1433 1026 1647 1081 vestiri.
1696 1034 1844 1092 497
1954 1045 2105 1104 runt,
2139 1045 2201 1093 ut
2238 1053 2581 1111 quaecunque
2632 1039 2867 1111 ligarent
2909 1056 3073 1112 super
3100 1020 3322 1110 terram,
3373 1049 3555 1099 essent

228 1117 382 1187 Quid
411 1126 592 1174 autem
646 1117 714 1174 de
766 1118 870 1175 hac
912 1118 1256 1176 beatitudine
1314 1121 1481 1177 miser
1530 1140 1628 1195 ego
1678 1124 1844 1183 homo
1955 1127 2119 1200 ligata
2146 1126 2287 1183 etin
2319 1128 2496 1185 coelo:
2537 1134 2592 1183 et
2632 1144 2751 1201 quae
2799 1129 3077 1184 solverent
3117 1147 3279 1203 super
3325 1139 3551 1201 terram,

226 1208 474 1280 amplius
502 1205 685 1262 dicere
713 1207 871 1263 valeo
893 1207 922 1263 ?
950 1207 1045 1280 qui
1075 1208 1142 1264 de
1182 1208 1279 1264 illa
1325 1209 1598 1283 quidquid
1626 1212 1840 1283 dixero,
1956 1224 2140 1272 essent
2164 1217 2344 1272 soluta
2372 1223 2425 1272 et
2459 1217 2516 1272 in
2537 1218 2675 1273 coelo
2704 1217 2913 1288 (Matth.
2944 1233 3106 1285 xvm,
3141 1218 3230 1290 18)
3254 1237 3268 1286 ;
3300 1227 3462 1291 atque
3492 1221 3552 1275 in

228 1295 331 1351 illa
367 1294 640 1351 sententia
693 1295 983 1367 reprimor,
1040 1312 1204 1369 quam
1260 1313 1357 1368 per
1411 1299 1735 1371 prophetam
1790 1310 1845 1358 et
1952 1304 2213 1360 extremis
2267 1303 2517 1361 sederent
2580 1321 2743 1377 super
2799 1304 3091 1363 duodecim
3150 1305 3397 1376 thronos,
3450 1308 3554 1381 ju—

226 1383 564 1456 Apostolnm
619 1382 823 1439 dictam
882 1384 1175 1457 intelligo:
1242 1409 1261 1432 ε
1293 1385 1453 1453 Quod
1508 1389 1701 1446 oculus
1730 1406 1839 1447 non
1951 1395 2197 1453 dieantes
2226 1395 2514 1453 duodecim
2568 1396 2748 1452 tribus
2795 1396 2959 1452 Israel
3008 1397 3220 1467 (Matth.
3280 1415 3400 1467 xxx,
3433 1398 3550 1471 28).

228 1473 399 1543 vidit,
430 1490 532 1531 nec
560 1472 714 1530 auris
736 1473 975 1542 audivit,
1008 1491 1109 1531 nec
1138 1474 1197 1531 in
1241 1492 1339 1534 cor
1369 1477 1615 1536 hominis
1642 1498 1842 1538 ascen—
1950 1484 2253 1557 Martyrum
2284 1481 2469 1557 preces
2493 1485 2748 1556 deposco,
2770 1485 2863 1557 qui
2906 1501 3006 1559 pro
3028 1486 3260 1544 veritate
3301 1504 3413 1543 non
3439 1488 3554 1545 du-

227 1562 457 1631 derunt,
520 1579 642 1636 quae
691 1564 1018 1636 praeparavit
1074 1566 1220 1622 Deus
1286 1565 1373 1624 his
1439 1569 1537 1641 qui
1602 1569 1843 1643 diligunt
1949 1572 2200 1631 bitarunt
2225 1574 2546 1646 sanguinem
2578 1574 2832 1643 fundere,
2863 1591 2965 1632 nec
2995 1575 3315 1634 dilexerunt
3340 1577 3554 1635 animas

226 1668 359 1709 eum
393 1653 475 1724 (9)
511 1652 569 1724 (Ι
601 1653 730 1710 Cor.
770 1671 831 1722 ιι,
878 1655 960 1725 9).
994 1679 1011 1703 ι
1040 1654 1220 1712 Erunt
1249 1664 1394 1713 certe
1432 1657 1492 1714 in
1538 1659 1633 1715 illa
1684 1660 1842 1717 beata
1950 1679 2077 1719 suas
2109 1679 2281 1737 usque
2311 1662 2381 1719 ad
2409 1671 2662 1731 mortem,
2715 1672 2778 1720 ut
2829 1664 3025 1721 mortis
3073 1673 3398 1738 superarent
3425 1683 3552 1724 auc-

228 1741 351 1797 vita
377 1741 497 1798 haec
524 1740 670 1797 bona
706 1759 826 1816 quae
856 1743 1120 1815 praemisi,
1155 1744 1253 1801 sed
1284 1745 1556 1804 ineffabili
1589 1756 1645 1806 et
1680 1750 1842 1808 nobis
1871 1768 1919 1829 Β
1955 1762 2149 1811 torem.
2183 1754 2568 1812 Confessorum
2612 1754 2893 1811 orationes
2938 1757 3252 1828 expostulo,
3282 1757 3377 1830 qui
3405 1755 3554 1813 bella

226 1831 417 1889 adhuc
473 1831 1023 1904 incomprehensibili
1072 1834 1257 1890 modo.
1331 1835 1508 1907 Hujus
1547 1837 1829 1895 desiderio
1945 1844 2209 1901 tentantis
2242 1844 2481 1910 inimici,
2528 1843 2660 1900 dum
2723 1844 2812 1917 pie
2857 1842 3114 1900 viverent
3172 1843 3232 1899 in
3280 1842 3554 1901 catholica

228 1920 469 1976 Domine
496 1921 663 1990 Deus,
695 1920 964 1977 formator
1003 1930 1058 1978 et
1086 1922 1414 1979 reformator
1462 1941 1640 1992 meus,
1671 1926 1836 1999 hujus
1947 1947 2097 2005 pace,
2147 1934 2234 1990 vel
2262 1934 2426 1990 etiam
2474 1934 2859 1991 haereticorum
2917 1933 3382 1991 conﬂictationem
3415 1932 3554 1990 diu-

224 2025 417 2066 amore
463 2026 716 2082 peragam
756 2010 1029 2084 quidquid
1081 2012 1139 2067 in
1172 2011 1275 2069 hac
1322 2013 1440 2069 vita
1488 2014 1742 2087 praecipis
1774 2023 1838 2072 ut
1946 2029 2113 2078 turno
2145 2023 2445 2079 certamine
2473 2024 2841 2095 pertulerunt,
2887 2031 3072 2096 atque,
3104 2032 3167 2080 ut
3208 2040 3401 2080 verum
3453 2024 3551 2081 di-

223 2114 383 2170 agam
412 2117 423 2154 :
459 2115 560 2156 nec
587 2100 662 2157 sit
694 2100 836 2157 ultra
869 2100 1035 2158 timor
1062 2102 1120 2157 in
1150 2100 1439 2172 charitate,
1476 2105 1574 2161 sed
1599 2105 1839 2177 perfecta
1946 2128 2087 2181 eam,
2147 2112 2411 2186 longioris
2465 2111 2783 2185 occultique
2837 2111 3093 2184 martyrii
3144 2114 3355 2185 palmas
3401 2129 3554 2171 acce-

223 2187 470 2245 charitas
498 2188 644 2246 foras
672 2189 856 2246 mittat
883 2190 1140 2248 timorem
1175 2191 1232 2261 (Ι
1246 2193 1408 2250 Joan.
1444 2211 1523 2263 1v,
1558 2193 1670 2265 18).
1947 2210 2165 2275 perunt.
2200 2202 2439 2268 Talium,
2471 2202 2616 2257 Deus
2649 2216 2823 2269 meus,
2858 2216 3044 2273 preces
3070 2217 3357 2275 nunquam
3404 2218 3550 2275 sper-

303 2279 390 2334 19.
434 2278 503 2334 Et
533 2286 594 2333 ut
618 2279 813 2337 eﬂicax
852 2279 970 2337 haec
1007 2298 1128 2338 mea
1172 2283 1247 2339 sit
1297 2283 1631 2355 deprecatio,
1666 2284 1838 2341 beatae
1947 2308 2064 2360 nas,
2086 2291 2133 2348 si
2152 2300 2215 2348 ut
2238 2308 2335 2364 pro
2368 2306 2454 2346 me
2490 2297 2740 2359 exorent,
2778 2290 2895 2362 ipse
2942 2289 3323 2363 inspiraveris,
3365 2291 3463 2366 qui
3491 2291 3552 2348 in

222 2366 413 2422 Mariae
462 2367 710 2440 Virginis
761 2368 1020 2441 suffragia
1067 2378 1221 2442 peto,
1262 2388 1424 2444 quam
1470 2373 1615 2429 tanti
1655 2373 1838 2430 meriti
1947 2380 2251 2437 mter-nitate
2281 2379 2508 2453 perenni
2556 2379 2704 2436 vivis
2735 2386 2790 2435 et
2838 2395 3032 2453 regnas
3062 2388 3262 2438 cuncta
3304 2397 3400 2453 per
3438 2398 3551 2438 sae-

221 2477 344 2519 esse
374 2462 572 2530 fecisti,
603 2472 666 2519 ut
693 2463 873 2535 prima
902 2464 1049 2521 inter
1077 2466 1339 2524 mulieres
1384 2484 1593 2525 novum
1637 2487 1840 2529 munus
1948 2470 2095 2538 cuia,
2125 2477 2180 2527 et
2204 2468 2263 2525 in
2293 2468 2552 2527 omnibus
2580 2467 2824 2538 saeculis,
2853 2485 3035 2527 amen.

218 2551 474 2621 offerret,
505 2558 561 2608 et
589 2552 743 2608 nulla
770 2562 967 2625 praeter
991 2553 1165 2627 ipsam
1212 2562 1323 2612 tam
1379 2573 1584 2614 novum
1616 2559 1840 2633 accipe—

301 2695 386 2768 (9)
420 2695 504 2752 Ita
532 2712 672 2764 ms.;
706 2696 839 2754 edit.
884 2713 1039 2789 vero,
1071 2699 1211 2755 Deus
1255 2699 1592 2774 diligentibus
1621 2721 1688 2760 se.
1938 2744 1943 2750 -
2024 2699 2140 2776 (10)
2171 2701 2272 2759 Ms.
2302 2699 2498 2771 codex,
2529 2709 2591 2758 ut
2610 2700 2794 2774 puella
2833 2702 2981 2774 virgo
3004 2709 3384 2775 perseveraret.

573 3017 684 3104 IN
759 3018 1599 3105 EXPOSlTIONEM
1668 3019 2436 3131 APOCALYPSIS
2504 3020 3184 3107 ADMONITIO.
3312 3023 3708 3169 aqu/7y

298 3318 477 3391 Hujus
507 3316 900 3377 Commentarii
941 3319 1224 3394 exemplar
1266 3317 1325 3376 in
1364 3335 1474 3394 quo
1517 3320 1691 3377 sancti
1736 3319 2013 3377 Ambrosii
2059 3336 2260 3376 nomen
2309 3318 2639 3393 inscriptum
2685 3327 2822 3391 erat,
2884 3329 3084 3380 nactus
3128 3338 3157 3379 e
3205 3321 3544 3382 bibliotheca

208 3409 547 3465 monasterii
575 3408 861 3481 cujusdam
886 3409 1253 3467 Cuthebertus
1285 3410 1605 3466 Tonstallus
1631 3410 2019 3467 Dunelmensis
2046 3410 2352 3482 episcopus,
2384 3409 2525 3465 illud
2555 3409 2634 3466 ita
2679 3411 2887 3482 publici
2923 3410 3068 3483 juris
3113 3412 3288 3468 facere
3319 3412 3543 3469 consti-

211 3495 353 3563 tuit,
389 3503 452 3551 ut
480 3496 646 3551 simul
677 3496 843 3553 etiam
878 3496 1090 3554 doctori
1127 3506 1315 3554 nostro
1364 3498 1543 3569 ipsum
1582 3496 1868 3554 vindicare
1916 3497 2137 3570 propria
2178 3497 2598 3569 praefatiuncula
2638 3506 2949 3555 conaretur.
3000 3500 3123 3555 Non
3164 3508 3350 3556 tamen
3382 3499 3541 3555 dissi-

210 3587 402 3644 mulat
430 3586 611 3643 locum
645 3604 819 3643 unum
863 3588 920 3643 in
945 3604 1010 3644 eo
1039 3588 1287 3660 reperiri,
1318 3588 1413 3658 qui
1446 3588 1759 3659 Gregorium
1800 3589 2098 3644 Romanum
2142 3587 2438 3657 episcopum
2479 3593 2528 3642 et
2572 3587 2744 3642 verbis
2784 3594 2834 3643 et
2885 3604 3039 3643 sensu
3082 3587 3340 3659 prwfemt
3382 3606 3394 3643 :
3447 3587 3543 3645 sed

207 3674 367 3733 nihil
400 3690 518 3731 esse
547 3674 689 3731 idem
719 3677 1029 3749 respondet,
1053 3693 1151 3733 cur
1178 3676 1535 3733 Ambrosium
1568 3677 1627 3731 in
1650 3675 1759 3731 hoc
1780 3676 1989 3732 imitari
2020 3692 2130 3732 non
2152 3676 2393 3748 potuerit
2421 3683 2648 3732 sanctus
2676 3676 2994 3749 Gregorius.
3031 3677 3119 3732 Ex
3149 3675 3253 3733 hac
3272 3672 3543 3733 Tonstalli

207 3763 492 3831 editione,
527 3779 648 3836 quae
675 3780 822 3821 anno
854 3764 989 3821 1548
1020 3764 1225 3837 prodiit
1250 3766 1495 3835 Parisiis,
1531 3766 1648 3822 hac
1681 3765 2091 3823 Commentaria
2121 3764 2180 3820 in
2209 3766 2566 3838 appendicem
2612 3782 2723 3822 suae
2761 3765 3254 3822 Ambrosianorum
3299 3767 3541 3838 Operum

210 3851 489 3911 editionis
520 3852 781 3910 Gillotius
810 3853 1071 3910 admisit:
1100 3853 1250 3926 quod
1288 3854 1551 3911 similiter
1578 3871 1610 3910 a
1643 3855 1906 3912 Romanis
1937 3856 2247 3913 factitatum
2286 3865 2385 3913 est.
2422 3856 2678 3912 Dubitari
2715 3873 2880 3927 porro
2918 3855 3148 3911 minime
3182 3864 3360 3928 potest
3405 3856 3542 3929 quin

214 3941 325 3999 hoc
357 3939 541 4012 ipsum
575 3957 714 4013 opus
741 3959 770 3998 e
800 3943 1175 4015 manuscripto
1204 3943 1365 3999 valde
1402 3944 1603 4000 mutilo
1626 3945 1909 4017 vulgatum
1948 3943 2136 4013 fuerit,
2180 3944 2626 4016 quandoquidem
2676 3943 2903 3998 nomina
2945 3943 3163 4011 Hilarii,
3217 3939 3536 4014 Augustini,

213 4028 538 4098 Prudentii,
587 4030 937 4103 Hieronymi,
976 4040 1030 4089 et
1079 4032 1365 4104 ipsiusmet
1419 4033 1707 4102 Anbrosii,
1757 4048 1821 4088 ac
1870 4032 2095 4089 demum
2134 4031 2402 4102 Gregorii,
2436 4031 2529 4103 qui
2562 4031 2786 4099 sexties,
2818 4037 2881 4085 ut
2905 4028 3221 4096 minimum,
3249 4028 3540 4098 citatisque

212 4135 625 4192 nonnunquam
653 4119 825 4192 ipsius
854 4120 1058 4188 verbis,
1087 4120 1164 4177 ibi
1196 4122 1484 4194 allegatur,
1520 4123 1887 4195 prmtermissa
1933 4129 2061 4180 sunt
2112 4121 2171 4176 in
2221 4120 2559 4177 editionibus
2593 4139 2604 4177 :
2664 4136 2789 4192 qua:
2830 4135 2930 4174 nos
2968 4134 3080 4173 non
3134 4132 3291 4173 secus
3341 4131 3405 4171 ac
3432 4116 3536 4171 fre-

212 4205 618 4281 quentissimas
642 4207 778 4264 alias
818 4207 1040 4264 lacunas
1069 4209 1570 4282 manuscriptorum
1624 4210 1961 4282 optimorum
2018 4211 2265 4267 subsidio
2314 4211 2658 4267 restituimus
2706 4210 2864 4283 (Vide
2917 4223 3073 4280 capp.
3114 4208 3167 4275 9,
3203 4207 3291 4272 Ii,
3324 4206 3411 4275 13,
3447 4207 3533 4276 17,

210 4297 277 4354 21
308 4303 371 4352 et
391 4292 513 4367 22).
1674 4300 1679 4307 ’

286 4386 693 4443 Verumtamen
742 4388 1100 4461 quantumvis
1157 4389 1494 4462 imperfectae
1553 4387 1761 4444 fuerint
1816 4388 2017 4444 eaedem
2071 4387 2378 4459 superiores
2435 4386 2726 4454 editiones,
2772 4383 2969 4440 idonea
3008 4392 3189 4439 tamen
3218 4390 3539 4456 argumenta

211 4475 674 4549 suppeditarunt,
723 4477 872 4534 unde
920 4477 1101 4535 critici
1154 4493 1346 4534 omnes
1375 4476 1751 4532 adulterinum
1808 4476 1980 4532 fetum
2009 4476 2302 4532 Ambrosio
2346 4474 2687 4547 suppositum
2721 4473 2890 4529 fuisse
2914 4481 3293 4545 agnoscerent.
3335 4474 3417 4529 Eo
3454 4472 3537 4529 in-

210 4564 504 4622 ducebant
532 4566 723 4638 scripti
769 4567 1009 4624 elocutio
1040 4566 1321 4640 majestate
1352 4566 1715 4624 Ambrosiana
1742 4565 1915 4621 multo
1945 4564 2193 4634 inferior,
2244 4564 2554 4637 ignorantia
2583 4564 2895 4619 Graecarum
2940 4562 3268 4629 litterarum,
3300 4561 3538 4634 denique

214 4653 369 4727 (cap.
406 4654 499 4725 17)
533 4656 820 4727 potestatis
849 4656 1334 4730 Langobardorum
1365 4657 1520 4729 quasi
1546 4656 1660 4729 jam
1689 4654 1883 4710 deleta:
1912 4652 2053 4709 facta
2093 4652 2321 4707 mentio.
2372 4653 2444 4707 Et
2492 4668 2623 4707 sane
2676 4650 2781 4706 hoc
2807 4650 3066 4707 ultimum
3120 4651 3445 4721 sufficiebat,
3476 4661 3539 4710 ut

210 4752 478 4801 sanctum
524 4746 831 4803 antistitem
888 4747 1289 4805 demonstraret
1338 4745 1458 4818 ejus
1504 4743 1990 4802 commentationis
2036 4749 2311 4799 auctorem
2372 4741 2483 4797 dici
2534 4740 2959 4813 haudquaquam
2992 4757 3169 4813 posse,
3220 4758 3384 4814 quam
3416 4751 3538 4814 post

211 4849 429 4889 annum
466 4832 587 4901 774,
611 4851 719 4907 quo
734 4835 923 4892 eadem
963 4851 1112 4908 gens;
1145 4836 1424 4892 exstincto
1448 4850 1570 4907 rege
1599 4851 1699 4891 suo
1728 4832 2034 4900 Desiderio,
2067 4831 2169 4887 sub
2218 4829 2485 4886 ditionem
2520 4828 2702 4887 Caroli
2752 4830 2934 4901 Magni
2967 4831 3184 4888 redacta
3215 4830 3343 4901 fuit,
3375 4848 3538 4890 com-

214 4924 458 4996 positam
490 4940 604 4981 esse
632 4925 865 4982 dubium
896 4943 1007 4984 non
1037 4934 1137 4984 est.
1170 4926 1314 4994 Quid
1350 4943 1480 4983 vero
1509 4924 1554 4982 si
1586 4924 1695 4983 huc
1742 4925 2008 4982 addamus
2046 4923 2215 4979 istum
2263 4930 2545 4979 auctorem
2596 4920 2663 4977 de
2702 4920 2968 4993 Gregorio
3018 4932 3173 4993 pont.
3222 4938 3369 4979 max.
3422 4931 3537 4979 tan.

213 5029 386 5085 quam
415 5014 562 5069 inter
588 5023 809 5072 sanctos
836 5023 891 5073 et
917 5017 1178 5074 Ecclesia:
1207 5016 1460 5073 doctores
1488 5032 1614 5072 cum
1650 5014 1989 5087 Hieronymo
2026 5024 2189 5087 atque
2217 5012 2345 5069 aliis
2385 5011 2501 5084 jam
2543 5019 2678 5069 tunc
2719 5016 2939 5084 recepto
2997 5027 3305 5068 sermonem
3335 5010 3536 5066 habere

215 5109 386 5175 atque
409 5102 591 5175 (capp.
630 5104 678 5172 1,
711 5104 745 5161 6
777 5112 831 5160 et
851 5105 944 5176 20)
977 5121 1048 5162 ex
1080 5104 1370 5161 Athanasii
1405 5103 1671 5177 Symbolo
1697 5104 1851 5175 quasi
1882 5121 1980 5178 pro
2010 5107 2198 5179 regula
2226 5103 2355 5160 fidei
2419 5121 2514 5177 per
2559 5104 2883 5160 universum
2929 5103 3307 5163 Christianum
3348 5102 3536 5159 orbem

210 5189 325 5261 jam
362 5191 647 5249 decantari
672 5193 839 5252 solito
868 5194 1178 5269 frequentia
1217 5210 1481 5266 usurpem
1537 5193 1873 5263 testimonia,
1918 5201 1973 5251 et
2027 5195 2096 5251 ad
2124 5201 2461 5266 postremum
2497 5194 2640 5266 (cap.
2684 5191 2774 5265 18)
2806 5191 3327 5251 archidiaconorum
3359 5188 3534 5246 avari.
3588 5266 3595 5271 μ

218 5280 353 5339 tiam
386 5300 512 5357 quae
541 5285 882 5358 synodorum
912 5286 1256 5355 Parisiensis,
1291 5283 1691 5351 Cabilonensis,
1722 5292 1778 5340 et
1829 5284 2293 5358 Aquisgranensis
2338 5300 2487 5342 nono
2526 5283 2734 5341 saeculo
2779 5282 3176 5341 celebratarum
3231 5279 3536 5340 canonibus

222 5371 467 5427 coercita
485 5381 588 5441 est,
612 5375 853 5447 graviter
870 5384 925 5431 et
951 5392 1079 5432 cum
1109 5374 1397 5432 stomacho
1427 5372 1707 5430 insectari.

292 5460 540 5533 Tempus
562 5461 750 5534 igitur,
775 5479 886 5537 quo
916 5463 1067 5521 hunc
1096 5471 1373 5521 auctorem
1406 5462 1655 5519 ﬂoruisse
1709 5478 1927 5520 necesse
1956 5472 2057 5533 est,
2087 5464 2491 5538 deprehensum
2541 5462 2842 5531 habemus;
2899 5459 2965 5518 de
3014 5459 3240 5516 nomine
3291 5455 3534 5529 ejusdem

226 5562 379 5605 nunc
407 5552 765 5622 quaerendum
803 5561 904 5610 est.
943 5554 1131 5627 Neque
1160 5570 1292 5610 vero
1331 5552 1579 5610 Usserius
1615 5551 1993 5611 Armachanus
2042 5553 2144 5626 (De
2175 5553 2375 5610 Christ.
2410 5553 2557 5609 Eccl.
2590 5568 2807 5608 success.
2856 5567 2918 5605 ac
2962 5555 3124 5616 statu,
3172 5564 3293 5619 cap.
3340 5547 3417 5620 1),
3471 5553 3535 5604 ιιι

229 5631 608 5695 hallucinatus
632 5647 715 5697 est
745 5640 803 5697 in
833 5657 919 5711 eo,
958 5642 1105 5716 quod
1146 5642 1306 5699 illum
1336 5647 1605 5696 recentem
1656 5656 1771 5699 esse
1809 5640 2172 5711 existimavit,
2216 5642 2291 5699 ita
2331 5642 2498 5699 etiam
2547 5642 2604 5697 in
2660 5640 2766 5697 hoc
2810 5637 3033 5705 erravit,
3067 5636 3213 5712 quod
3241 5637 3538 5695 afﬁrmavit

512 5748 755 5807 Punon.
793 5750 970 5811 XVII.
3177 5749 3247 5806 27
