4068 6182
624 289 730 347 843
1628 285 1725 340 ΑΙ)
1763 283 1997 340 OPEBA
2034 280 2090 336 S.
2132 279 2230 336 AM

2218 277 2466 337 [BROSII
2504 276 2887 334 APPENDIX.
3746 283 3824 341 844

623 415 1040 490 Rerengaudum
1051 414 1218 471 fuisse
1237 412 1817 485 appellatum.Etenim
1834 411 1939 468 hoc
1952 410 2133 484 ipsum
2154 425 2355 466 nomen
2376 410 2435 464 in
2449 408 2734 466 codicibus
2757 402 3399 473 omnibus,Gemeticensi
3413 412 3604 463 tantum
3623 421 3828 482 excepto,

624 507 801 565 autin
830 506 1009 561 fronte
1039 502 1417 576 praescriptum
1448 501 1678 573 legitur;
1721 508 1817 556 aut
1859 500 2051 556 saltem
2082 500 2140 554 in
2178 498 2552 565 conclusione,
2606 512 2727 568 quae
2785 495 2841 550 in
2871 491 3244 551 edictionibus
3281 494 3613 563 praetermissa
3653 506 3739 566 est,
3765 501 3831 556 his

624 595 806 653 verbis
831 593 1140 650 indicatur:
1184 592 1434 662 Quisquis
1465 607 1648 645 nomen
1675 589 1908 645 auctoris
1938 589 2071 643 scire
2099 588 2386 653 desideras,
2452 587 2655 641 litteras
2699 583 3113 655 Expositionum
3140 582 3197 636 in
3225 582 3468 651 capitibus
3504 601 3573 639 vn
3620 586 3833 644 Visionum

616 685 829 756 primas
846 683 1067 738 attende.
1100 683 1365 739 Numerus
1392 687 1623 751 quatuor
1658 680 1920 735 vocalium
1938 695 2054 749 qua:
2072 678 2277 744 desunt,
2307 675 2356 729 si
2377 676 2588 731 Graecas
2612 675 2877 745 posueris,
2908 679 2982 728 est
3024 688 3218 727 Lxxxr.
3251 670 3446 728 Verum
3475 674 3698 746 quoniam
3723 678 3833 735 forte

621 774 854 831 obscura
882 780 937 827 et
963 770 1307 842 aanigmatica
1335 769 1512 825 videri
1537 778 1765 841 possunt
1786 768 1904 825 haec
1934 768 2051 840 ipsa
2084 765 2269 833 verba,
2295 780 2485 819 eorum
2516 762 2915 835 expositionem
2948 761 3004 816 in
3038 760 3206 832 Regio
3226 776 3286 817 ac
3310 761 3538 831 Sagiensi
3565 763 3727 819 codice
3743 776 3836 822 ante

621 864 727 922 600
763 880 935 920 annos
960 870 1013 918 et
1035 861 1220 918 eadem
1255 877 1421 916 manu
1446 876 1553 934 qua
1582 861 1811 932 ipsemet
1843 856 2284 915 Commentarius
2310 854 2573 925 scriptam
2610 852 2704 908 hic
2730 850 3077 922 subjicimus.
3714 844 3725 851 ’

692 953 902 1009 Auctor
957 949 1122 1021 hujus
1178 950 1316 1017 libri,
1344 949 1729 1021 Berengaudus
1773 948 2099 1019 appellatur,
2157 945 2203 1001 si
2254 944 2570 1015 diligenter,
2606 940 2882 1015 quomodo
2938 939 3333 995 inveniendum
3363 954 3551 995 nomen
3585 958 3726 997 suum
3753 944 3837 1015 ipse

621 1042 832 1109 doceat,
855 1040 1189 1096 attendatur.
1221 1040 1417 1095 Prima:
1448 1039 1594 1094 enim
1616 1038 1812 1093 littera:
1847 1035 2271 1109 Expositionum
2295 1032 2353 1088 in
2384 1031 2657 1103 capitibus
2684 1038 2891 1102 septem
2914 1028 3231 1097 Visionum,
3255 1045 3386 1102 quas
3429 1030 3681 1086 attendere
3701 1031 3836 1102 jubet,

621 1133 740 1189 istae
778 1141 926 1201 sunt,
957 1133 1022 1188 Β.
1062 1133 1126 1189 Β.
1170 1131 1234 1186 Ν.
1285 1131 1351 1187 G.
1381 1131 1449 1187 V.
1483 1133 1548 1187 D.
1576 1132 1630 1187 S.
1675 1130 1919 1197 Quatuor
1947 1134 2128 1182 autem
2167 1125 2369 1180 Graecae
2414 1124 2655 1191 vocales,
2690 1139 2811 1195 quae
2840 1122 2926 1177 his
2956 1120 3315 1193 adjungendze
3359 1129 3501 1190 sunt,
3537 1125 3841 1195 exprimentes

623 1237 915 1277 numerum
938 1236 1131 1288 Lxxxr,
1164 1219 1281 1274 istae
1302 1225 1463 1273 sunt:
1494 1219 1538 1272 E
1557 1217 1758 1283 brevis,
1791 1217 1860 1283 5;
1893 1216 2024 1271 item
2046 1214 2092 1269 E
2112 1213 2319 1280 brevis,
2347 1212 2399 1277 5;
2432 1213 2501 1279 A,
2532 1214 2577 1279 l;
2605 1212 2747 1279 etO,
2770 1211 2860 1266 70.
2882 1211 3056 1281 Juuge
3075 1227 3204 1281 ergo
3232 1208 3397 1266 simul
3418 1227 3701 1280 numerum,
3721 1229 3841 1285 quem
3918 1236 3923 1239 ι

621 1310 850 1383 singula:
870 1311 1084 1367 vocales
1115 1310 1229 1366 ista:
1255 1309 1561 1365 continent.
1592 1315 1645 1363 et
1672 1305 1900 1363 habebis
1927 1304 2046 1360 sine
2093 1300 2264 1359 dubio
2317 1315 2512 1366 LXXXI,
2548 1298 2658 1354 nisi
2720 1314 2873 1366 vero,
2932 1299 2998 1367 E,
3053 1306 3114 1354 ut
3169 1306 3523 1370 praenotatum
3549 1307 3642 1368 est,
3681 1301 3751 1356 bis
3775 1317 3844 1356 as-

620 1396 938 1469 sumpseris,
977 1396 1035 1452 in
1084 1395 1210 1452 aliis
1236 1396 1466 1452 omnino
1490 1394 1726 1450 diversis
1754 1392 2038 1449 vocalibus
2065 1405 2329 1444 numerus
2359 1388 2461 1444 iste
2503 1388 2610 1444 tibi
2652 1404 2766 1443 non
2794 1396 3067 1446 occurret.
3100 1388 3306 1445 Confer
3343 1389 3525 1462 itaque
3552 1388 3641 1445 has
3665 1399 3845 1462 quatuor

621 1487 838 1544 vocales
868 1485 1243 1558 superioribus
1276 1492 1482 1556 septem
1528 1482 1982 1545 consonantibus,
2032 1488 2086 1536 et
2134 1478 2376 1551 syllabas
2417 1495 2487 1534 ex
2537 1479 2627 1535 his
2675 1496 2945 1552 compone
2975 1480 3081 1537 hoc
3113 1480 3276 1536 modo
3323 1481 3685 1552 Berengaudos.
3714 1482 3847 1538 Habes

622 1579 791 1652 igitur
819 1576 1209 1649 Berengaudos.
1241 1575 1346 1632 Sed
1367 1575 1485 1630 haec
1505 1573 1692 1630 Graeca
1719 1571 2036 1629 terminatio
2064 1579 2181 1627 est:
2231 1571 2425 1627 Latina
2477 1579 2660 1627 autem
2704 1572 3021 1628 terminatio
3063 1580 3145 1628 est
3177 1590 3189 1628 :
3239 1571 3687 1628 BeBeNGaVDoS.
3731 1571 3846 1638 Quod

620 1666 767 1723 enim
798 1666 942 1739 apud
971 1665 1186 1721 Graecos
1223 1665 1282 1719 in
1306 1680 1384 1729 os,
1425 1662 1569 1733 apud
1608 1660 1832 1716 Latinos
1861 1658 2187 1716 terminatur
2214 1658 2274 1715 in
2322 1677 2402 1727 us,
2444 1668 2507 1717 ut
2564 1662 2752 1717 Petros
2782 1664 2992 1729 Petrus,
3026 1662 3229 1717 Paulos
3259 1663 3481 1718 Paulus.
3515 1660 3657 1727 Quod
3703 1661 3742 1715 si
3776 1677 3848 1715 or-

619 1754 805 1812 dinem
839 1753 1222 1826 praedictarum
1252 1751 1529 1807 vocalium
1573 1750 1631 1805 in
1664 1749 2002 1806 inveniendo
2033 1749 2139 1808 hoc
2186 1746 2411 1806 nomine
2440 1757 2630 1807 tenere
2688 1751 2967 1819 malueris,
3000 1758 3055 1807 et
3093 1752 3251 1822 prius
3299 1750 3550 1823 ponendo
3576 1754 3638 1818 A,
3684 1757 3851 1806 caeteras

621 1858 717 1915 per
744 1849 1108 1900 consonantes
1162 1840 1240 1896 ita
1276 1838 1585 1912 disponere,
1626 1846 1689 1894 ut
1733 1838 1884 1895 dicas
1911 1840 2303 1912 Barenguedos,
2336 1857 2448 1897 non
2478 1840 2582 1898 tibi
2614 1842 2839 1913 quidem
2872 1841 2930 1896 in
2961 1841 3068 1898 hoc
3114 1842 3433 1915 praescripta
3462 1840 3709 1897 vocalium
3749 1840 3851 1895 ratio

619 1930 942 1987 adversatur
974 1948 987 1985 :
1019 1930 1113 1987 sed
1141 1928 1440 1986 barbarum
1483 1928 1668 1996 nimis,
1715 1935 1770 1983 et
1824 1928 2144 1993 omnimodo
2192 1928 2520 1985 inusitatum
2568 1929 2813 1986 hominis
2841 1947 3044 1987 nomen
3075 1932 3207 1989 inde
3253 1933 3537 1989 formatur.
3565 1930 3737 1987 Melius
3762 1946 3853 2002 ergo

619 2027 721 2089 est,
752 2027 807 2076 et
826 2021 1001 2075 multo
1030 2018 1234 2076 rectius
1258 2026 1340 2087 ut,
1370 2018 1515 2075 sicut
1542 2016 1920 2090 praescriptum
1947 2026 2047 2086 est,
2070 2019 2469 2089 Berengaudus,
2501 2035 2612 2074 non
2643 2020 3044 2091 Barenguedus,
3075 2028 3326 2091 vocetur,
3362 2020 3492 2093 quia
3527 2019 3624 2076 hoc
3646 2019 3851 2075 usitatum

620 2116 674 2166 et
700 2109 873 2182 magis
894 2109 1143 2182 elegans;
1178 2107 1319 2165 illud
1348 2124 1479 2163 vero
1507 2115 1562 2164 et
1590 2106 1914 2163 inusitatum
1945 2114 1999 2163 et
2029 2107 2258 2163 minime
2286 2109 2505 2179 elegans
2545 2108 2793 2165 hominis
2813 2125 3016 2165 nomen
3049 2110 3296 2168 videtur.

692 2199 811 2255 Jam
840 2213 971 2254 vero
998 2199 1044 2254 si
1074 2198 1200 2271 quis
1232 2207 1392 2255 aveat
1442 2196 1582 2254 scire
1619 2195 1895 2269 quodnam
1934 2195 2103 2253 fuerit
2151 2197 2393 2254 auctoris
2434 2196 2679 2269 ejusdem
2714 2198 3045 2255 institutum
3076 2215 3141 2256 ac
3170 2199 3304 2257 vitae
3326 2216 3510 2273 genus,
3539 2196 3733 2255 tametsi
3752 2194 3855 2251 nihil

619 2287 851 2345 omnino
879 2289 1228 2361 exploratum
1259 2286 1327 2343 de
1346 2287 1455 2343 hoc
1485 2293 1757 2359 suppetat,
1790 2302 1917 2342 eum
1947 2294 2132 2342 tamen
2164 2285 2519 2342 monasticam
2552 2285 2930 2343 Benedictinaa
2968 2287 3198 2343 familiae
3248 2288 3639 2345 institutionem
3667 2292 3857 2343 secutum

619 2392 736 2433 esse
771 2376 905 2434 hinc
933 2375 1280 2448 conjicimus,
1313 2375 1459 2448 quod
1480 2376 1546 2431 de
1575 2374 1731 2431 vitiis
1750 2392 1871 2449 quae
1900 2374 2005 2431 sibi
2044 2374 2253 2430 aditum
2283 2374 2339 2429 in
2365 2375 2697 2431 monasteria
2724 2382 2845 2431 tum
2868 2376 3135 2449 temporis
3187 2377 3435 2435 fecerant
3470 2377 3637 2450 (capp.
3668 2375 3697 2431 9
3719 2382 3763 2429 et
3790 2373 3857 2441 2|)

619 2473 891 2539 tanquam
918 2466 1156 2523 ocularis
1187 2466 1340 2522 testis
1368 2465 1603 2521 subinde
1630 2464 1862 2521 disserat
1895 2464 2074 2537 (capp.
2129 2466 2196 2522 18
2223 2473 2277 2521 et
2304 2465 2419 2536 21),
2450 2474 2504 2522 et
2539 2467 2686 2523 locos
2728 2469 2916 2539 plures
2973 2467 3175 2538 passim
3220 2467 3430 2525 inserat
3473 2484 3503 2523 e
3549 2465 3729 2538 Regula
3751 2462 3858 2518 beati

619 2554 914 2612 Benedicti
948 2554 1017 2611 ad
1047 2554 1278 2611 verbum
1325 2570 1630 2625 expressos.
1681 2553 1813 2621 Quae
1864 2561 2049 2609 tamen
2102 2554 2243 2610 ratio
2299 2554 2346 2611 si
2392 2573 2504 2612 non
2565 2556 2851 2628 probetur,
2884 2558 3071 2628 negari
3107 2557 3305 2615 saltem
3339 2557 3563 2614 minime
3588 2551 3860 2628 poteritvin'

620 2642 980 2699 ecclesiasticis
1017 2643 1227 2711 litteris,
1250 2651 1312 2698 ut
1343 2641 1543 2715 Regius
1570 2640 1744 2698 codex
1776 2642 1833 2697 in
1864 2641 1983 2714 ipso
2021 2642 2198 2715 capite
2226 2646 2604 2717 praescriptum
2650 2644 2835 2713 habet,
2869 2644 3059 2716 optime
3103 2647 3307 2702 eruditi
3340 2646 3444 2702 hoc
3471 2660 3601 2717 opus
3627 2658 3743 2699 esse.
3768 2640 3857 2696 Non

620 2729 773 2785 aliud
799 2728 1073 2801 judicium
1100 2730 1217 2803 jam
1247 2730 1379 2786 olim
1407 2730 1474 2787 de
1497 2730 1597 2786 illo
1626 2732 1825 2787 tulerat
1862 2730 2161 2804 Dionysius
2190 2732 2608 2803 Chartusianus,
2634 2740 2687 2788 et
2712 2733 2923 2790 recenti
2947 2734 3214 2790 memoria
3246 2734 3303 2791 id
3333 2737 3509 2806 ipsum
3538 2731 3691 2789 sensit
3708 2727 3860 2785 erudi-

620 2820 870 2877 tissimus
897 2837 961 2877 ac
985 2821 1052 2877 de
1081 2821 1355 2879 catholica
1382 2821 1649 2894 religione
1676 2821 1883 2893 optime
1931 2822 2162 2880 meritus
2205 2823 2476 2882 dominus
2503 2822 2787 2895 Benignus
2816 2822 3067 2893 Bossuet,
3097 2822 3466 2881 Meldensium
3508 2820 3708 2895 praesul,
3740 2815 3862 2887 cujus

619 2908 880 2982 suffragio
912 2909 1004 2966 hic
1023 2926 1132 2966 non
1156 2910 1409 2967 assentiri
1438 2910 1590 2967 nefas
1620 2911 1897 2968 ducimus.

1635 3214 2894 3390 EXPOSITIO

869 3474 1233 3561 SUPER
1327 3415 1759 3563 SEPTEM
1853 3478 2380 3566 VISIONES
2481 3482 2779 3566 LlBRl
2880 3482 3677 3570 APOCALYPSIS.

998 3768 1147 3829 499
1182 3765 1276 3821 DE
1315 3765 1535 3824 PRIMA
1565 3764 1865 3824 VISIONE.
2246 3772 2298 3830 A
2326 3784 2423 3841 per
2497 3770 2898 3828 revelationem
2929 3772 3151 3845 agnosci
3176 3782 3415 3847 queunt.
3469 3775 3542 3830 Et
3598 3764 3875 3842 signiﬁcavit.

695 3861 923 3917 Beatum
952 3862 1216 3918 Joannem
1259 3862 1340 3934 (l)
1368 3864 1677 3935 apostolum
1734 3871 1789 3920 et
1826 3862 2217 3935 evangelistam
2327 3859 2533 3913 mittens
2565 3876 2664 3930 per
2693 3861 2939 3933 angelum
2962 3878 3116 3917 suum
3144 3879 3301 3919 servo
3333 3882 3432 3919 suo
3461 3862 3673 3919 Joanni.
3710 3860 3764 3914 In
3803 3855 3881 3910 hoc

626 3950 775 4007 hunc
804 3949 1007 4006 librum
1034 3952 1407 4025 Apocalypsin
1433 3952 1671 4009 edidisse
1691 3961 1923 4021 constat;
1959 3952 2217 4026 quamvis
2331 3946 2451 4002 loco
2480 3947 2606 4003 talis
2628 3948 2763 4003 mihi
2795 3965 2986 4006 sensus
3014 3966 3129 4007 esse
3155 3951 3424 4009 videtur:
3478 3951 3732 4008 Dominus
3763 3945 3880 4001 Jesus

624 4039 939 4098 exstiterint
964 4040 1160 4115 aliqui,
1184 4041 1280 4114 qui
1306 4057 1417 4097 non
1461 4042 1529 4097 ab
1554 4057 1638 4110 eo,
1685 4042 1779 4099 sed
1826 4042 1894 4098 ab
1928 4043 2038 4098 alio
2067 4042 2219 4100 dixe-
2329 4038 2581 4110 angelum
2613 4055 2772 4095 suum
2805 4040 2980 4107 ῐηίείῐ,
3014 4050 3184 4114 θῑρθτ
3211 4043 3477 4100 eumdem
3505 4041 3741 4113 angelum
3761 4046 3882 4092 δετνο

623 4130 739 4187 rint
766 4129 936 4185 fuisse
966 4130 1331 4203 compositura
1368 4149 1380 4188 :
1430 4130 1523 4187 sed
1573 4130 1691 4204 ejus
1737 4132 1905 4188 fuisse
1934 4133 2223 4205 sequentia
2331 4143 2431 4183 suo
2457 4127 2653 4183 Joanni
2682 4130 3076 4199 manifestavit,
3109 4149 3231 4205 qua;
3265 4140 3488 4205 oportet
3518 4129 3629 4187 ﬁeri
3658 4128 3772 4183 cito.

625 4220 997 4276 ηὶῆηίῖθεῐᾶυῐ-
2405 4224 2586 4295 (Vers.
2628 4225 2708 4299 2.)
2756 4227 2859 4294 Qui
2890 4227 3241 4283 testimonium
3285 4227 3562 4301 perhibuit
3610 4223 3756 4282 Verbo
3795 4213 3884 4274 Dei.

695 4307 923 4365 CAPUT
959 4308 1251 4364 PRIMUM.
1299 4338 1371 4349 —
1401 4308 1583 4381 (Vers.
1616 4309 1693 4381 ι.)
1726 4310 2073 4382 Apocalypsis
2099 4311 2226 4366 Jesu
2334 4313 2435 4369 Hic
2461 4313 2614 4370 locus
2656 4324 2839 4387 aperte
2860 4315 3205 4372 demonstrat
3226 4334 3346 4373 non
3378 4316 3449 4372 ab
3469 4316 3580 4371 alio
3598 4301 3884 4373 Joanne,sed

631 4394 847 4463 Christi,
872 4412 1032 4465 quam
1063 4396 1205 4451 dedit
1229 4396 1311 4452 illi
1339 4398 1505 4454 Deus.
1545 4399 1923 4471 Apocalypsis,
1958 4400 2222 4455 revelatio
2330 4402 2398 4458 ab
2432 4402 2530 4457 illo
2559 4402 2653 4475 qui
2692 4404 3063 4477 Evangelium
3092 4403 3345 4477 scripsit,
3387 4404 3543 4462 hunc
3595 4401 3776 4457 librum
3802 4404 3887 4477 es“?

627 4485 716 4539 vel
738 4483 1110 4539 manifestatio
1133 4484 1538 4556 interpretatur.
1567 4487 1724 4554 Quod
1753 4488 2107 4544 revelationis
2125 4489 2219 4545 do-
2330 4491 2716 4562 compositum.
2747 4492 2849 4559 Qui
2882 4499 2935 4548 et
2967 4493 3025 4548 in
3066 4476 3223 4550 caena
3283 4511 3458 4567 supra
3488 4500 3675 4565 pectus
3710 4476 3885 4542 Domini

628 4587 761 4627 num
788 4578 843 4626 et
872 4571 1030 4626 Pater
1043 4571 1187 4626 Filio
1202 4571 1378 4641 dedit,
1396 4575 1698 4631 secundum
1728 4575 1876 4648 quod
1898 4576 2064 4632 homo
2089 4585 2204 4633 erat
2333 4579 2512 4651 (Joan.
2560 4597 2686 4648 xm,
2738 4581 2850 4652 25),
2897 4580 2955 4635 in
3012 4597 3122 4654 quo
3150 4589 3316 4638 erant
3349 4598 3547 4638 omnes
3572 4571 3793 4636 thesauri
3818 4584 3889 4625 sa-

627 4666 683 4715 et
711 4659 825 4731 ipse
850 4659 999 4715 filius
1040 4659 1390 4732 sibimetipsi,
1424 4663 1689 4719 divinitas
1744 4665 1964 4721 scilicet
1995 4666 2218 4723 homini
2330 4668 2550 4742 pientiae
2576 4677 2630 4725 et
2653 4670 2895 4728 scientia:
2919 4671 3234 4729 absconditi
3276 4673 3519 4744 (Coloss.
3556 4689 3595 4726 ll
3654 4668 3729 4737 3),
3771 4674 3889 4717 νοεῖν

629 4766 789 4823 quem
820 4750 1134 4823 assumpsit.
1159 4752 1352 4807 Palam
1380 4753 1554 4823 facere
1580 4755 1746 4810 servis
1773 4756 1884 4811 suis
1909 4773 2027 4826 quce
2047 4774 2222 4829 opor-
2329 4756 2472 4824 buit,
2522 4756 2589 4813 de
2625 4774 2735 4830 quo
2765 4759 3095 4816 immensum
3127 4760 3350 4816 fontem
3397 4758 3675 4833 sapientiae
3713 4745 3890 4808 haurite

632 4845 698 4893 tet
722 4838 840 4909 ﬁeri
867 4841 986 4896 cito.
1021 4840 1157 4898 Cum
1182 4841 1274 4898 hic
1294 4842 1433 4900 liber
1461 4860 1573 4900 non
1603 4845 1781 4901 solum
1813 4846 2022 4914 futura,
2043 4847 2137 4903 sed
2162 4855 2215 4903 et
2332 4846 2551 4902 meruit.
2608 4847 2892 4904 Perhibuit
2946 4865 3075 4920 ergo
3122 4850 3522 4906 testimonium
3575 4846 3740 4903 Verbo
3797 4834 3889 4898 Dei.

630 4926 919 4997 praesentia
968 4936 1022 4984 et
1053 4930 1327 5001 praeterita
1369 4939 1573 5001 narret,
1609 4949 1708 4990 cur
1753 4933 1845 4990 hic
1887 4936 2004 4990 sola
2031 4934 2219 4991 futura
2331 4933 2549 5005 quando
2605 4934 2795 4992 dixit:
2868 4960 2887 4983 ι
2950 4937 3013 4992 In
3066 4937 3354 5009 principio
3401 4946 3521 4993 erat
3566 4932 3808 4993 Verbum,
3851 4926 3891 4975 εί

630 5016 929 5071 Dominum
961 5025 1210 5073 nostrum
1238 5019 1421 5075 Jesum
1447 5019 1724 5078 Christum
1754 5022 1928 5078 servis
1954 5022 2070 5078 suis
2095 5041 2221 5079 ma-
2329 5022 2572 5078 Verbum
2656 5032 2774 5079 erat
2823 5025 2969 5097 apud
3050 5026 3249 5095 Deum,
3314 5034 3372 5083 et
3429 5027 3578 5082 Deus
3638 5027 3744 5077 erat
3792 5014 3890 5069 νϐ’

631 5103 1248 5199 η-ἱΐθεῑειτρρίχὶξῖῼιιὶδ
1266 5108 1527 5167 videlicet
1545 5111 1836 5182 praesentia
1863 5111 2007 5180 visu,
2031 5120 2219 5184 praete-
2250 5139 2297 5199 Β
2327 5110 2460 5167 bum
2492 5114 2672 5183 (Joan.
2708 5131 2748 5182 ι,
2804 5115 2880 5187 1).
2925 5138 2945 5163 ι
3001 5112 3105 5170 Sed
3156 5121 3209 5169 et
3252 5114 3313 5170 in
3365 5114 3477 5171 hoc
3501 5110 3643 5186 quod
3669 5102 3889 5199 sequitur,

580 5228 597 5241 κ
632 5193 739 5250 rita
774 5194 968 5251 auditu
1014 5195 1176 5253 facile
1203 5200 1849 5270 cognoscunturzfutura
1867 5208 2073 5267 autem,
2106 5218 2218 5257 non
2250 5193 2293 5199 ”
2328 5201 2558 5273 quaestio
2609 5202 2823 5258 oritur:
2887 5203 2963 5258 Et
3016 5202 3373 5258 testimonium
3403 5204 3532 5259 Jesu
3579 5194 3762 5257 Christi
3783 5202 3891 5261 9⁸⁸³⁸

632 5282 741 5340 nisi
763 5291 858 5339 aut
878 5300 974 5357 per
991 5286 1299 5343 dot-trinam
1327 5288 1642 5345 divinarum
1669 5289 2099 5362 Scripturarum,
2127 5298 2223 5348 aut
2329 5308 2529 5363 cunque
2555 5292 2705 5348 cidit.
2737 5292 3024 5361 Quomodo
3068 5309 3195 5365 ergo
3223 5292 3615 5349 testimonium
3660 5274 3891 5360 perhibuit

1727 3044 3855 3073 Μ

706 5425 788 5496 (1)
825 5427 1048 5483 Beatum
1075 5430 1329 5511 Joanuem
1369 5446 1541 5503 usque
1583 5432 1649 5487 ad
1677 5433 1962 5502 sequentia
1990 5433 2226 5561 manife-
2333 5436 2509 5492 riatur
2540 5454 2552 5491 :
2595 5436 2687 5493 cui
2721 5438 2887 5494 etiam
2933 5437 2992 5493 in
3020 5435 3142 5493 cod.
3175 5434 3340 5494 Gem.
3393 5435 3784 5512 praemittuntur
3805 5421 3891 5477 duo

706 5504 799 5561 mt,
860 5499 1180 5555 Hom.edit.
1212 5502 1578 5561 iugulaverat.
1601 5518 1727 5558 cum
1761 5510 1945 5560 tamen
1985 5504 2090 5561 hoc
2149 5522 2225 5561 ra-
2336 5507 2499 5561 primi
2559 5523 2750 5561 versus
2804 5508 3047 5561 eiusdem
3119 5506 3247 5561 libri
3302 5505 3761 5561 Anocalvnsis.m
3787 5496 3885 5561 Βθὲι

635 5501 815 5584 stant,
860 5499 1015 5584 Hom.
1045 5500 1197 5584 edit.‘
1210 5496 1578 5584 jugulavérat,
1601 5518 1727 5558 cum
1748 5496 1945 5584 tamen
1985 5504 2090 5562 hoc
2121 5496 2225 5561 fra-
2336 5507 2499 5580 primi
2559 5523 2750 5584 versus
2804 5508 3047 5580 ejusdem
3119 5506 3247 5564 libri
3302 5496 3685 5584 Apbcalypsis,
3712 5500 3761 5557 in
3787 5496 3885 5561 Res.

637 5576 917 5636 gmentum
947 5578 1002 5625 et
1044 5571 1098 5625 in
1134 5571 1450 5627 edithill.
1509 5580 1564 5628 et
1609 5573 1866 5631 omnibus
1918 5593 2045 5633 mss.
2081 5593 2228 5650 repe-
2335 5571 2517 5635 autem
2549 5580 2759 5651 primus
2789 5571 2998 5637 versus.
