4068 6182
309 320 415 376 845

1196 332 1652 396 BERENGAUDI
1693 343 2067 404 EXPOSITIO
2106 351 2177 408 IN
2216 353 2721 417 APOCALYPSIN.

3504 381 3606 436 846

305 446 434 501 Jesu
473 445 704 517 Christi,
750 466 1091 525 quaecunque
1139 457 1300 527 vidit,
1355 477 1477 518 cum
1520 464 1636 536 ipse
1671 467 1817 526 dicat
1857 472 1914 526 in
1946 478 1994 536 A
2025 484 2153 532 sunt
2183 487 2388 550 septem
2419 483 2691 555 Ecclesiae,
2727 488 2795 544 ad
2825 506 2957 563 quas
2988 494 3103 551 haec
3130 498 3333 570 scripta
3362 500 3607 574 dirigun-

305 535 497 574 οηιιοτη
531 537 861 574 Πινηηηοιῖηο
913 566 929 574 -
967 543 1133 574 unt...
1166 549 1382 574 ,νηελωμ
1412 561 1458 574 ,ι
1484 554 1576 574 ,ιεΔ
1639 556 1649 566 ο
1785 559 1805 574 ρ
1871 561 1904 574 .-
2025 571 2033 574 _
2195 567 2205 574 .

305 535 497 591 eodem
531 537 861 610 Evangelio:
913 566 930 587 ι
965 543 1138 600 Multa
1164 549 1386 620 quidem
1407 561 1462 608 et
1480 535 1587 610 alia
1606 556 1762 628 signa
1779 559 1911 618 fecit

303 623 464 680 Iesus
496 625 550 680 in
596 637 895 699 conspectu
927 630 1326 704 discipulorum
1358 656 1606 711 suorum,
1647 662 1765 718 quae
1799 665 1906 704 non

302 719 435 767 sunt
464 715 667 784 scripta
696 714 752 770 in
791 716 934 773 libro
965 719 1072 776 hoc
1101 722 1281 792 (Joan.
1313 744 1410 796 xx,
1441 729 1577 800 30)?
1605 758 1622 780 ιι
1661 714 1770 791 Sed
1806 745 1905 794 tes-

303 801 602 861 timonium
635 809 919 878 perhibuit
949 815 1073 872 Jesu
1099 818 1339 889 Christo,
1374 840 1713 899 quaecunque
1743 831 1904 900 vidit,

301 890 655 960 praedicando
687 899 946 958 videlicet
976 906 1230 976 gentibus
1258 890 1447 968 omnia
1473 931 1595 987 quae
1685 890 1905 975 Christo

298 977 596 1053 didicerat,
649 995 702 1043 et
750 990 1015 1048 miracula
1065 1012 1184 1068 quae
1233 1000 1447 1058 viderat
1495 1008 1787 1077 narrando,
1843 1027 1906 1067 ea

297 1074 690 1132 tantummodo
708 1078 955 1138 scribens
975 1099 1094 1156 quae
1117 1089 1348 1157 posteris
1364 1094 1603 1164 amplius
1618 1074 1905 1168 profutura

296 1172 418 1213 esse
453 1161 798 1231 praeviderat.

376 1258 560 1326 (Vers.
591 1262 672 1334 3.)
726 1266 882 1322 Beati
926 1271 1020 1340 qui
1051 1273 1242 1344 legunt,
1289 1284 1336 1332 et
1363 1280 1455 1349 qui
1482 1283 1709 1338 audiunt
1741 1287 1900 1342 verba

288 1350 588 1418 pmphetite
618 1353 801 1423 hujus,
823 1363 871 1411 et
896 1368 1110 1415 servant
1136 1381 1338 1435 ea,quce
1367 1367 1422 1421 in
1441 1386 1501 1424 ea
1529 1371 1726 1443 scripta
1755 1381 1895 1432 sunt.

294 1434 432 1493 Tres
459 1443 666 1512 species
696 1443 1056 1506 beatitudinis
1078 1434 1279 1523 posuit,
1301 1457 1395 1512 sed
1425 1458 1546 1515 duae
1575 1434 1716 1518 nihil
1747 1475 1893 1535 sunt,

291 1525 343 1581 si
378 1529 539 1584 tertia
569 1531 841 1602 defuerit;
878 1554 1003 1593 nam
1037 1541 1181 1597 nihil
1211 1546 1430 1616 proﬁcit
1478 1549 1556 1605 eis
1585 1552 1678 1623 qui
1709 1525 1899 1625 legunt

291 1624 393 1671 aut
420 1617 657 1676 audiunt
684 1626 940 1682 mandata
959 1630 1080 1699 Dei,
1103 1632 1149 1686 si
1180 1649 1288 1688 non
1320 1646 1540 1693 servant
1569 1655 1650 1709 ea,
1675 1657 1794 1713 quae
1824 1645 1896 1699 le-

290 1713 434 1776 gunt
463 1708 553 1763 vel
583 1712 818 1769 audiunt
871 1716 1031 1775 Multi
1062 1736 1297 1795 namque
1326 1734 1474 1795 sunt,
1507 1728 1600 1800 qui
1637 1708 1895 1789 mandata

291 1793 396 1849 Dei
442 1797 677 1855 audiunt
719 1810 816 1858 aut
865 1805 1074 1877 legunt,
1125 1793 1223 1867 sed
1255 1813 1399 1869 nihil
1430 1793 1723 1888 eos-juvat,
1771 1823 1970 1901 quiaB

288 1899 423 1939 cum
457 1903 688 1959 corpore
732 1903 1023 1963 praesentes
1053 1899 1182 1968 sint,
1237 1913 1415 1959 mente
1443 1914 1572 1962 sunt
1602 1908 1887 1981 absentes;

289 1980 388 2027 aut
415 1975 562 2030 enim
604 1978 662 2034 in
694 1984 1044 2054 acquirendis
1093 1989 1257 2045 rebus
1293 2009 1448 2049 mens
1483 2010 1669 2053 eorum
1704 1999 1892 2058 dedita

287 2069 395 2129 est,
419 2071 514 2119 aut
531 2065 764 2126 libidine
785 2076 1115 2146 exagitatur,
1147 2089 1240 2135 aut
1261 2084 1574 2153 proximum
1599 2085 1885 2160 dijudicat,

286 2158 390 2205 aut
417 2162 610 2211 contra
639 2161 922 2228 praelatum
957 2168 1224 2238 superbit,
1276 2181 1371 2228 aut
1413 2173 1572 2246 ﬁngit
1600 2194 1657 2232 se
1687 2158 1889 2250 poten¥

286 2245 400 2293 tem
431 2240 701 2314 futurum,
727 2259 822 2306 aut
843 2255 1056 2310 caeteris
1085 2259 1404 2316 vanissimis
1433 2263 1593 2320 rebus
1623 2265 1886 2324 distendi-

286 2337 402 2384 tur.
435 2329 619 2389 Potest
662 2336 865 2394 talibus
911 2346 1226 2412 convenire,
1280 2350 1425 2421 quod
1463 2353 1542 2408 ait
1571 2355 1836 2428 propheta
1869 2376 1883 2414 :

299 2439 319 2462 ι
354 2419 506 2473 Aure
536 2422 792 2492 audietis,
820 2435 874 2483 et
905 2444 1014 2484 non
1047 2419 1398 2508 intelligetis;
1438 2447 1492 2494 et
1520 2419 1770 2500 videntes
1798 2445 1883 2500 vi-

283 2506 511 2578 debitis,
563 2521 758 2570 etnon
793 2521 1133 2592 perspicietis
1168 2506 1300 2596 (Isa.
1336 2545 1413 2596 vr,
1447 2531 1526 2600 9).
1556 2558 1574 2579 »
1618 2535 1884 2592 Nonnulli

283 2612 421 2652 vero
442 2611 592 2669 sunt,
615 2605 709 2674 qui
743 2605 962 2664 divinas
991 2610 1301 2683 Scripturas
1331 2617 1518 2689 legunt
1547 2629 1601 2676 et
1627 2624 1882 2694 audiunt,

284 2683 347 2739 id
385 2696 487 2756 est,
525 2704 765 2748 mentem
796 2696 864 2751 ad
902 2713 1089 2755 earum
1129 2702 1549 2778 intelligentiam
1581 2727 1884 2770 accommo-

285 2773 461 2842 dant;
514 2779 608 2834 sed
639 2780 764 2837 ideo
811 2784 1031 2843 divinas
1069 2773 1380 2864 Scripturas
1425 2797 1666 2869 discunt,
1698 2811 1759 2858 ut
1788 2821 1884 2861 sa-
1960 2805 1964 2809 ’

287 2864 506 2935 pientes
535 2875 586 2923 et
635 2873 834 2944 egregii
882 2877 1025 2948 apud
1075 2879 1326 2939 homines
1375 2864 1695 2960 habeantur,
1742 2901 1794 2948 et
1822 2895 1881 2950 in

284 2956 482 3010 saeculi
513 2962 930 3032 prosperitatem
962 2967 1211 3039 ﬂoreant,
1253 2989 1360 3029 non
1395 2984 1454 3031 ut
1482 2979 1652 3035 vitam
1684 2999 1882 3055 repro-

282 3039 414 3096 bam
447 3048 745 3120 corrigant.
768 3051 875 3108 Sed
899 3055 1041 3112 beati
1071 3075 1180 3114 non
1210 3070 1360 3131 sunt,
1390 3065 1518 3136 quia
1541 3039 1877 3141 Scripturam

281 3131 534 3191 divinam
577 3154 689 3195 non
721 3159 820 3213 pro
847 3161 1033 3202 amore
1060 3149 1180 3214 Dei,
1224 3152 1318 3207 sed
1350 3170 1446 3224 pro
1476 3173 1659 3214 amore
1691 3163 1874 3218 saeculi

285 3220 627 3283 didicerunt.
672 3230 750 3285 De
785 3233 982 3289 talibus
1012 3236 1148 3294 dicit
1178 3220 1441 3312 propheta
1473 3263 1485 3300 :
1553 3271 1570 3293 ι
1596 3247 1877 3320 Sapientes

279 3317 346 3364 ut
401 3312 608 3370 faciant
667 3320 828 3388 mala,
895 3323 1033 3381 bene
1095 3336 1274 3384 autem
1334 3332 1510 3389 facere
1564 3339 1877 3399 nescierunt

281 3401 501 3471 (Ierem.
527 3423 602 3474 iv,
633 3407 746 3479 22).
773 3435 790 3456 ι
832 3411 903 3466 Et
932 3414 1200 3474 Dominus
1228 3419 1288 3474 in
1317 3421 1617 3495 Evangelio
1637 3428 1694 3482 in
1725 3446 1874 3500 para-

276 3488 408 3546 bola
434 3494 758 3553 seminantis
786 3499 1030 3572 loquitur
1053 3547 1069 3573 ,
1098 3506 1284 3565 dicens
1309 3529 1320 3566 :
1369 3537 1387 3558 ι
1416 3513 1572 3580 Quod
1602 3526 1780 3574 autem
1815 3521 1872 3577 in

275 3581 460 3651 spinis
488 3585 709 3651 cecidit,
767 3589 806 3644 ii
836 3601 966 3648 sunt
995 3594 1090 3665 qui
1117 3597 1432 3670 audierunt,
1471 3611 1524 3658 et
1551 3621 1579 3658 a
1607 3608 1874 3666 sollicitu-

278 3669 511 3727 dinibus
540 3681 594 3728 et
623 3677 1000 3748 voluptatibus
1042 3683 1168 3740 vitae
1198 3695 1388 3745 euntes
1418 3693 1776 3763 suﬁ‘ocantur,
1819 3707 1874 3754 et

281 3776 399 3814 non
426 3762 674 3819 referunt
703 3767 943 3824 fructum
977 3774 1127 3841 (Luc.
1160 3792 1278 3845 vm,
1316 3779 1427 3851 14).
1453 3806 1468 3827 ι
1504 3784 1592 3839 Illi
1615 3802 1742 3858 ergo
1761 3762 1869 3844 soli

275 3849 424 3905 beati
449 3859 597 3920 sunt,
623 3855 716 3926 qui
750 3856 873 3913 ideo
903 3861 1158 3918 mandata
1184 3866 1279 3921 Dei
1301 3849 1525 3926 student
1548 3849 1774 3944 discere,
1809 3885 1870 3933 ut

272 3939 526 4010 audiant,
561 3943 615 3998 id
645 3954 746 4014 est,
777 3947 833 4002 in
864 3959 1046 4006 mente
1075 3955 1410 4014 recondant:
1453 3960 1577 4017 ideo
1607 3964 1664 4019 in
1688 3974 1869 4023 mente

274 4029 607 4100 recondunt,
647 4041 709 4088 ut
734 4051 896 4107 opere
926 4040 1192 4111 impleant
1220 4062 1231 4099 :
1267 4045 1391 4102 ideo
1421 4065 1582 4120 opere
1611 4052 1865 4125 implent,

271 4125 338 4171 ut
399 4127 655 4177 aeternam
713 4123 1110 4186 beatitudinem
1163 4146 1521 4208 assequantur
1566 4159 1577 4197 :
1647 4123 1866 4215 Tempus

269 4208 410 4262 enim
437 4227 604 4282 prope
632 4221 722 4270 est.
775 4216 1011 4290 Tempus
1059 4222 1320 4281 videlicet
1358 4227 1603 4298 judiciiv:
1653 4250 1778 4290 nam
1817 4237 1864 4292 si

269 4304 491 4369 tempus
537 4301 604 4357 ab
651 4303 892 4361 adventu
921 4309 1146 4365 Domini
1176 4329 1346 4385 usque
1374 4317 1441 4372 ad
1471 4318 1637 4375 ﬁn‘em
1668 4325 1861 4380 mundi

266 4393 398 4441 ante
424 4389 613 4444 oculos
640 4407 832 4462 ponas,
866 4396 1089 4468 longum
1123 4400 1404 4472 invenies;
1435 4405 1527 4461 sed
1561 4406 1616 4462 in
1646 4426 1860 4484 compa-

265 4476 482 4533 ratione
509 4479 754 4550 priorum
785 4492 1115 4558 temporum,
1138 4490 1303 4546 breve
1332 4501 1431 4549 est.

341 4575 526 4643 (Vers.
569 4576 650 4648 4.)
687 4581 914 4637 Joannes
962 4593 1150 4656 septem
1200 4591 1450 4646 Ecclesiis
1495 4610 1612 4664 qua:
1655 4606 1777 4653 sunt
1809 4600 1866 4655 in

261 4662 424 4718 Asia.
459 4666 648 4723 Gratia
691 4671 833 4724 vobis
871 4679 918 4727 et
939 4691 1054 4745 pax
1082 4677 1148 4731 ab
1177 4696 1254 4746 eo,
1284 4681 1378 4750 qui
1400 4662 1616 4754 est,‘qui
1649 4694 1782 4755 erat,
1811 4697 1860 4745 et

260 4751 357 4821 qui
385 4760 639 4811 venturus
665 4764 758 4814 est.
790 4760 891 4816 Per
917 4771 1123 4834 septem
1153 4768 1443 4839 Ecclesias,
1476 4789 1585 4828 una
1614 4775 1858 4833 Ecclesia

259 4839 540 4898 catholica
568 4843 917 4919 designatur:
948 4861 1171 4924 propter
1196 4865 1399 4929 septem
1429 4861 1689 4921 videlicet
1712 4865 1856 4922 dona

258 4930 504 5002 Spiritus
528 4937 726 5006 sancti,
755 4940 956 5010 quibus
986 4943 1258 5002 illustrata
1283 4948 1339 5002 in
1368 4953 1574 5008 mundo
1600 4956 1848 5028 refulget.

256 5019 393 5074 Asia
444 5023 587 5078 elata
625 5025 1052 5100 interpretatur;
1112 5036 1242 5106 quia
1283 5035 1429 5094 inter
1475 5042 1645 5099 elatos
1688 5019 1851 5119 hujus

255 5110 447 5164 saeculi
481 5109 734 5170 Christus
774 5119 1192 5178 multitudinem
1222 5123 1468 5182 ﬁdelium
1499 5128 1736 5200 invenit,
1760 5109 1849 5191 'ex

253 5197 462 5269 quibus
492 5203 796 5262 Ecclesiam
822 5225 975 5265 suam
997 5211 1308 5270 fabricavit.
1336 5217 1407 5272 Et
1429 5221 1700 5291 perpende
1720 5197 1849 5296 quia

252 5291 406 5342 totus
435 5287 530 5347 hic
559 5292 701 5350 liber
727 5295 787 5352 in
815 5302 1122 5372 septenario
1151 5319 1380 5361 numero
1409 5306 1681 5377 consistit,
1703 5311 1848 5370 sicut

327 5441 412 5524 (2)
451 5441 606 5548 ῐξοιη.
641 5447 774 5548 edit.
809 5448 948 5548 hinc3
967 5465 1330 5528 expunxerat,
1368 5461 1842 5548 Gratiapobis.._....

247 5530 343 5595 quc:
371 5525 626 5620 venturus
650 5528 758 5578 est:
805 5525 952 5596 quod
991 5525 1096 5609 nos
1117 5544 1186 5620 ex
1235 5525 1360 5586 mss.
1397 5549 1459 5588 ac
1497 5534 1845 5620 G_ill.._.rest_i-.

247 5593 461 5620 anmnn
557 5591 670 5620 ‘nm
707 5603 883 5620 4...-..
928 5615 1032 5620 ..--
1083 5616 1131 5620 ___
1174 5610 1390 5620 ,_-_s,-,.

247 5585 482 5669 tuimus.
526 5591 672 5673 Cum
705 5585 886 5673 autem
927 5615 1055 5673 non
1083 5599 1456 5673 infrequenter
1499 5604 1702 5662 similia
1735 5609 1843 5665 sibi

247 5659 564 5727 permiserit
592 5663 650 5720 in
679 5666 912 5724 testibus
940 5659 1260 5742 Scripturae;
1306 5659 1557 5733 eadema
1587 5659 1838 5736 nobis—ad

2019 571 2128 632 tur,
2163 567 2304 623 sicut
2332 580 2461 626 sunt
2489 583 2692 646 septem
2722 579 3066 651 candelabra,
3099 567 3302 657 septe—ni
3330 567 3606 661 stellae,se-

2017 662 2164 725 ptem
2195 657 2491 730 lampades,
2542 673 2746 736 septem
2777 685 2982 727 cornua
3010 676 3157 744 agni,
3197 687 3403 749 septem
3434 683 3602 751 oculi,

2016 750 2217 813 septem
2250 746 2452 817 sigilla,
2477 760 2681 822 septem
2707 758 2884 828 angeli
2918 761 3064 817 tubis
3092 746 3363 834 canentes,
3397 746 3602 841 septem

2016 831 2279 901 tonitrua,
2337 845 2539 908 septem
2600 841 2789 898 itidem
2843 848 3020 919 angeli
3070 851 3280 920 phialas
3318 831 3599 916 habentes.

2014 918 2147 974 Nam
2182 928 2237 975 et
2262 921 2424 980 draco
2453 928 2545 999 qui
2576 929 2877 1002 diabolum,
2903 918 2955 991 et
2983 918 3157 995 bes—tia
3181 959 3300 1013 quae
3324 946 3602 1003 Antichri-

2013 1015 2157 1063 stum
2187 1010 2453 1083 designat,
2479 1024 2706 1091 uterque
2735 1031 2942 1094 septem
2967 1028 3145 1099 capita
3175 1010 3427 1092 habuisse
3451 1037 3602 1094 visus

2012 1105 2094 1152 est
2124 1116 2141 1152 :
2189 1099 2444 1158 similiter
2473 1116 2526 1161 et
2554 1107 2748 1178 bestia,
2789 1130 2952 1185 super
2993 1134 3154 1189 quam
3188 1125 3386 1180 mulier
3415 1143 3602 1183 mere-

2014 1186 2124 1241 trix
2151 1195 2296 1252 500
2328 1193 2530 1251 sedisse
2559 1199 2678 1255 visa
2701 1208 2780 1256 est
2803 1221 2816 1270 ;
2851 1213 2905 1260 et
2933 1205 2978 1260 si
3007 1186 3298 1281 diligenter
3325 1215 3598 1287 advertas,

2011 1291 2157 1340 totus
2210 1286 2301 1344 hic
2349 1290 2489 1346 liber
2516 1292 2574 1348 in
2627 1305 2832 1368 septem
2880 1301 3122 1360 visiones
3167 1305 3461 1367 distinctus
3495 1286 3594 1370 est.

2007 1371 2191 1429 Prima
2211 1386 2308 1444 est,
2335 1395 2454 1450 quae
2483 1390 2688 1453 septem
2719 1387 2975 1457 epistolas
2995 1392 3062 1447 ad
3089 1402 3296 1465 septem
3326 1399 3598 1458 Ecclesias

2007 1461 2305 1520 destinatas
2335 1469 2598 1538 continet,
2639 1481 2694 1528 et
2719 1483 2913 1532 caetera
2945 1495 3062 1551 quae
3092 1481 3170 1537 ibi
3202 1486 3592 1547 continentur:

2005 1553 2244 1609 secunda
2286 1563 2384 1623 est,
2436 1558 2492 1613 in
2537 1575 2645 1632 qua
2689 1563 2872 1620 sedem
2919 1567 2976 1622 in
3024 1569 3199 1642 ﬁgura
3245 1574 3506 1633 Ecclesiae
3534 1579 3594 1634 in

2004 1641 2145 1695 coelo
2208 1644 2442 1714 positam
2507 1648 2670 1718 vidit,
2738 1662 2792 1708 et
2845 1672 3010 1728 supra
3069 1641 3252 1717 sedem
3311 1663 3593 1724 Christum

2003 1919 2238 1968 nentes:
2277 1913 2335 1968 in
2383 1916 2576 1986 quinta
2621 1929 2825 1993 septem
2875 1924 3077 1983 iterum
3123 1931 3300 2002 angeli
3330 1934 3436 1990 visi
3464 1947 3592 1996 sunt

2001 1997 2214 2070 phialas
2243 2000 2508 2062 habentes
2541 2024 2553 2061 :
2586 2009 2643 2063 in
2675 2019 2831 2068 sexta
2862 2020 3190 2076 resurrectio
3220 2021 3587 2086 describitur:

2001 2084 2059 2141 in
2088 2090 2320 2160 septima
2349 2094 2522 2164 gloria
2549 2106 2864 2157 sanctorum
2897 2103 2954 2158 in
2985 2106 3158 2179 ﬁgura
3177 2111 3419 2172 civitatis
3438 2117 3588 2174 Jeru-

1997 2175 2163 2232 salem
2197 2178 2264 2234 de
2293 2183 2432 2239 coelo
2460 2184 2840 2247 descendentis
2864 2175 3293 2257 demonstratur.

2071 2283 2251 2355 (Vers.
2276 2287 2356 2360 5.)
2388 2290 2469 2364 (2)
2504 2294 2693 2351 Gratia
2718 2298 2864 2354 vobis
2883 2308 2930 2356 et
2949 2319 3066 2372 pax
3088 2305 3154 2359 ab
3184 2324 3262 2376 eo,
3284 2311 3376 2381 qui
3396 2321 3590 2382 erat,et

1995 2373 2088 2442 qui
2131 2381 2222 2442 est,
2272 2383 2321 2431 et
2346 2378 2439 2448 qui
2475 2389 2728 2440 uenturus
2774 2395 2866 2457 est,
2914 2397 2962 2445 et
2988 2408 3022 2446 a
3052 2373 3256 2465 septem'
3289 2373 3584 2472 spiritibus,

1994 2462 2086 2531 qui
2115 2463 2170 2516 in
2197 2475 2466 2538 conspectu
2510 2473 2687 2528 throni
2713 2475 2823 2544 ejus
2853 2487 2994 2545 sunt,
3035 2488 3084 2536 et
3121 2502 3155 2538 α
3196 2487 3319 2541 Jesu
3353 2489 3582 2559 Christo,

1993 2549 2086 2618 qui
2114 2559 2185 2606 est
2217 2555 2356 2609 testis
2385 2559 2573 2628 ﬁdelis.
2608 2561 2709 2617 Hic
2733 2571 2846 2620 tota
2876 2566 3114 2625 Trinitas
3145 2549 3576 2644 demonstratur;

1993 2653 2089 2708 per
2143 2656 2265 2696 eum
2328 2661 2562 2718 namque
2624 2650 2718 2721 qui
2771 2661 2902 2720 erat,
2963 2665 3017 2712 et
3068 2657 3162 2730 qui
3214 2668 3314 2730 est,
3374 2673 3428 2719 et
3483 2665 3577 2737 qui

1993 2737 2257 2785 venturus
2287 2741 2388 2801 est,
2438 2735 2601 2792 Pater
2629 2739 2962 2812 designatur.
3014 2748 3147 2802 Erat
3178 2766 3412 2823 namque
3455 2735 3580 2811 ante

1991 2819 2442 2876 constitutionem
2466 2827 2659 2882 mundi
2680 2829 2798 2884 sine
2820 2832 2934 2888 ullo
2955 2833 3146 2904 initio;
3173 2845 3252 2894 est
3273 2842 3436 2897 modo
3457 2853 3580 2915 post

1991 2909 2438 2968 constitutionem
2491 2917 2704 2986 mundi,
2751 2937 2941 2993 regens
2986 2927 3173 2982 omnia
3215 2946 3334 3001 quae
3373 2934 3580 2991 creavit

1915 3045 1926 3059 ,
1991 3002 2045 3050 et
2074 2997 2417 3069 gubernans;
2464 3013 2729 3063 venturus
2757 3019 2839 3067 est
2869 3021 2990 3083 post
3019 3014 3184 3071 ﬁnem
3230 3019 3420 3075 mundi
3451 3039 3576 3079 cum

1989 3084 2131 3140 Filio
2169 3095 2222 3143 et
2252 3089 2461 3161 Spiritu
2490 3105 2698 3165 sancto,
2748 3107 2809 3154 ut
2857 3112 3042 3174 regnet
3071 3122 3196 3161 cum
3227 3109 3429 3166 sanctis
3463 3111 3578 3168 suis

1988 3172 2044 3227 in
2093 3177 2291 3232 saecula
2330 3181 2676 3239 saeculorum.
2729 3187 2832 3242 Per
2868 3172 3072 3261 septem
3120 3205 3301 3252 autem
3350 3199 3577 3270 spiritus

1985 3270 2206 3320 sanctus
2227 3265 2484 3337 Spiritus,
2508 3287 2571 3327 eo
2595 3273 2741 3344 quod
2763 3275 2835 3331 sit
2851 3280 3207 3350 septiformis,
3222 3265 3571 3359 intelligitur.

1982 3352 2056 3405 Et
2083 3352 2147 3406 ab
2175 3354 2298 3408 Jesu
2332 3357 2561 3426 Christo,
2597 3362 2689 3431 qui
2721 3371 2795 3418 est
2833 3367 2970 3420 testis
3011 3370 3204 3439 ﬁdelis.
3241 3373 3339 3429 Ille
3367 3352 3571 3433 veraci-

1985 3448 2067 3498 ter
2104 3443 2256 3498 testis
2285 3444 2465 3503 ﬁdelis
2501 3448 2612 3505 dici
2640 3459 2836 3522 potest,
2869 3455 2962 3526 qui
2987 3458 3160 3515 nescit
3183 3462 3440 3519 mentiri:
3474 3468 3572 3537 qui

1981 3531 2127 3602 quod
2156 3535 2345 3590 electis
2366 3536 2482 3592 suis
2510 3538 2938 3600 misericorditer
2969 3549 3280 3618 repromisit
3325 3553 3444 3609 sine
3473 3554 3569 3611 du-

1980 3617 2073 3675 bio
2096 3623 2346 3693 implebit
2367 3644 2378 3680 :
2404 3627 2499 3698 qui
2526 3643 2627 3684 nec
2648 3646 2793 3700 eum,
2819 3633 2912 3705 qui
2937 3617 3163 3693 calicem
3184 3655 3337 3712 aquae
3357 3641 3570 3714 frigida:

1980 3711 2160 3780 egenti
2227 3713 2460 3783 dederit,
2531 3734 2562 3773 a
2624 3723 2870 3779 mercede
2935 3740 3168 3782 vacuum
3234 3711 3570 3805 dereliniquit

1979 3798 2191 3869 (Matth.
2225 3817 2283 3869 x,
2317 3802 2407 3875 42)
2443 3822 2455 3859 :
2508 3807 2667 3879 cujus
2697 3811 2861 3866 verba
2889 3812 2964 3868 ita
2994 3815 3106 3870 ﬁxa
3133 3798 3481 3889 permanent,
3506 3829 3569 3878 ut

1977 3886 2193 3944 facilius
2213 3891 2285 3946 sit
2309 3893 2507 3949 coelum
2534 3903 2588 3951 et
2609 3904 2807 3954 terram
2832 3900 2888 3955 in
2910 3886 3151 3959 nihilum
3176 3905 3368 3977 redigi,
3403 3886 3565 3980 quam

1975 3975 2187 4048 aliquid
2211 3978 2492 4037 immutari
2521 4000 2588 4038 ex
2617 3988 2876 4044 omnibus
2904 4007 3024 4062 qua:
3063 4009 3118 4048 se
3149 3993 3421 4075 facturum
3451 4013 3564 4052 esse

1976 4066 2252 4136 praedixit.
2294 4071 2681 4143 Primogenitus
2722 4084 3074 4148 mort-uorum,
3118 4087 3167 4135 et
3194 4083 3441 4154 princeps
3469 4101 3564 4137 re-

1970 4171 2094 4224 gum
2124 4161 2295 4212 terrae.
2354 4159 2640 4226 Quomodo
2687 4164 2938 4222 Christus
2980 4169 3375 4240 primogenitus
3406 4187 3563 4226 mor-

1977 4252 2195 4302 tuorum
2223 4247 2447 4319 dicitur,
2491 4269 2616 4308 cum
2661 4255 2775 4326 ipse
2800 4256 2856 4310 in
2895 4256 3004 4312 ﬁne
3035 4265 3338 4329 temporum
3371 4261 3444 4315 sit
3467 4277 3560 4316 na-

1973 4339 2080 4401 tus,
2110 4334 2517 4412 adventumque
2546 4341 2663 4412 ejus
2683 4343 3104 4400 innumerabilis
3135 4347 3434 4404 multitudo
3463 4349 3560 4405 ho-

1970 4422 2182 4478 minum
2232 4430 2613 4496 praecesserit?
2662 4431 2766 4486 Sed
2815 4432 3209 4504 primogenitus
3252 4451 3350 4507 pro
3379 4438 3558 4509 primo

1969 4512 2192 4582 ponitur
2223 4515 2327 4586 (3),
2378 4516 2523 4573 sicut
2569 4519 2776 4590 primos
2818 4521 2875 4575 in
2907 4523 3108 4594 populo
3141 4539 3233 4581 eos
3275 4541 3554 4595 vocamus,

1973 4601 2065 4672 qui
2095 4619 2204 4657 non
2231 4612 2408 4673 aetate,
2441 4607 2531 4661 sed
2564 4607 2771 4665 honore
2818 4619 2871 4666 et
2911 4610 3178 4683 dignitate
3215 4623 3439 4672 caeteros
3463 4633 3555 4672 an-

1965 4691 2249 4748 tecellunt.
2300 4695 2503 4751 Mortui
2534 4707 2715 4755 autem
2747 4700 2850 4771 ipsi
2881 4709 3028 4769 sunt,
3071 4702 3137 4758 de
3167 4705 3368 4776 quibus
3397 4710 3558 4778 Apo-

1964 4779 2140 4835 stolus
2167 4781 2434 4854 loquitur,
2467 4785 2656 4843 dicens
2681 4806 2692 4844 :
2739 4813 2757 4834 ι
2780 4789 2980 4845 Mortui
3009 4791 3155 4847 enim
3186 4794 3336 4863 estis,
3362 4803 3415 4851 et
3443 4796 3556 4853 vita

1963 4875 2145 4924 vestra
2177 4869 2499 4929 abscondita
2528 4883 2609 4931 est
2636 4893 2762 4932 cum
2794 4877 3014 4935 Christo
3056 4881 3113 4935 in
3160 4883 3273 4938 Deo
3318 4884 3550 4955 (Coloss.

1965 4976 2047 5028 III,
2081 4959 2161 5031 3).
2204 4986 2221 5008 ι
2281 4961 2685 5036 Primogenitus
2725 4984 2852 5041 ergo
2903 4980 3248 5029 mortuorum
3301 4976 3552 5034 Christus

1959 5057 2063 5117 est,
2086 5049 2215 5123 quia
2236 5051 2350 5124 ipse
2371 5061 2451 5109 est
2473 5055 2704 5127 primus,
2724 5067 2777 5114 et
2797 5068 2960 5132 caput
2980 5063 3229 5119 omnium
3251 5065 3550 5122 electorum

1958 5155 2184 5200 suorum
2222 5163 2234 5200 :
2285 5147 2535 5219 Princeps
2563 5167 2742 5220 regum
2773 5158 2946 5208 terrae.
2998 5156 3113 5211 Rex
3141 5173 3170 5212 a
3203 5157 3436 5228 regendo
3467 5159 3546 5214 di-

1955 5229 2126 5299 citur;
2179 5249 2274 5304 per
2321 5251 2471 5307 reges
2515 5253 2643 5310 ergo
2681 5242 2912 5312 apostoli
2943 5251 2996 5298 et
3026 5245 3207 5300 caeteri
3255 5247 3428 5301 sancti
3457 5246 3546 5301 de-

1954 5318 2262 5391 signantur,
2297 5323 2392 5395 qui
2428 5331 2483 5380 et
2525 5329 2846 5402 semetipsos
2875 5340 2929 5388 et
2968 5331 3106 5387 alios
3152 5347 3335 5404 regere
3364 5351 3544 5390 nove-

1952 5467 2117 5560 ﬁdem
2148 5489 2277 5560 i'nss‘.
2311 5484 2366 5532 et
2394 5475 2526 5560 edit.
2561 5479 2690 5560 Cill.
2724 5483 3137 5560 restituenturﬁ
3186 5555 3200 5560 _
3306 5554 3316 5560 _
3508 5551 3518 5560 ,

2025 5541 2106 5613 (3)
2147 5544 2228 5600 Ita
2243 5535 2387 5626 vinss.
2405 5557 2506 5628 ;_at
2533 5551 2664 5606 edit.
2683 5535 3200 5628 ’ettiiiEdﬁbT'Sed
3223 5551 3514 5628 primogeni

1953 5615 2035 5667 tus
2058 5616 2280 5687 praprie
2305 5625 2633 5677 mortuorum
2657 5624 2899 5692 ponitur.
