4020 6200
499 354 603 410 847

1518 352 1613 406 AD
1651 348 1884 406 OPEBA
1922 347 1977 403 S.
2015 345 2347 404 AMBROSII
2390 343 2770 400 APPENDIX.

3692 339 3808 395 8&8

500 486 633 536 runt
664 495 676 534 :
723 493 819 550 per
847 485 1044 534 terram
1076 483 1259 531 autem
1307 474 1552 530 Ecclesia
1599 473 1932 546 designatur.
1987 473 2089 540 Qui
2122 475 2171 532 A
2194 471 2295 527 bus
2323 470 2428 525 fuit
2455 468 2734 540 apostolus
2763 465 2985 521 Paulus.
3028 465 3099 519 Et
3125 463 3375 534 plangent
3411 479 3462 516 se
3493 478 3648 532 super
3674 480 3804 516 eum

499 565 692 622 dilexit
716 583 831 627 nos,
861 571 909 620 et
937 565 1068 620 lavit
1096 581 1192 619 nos
1224 582 1258 619 a
1285 563 1505 636 peccatis
1533 563 1730 617 nostris
1757 563 1813 617 in
1841 563 2094 632 sanguine

503 672 617 710 suo.
665 655 810 726 Ergo
853 654 983 728 quia
1019 653 1237 720 dilexit,
1286 653 1422 708 lavit
1456 671 1467 707 :
1511 651 1727 724 etquid
1758 652 1861 708 ista
1889 652 2094 706 lavatio

503 741 663 797 nobis
688 741 949 808 contulit,
984 741 1268 812 sequentia
1300 739 1672 795 manifestam.

574 831 756 902 (Vers.
787 831 867 902 6.)
921 832 991 885 Et
1019 829 1142 899 fecit
1169 847 1264 884 nos
1301 847 1520 900 regnum
1571 835 1618 883 et
1660 828 1954 884 sacerdotes
1985 828 2094 882 Deo

501 928 549 975 et
575 921 749 976 Patri.
785 923 1029 991 Regnum
1057 920 1153 975 Dei
1187 920 1431 980 Ecclesia
1457 919 1554 974 Dei
1581 919 1786 974 dicitur
1819 936 1830 974 :
1864 934 2091 987 regnum

501 1027 629 1080 ergo
658 1009 756 1065 Dei
787 1026 854 1064 ex
889 1008 1208 1064 hominibus
1238 1007 1491 1064 Christus
1519 1009 1664 1062 Deus
1692 1007 1844 1071 fecit,
1875 1004 2095 1078 quando

501 1113 592 1153 eos
632 1098 764 1152 tales
812 1096 1118 1162 constituit,
1170 1095 1226 1150 in
1275 1096 1478 1168 quibus
1523 1095 1637 1166 ipse
1686 1111 1811 1149 cum
1853 1094 2010 1148 Patre
2043 1101 2096 1147 et

501 1187 710 1259 Spiritu
759 1196 949 1244 sancto
1003 1185 1314 1241 inhabitare
1370 1193 1426 1242 et
1480 1200 1705 1257 regnare
1753 1183 2090 1255 dignaretur.

499 1277 637 1333 Nam
665 1277 760 1349 qui
789 1277 1146 1349 designantur
1176 1293 1270 1347 per
1301 1291 1550 1347 regnum,
1583 1273 1684 1345 ipsi
1715 1281 1767 1328 et
1801 1289 1896 1344 per
1925 1289 2096 1328 sacer-

502 1365 691 1422 dotes:
725 1366 1031 1423 sacerdotes
1059 1383 1186 1438 ergo
1219 1367 1316 1422 Dei
1338 1366 1498 1422 electi
1532 1364 1825 1430 dicuntur;
1861 1380 1924 1419 eo
1949 1362 2096 1435 quod

504 1458 749 1514 membra
787 1457 899 1512 sint
945 1456 1146 1511 summi
1199 1455 1526 1522 Sacerdotis,
1580 1455 1646 1511 de
1678 1471 1785 1527 quo
1814 1452 2100 1507 Psalmista

504 1547 771 1621 loquitur,
804 1547 994 1604 dicens
1035 1566 1046 1602 :
1111 1571 1127 1594 ‹
1157 1547 1238 1601 Tu
1270 1564 1326 1601 es
1355 1543 1608 1602 sacerdos
1637 1544 1691 1598 in
1724 1550 1989 1598 aeternum
2021 1556 2098 1596 se-

505 1637 747 1694 cundum
779 1635 1029 1690 ordinem
1061 1631 1461 1689 Melchisedech
1496 1632 1797 1703 (Psal.c1x,
1818 1628 1896 1698 4).
1923 1653 1940 1675 ›
1975 1628 2099 1682 Pos-

505 1734 635 1783 sunt
655 1732 707 1780 et
729 1724 892 1780 aliter
912 1722 1072 1778 eiecti
1098 1721 1196 1777 Dei
1217 1719 1524 1776 sacerdotes
1546 1719 1642 1772 Dei
1665 1717 1800 1773 dicit
1825 1735 1837 1784 ;
1870 1733 1934 1772 eo
1955 1715 2100 1788 quod

2200 575 2372 613 omnes
2423 557 2590 612 tribus
2631 563 2802 610 terrae.
2851 555 2952 609 Per
2995 567 3186 607 omnes
3226 550 3403 606 tribus
3433 558 3591 605 terrae
3619 551 3808 605 omnis

2203 647 2504 702 multitudo
2553 646 2797 718 gentium
2838 651 3016 716 potest
3065 640 3319 711 intelligi,
3364 656 3484 711 qua:
3532 639 3600 694 ad
3630 639 3808 694 Chri-

2203 744 2347 791 stum
2393 751 2657 792 conversa
2685 741 2811 789 est:
2863 749 2982 805 qua;
3030 729 3275 804 quotidie
3316 728 3372 782 in
3418 728 3666 784 Ecclesia
3705 729 3809 783 Dei

2207 825 2388 896 posita
2419 824 2632 896 plangit
2662 829 2882 894 peccata
2910 837 3026 888 sua,
3072 827 3133 874 ut
3161 819 3376 874 veniam
3407 835 3436 872 a
3465 820 3578 872 Deo
3604 834 3812 871 conse—

2215 913 2307 984 qui
2341 920 2631 967 mereatur.
2686 911 2866 965 Etiam
2903 918 3063 981 atque
3094 926 3268 975 amen,
3306 907 3652 962 conﬁrmatio
3686 924 3813 960 ser-

2206 1001 2386 1054 monis
2420 1008 2521 1054 est.

2280 1091 2463 1162 (Vers.
2497 1089 2579 1158 8.)
2630 1090 2749 1158 Ego
2794 1105 2910 1142 sum
2955 1089 3000 1142 A
3040 1093 3087 1140 et
3141 1087 3205 1154 Q.
3251 1086 3395 1153 Quid
3443 1086 3514 1142 sit
3565 1086 3733 1158 alpha
3763 1095 3814 1140 et

2206 1195 2412 1250 omega,
2459 1177 2741 1249 sequentia
2783 1176 3181 1232 manifestant:
3237 1175 3288 1231 id
3339 1182 3439 1242 est,
3483 1175 3817 1246 principium

2206 1275 2252 1322 et
2280 1269 2402 1339 ﬁnis
2455 1268 2612 1324 Sicut
2642 1267 2758 1339 ipse
2787 1267 2933 1322 dixit
2963 1266 3165 1322 Judazis
3197 1282 3207 1318 :
3259 1291 3275 1311 σ
3305 1267 3416 1338 Ego
3450 1265 3814 1337 principium,

2207 1358 2301 1430 qui
2332 1367 2385 1413 et
2417 1358 2614 1430 loquor
2643 1356 2802 1410 vobis
2836 1357 3016 1426 (Joan.
3052 1373 3172 1422 vm,
3204 1355 3320 1423 25).
3352 1379 3370 1402 ι
3431 1355 3617 1410 Potest
3645 1355 3814 1409 etiam

2208 1448 2458 1503 Salvator
2505 1455 2696 1502 noster
2731 1446 3063 1518 principium
3099 1446 3222 1502 ideo
3250 1445 3384 1514 dici,
3433 1463 3496 1501 eo
3521 1446 3673 1518 quod
3708 1446 3818 1518 ipse

2208 1538 2279 1593 sit
2321 1537 2677 1608 principium,
2727 1535 2783 1592 id
2829 1545 2910 1592 est
2952 1544 3163 1592 creator
3210 1536 3423 1608 generis
3464 1536 3726 1603 humani,
3767 1545 3819 1591 et

2208 1634 2396 1682 auctor
2426 1626 2618 1682 salutis
2655 1643 2666 1680 :
2720 1625 2851 1680 ﬁnis
2881 1635 3085 1692 autem,
3131 1624 3259 1697 quia
3290 1625 3406 1696 ipse
3439 1634 3522 1680 est
3573 1624 3707 1680 ﬁnis
3739 1625 3821 1680 le—

2210 1715 2310 1787 gis,
2343 1715 2470 1771 ﬁnis
2502 1715 2718 1783 mortis,
2743 1714 3033 1788 omnisque
3064 1713 3552 1786 przevaricationis.
3591 1715 3700 1781 Qui
3728 1720 3820 1780 est,

507 1812 827 1882 semetipsos
878 1807 1127 1881 quotidie
1160 1823 1256 1878 per
1307 1805 1790 1876 compunctionem
1835 1802 2018 1858 cordis
2046 1809 2100 1857 et
2132 1824 2174 1882 Β
2208 1811 2255 1858 et
2281 1805 2372 1874 qui
2399 1811 2532 1872 erat,
2562 1811 2608 1858 et
2639 1805 2733 1875 qui
2767 1811 3020 1858 venturus
3050 1810 3124 1858 est
3151 1803 3498 1873 omnipotens.
3525 1804 3626 1859 Est
3657 1803 3823 1859 modo

507 1899 803 1966 orationes,
833 1905 1136 1969 caeteraque
1163 1895 1310 1951 bona
1339 1910 1502 1966 opera
1527 1894 1755 1948 oderant
1786 1894 1917 1959 Deo,
1959 1892 2103 1948 sicut

508 1989 645 2045 dicit
673 1985 966 2043 Psalmista
997 2003 1009 2041 :
1057 2008 1074 2033 ι
1115 1983 1457 2041 Sacrificium
1484 1985 1595 2039 Deo
1620 1981 1848 2054 spiritus
1887 1979 2106 2036 contri-

507 2079 729 2136 bulatus
771 2077 943 2148 (Psal.
987 2092 1039 2144 L,
1075 2075 1186 2146 19).
1244 2099 1261 2122 ι
1306 2074 1405 2130 Est
1449 2081 1503 2129 et
1531 2069 1862 2129 sacriﬁcium
1904 2068 2101 2137 laudis,

509 2166 656 2240 quod
687 2165 932 2239 quotidie
961 2164 1157 2222 offerre
1184 2165 1298 2221 Deo
1319 2172 1506 2220 sancta
1532 2161 1776 2219 Ecclesia
1795 2157 2100 2225 consuevit,

509 2256 576 2312 de
605 2273 714 2330 quo
747 2256 890 2312 idem
944 2255 1217 2327 Propheta
1263 2254 1512 2326 loquitur
1537 2251 1726 2309 dicens
1765 2270 1776 2306 :
1828 2274 1846 2297 ι
1877 2248 2108 2304 Immola

509 2347 622 2402 Deo
653 2344 985 2402 sacriﬁcium
1010 2343 1191 2399 laudis
1213 2343 1388 2414 (Psal.
1411 2359 1565 2406 xmx,
1588 2341 1698 2410 14).
1730 2365 1748 2388 ι
1775 2340 1846 2394 Et
1870 2338 2102 2394 iterum:

525 2461 542 2482 ι
567 2433 910 2492 Sacriﬁcium
942 2431 1122 2487 laudis
1161 2429 1552 2487 honoriﬁcabit
1599 2446 1685 2484 me
1725 2427 1887 2495 (Ibid.
1918 2427 2033 2497 23).
2074 2449 2092 2472 ι

583 2523 766 2595 (Vers.
803 2521 881 2593 7.)
923 2522 1053 2576 Ecce
1093 2519 1232 2574 venit
1259 2535 1375 2573 cum
1404 2517 1654 2584 nubibus,
1701 2522 1748 2570 et
1776 2515 1966 2570 videbit
1993 2532 2109 2569 eum

506 2611 677 2668 omnis
705 2611 912 2676 oculus,
944 2609 990 2663 ei
1015 2609 1108 2679 qui
1137 2626 1252 2663 eum
1277 2611 1633 2678 pupugerunt.
1661 2604 1856 2660 Veniet
1878 2603 1945 2659 ad
1961 2601 2108 2674 judi-

509 2702 657 2758 cium
687 2716 813 2756 cum
862 2697 1122 2765 nubibus,
1157 2697 1299 2752 sicut
1327 2695 1463 2750 dicit
1507 2693 1620 2765 ipse
1652 2694 1709 2748 in
1756 2692 2057 2764 Evangelio
2091 2709 2103 2747 :

526 2813 545 2837 ε
579 2790 650 2845 Et
679 2796 816 2845 tunc
861 2787 1130 2843 videbunt
1175 2785 1381 2842 Filium
1434 2782 1678 2839 hominis
1709 2781 2017 2838 venientem
2049 2781 2109 2838 in

511 2882 754 2938 nubibus
784 2897 910 2936 cum
951 2885 1216 2950 potestate
1262 2891 1457 2948 magna
1485 2883 1540 2931 et
1577 2874 1856 2946 majestate
1893 2875 2104 2944 (Matth.

515 2987 672 3038 xxxv,
705 2969 821 3040 30).
855 2994 873 3016 ι
917 2967 1020 3022 Sed
1060 2965 1335 3038 quomodo
1368 2979 1494 3020 eum
1527 2964 1707 3019 omnis
1737 2964 1930 3020 oculus
1959 2963 2109 3018 vide-

519 3057 623 3124 bit,
651 3073 776 3113 cum
805 3055 1087 3126 Scriptura
1117 3052 1265 3108 dicat
1299 3070 1310 3107 :
1362 3077 1378 3098 ε
1411 3052 1656 3106 Tollatur
1685 3051 1906 3122 impius,
1933 3067 2000 3106 ne
2030 3051 2110 3106 vi-

519 3143 644 3199 deat
670 3142 898 3215 gloriam
943 3141 1041 3197 Dei
1091 3141 1224 3212 (Isa.
1257 3156 1415 3206 xxvr,
1451 3139 1561 3209 10).
1595 3165 1613 3187 ι
1659 3138 1940 3196 Videbunt
1983 3155 2108 3194 eum

517 3231 677 3303 impii
707 3231 774 3288 ad
804 3229 1083 3286 sinistram
1116 3229 1174 3284 in
1198 3227 1412 3300 judicio
1441 3227 1726 3284 constituti
1757 3227 1814 3282 in
1832 3244 1894 3284 ea
1912 3228 2107 3297 forma,

517 3344 626 3400 qua
655 3328 712 3382 in
742 3326 948 3382 mundo
978 3325 1309 3382 constitutus
1339 3323 1407 3380 ab
1443 3323 1762 3380 hominibus
1787 3322 1965 3378 videri
2003 3340 2112 3396 po-

519 3417 663 3483 tuit;
710 3415 805 3472 sed
834 3433 946 3472 non
978 3414 1036 3470 in
1067 3432 1150 3482 ea,
1181 3430 1286 3486 qua
1317 3416 1460 3470 Deus
1495 3420 1576 3470 est
1605 3432 1616 3470 :
1657 3411 1794 3483 justi
1832 3419 2012 3467 autem
2053 3412 2111 3466 in

518 3521 581 3561 ea
610 3505 859 3561 claritate
889 3522 1012 3560 eum
1043 3503 1332 3570 videbunt,
1369 3519 1475 3574 qua
1517 3501 1681 3556 modo
1712 3501 1768 3555 in
1798 3499 2112 3557 coelestibus

520 3591 684 3667 positi
715 3609 840 3648 eum
873 3593 1086 3659 vident,
1120 3599 1174 3647 et
1204 3591 1378 3646 visuri
1411 3597 1538 3646 sunt
1567 3598 1690 3661 post
1719 3589 1883 3644 ﬁnem
1914 3586 2110 3643 mundi

522 3685 580 3739 in
608 3689 953 3755 perpetuum.
987 3681 1089 3736 Sed
1119 3689 1173 3737 et
1202 3680 1305 3752 ipsi
1337 3680 1432 3752 qui
1461 3696 1588 3734 eum
1620 3685 1990 3751 pupugerunt,
2022 3693 2110 3731 ve-

524 3771 650 3838 lint,
689 3768 888 3835 nolint,
939 3767 1126 3824 videre
1172 3767 1615 3838 compellentur:
1668 3767 1824 3838 impii
1856 3766 2113 3823 videlicet

521 3859 719 3928 Judaei,
759 3859 852 3931 qui
883 3875 1007 3914 eum
1035 3857 1470 3923 cruciﬁxerunt;
1512 3865 1574 3911 ut
1602 3855 1775 3912 sciant
1801 3872 1962 3928 quem
1993 3855 2113 3910 irri-

523 3956 733 4016 serunt,
765 3947 906 4004 sicut
936 3947 1200 4018 scriptum
1231 3954 1310 4001 est
1343 3945 1398 4000 in
1429 3943 1728 4016 Evangelio
1754 3964 1764 4000 :
1786 3969 1802 3990 ι
1827 3944 2110 4002 Videbunt

525 4041 582 4096 in
613 4056 773 4113 quem
804 4039 1200 4096 transﬁxerunt
1233 4039 1550 4111 (Joan.x1x,
1584 4038 1697 4109 37).
1733 4064 1751 4086 ι

597 4142 671 4196 Et
695 4141 944 4212 plangent
973 4156 1023 4193 se
1051 4155 1208 4209 super
1236 4155 1350 4192 eum
1394 4155 1569 4193 omnes
1599 4139 1768 4193 tribus
1798 4145 1970 4194 terrae.
2018 4139 2120 4193 Per

527 4247 718 4287 omnes
745 4231 924 4286 tribus
953 4239 1110 4286 terrae
1141 4229 1245 4285 soli
1277 4228 1492 4300 reprobi
1524 4229 1927 4302 intelliguntur.
1961 4229 2118 4283 Plan-

531 4329 656 4393 gent
689 4328 870 4377 autem
924 4337 1001 4388 se,
1051 4337 1150 4376 cur
1191 4327 1459 4392 praecepta
1510 4319 1608 4375 Dei
1652 4326 2118 4390 contempserunt,

530 4425 628 4464 cur
657 4416 878 4480 propter
906 4408 1074 4464 breve
1094 4407 1354 4480 gaudium
1384 4415 1698 4479 perpetuam
1731 4408 2009 4463 tristitiam
2039 4423 2121 4462 ac-

533 4498 860 4568 quisierunt.
895 4499 1111 4554 Aliter:
1155 4500 1286 4554 Ecce
1314 4499 1453 4553 venit
1479 4516 1594 4554 cum
1624 4499 1864 4567 nubibus,
1898 4505 2125 4569 possunt

533 4602 627 4658 per
657 4585 830 4642 nubes
860 4585 1093 4658 apostoli
1121 4586 1413 4658 caeterique
1457 4586 1838 4658 prmdicatores
1863 4587 2122 4658 intelligi.

533 4673 702 4732 Venit
728 4683 909 4729 autem
940 4690 1066 4730 cum
1100 4673 1358 4740 nubibus,
1392 4674 1614 4746 quando
1649 4692 1846 4730 nomen
1877 4673 1995 4746 ejus
2032 4692 2127 4746 per

532 4772 752 4819 sanctos
795 4762 1180 4834 prmdicatores
1239 4763 1515 4820 universis
1562 4764 1813 4836 gentibus
1860 4764 2124 4821 innotuit.

533 4854 609 4907 Et
636 4853 826 4907 videbit
853 4869 969 4907 eum
1003 4853 1172 4908 omnis
1207 4855 1422 4921 oculus,
1476 4854 1605 4926 quia
1641 4871 1832 4910 omnes
1861 4854 1955 4926 qui
1987 4871 2130 4910 oeu—

535 4942 618 4998 los
647 4941 978 5009 habuerunt,
1025 4959 1148 4999 eum
1197 4943 1476 5011 viderunt,
1519 4960 1611 4999 eos
1655 4943 1912 4999 videlicet
1943 4944 2130 4999 oculos

535 5032 602 5088 de
627 5031 828 5104 quibus
853 5031 988 5087 dicit
1025 5031 1138 5102 ipse
1168 5030 1459 5102 apostolis:
1501 5056 1518 5078 ε
1548 5030 1699 5085 Beati
1729 5031 1896 5097 oculi,
1927 5030 2019 5102 qui
2051 5030 2130 5084 vi-

537 5119 689 5188 dent,
721 5135 840 5191 qua:
875 5135 972 5174 vos
1002 5117 1204 5173 videtis
1236 5119 1387 5189 (Luc.
1423 5134 1479 5184 χ,
1511 5118 1626 5187 23).
1660 5142 1676 5164 ι
1724 5117 2008 5172 Habebant
2037 5134 2131 5172 au-

539 5216 646 5264 tem
671 5207 829 5280 impii
850 5207 1022 5263 Judaei
1049 5207 1256 5274 oculos,
1273 5206 1365 5262 sed
1392 5223 1484 5261 eos
1495 5207 1682 5262 oculos
1700 5223 1810 5261 non
1832 5205 2128 5275 habebant,

539 5297 742 5369 quibus
767 5299 910 5352 Deus
942 5303 1080 5358 501
1116 5296 1355 5351 videtur.
1386 5297 1459 5350 Et
1486 5296 1578 5366 qui
1606 5313 1721 5349 eum
1744 5302 2084 5366 pupugerunt
2114 5313 2131 5350 :

541 5393 597 5448 id
629 5401 709 5448 est
737 5393 830 5467 qui
875 5410 1000 5448 eum
1034 5393 1300 5464 persecuti
1345 5399 1493 5459 sunt,
1539 5400 1594 5447 et
1623 5391 1866 5446 membra
1896 5391 2034 5462 ejus,
2065 5392 2133 5448 ad

542 5480 703 5537 ﬁdem
736 5481 888 5537 illius
918 5480 1161 5536 maxima
1190 5496 1259 5536 ex
1284 5487 1434 5552 parte
1462 5480 1711 5536 conversi
1743 5487 1892 5548 sunt,
1919 5495 1987 5535 ex
2017 5481 2134 5550 qui-

2214 1893 2272 1948 in
2302 1893 2508 1949 mundo
2543 1893 2846 1951 Ecclesiam
2881 1909 3034 1948 suam
3067 1909 3280 1964 regens,
3303 1900 3417 1948 erat
3445 1900 3572 1948 ante
3602 1894 3826 1948 consti-

2212 1985 2482 2040 tutionem
2522 1983 2716 2039 mundi
2743 1982 3080 2040 aeternaliter
3109 1999 3238 2040 cum
3267 1982 3425 2037 Patre
3456 1998 3821 2053 permanens;

2214 2080 2480 2128 venturus
2528 2079 2609 2128 est
2651 2071 2718 2128 ad
2761 2071 3064 2143 judicium,
3115 2077 3169 2128 et
3194 2069 3410 2142 judicet
3456 2071 3738 2127 mundum
3771 2072 3824 2126 in

2215 2161 2469 2234 aequitate
2480 2205 2508 2224 .,

2289 2260 2468 2331 (Vers.
2521 2258 2604 2330 9.)
2661 2259 2776 2328 Ego
2823 2259 3055 2313 Joannes
3101 2257 3276 2328 frater
3323 2264 3508 2326 vester,
3555 2264 3606 2312 et
3649 2259 3826 2312 socius

2213 2349 2272 2404 in
2301 2348 2664 2415 tribulatione,
2698 2353 2746 2401 et
2774 2363 2954 2418 regno,
2999 2354 3048 2402 et
3073 2347 3329 2418 patientia
3356 2347 3415 2400 in
3447 2348 3593 2402 Iesu.
3627 2347 3826 2402 Disci—

2217 2439 2375 2511 pulos
2405 2445 2560 2492 vocat
2603 2436 2817 2504 fratres,
2868 2436 2996 2509 quia
3037 2453 3148 2492 uno
3181 2436 3388 2493 Christi
3429 2436 3700 2507 sanguine
3731 2453 3827 2491 re-

2217 2526 2459 2598 dempti,
2523 2534 2575 2581 et
2633 2541 2742 2581 una
2802 2535 2974 2581 matre
3035 2525 3279 2582 Ecclesia
3339 2525 3582 2596 generati
3639 2535 3824 2580 erant.

2217 2615 2439 2672 Socium
2469 2631 2526 2670 se
2556 2631 2747 2670 eorum
2782 2614 2839 2669 in
2872 2615 3252 2686 persecutione
3281 2614 3445 2669 etiam
3488 2613 3650 2678 dicit,
3696 2614 3832 2686 quia

2219 2721 2407 2760 omnes
2437 2703 2714 2760 Ecclesias
2757 2703 3059 2759 Domitiani
3108 2703 3416 2775 persecutio
3455 2703 3774 2758 turbaverat
3808 2721 3822 2757 :

2218 2793 2428 2850 socium
2462 2792 2519 2847 in
2561 2807 2752 2863 regno,
2807 2791 2936 2864 quia
2979 2801 3034 2848 et
3080 2807 3136 2847 se
3185 2791 3492 2848 membrum
3534 2791 3826 2858 Ecclesia,

2219 2882 2362 2938 sicut
2385 2889 2438 2936 et
2469 2881 2577 2952 ipsi
2617 2888 2792 2948 erant,
2819 2897 2956 2953 quos
2985 2882 3098 2936 Deo
3125 2880 3473 2952 acquisierat,
3506 2879 3785 2935 fatebatur
3809 2898 3822 2935 :

2181 3041 2194 3055 .
2220 2973 2429 3028 socium
2460 2987 2517 3026 se
2556 2986 2747 3026 eorum
2791 2970 2955 3026 etiam
3009 2970 3067 3025 in
3114 2970 3381 3042 patientia
3425 2977 3655 3024 testatus
3701 2978 3823 3033 est;

2219 3062 2349 3134 quia
2373 3070 2427 3117 et
2456 3061 2562 3132 ipsi
2609 3060 2996 3134 aequanimiter
3021 3059 3250 3116 adversa
3296 3059 3626 3126 tolerabant,
3678 3060 3826 3115 sicut

2146 3183 2189 3242 ϐ
2219 3157 2273 3205 et
2303 3149 2417 3221 ipse
2456 3150 2552 3221 qui
2593 3165 2691 3221 pro
2744 3165 2928 3204 amore
2970 3148 3180 3207 Christi
3233 3149 3290 3204 in
3334 3148 3594 3204 Pathmos
3640 3147 3827 3202 insula

2221 3239 2489 3311 relegatus
2519 3239 2825 3294 tenebatur.

2296 3337 2478 3408 (Vers.
2514 3337 2626 3408 10.)
2678 3338 2781 3392 Fui
2810 3343 2982 3392 autem
3012 3337 3067 3391 in
3094 3337 3290 3408 spiritu
3329 3336 3386 3390 in
3413 3335 3694 3392 Dominica
3722 3336 3821 3390 die.

2223 3426 2283 3480 In
2313 3426 2511 3497 spiritu
2540 3443 2596 3481 se
2630 3425 2800 3482 fuisse
2829 3426 2988 3494 dicit,
3035 3426 3166 3498 quia
3205 3434 3357 3482 tanta
3387 3426 3675 3497 mysteria,
3707 3441 3823 3498 qua

2222 3525 2549 3586 sequuntur,
2603 3533 2716 3572 non
2766 3515 3101 3583 carnalibus,
3152 3515 3246 3571 sed
3293 3514 3637 3586 spiritalibus
3686 3532 3826 3570 ocu—

2225 3604 2292 3659 lis
2341 3604 2516 3661 videri
2571 3613 2870 3676 poterant:
2933 3629 2950 3652 ι
2990 3605 3264 3661 Animalis
3303 3605 3450 3660 enim
3499 3603 3669 3659 homo
3716 3619 3825 3658 non

2225 3693 2454 3766 percipit
2481 3710 2545 3749 ea
2573 3709 2696 3766 quae
2729 3703 2859 3750 sunt
2889 3695 3117 3766 spiritus
3147 3694 3244 3750 Dei
3295 3694 3352 3764 (Ι
3381 3695 3506 3749 Cor.
3540 3711 3602 3760 ιι,
3638 3693 3752 3762 14).
3792 3717 3809 3738 ι

2224 3779 2513 3836 Dominica
2551 3789 2734 3836 autem
2783 3781 2901 3838 dies
2946 3789 3162 3853 tempus
3213 3781 3498 3853 Evangelii
3531 3781 3820 3852 designat;

2224 3867 2292 3923 de
2322 3886 2430 3941 quo
2462 3877 2706 3941 tempore
2737 3871 3031 3942 Apostolus
3061 3871 3307 3943 loquitur
3341 3871 3530 3927 dicens
3564 3889 3577 3926 :
3636 3897 3653 3918 ε
3687 3873 3824 3928 Ecce

2226 3974 2376 4014 nunc
2424 3965 2644 4031 tempus
2690 3959 3041 4032 acceptabile,
3100 3977 3225 4017 ecce
3272 3977 3419 4017 nunc
3470 3961 3589 4016 dies
3634 3962 3827 4016 salutis

2229 4048 2321 4118 (ΙΙ
2357 4049 2481 4103 Cor.
2512 4065 2588 4116 vr,
2623 4048 2702 4120 2).
2736 4075 2754 4096 ι
2798 4051 2857 4104 In
2890 4066 2998 4121 quo
3029 4057 3270 4120 tempore
3300 4049 3578 4121 prophetae
3612 4058 3828 4122 myste-

2229 4135 2311 4191 ria
2359 4136 2552 4193 divina
2610 4139 2865 4209 gentibus
2916 4155 3030 4194 esse
3086 4139 3372 4210 pandenda
3425 4139 3826 4211 praedixerunt.

2230 4226 2302 4279 Et
2349 4225 2532 4280 audivi
2573 4233 2693 4296 post
2747 4244 2828 4281 me
2877 4244 3047 4282 vocem
3105 4235 3356 4298 tanquam
3405 4229 3540 4282 tubw
3589 4228 3826 4282 dicentis.

2231 4313 2395 4380 Quasi
2427 4322 2547 4385 post
2577 4331 2676 4370 nos
2723 4324 2823 4384 est,
2870 4316 3015 4388 quod
3059 4316 3394 4387 ignoramus.
3435 4315 3661 4371 Aliter:
3707 4317 3827 4371 Vox

2233 4401 2454 4456 Domini
2495 4411 2616 4474 post
2648 4421 2745 4458 nos
2787 4411 2868 4459 est
2910 4403 3014 4476 (4),
3067 4405 3196 4477 quia
3225 4421 3326 4459 nos
3362 4404 3516 4476 quasi
3553 4405 3703 4459 servi
3736 4405 3830 4458 fu—

2237 4490 2394 4562 gitivi
2425 4508 2614 4547 sumus
2639 4511 2648 4547 :
2675 4493 2944 4548 Dominus
2972 4501 3153 4548 autem
3184 4501 3307 4565 post
3335 4500 3546 4565 tergum
3581 4503 3829 4548 nostrum

2237 4582 2458 4648 clamat,
2505 4591 2564 4637 ut
2593 4599 2694 4638 nos
2738 4592 2976 4639 revocet.
3023 4584 3149 4638 Post
3193 4601 3250 4640 se
3292 4601 3419 4655 ergo
3457 4584 3695 4638 Joannes
3728 4600 3832 4637 vo-

2237 4689 2353 4729 cem
2389 4673 2632 4738 audivit;
2689 4675 2818 4746 quia
2859 4676 3121 4748 mysteria
3159 4692 3279 4748 qua:
3321 4683 3455 4731 tunc
3499 4676 3548 4730 ei
3596 4677 3831 4730 revelata

2236 4772 2386 4830 sunt,
2411 4763 2658 4818 nondum
2688 4765 2923 4834 perfecte
2948 4772 3296 4837 cognoverat.
3333 4764 3464 4830 Quae
3491 4781 3601 4820 vox
3633 4765 3833 4819 similis

2235 4854 2382 4908 tuba:
2411 4853 2618 4909 dicitur
2644 4854 2813 4911 fuisse
2845 4874 2857 4922 ;
2897 4855 2964 4911 de
2995 4855 3095 4912 hac
3123 4856 3257 4912 tuba
3293 4856 3556 4927 propheta
3587 4856 3835 4928 loquitur

2237 4941 2427 4997 dicens
2461 4959 2472 4997 :
2540 4967 2557 4989 ‹
2589 4941 2796 5011 Clama,
2844 4960 2912 4998 ne
2942 4960 3136 5012 cesses,
3169 4943 3324 5016 quasi
3353 4945 3484 4999 tuba
3520 4945 3705 4999 exalta
3732 4960 3835 4998 vo-

2239 5047 2356 5087 cem
2393 5038 2566 5100 tuam,
2602 5040 2654 5088 et
2697 5033 2966 5088 annuntia
2996 5034 3198 5105 populo
3229 5050 3350 5089 meo
3379 5034 3581 5088 scelera
3622 5048 3831 5096 eorum,

2238 5129 2291 5175 et
2338 5119 2528 5176 domui
2576 5121 2742 5176 Jacob
2797 5129 3017 5193 peccata
3063 5139 3251 5178 eorum
3303 5124 3439 5194 (Isa.
3487 5138 3644 5188 Lvm,
3695 5121 3771 5189 1).
3806 5143 3824 5166 ι

2247 5211 2403 5267 Tuba
2432 5212 2500 5268 ad
2532 5213 2883 5285 pugnandum
2919 5214 3124 5270 milites
3152 5230 3452 5286 provocare
3483 5213 3642 5281 solet,
3673 5211 3837 5268 simi-

2243 5301 2372 5356 liter
2437 5309 2490 5357 et
2556 5319 2656 5359 nos
2721 5320 2900 5360 sermo
2976 5305 3075 5361 Dei
3138 5303 3206 5360 ad
3263 5303 3618 5377 pugnandum
3696 5319 3838 5359 con—

2245 5398 2332 5446 tra
2401 5393 2683 5450 diabolum
2757 5404 2919 5468 atque
3003 5395 3338 5453 vincendum
3422 5397 3654 5453 incitare
3731 5407 3836 5448 non

2248 5481 2472 5538 desinit.

615 5684 697 5755 (lt)
741 5687 901 5741 Deest
930 5687 987 5742 in
1029 5685 1152 5742 cod.
1189 5687 1318 5760 Reg.
1364 5695 1418 5743 et
1446 5686 1696 5744 Gem.....
1752 5689 1958 5758 Aliter;
2021 5687 2131 5747 Vox
2169 5687 2473 5748 Domini....
2506 5698 2564 5748 ut
2588 5711 2684 5750 nos
2708 5698 2923 5754 revocet.
