4068 6182
274 298 382 358 849

275 525 470 590 septem
517 515 789 582 Ecclesiis,
832 515 1097 585 Ephesum
1145 521 1193 570 et
1227 515 1529 586 Smyrnam,
1576 515 1890 586 Pergamum

276 612 326 660 et
383 604 723 675 Thyatiram,
785 602 974 660 Sardis
1022 609 1070 656 et
1118 603 1548 674 Philadelphiam
1604 610 1650 658 et
1698 604 1888 659 Laodi-

276 711 444 749 seam.
515 694 618 748 Per
694 691 794 746 has
850 699 1056 763 septem
1130 691 1406 747 Ecclesias
1473 707 1580 746 una
1645 692 1890 749 Ecclesia

277 783 574 848 catholica,
609 782 754 838 sicut
784 781 1168 852 interpretatio
1200 781 1490 836 nominum
1523 780 1700 849 docet,
1734 781 1890 837 desi-

279 881 501 945 gnatur.
555 871 807 943 Ephesus
847 887 1083 942 namque
1113 871 1392 938 voluntas,
1433 871 1550 926 sive
1593 871 1887 926 consilium

279 963 705 1032 interpretatur;
737 960 994 1030 Smyrna,
1025 959 1301 1014 canticum
1333 975 1542 1025 eorum;
1574 960 1886 1031 Pergamus,

277 1051 490 1107 divisio
547 1065 864 1115 cornuum;
925 1048 1214 1120 Thyatira,
1279 1048 1625 1116 illuminata;
1683 1049 1886 1116 Sardis,

278 1140 620 1214 principium
679 1136 1157 1211 pulchritudinis;
1209 1136 1593 1208 Philadelphia
1648 1138 1885 1206 salvans,

279 1233 665 1290 hereditatem
698 1231 817 1298 Dei;
847 1229 1136 1297 Laodicea,
1158 1229 1338 1284 tribus
1356 1229 1609 1284 amabilis
1629 1230 1885 1285 Domino.

277 1324 535 1396 Ephesus
582 1320 772 1393 igitur,
810 1336 931 1391 quae
966 1319 1145 1390 prima
1191 1319 1435 1391 ponitur,
1487 1317 1710 1373 initium
1761 1335 1887 1374 con-

278 1413 562 1470 versionis
600 1409 1036 1482 uniuscujusque
1072 1410 1446 1475 demonstrat;
1498 1409 1890 1481 interpretatur

277 1521 522 1577 namque
567 1503 824 1558 voluntas
869 1501 986 1556 sive
1028 1501 1348 1557 consilium.
1380 1500 1534 1567 Quod
1583 1500 1730 1556 enim
1765 1517 1888 1556 me-

277 1596 394 1652 lius
422 1594 743 1660 consilium,
789 1609 952 1666 quam
1004 1594 1263 1648 voluntas
1290 1592 1453 1659 bona,
1504 1607 1626 1663 qua;
1671 1591 1888 1647 homini

274 1684 476 1741 suadet
513 1681 900 1739 abrenuntiare
953 1681 1198 1746 diabolo,
1256 1689 1311 1736 et
1363 1681 1517 1753 sequi
1578 1680 1883 1750 Christum,

1162 299 1616 357 BERENGAUDI
1653 297 2026 356 EXPOSITIO
2065 299 2137 354 IN
2172 295 2674 355 APOCALYPSIN.

353 426 537 499 (Vers.
575 425 688 496 11.)
744 425 896 493 Quod
944 423 1106 493 vides,
1155 425 1320 479 scribe
1360 423 1418 478 in
1449 423 1604 494 libro,
1655 431 1703 479 et
1741 425 1885 480 mitte
1911 433 1962 492 Α

3486 295 3594 354 850

2063 423 2243 495 (Vers.
2280 423 2392 493 12.)
2436 424 2511 478 Et
2552 436 2828 476 conversus
2875 436 2992 475 sum
3029 427 3089 476 ut
3146 421 3374 476 viderem
3421 437 3595 477 vocem

1999 530 2116 584 quae
2147 512 2456 583 loquebatur
2499 528 2716 566 mecum.
2756 510 2867 565 Cur
2905 509 3100 565 tandiu
3130 526 3356 566 aversus
3399 509 3598 566 stetit?

2001 607 2113 665 Cur
2155 625 2266 664 non
2311 608 2379 664 ad
2429 609 2668 680 primum
2728 607 2897 663 ictum
2953 608 3222 662 sermonis
3273 622 3431 662 aures
3480 607 3598 679 ejus

2000 698 2382 771 percutientis,
2427 697 2494 752 ad
2541 714 2666 752 eum
2711 713 3010 752 conversus
3061 704 3162 764 est,
3214 695 3307 767 qui
3365 713 3394 750 a
3445 703 3597 768 tergo

2000 787 2373 860 loquebatur?
2417 786 2520 842 Sed
2565 786 2725 842 nobis
2763 787 3077 858 exemplum
3127 785 3315 852 dedit;
3368 801 3492 840 nam
3526 786 3595 842 ad

1998 876 2296 933 Dominum
2344 875 2436 948 qui
2472 891 2658 931 secum
2717 875 3066 946 loquebatur,
3109 891 3220 929 non
3267 875 3419 945 prius
3467 891 3593 930 con-

1999 980 2191 1020 versus
2240 971 2342 1031 est,
2391 980 2554 1035 quam
2610 963 2835 1017 nomina
2888 962 3282 1031 Ecclesiarum,
3338 962 3404 1018 ad
3459 978 3594 1035 quas

2000 1053 2243 1109 scribere
2273 1052 2711 1125 prmcipiehatur,
2752 1051 2984 1108 audiret.
3024 1053 3094 1108 Et
3123 1051 3370 1124 superius
3399 1051 3594 1108 brevi-

2001 1151 2086 1199 ter
2123 1142 2370 1199 diximus
2416 1159 2512 1215 per
2557 1143 3036 1214 interpretationes
3067 1143 3363 1198 nominum
3385 1151 3590 1214 septem

1999 1232 2370 1288 Ecclesiarum
2420 1231 2565 1286 viam
2615 1231 3000 1296 demonstrari,
3045 1247 3165 1304 quae
3203 1231 3356 1286 ducit
3395 1232 3462 1287 ad
3512 1231 3590 1285 vi-

1997 1330 2129 1376 tam.
2162 1321 2423 1393 Quisquis
2463 1321 2630 1392 igitur
2679 1336 2772 1391 per
2823 1319 2966 1376 hanc
3007 1319 3153 1374 viam
3204 1319 3281 1374 ire
3329 1319 3395 1374 ad
3418 1322 3589 1376 Deum

1997 1410 2290 1476 desiderat,
2323 1417 2417 1464 aut
2462 1409 2709 1480 legendo,
2742 1417 2836 1466 aut
2866 1409 2932 1464 ab
2965 1408 3091 1464 aliis
3118 1408 3413 1476 audiendo,
3447 1425 3590 1481 qua-

1999 1501 2128 1562 liter
2157 1515 2250 1570 per
2293 1499 2435 1554 hanc
2462 1501 2607 1554 viam
2653 1497 2805 1570 gradi
2836 1502 2980 1559 502
3013 1498 3227 1566 debeat,
3261 1498 3590 1570 investigare

1998 1595 2195 1662 debet;
2231 1595 2359 1667 quia
2389 1596 2593 1652 stultus
2630 1596 2809 1651 viator
2850 1602 2949 1662 est,
2999 1595 3093 1667 qui
3127 1594 3193 1650 ad
3227 1595 3408 1650 locum
3440 1601 3588 1665 opta-

1996 1691 2113 1738 tum
2149 1684 2228 1739 ire
2272 1684 2565 1753 desiderat,
2613 1692 2667 1739 et
2721 1684 2867 1738 viam
2918 1683 3127 1750 nescit;
3183 1682 3230 1738 si
3287 1698 3396 1738 non
3437 1683 3589 1756 prius

281 1775 601 1846 relinquere
631 1772 787 1840 vitia,
819 1780 873 1828 et
913 1771 1320 1844 apprehendere
1349 1769 1583 1825 virtutes
1604 1770 1631 1826 7
1659 1771 1730 1824 Et
1761 1769 1889 1842 quia
1919 1789 1966 1850 Β
2000 1772 2211 1828 discere
2267 1773 2562 1840 studuerit,
2623 1789 2741 1845 quae
2811 1773 2883 1828 sit
2937 1770 3225 1843 longitudo
3278 1771 3403 1838 vim,
3468 1787 3589 1843 quas

277 1864 381 1937 qui
409 1863 476 1918 ad
505 1864 678 1917 Deum
706 1861 956 1917 converti
984 1861 1200 1927 volunt,
1224 1874 1443 1915 necesse
1463 1866 1544 1915 est
1573 1867 1635 1914 ut
1663 1857 1885 1914 Domini

281 1951 726 2009 misericordiam
757 1950 1077 2022 implorent,
1109 1955 1170 2003 ut
1201 1946 1462 2018 perﬁcere
1495 1945 1707 2017 possint
1738 1946 1885 2018 quod

273 2041 613 2108 desiderant;
647 2041 883 2113 Smyrna
909 2039 1040 2094 huic
1071 2037 1422 2109 supponitur,
1459 2052 1579 2109 quae
1606 2035 1884 2092 canticum

273 2149 471 2188 eorum
531 2131 944 2203 interpretatur.
996 2129 1096 2184 Ille
1146 2127 1295 2183 enim
1346 2126 1486 2182 bene
1529 2133 1732 2193 cantat,
1791 2126 1886 2198 qui

277 2220 722 2278 misericordiam
785 2218 1093 2276 conditoris
1148 2216 1234 2272 sui
1303 2215 1468 2273 corde
1527 2215 1767 2271 contrito
1833 2221 1887 2269 et

277 2312 578 2368 humiliato
611 2310 817 2382 spiritu
865 2308 1222 2380 deprecatur:
1269 2307 1336 2363 de
1371 2322 1480 2380 quo
1519 2314 1686 2362 cantu
1727 2307 1886 2376 Apo-

275 2403 456 2458 stolus
516 2401 764 2472 loquitur
812 2398 1043 2454 dicens:
1108 2421 1126 2444 ε
1158 2396 1452 2453 Cantantes
1499 2403 1553 2450 et
1593 2395 1886 2466 psallentes

277 2494 341 2549 in
371 2489 632 2546 cordibus
677 2486 876 2544 vestris
919 2486 1160 2542 Domino
1209 2485 1428 2555 (Ephes.
1480 2501 1538 2550 v,
1589 2484 1703 2555 19).
1737 2509 1754 2530 ι
1814 2485 1886 2538 Ει

276 2579 415 2652 quia
444 2579 538 2652 qui
577 2595 607 2632 a
653 2579 766 2632 Deo
797 2573 1051 2631 exaudiri
1097 2574 1238 2640 vult,
1273 2587 1493 2628 necesse
1523 2578 1603 2626 est
1655 2579 1717 2626 ut
1747 2571 1886 2626 vitia

275 2672 648 2742 derelinquat,
679 2676 733 2724 et
762 2667 830 2723 ad
869 2667 1014 2722 bona
1044 2681 1208 2738 opera
1249 2664 1476 2737 agenda,
1527 2663 1584 2718 in
1615 2670 1882 2736 quantum

274 2761 460 2816 virtus
508 2759 772 2831 suppetit,
817 2757 1172 2827 semetipsum
1222 2761 1546 2819 convertat;
1589 2753 1884 2824 Pergamus

276 2851 339 2907 in
371 2849 568 2905 ordine
616 2847 884 2919 sequitur,
919 2861 1038 2918 quae
1069 2842 1271 2899 divisio
1300 2858 1568 2898 cornuum
1601 2842 1882 2912 interpre-
1926 2835 1931 2839 ’

273 2950 447 2998 tatur.
496 2941 615 2994 Duo
648 2953 857 2994 cornua
903 2936 960 2990 in
1010 2933 1114 2990 hoc
1169 2933 1290 2989 loco
1338 2933 1540 2986 malum
1588 2940 1643 2986 et
1673 2931 1879 2986 bonum

274 3028 614 3102 signiﬁcant.
639 3026 857 3084 Cornua
886 3023 1216 3089 dividimus,
1250 3021 1493 3094 quando,
1517 3020 1660 3075 inter
1674 3019 1879 3076 bonum

276 3126 335 3174 et
365 3117 570 3173 malum
618 3115 1010 3180 discernentes,
1043 3113 1248 3166 malum
1280 3127 1311 3166 a
1348 3109 1508 3166 nobis
1539 3109 1877 3181 repellimus,
1913 3145 1956 3204 Ο

281 3215 341 3264 et
366 3207 574 3262 bonum
612 3202 1016 3275 amplectimur.
1049 3201 1121 3255 Et
1159 3199 1287 3273 quia
1315 3197 1561 3272 quandiu
1592 3197 1650 3252 in
1683 3212 1882 3269 pecca-

280 3297 357 3353 tis
396 3296 664 3367 jacemus,
713 3292 770 3347 in
809 3291 1054 3346 tenebris
1080 3305 1301 3355 sumus;
1343 3305 1468 3345 cum
1508 3295 1690 3342 autem
1740 3285 1883 3340 mala

277 3402 312 3441 a
343 3383 504 3440 nobis
534 3381 834 3454 rejicimus,
857 3389 912 3436 et
948 3380 1095 3436 bona
1128 3377 1343 3450 operari
1376 3375 1694 3448 incipimus,
1727 3375 1880 3448 quasi

279 3491 310 3530 a
363 3471 604 3530 tenebris
649 3469 716 3525 ad
766 3471 942 3525 lucem
991 3466 1410 3540 progredimur;
1462 3480 1572 3519 non
1611 3464 1882 3520 inconve-

279 3563 502 3621 nienter
558 3567 680 3633 post
733 3559 1058 3628 Pergamum
1118 3555 1384 3626 Thyatira
1439 3553 1708 3626 sequitur,
1762 3569 1882 3625 qua)

281 3653 598 3710 illuminata
653 3651 1067 3721 interpretatur.
1124 3646 1196 3700 Et
1252 3645 1382 3717 quia
1436 3660 1508 3700 ex
1566 3643 1882 3716 operatione

281 3741 670 3799 mandatorum
721 3738 817 3794 Dei
866 3733 1221 3809 pulchritudo
1261 3735 1460 3790 animas
1499 3733 1781 3801 accrescit,
1829 3742 1884 3789 et

281 3837 494 3904 quanto
550 3827 676 3901 quis
723 3826 780 3882 in
821 3825 1136 3898 operatione
1181 3823 1566 3878 mandatorum
1610 3821 1707 3877 Dei
1760 3822 1882 3894 plus

282 3920 502 3986 crescit,
524 3926 680 3974 tanto
705 3915 1030 3988 ampliorem
1054 3912 1524 3986 pulchritudinem
1554 3911 1752 3966 anima:
1771 3927 1881 3967 suae

283 4009 536 4074 confert;
593 4021 705 4061 non
764 4006 1064 4075 incongrue
1124 4009 1245 4074 post
1301 3999 1644 4072 Thyatiram,
1699 3999 1884 4056 Sardis

286 4099 559 4171 sequitur,
594 4112 713 4168 qum
752 4093 1086 4167 principium
1140 4090 1573 4163 pulchritudinis
1621 4089 1882 4162 interpre-

284 4195 458 4243 tatur.
494 4185 836 4256 Principium
880 4181 1316 4255 pulchritudinis
1346 4180 1469 4236 ideo
1497 4180 1724 4248 dicitur,
1756 4179 1885 4251 quia

283 4283 605 4332 sanctorum
654 4271 1012 4345 pulchritudo
1063 4271 1119 4326 in
1172 4272 1271 4326 hac
1323 4269 1440 4325 vita
1489 4268 1801 4334 inchoatur,
1831 4275 1885 4324 et

283 4365 344 4421 in
375 4372 580 4420 aeterna
612 4361 954 4418 beatitudine
976 4359 1276 4431 perﬁcitur.
1308 4357 1568 4429 Sequitur
1598 4356 1886 4411 Philadel-

283 4454 442 4527 phia,
479 4469 598 4525 quas
646 4452 864 4508 salvans
905 4448 1281 4505 hmreditatem
1323 4447 1419 4502 Dei
1464 4446 1688 4502 dicitur.
1740 4444 1883 4511 Quid

283 4553 371 4602 est
423 4552 604 4599 autem
663 4539 952 4597 hereditas
1012 4537 1134 4603 Dei,
1190 4535 1296 4591 nisi
1357 4535 1537 4590 omnis
1586 4532 1886 4589 multitudo

283 4636 616 4697 electorum,
673 4630 818 4687 sicut
875 4627 1012 4683 dicit
1067 4625 1336 4682 Dominus
1393 4623 1459 4678 ad
1521 4622 1882 4695 prophetam:

301 4749 320 4770 ι
354 4721 656 4778 llaareditas
685 4727 867 4775 autem
901 4733 1021 4772 mea
1049 4716 1212 4771 Israel
1265 4715 1397 4785 (Isa.
1432 4731 1552 4781 xxx,
1581 4713 1676 4784 23)
1700 4712 1728 4768 ?
1757 4737 1774 4760 ι
1819 4713 1890 4767 Ει

287 4829 348 4866 ιη
383 4825 493 4880 quo
523 4809 671 4864 salus
699 4807 998 4862 electorum
1031 4803 1305 4871 consistit,
1345 4803 1452 4858 nisi
1486 4802 1543 4857 in
1574 4801 1891 4874 operatione

292 4897 682 4954 mandatorum
730 4893 880 4951 Dei?
917 4893 1052 4948 Nam
1098 4891 1193 4947 ille
1237 4892 1331 4963 qui
1365 4892 1516 4948 venit
1554 4907 1793 4963 quaerere
1839 4897 1893 4944 et

287 4992 508 5046 salvare
545 4987 692 5061 quod
740 4986 974 5059 perierat
1006 4986 1158 5057 (Luc.
1206 5001 1325 5052 xxx,
1365 4985 1479 5056 10),
1524 4985 1633 5040 illis
1661 4985 1893 5040 salutem

290 5079 606 5135 animarum
656 5077 908 5148 largitur,
955 5075 1050 5148 qui
1111 5073 1367 5130 mandata
1406 5072 1522 5144 ejus
1565 5073 1766 5144 singuli
1817 5088 1894 5128 se-

292 5167 540 5226 cundum
569 5166 843 5239 propriam
871 5164 1132 5220 virtutem
1161 5163 1504 5220 custodiunt.
1537 5161 1803 5218 Laodicea
1817 5177 1894 5216 se-

295 5257 474 5330 ptima
496 5257 740 5328 ponitur,
759 5255 889 5328 quia
907 5255 1088 5311 tribus
1103 5253 1356 5308 amabilis
1376 5252 1613 5309 Domino
1635 5251 1896 5322 interpre-

290 5352 464 5404 tatur.
487 5347 689 5402 Tribus
709 5353 888 5401 antem
912 5344 1166 5400 amabilis
1187 5342 1423 5399 Domino
1444 5349 1524 5397 est
1550 5339 1731 5396 omnis
1761 5338 1898 5394 mul-

293 5435 480 5492 titudo
509 5437 833 5501 electorum,
877 5450 997 5508 quae
1045 5441 1128 5488 est
1156 5431 1426 5498 Ecclesia,
1461 5447 1581 5503 quae
1622 5445 1716 5500 per
1749 5427 1900 5484 abre-

294 5523 704 5580 nuntiationem
728 5523 1019 5590 vitiorum,
1041 5531 1094 5578 et
1113 5538 1210 5594 per
1239 5520 1510 5576 virtutum
1527 5517 1900 5591 operationem

294 5613 366 5670 ad
400 5612 505 5669 hoc
524 5613 796 5686 pervenit,
828 5621 890 5669 ut
910 5611 1088 5670 tribus
1116 5609 1368 5668 amabilis
1384 5609 1623 5667 Domino
1651 5615 1900 5666 vocetur.

1996 1862 2281 1933 asperitas,
2315 1862 2408 1934 qui
2455 1863 2754 1930 anfractus,
2787 1878 2908 1934 qua:
2939 1861 3207 1933 pericula:
3241 1868 3302 1915 ut
3329 1877 3454 1916 cum
3486 1861 3590 1915 iter

1995 1952 2255 2008 scandere
2330 1952 2577 2023 cmperit,
2661 1951 2904 2024 pericula
2979 1950 3311 2023 praecognita
3373 1950 3592 2006 facilius

1995 2048 2254 2097 transeat.
2287 2041 2489 2097 Multos
2519 2041 2664 2096 enim
2697 2041 2941 2096 vidimus
2981 2040 3243 2097 saeculum
3281 2038 3588 2112 reliquisse,

1996 2137 2056 2185 ut
2104 2145 2200 2200 per
2239 2129 2720 2201 contemplationis
2775 2129 2920 2184 viam
2972 2129 3145 2184 vitam
3198 2135 3456 2184 aeternam
3501 2145 3589 2186 ac-

1995 2217 2316 2290 quirerent;
2365 2219 2457 2274 sed
2516 2218 2645 2291 quia
2697 2218 3012 2274 nescierunt
3066 2216 3411 2290 asperitatem
3461 2218 3586 2287 vim,

1995 2306 2180 2362 subito
2226 2307 2508 2364 cecidisse.
2559 2307 2662 2362 Sed
2719 2316 2898 2378 potest
2948 2307 3068 2363 ﬁeri
3127 2315 3188 2362 ut
3233 2316 3425 2362 contra
3473 2306 3591 2364 hinc

1996 2397 2374 2452 testimonium
2410 2397 2569 2454 vobis
2606 2398 2673 2454 de
2716 2396 2907 2452 divina
2951 2397 3230 2469 Scriptura
3268 2397 3468 2470 aliquis
3497 2397 3588 2452 ob-

1989 2484 2168 2556 jiciat,
2222 2502 2343 2557 quae
2389 2486 2563 2543 dicit:
2626 2510 2644 2533 σ
2674 2487 2751 2542 Ne
2802 2486 2982 2542 tardes
3016 2486 3265 2543 converti
3303 2487 3371 2540 ad
3414 2488 3587 2542 Deum

1998 2573 2190 2638 (Eccli.
2225 2592 2280 2642 γ,
2333 2574 2415 2643 8).
2449 2600 2465 2621 -
2507 2575 2592 2630 Ad
2633 2575 2751 2630 haec
2794 2591 2892 2646 ego
2937 2575 3262 2646 respondeo,
3297 2574 3426 2646 quia
3469 2571 3586 2643 jam

1993 2663 2060 2718 ad
2090 2665 2264 2718 Deum
2295 2671 2606 2730 convertor,
2638 2679 2763 2718 cum
2797 2664 2941 2718 viam
2989 2679 3109 2734 quae
3147 2662 3216 2717 ad
3245 2678 3368 2716 eum
3407 2661 3584 2730 ducit,

1993 2752 2323 2822 investigare
2362 2767 2473 2806 non
2521 2751 2734 2806 desino.
2785 2752 2855 2806 Et
2884 2749 3018 2822 quid
3064 2758 3164 2817 est,
3211 2749 3360 2821 quod
3400 2749 3580 2805 dicit:

1991 2843 2065 2897 Et
2091 2858 2369 2895 conversus
2397 2857 2510 2894 sum
2542 2847 2601 2894 ut
2627 2841 2855 2895 viderem
2893 2857 3099 2907 vocem;
3145 2857 3271 2896 cum
3319 2856 3430 2896 vox
3471 2855 3583 2896 non

1992 2933 2190 3001 oculis,
2245 2931 2341 2988 sed
2389 2931 2616 2987 auribus
2659 2932 3042 3004 percipiatur?
3086 2931 3191 2988 Sed
3245 2933 3480 2988 Joannes
3525 2931 3583 2986 in

1991 3021 2193 3094 spiritu
2216 3021 2446 3093 positus,
2470 3020 2810 3094 spiritalibus
2832 3020 3008 3076 oculis
3033 3036 3096 3075 ea
3112 3036 3231 3093 quas
3252 3027 3580 3093 sequuntur,

1990 3114 2177 3169 videre
2205 3111 2527 3185 promeruit.
2559 3111 2742 3184 Neque
2773 3127 2910 3182 opus
2943 3119 3058 3166 erat
3079 3110 3157 3166 ibi
3186 3125 3347 3166 voces
3375 3109 3584 3165 verbo-

1991 3219 2112 3257 rum
2144 3208 2499 3275 perstrepere,
2528 3199 2626 3255 ubi
2665 3201 2813 3256 intus
2843 3207 2958 3255 erat
2999 3202 3165 3267 Deus,
3198 3198 3293 3272 qui
3331 3198 3580 3256 docebat.

1989 3297 2197 3352 Aliter:
2231 3296 2326 3350 ille
2373 3300 2746 3365 competenter
2785 3293 2950 3348 verba
2983 3292 3081 3348 Dei
3123 3291 3282 3347 audit
3310 3291 3404 3363 qui
3436 3289 3582 3363 quod

1990 3385 2250 3452 audierit,
2297 3383 2474 3440 oculis
2521 3383 2724 3438 mentis
2766 3381 2968 3437 intueri
3016 3397 3125 3436 non
3157 3379 3380 3447 desinit,
3432 3386 3582 3434 utea

1990 3489 2152 3546 opere
2182 3473 2426 3543 impleat.

2064 3574 2246 3646 (Vers.
2287 3573 2400 3646 13.)
2431 3575 2504 3630 Et
2531 3587 2830 3638 conversus,
2873 3569 2986 3624 vidi
3029 3574 3219 3640 septem
3261 3565 3582 3623 candelabra

1989 3681 2178 3730 aurea,
2209 3671 2258 3720 et
2296 3665 2353 3719 in
2389 3665 2558 3720 medio
2601 3669 2792 3734 septem
2820 3660 3259 3716 candelabrorum
3295 3672 3584 3713 aureorum

1991 3756 2213 3812 similem
2272 3755 2413 3812 Filio
2467 3753 2712 3808 hominis.
2765 3751 2982 3824 Septem
3034 3746 3364 3806 candelabra
3421 3761 3586 3802 aurea

1991 3852 2197 3916 septem
2251 3843 2526 3900 Ecclesias
2580 3841 2887 3914 designant,
2943 3839 3086 3895 sicut
3142 3836 3258 3909 ipse
3303 3834 3582 3908 exposuit,

1995 3943 2049 3990 et
2076 3940 2284 4006 septem
2328 3933 2586 3991 Ecclesias
2627 3947 2791 3986 unam
2823 3930 3126 3986 Ecclesiam
3157 3927 3484 3984 catholicam
3523 3926 3582 3982 ﬁ-

1993 4033 2210 4098 gurant.
2252 4024 2382 4091 Quae
2424 4022 2751 4080 candelabra
2792 4035 2956 4076 aurea
2983 4019 3267 4085 dicuntur,
3315 4019 3432 4073 sive
3462 4032 3582 4087 pro-

1993 4123 2114 4189 pter
2145 4115 2552 4186 persecutiones
2580 4129 2713 4185 quas
2743 4110 2915 4166 sancti
2948 4109 3006 4164 in
3050 4109 3250 4164 saeculo
3279 4107 3582 4178 perferunt,

1991 4203 2108 4260 sive
2130 4209 2350 4274 propter
2369 4201 2692 4274 sapientiam
2711 4214 2816 4272 qua
2838 4196 3242 4252 illuminantur.
3263 4195 3324 4249 In
3349 4207 3583 4265 quorum

1993 4291 2176 4346 medio
2205 4291 2456 4348 Christus
2503 4299 2644 4345 stare
2687 4290 2839 4343 visus
2886 4295 2990 4350 est,
3037 4285 3181 4340 sicut
3210 4283 3323 4355 ipse
3361 4281 3497 4338 dicit
3527 4280 3584 4336 in

1993 4380 2293 4452 Evangelio
2319 4397 2329 4435 :
2377 4403 2394 4426 ι
2426 4381 2567 4436 Ecce
2594 4394 2692 4451 ego
2723 4375 3007 4431 vobiscum
3039 4390 3157 4429 sum
3190 4371 3448 4428 omnibus
3473 4369 3586 4428 die-

1994 4470 2097 4525 bus
2146 4485 2317 4542 usque
2382 4469 2449 4525 ad
2513 4465 3042 4526 consummationem
3107 4463 3293 4521 saeculi
3371 4461 3585 4532 (Matth.

1994 4575 2196 4626 xxvm,
2229 4557 2344 4630 20).
2368 4583 2386 4605 ι

2071 4653 2254 4724 (Vers.
2315 4653 2400 4721 14,
2465 4652 2577 4724 15.)
2627 4651 2928 4724 Sequitur:
2988 4649 3235 4708 Vestitum
3275 4647 3486 4719 pedere,
3544 4651 3594 4702 et

1993 4742 2334 4812 praecinctum
2373 4743 2444 4797 ad
2490 4742 2758 4798 mamillas
2810 4758 2947 4796 zona
2997 4756 3207 4805 aurea;
3262 4743 3420 4810 caput
3469 4753 3592 4792 vero

2000 4843 2112 4912 ejus
2141 4845 2186 4893 et
2232 4838 2416 4910 capilli
2445 4844 2597 4893 erant
2643 4836 2858 4891 candidi
2889 4842 3141 4904 tanquam
3188 4835 3314 4889 lana
3358 4833 3505 4898 alba,
3547 4839 3597 4888 et

2005 4938 2256 5001 tanquam
2285 4928 2382 4982 nia:
2407 4945 2422 4982 :
2453 4933 2500 4982 et
2527 4927 2667 4982 oculi
2708 4925 2820 4996 ejus
2865 4931 3121 4994 tanquam
3167 4926 3383 4993 ﬂamma
3412 4922 3546 4993 ignis
3579 4939 3594 4989 ;

2003 5029 2050 5078 et
2092 5019 2246 5092 pedes
2301 5019 2416 5090 ejus
2472 5017 2666 5071 similes
2723 5015 3048 5082 aurichalco,
3104 5013 3236 5068 sicut
3290 5013 3348 5067 in
3393 5011 3597 5066 camino

2004 5109 2241 5175 ardenti;
2282 5115 2328 5163 et
2370 5125 2474 5162 vox
2518 5106 2630 5176 ejus
2673 5106 2808 5161 sicut
2845 5120 2948 5158 vos:
2985 5119 3249 5174 aquarum
3284 5101 3597 5156 multarum.

2005 5203 2081 5258 Et
2126 5199 2343 5255 habebat
2370 5199 2427 5253 in
2463 5199 2680 5254 deatera
2725 5213 2823 5251 sua
2862 5202 3049 5267 septem
3088 5195 3298 5259 stellas;
3335 5197 3383 5246 et
3409 5191 3471 5245 de
3509 5205 3601 5243 ore

2007 5290 2121 5360 ejus
2149 5289 2361 5360 gladius
2408 5303 2473 5342 ea:
2511 5293 2737 5356 utraque
2777 5291 2932 5357 parte
2971 5289 3158 5339 acutus
3199 5281 3415 5343 exibat;
3443 5283 3490 5332 et
3516 5275 3600 5346 fa-

2008 5380 2106 5435 cies
2145 5378 2276 5448 ejus,
2321 5379 2456 5433 sicut
2499 5379 2578 5432 sol
2628 5378 2760 5432 lucet
2802 5376 2861 5431 in
2900 5376 3092 5430 virtute
3132 5388 3250 5427 sua.
3296 5369 3352 5425 Si
3394 5373 3601 5439 septem

2009 5467 2337 5525 candelabra
2365 5476 2418 5523 et
2451 5473 2654 5540 septem
2703 5466 2888 5521 stellas
2931 5479 3030 5536 pro
3059 5460 3273 5516 duobus
3315 5471 3604 5512 ornamen-

2013 5559 2084 5614 tis
2134 5557 2381 5628 accipere
2428 5555 2690 5623 volueris,
2731 5555 2919 5610 decem
2967 5555 3288 5606 ornamenta
3333 5544 3604 5614 invenies,

2011 5665 2081 5706 ex
2110 5647 2315 5724 quibus
2354 5646 2578 5705 Domini
2627 5660 2829 5718 corpus
2875 5641 3193 5699 decoratum
3224 5635 3395 5694 fuisse
3423 5633 3607 5693 visum
