4020 6200
517 201 635 297 ἐδι

536 454 778 524 delabra,
833 467 886 514 et
934 467 1138 529 septem
1194 460 1364 514 stellae
1417 459 1808 530 signiﬁcarent,
1868 459 1982 532 ipse
2031 474 2127 530 per

539 547 890 617 semetipsum
940 548 1232 618 exposuit:
1282 549 1414 622 quid
1466 557 1646 605 autem
1703 557 1827 606 octo
1866 566 1986 622 quae
2045 565 2122 604 re-

537 641 702 702 stant,
732 635 1060 705 signiﬁcent,
1085 640 1538 709 perscrutandum
1558 641 1717 697 nobis
1739 649 1841 696 est.
1869 641 2122 698 Sanctam

536 741 772 797 namque
822 727 1101 784 civitatem
1158 730 1276 796 Dei,
1337 747 1456 802 quae
1513 748 1580 785 ex
1632 731 1888 787 omnibus
1941 731 2128 788 electis

537 823 768 882 constat,
803 832 922 887 quae
952 816 1020 872 ab
1056 817 1218 874 initio
1250 836 1422 892 usque
1452 820 1519 875 ad
1547 819 1713 876 ﬁnem
1743 821 1942 887 tendit,
1975 822 2019 877 si
2049 821 2128 876 di-

537 903 769 974 ligenter
798 907 1110 977 perspicias,
1144 908 1202 962 in
1248 916 1450 980 septem
1493 919 1671 980 partes
1710 909 1944 966 divisam
1978 911 2128 965 inve-

538 991 691 1065 nies.
727 993 908 1048 Prima
948 995 1116 1064 igitur
1172 1014 1295 1068 pars
1337 998 1456 1070 ejus
1511 1007 1640 1053 sunt
1696 1000 1876 1066 electi,
1923 999 2014 1070 qui
2062 998 2129 1053 ab

536 1083 700 1139 initio
728 1101 900 1157 usque
929 1085 994 1141 ad
1035 1086 1310 1144 diluvium
1358 1089 1581 1144 fuerunt
1611 1108 1620 1144 :
1656 1089 1915 1157 secunda,
1950 1089 2132 1161 patri-

537 1172 715 1229 archae
739 1181 791 1228 et
838 1176 1018 1229 caeteri
1047 1174 1184 1246 justi
1217 1193 1388 1248 usque
1436 1177 1501 1232 ad
1534 1178 1706 1250 legem
1738 1178 1921 1234 datam
1949 1197 1959 1234 :
2007 1187 2128 1234 ter-

537 1263 633 1330 tia,
685 1263 744 1318 hi
796 1265 890 1336 qui
943 1266 1046 1322 sub
1107 1266 1221 1338 lege
1274 1267 1532 1324 fuerunt:
1565 1277 1776 1341 quarta,
1824 1270 2128 1341 prophetat:

541 1352 753 1426 quinta,
817 1355 1049 1425 apostoli
1112 1365 1164 1411 et
1221 1357 1316 1428 qui
1345 1373 1412 1412 ex
1470 1357 1672 1413 Iudaeis
1729 1358 2127 1415 crediderunt:

542 1448 697 1496 sexta
741 1459 871 1498 vero
923 1461 1045 1515 pars
1101 1453 1186 1501 est
1244 1447 1489 1517 gentium
1541 1448 1840 1502 multitudo
1898 1464 2018 1520 quas
2066 1447 2132 1503 ad

545 1528 709 1586 ﬁdem
757 1532 943 1588 venit:
996 1533 1245 1606 septima,
1307 1535 1465 1590 electi
1523 1535 1618 1608 qui
1673 1536 1728 1590 in
1783 1536 1892 1591 fine
1939 1537 2131 1593 mundi

541 1623 804 1679 nascituri
853 1633 1000 1692 sunt,
1045 1635 1097 1682 et
1150 1635 1341 1683 contra
1381 1627 1783 1684 Antichristum
1815 1631 2130 1702 pugnaturi.

1562 245 1658 300 AD
1697 243 1930 300 OPERA
1967 243 2023 299 S.
2065 240 2396 300 AMBROSII
2435 241 2812 300 APPENDIX.
3726 249 3810 308 852

535 373 637 422 est.
681 365 785 422 Sed
816 368 949 440 quid
990 368 1100 424 duo
1129 377 1475 437 ornamenta,
1527 370 1583 426 id
1632 378 1734 438 est,
1766 379 1972 441 septem
2003 385 2125 425 can-
2158 371 2208 429 A
2242 375 2320 423 tes
2395 367 2557 440 pedes
2642 366 3072 439 evangelizantis
3156 385 3374 441 pacem,

2233 456 2462 524 bonum,
2495 455 2841 527 praedicantis
2871 457 3125 526 salutem,
3157 457 3440 516 dicentis:
3471 459 3618 529 Sion,
3648 479 3804 535 regna-

3461 373 3805 432 annuntiantis

2235 544 2317 602 bit
2344 546 2486 599 Deus
2505 551 2634 600 tuus
2667 545 2801 616 (Isa.
2840 563 2934 614 LII,
2968 547 3046 618 7).
3077 572 3093 595 ι
3137 546 3244 614 Qui
3287 547 3502 604 similes
3527 551 3800 609 aurichalco

2237 634 2535 702 dicuntur;
2582 651 2655 689 ms
2701 651 2938 707 namque
2981 635 3039 690 in
3084 636 3309 692 fornace
3339 637 3660 710 quibusdam
3704 659 3800 698 me-

2238 721 2608 779 dicaminibus
2637 721 2888 778 admistis
2930 724 3125 780 tandiu
3170 725 3474 794 conﬂatur,
3506 745 3664 801 usque
3692 730 3796 787 dum

2239 815 2478 869 colorem
2518 813 2638 868 auri
2667 814 2920 885 accipiat,
2972 822 3026 870 et
3070 814 3280 870 dicitur
3311 817 3695 874 aurichalcum.
3722 822 3801 877 Per

2239 919 2311 958 aes
2341 901 2529 973 igitur,
2559 901 2704 974 quod
2727 919 2988 958 sonorum
3019 911 3118 972 est,
3151 911 3202 959 et
3233 905 3389 977 quod
3419 905 3475 960 in
3504 907 3796 979 nigredinem

2239 991 2349 1046 cito
2381 991 2636 1060 vertitur,
2671 991 2845 1047 Judaei
2874 993 3255 1066 designantur,
3289 995 3388 1068 qui
3420 996 3588 1068 legem
3619 998 3797 1069 quidem

2240 1084 2540 1141 secundum
2594 1085 2834 1141 litteram
2883 1102 3074 1142 sonare
3121 1086 3500 1153 videbantur;
3550 1089 3639 1144 sed
3675 1090 3798 1144 vela-

2241 1174 2389 1228 mine
2438 1174 2740 1246 nigredinis
2793 1184 2973 1231 mente
3027 1175 3258 1244 obtecti,
3293 1176 3597 1248 spiritalem
3627 1178 3800 1232 intelli-

2243 1262 2504 1334 gentiam,
2536 1280 2656 1336 quai
2688 1265 2744 1318 in
2769 1265 3069 1330 ealatebat,
3101 1265 3424 1337 intelligere
3462 1266 3796 1340 nequiverunt.

2243 1354 2342 1408 jEs
2374 1352 2542 1425 igitur
2588 1353 2644 1407 in
2693 1354 3072 1410 aurichalcum
3119 1362 3199 1410 est
3239 1371 3597 1422 conversum,
3626 1355 3800 1428 quando

2243 1459 2314 1498 ex
2342 1443 2544 1498 Iudaeis
2573 1443 2806 1515 apostoli
2836 1452 2968 1500 sunt
3008 1445 3185 1500 electi.
3221 1445 3332 1500 Per
3364 1445 3630 1501 fornacem
3659 1454 3796 1501 autem

2245 1534 2361 1588 sive
2392 1533 2651 1603 mundus,
2689 1533 2745 1588 in
2794 1550 2902 1608 quo
2933 1533 3287 1604 aliquantum
3321 1533 3574 1591 Christus
3609 1552 3797 1591 conver-

2245 1630 2394 1677 satus
2418 1630 2520 1691 est,
2553 1623 2671 1679 sive
2701 1623 3093 1679 tribulationes
3123 1640 3261 1695 quas
3308 1624 3592 1693 sustinuit,
3621 1634 3798 1696 possunt

543 1712 646 1768 Per
683 1712 780 1768 has
821 1713 991 1784 igitur
1041 1723 1243 1786 septem
1286 1723 1486 1786 partes,
1537 1718 1684 1790 quod
1731 1719 1998 1774 Dominus
2047 1720 2134 1775 de.
2169 1733 2215 1793 Β
2245 1711 2539 1784 designari.
2593 1714 2655 1768 In
2708 1712 2810 1768 hac
2863 1713 3026 1768 etiam
3077 1713 3306 1770 fornace
3356 1714 3586 1785 apostoli
3626 1714 3668 1768 ei
3706 1730 3796 1768 con-

544 1803 708 1870 derit,
740 1803 973 1860 dicendo
999 1805 1284 1860 redeamus
1315 1823 1325 1860 :
1363 1805 1428 1861 de
1449 1815 1660 1876 octava,
1695 1809 1750 1864 in
1779 1810 2132 1882 sequentibus

543 1893 809 1950 dicemus.
845 1895 1069 1951 Poderis
1097 1895 1287 1968 igitur,
1317 1915 1436 1970 quae
1467 1908 1546 1955 est
1575 1901 1764 1956 talaris
1796 1901 2002 1969 tunica,
2031 1902 2135 1973 ju-

545 1993 654 2041 stos
681 1985 772 2057 qui
796 1991 920 2040 ante
947 1985 1221 2041 diluvium
1249 1987 1492 2056 fuerunt,
1524 1989 1791 2061 designat.
1819 1990 1949 2058 Quae
1977 1991 2136 2064 cujus

542 2075 744 2132 coloris
777 2074 964 2142 fuerit,
1007 2091 1119 2130 non
1158 2075 1364 2132 dicitur
1395 2095 1408 2144 ;
1461 2094 1524 2133 eo
1554 2079 1700 2152 quod
1729 2081 1940 2136 nullam
1970 2081 2152 2136 aliam.

547 2163 740 2234 legem,
774 2165 882 2220 nisi
915 2167 1244 2235 naturalem,
1288 2167 1604 2224 habuerint.
1647 2170 1922 2226 Naturalis
1952 2179 2134 2226 autem

547 2251 638 2306 lex
688 2259 768 2306 est
797 2261 1094 2308 creatorem
1121 2271 1281 2309 suum
1330 2255 1578 2326 diligere,
1613 2265 1666 2311 et
1693 2255 1838 2327 quod
1878 2257 1982 2311 sibi
2016 2258 2139 2329 quis

547 2355 657 2394 non
690 2341 814 2394 vult
855 2340 996 2410 fieri,
1045 2342 1202 2396 alteri
1247 2358 1356 2396 non
1391 2344 1587 2399 facere.
1635 2345 1787 2400 Hanc
1820 2346 1988 2416 legem
2018 2346 2138 2400 nul-

547 2431 652 2494 lus,
686 2429 780 2501 qui
825 2432 1036 2485 ratione
1063 2432 1321 2487 suffultus
1365 2442 1464 2502 est,
1499 2435 1747 2505 ignorare
1778 2434 2136 2505 permittitur.

548 2519 650 2575 Per
693 2535 887 2574 zonam
937 2528 1118 2576 autem
1149 2521 1474 2590 patriarcha:
1521 2530 1574 2577 et
1629 2523 1811 2579 caeteri
1852 2521 2010 2594 justi,
2046 2523 2140 2595 qui

549 2621 675 2670 ante
710 2613 882 2684 legem
935 2613 1182 2681 fuerunt,
1233 2613 1607 2686 designantur.
1654 2615 1786 2683 Quae
1815 2632 1979 2671 aurea
2006 2615 2138 2671 dici-

549 2716 664 2776 tur,
711 2707 839 2780 quia
888 2707 1079 2763 multis
1129 2707 1602 2779 tribulationibus,
1645 2711 1789 2768 sicut
1841 2728 2034 2766 aurum
2083 2711 2141 2767 in

548 2796 789 2864 fornace,
837 2796 1052 2867 probati
1097 2813 1211 2853 esse
1261 2807 1602 2854 noscuntur:
1654 2800 1796 2856 sicut
1842 2799 2138 2868 Abraham,

549 2885 643 2958 qui
692 2886 759 2941 de
811 2885 936 2956 igne
983 2886 1364 2943 Chaldaeorum
1415 2897 1603 2944 erutus
1631 2897 1757 2945 est:
1807 2890 1949 2945 sicut
1978 2889 2141 2958 Loth,

550 2991 711 3047 quem
751 2975 1048 3032 Sodomitas
1084 2975 1441 3032 afflixerunt:
1493 2978 1635 3034 sicut
1664 2981 1834 3047 Isaac,
1867 2981 1960 3052 qui
1990 2980 2142 3036 caeci-

2241 1800 2424 1873 juncti
2453 1808 2602 1869 sunt,
2634 1801 2779 1858 sicut
2831 1801 2943 1874 ipse
2973 1802 3146 1858 dicit:
3195 1825 3214 1848 ‹
3248 1803 3368 1858 Vos
3397 1802 3527 1858 estis
3551 1803 3699 1868 enim,
3730 1802 3796 1874 qui

2248 1892 2624 1965 permansistis
2659 1909 2872 1949 mecum
2906 1893 2962 1948 in
2994 1892 3406 1949 tentationibus
3428 1891 3560 1948 meis
3581 1893 3653 1963 (6)
3683 1892 3794 1962 (Luc.

2248 1999 2390 2050 χχιι,
2435 1983 2550 2052 28).
2594 2007 2611 2029 ι
2691 1984 2752 2039 In
2807 1982 2910 2039 hac
2955 1999 3082 2056 ergo
3130 1984 3363 2039 fornace
3410 2001 3506 2056 per
3548 1983 3794 2039 doctrinam

2248 2074 2539 2146 Evangelii
2607 2073 2956 2146 splendorem
3023 2075 3143 2130 auri
3199 2077 3457 2146 accipere
3518 2080 3792 2129 meruerunt.

2248 2171 2324 2225 Et
2350 2185 2454 2222 eoat
2480 2166 2612 2236 ejus,
2638 2167 2774 2222 sicut
2798 2184 2901 2221 vox
2919 2185 3186 2238 aquarum
3219 2171 3535 2225 multarum.
3554 2169 3792 2222 Pervoceui

2250 2273 2512 2330 aquarum
2560 2256 2861 2311 multarum
2932 2257 3236 2314 multitudo
3297 2258 3561 2331 gentium,
3609 2273 3709 2328 quat
3746 2251 3793 2307 ad

2251 2346 2412 2401 ﬁdem
2447 2345 2654 2402 Christi
2686 2346 2957 2414 cucurrit,
2988 2345 3336 2418 designatur.

2324 2437 2397 2490 Et
2424 2435 2640 2490 habebat
2676 2436 2732 2489 in
2775 2435 2964 2490 dextra
2990 2453 3089 2490 sua
3122 2439 3309 2492 stellas
3338 2442 3542 2508 septem.
3573 2431 3694 2500 Quid
3718 2431 3793 2484 hoc

2253 2527 2543 2599 significet,
2584 2528 2700 2600 ipse
2745 2528 2802 2583 in
2852 2529 3210 2600 sequentibus
3257 2529 3506 2604 exponit.
3548 2530 3617 2584 Et
3649 2526 3699 2579 de
3729 2540 3795 2577 ore

2253 2618 2364 2688 ejus
2392 2619 2605 2688 gladius
2655 2636 2720 2673 ea:
2768 2625 2993 2688 utraque
3029 2626 3188 2691 parte
3230 2626 3379 2684 503
3432 2624 3606 2674 acutus
3644 2614 3792 2669 exibat.

2253 2717 2609 2790 Pergladium
2647 2719 2816 2774 electi
2847 2720 2940 2792 qui
2962 2719 3017 2774 in
3048 2719 3157 2775 fine
3187 2719 3390 2776 mundi
3421 2713 3662 2774 nascituri
3683 2717 3794 2776 sunt,

2254 2816 2415 2879 atque
2445 2815 2636 2863 contra
2685 2807 3095 2864 Antichristum
3128 2807 3453 2881 pugnaturi,
3479 2804 3791 2876 designantur.

2254 2897 2324 2951 Et
2353 2895 2480 2968 quia
2518 2896 2761 2951 maxima
2791 2897 3091 2952 multitudo
3119 2898 3372 2969 gentium
3402 2897 3649 2952 culturam
3677 2884 3792 2944 Chri-

2255 2989 2323 3043 sti
2365 2988 2771 3060 derelinquens,
2815 2989 3229 3045 Antichristum
3272 2989 3546 3044 hominem
3575 2976 3791 3052 impiissi-

550 3070 716 3118 tatem
749 3065 1007 3134 pertulit:
1041 3064 1183 3119 sicut
1205 3065 1390 3133 Jacob,
1428 3067 1520 3138 qui
1554 3069 1929 3139 persecutione
1959 3070 2143 3124 fratris
2176 3103 2218 3163 Ο
2255 3093 2404 3131 mum
2446 3093 2544 3148 pro
2597 3079 2709 3132 Deo
2763 3077 3088 3145 adorabunt,
3123 3094 3241 3133 non
3293 3078 3581 3145 incongrue
3620 3069 3688 3125 illi
3723 3061 3791 3135 qui

551 3157 714 3223 atque
741 3152 914 3207 soceri
960 3160 1042 3207 est
1085 3152 1357 3209 afflictus:
1400 3154 1543 3210 sicut
1571 3156 1790 3227 Joseph,
1837 3155 1931 3229 qui
1977 3156 2144 3228 capti-

553 3241 776 3297 vitatem
808 3250 861 3297 et
883 3259 1153 3298 carcerem
1181 3244 1474 3300 sustinuit:
1522 3245 1666 3301 sicut
1686 3246 1809 3314 Job,
1841 3246 1932 3319 qui
1965 3247 2143 3302 amis-

553 3328 762 3385 sionem
791 3347 970 3386 rerum
1003 3331 1289 3405 diramque
1317 3334 1622 3405 passionem
1657 3335 1902 3406 pertulit.
1936 3334 2142 3389 Eodem

551 3419 716 3474 modo
769 3428 822 3475 et
867 3420 933 3476 de
979 3422 1210 3489 caeteris,
1242 3438 1378 3494 quos
1424 3423 1707 3495 Scriptura
1750 3440 1860 3478 non
1909 3439 2144 3478 comme-

553 3518 730 3566 morat
759 3511 862 3582 (5),
914 3511 1175 3568 debemus
1221 3513 1546 3584 intelligere.
1581 3514 1710 3580 Qua:
1756 3530 1894 3569 zona
1932 3515 2142 3569 mamil-

552 3601 632 3656 las
660 3601 1057 3656 constrinxisse
1089 3602 1322 3673 legitur;
1349 3618 1445 3673 per
1473 3603 1745 3658 mamillas
1774 3619 2007 3675 namque
2035 3603 2145 3659 duo

551 3697 821 3762 praecepta
865 3687 1149 3744 charitatis
1199 3689 1574 3761 designantur,
1623 3707 1719 3763 per
1765 3707 1884 3764 quia
1931 3700 2146 3749 sanctos

551 3786 732 3850 patres
761 3779 873 3834 Deo
893 3777 1163 3848 placuisse
1192 3787 1406 3835 certum
1437 3787 1537 3836 est.

628 3885 802 3954 Caput
840 3901 962 3938 vero
991 3884 1102 3953 ejus
1144 3891 1192 3940 et
1235 3885 1418 3956 capilli
1455 3892 1608 3940 erant
1643 3885 1857 3941 candidi
1895 3893 2145 3956 tanquam

554 3969 681 4029 lana
709 3974 834 4029 alba
881 3980 930 4028 et
955 3980 1207 4045 tanquam
1253 3975 1370 4031 nix.
1429 3975 1532 4030 Per
1555 3983 1718 4048 caput
1763 3976 1875 4043 lex,
1923 3991 2019 4046 per
2061 3989 2146 4031 ca-

550 4062 713 4136 pillos
757 4079 888 4120 vero
919 4064 1015 4136 qui
1051 4080 1119 4119 ex
1165 4064 1343 4137 capite
1387 4074 1710 4131 nascuntur,
1759 4065 2146 4122 multitudines

551 4168 740 4208 eorum
770 4152 1128 4226 designantur
1167 4154 1262 4226 qui
1304 4170 1400 4226 per
1428 4155 1600 4226 legem
1633 4153 1770 4209 salvi
1813 4153 1944 4208 facti
1993 4161 2141 4208 sunt.

551 4240 656 4308 Qui
699 4242 884 4314 capilli
941 4251 1202 4316 tanquam
1250 4243 1374 4300 lana
1428 4243 1570 4310 alba,
1629 4251 1682 4298 et
1730 4250 1990 4315 tanquam
2043 4243 2144 4299 nix

551 4331 768 4389 candidi
800 4351 913 4390 esse
942 4335 1233 4402 dicuntur;
1277 4334 1405 4408 quia
1429 4334 1689 4390 videlicet
1732 4334 1826 4390 ille
1853 4335 2090 4406 populus
2115 4352 2147 4390 a

550 4419 790 4476 tenebris
826 4422 1090 4478 vitiorum
1140 4441 1234 4496 per
1263 4425 1435 4496 legem
1483 4431 1563 4479 est
1609 4422 1958 4478 emundatus.
1995 4423 2146 4480 Oculi

548 4515 723 4564 autem
770 4509 882 4578 ejus
925 4513 1065 4566 velut
1110 4515 1321 4582 flamma
1364 4513 1519 4582 ignis.
1573 4513 1733 4568 Oculi
1775 4519 1976 4568 cuncta
2021 4529 2140 4584 quae

549 4599 696 4656 circa
725 4616 781 4655 se
809 4610 958 4669 sunt,
987 4602 1147 4672 longe
1183 4603 1396 4674 lateque
1427 4601 1764 4673 perspiciunt
1788 4619 1799 4657 :
1835 4619 1932 4674 per
1954 4602 2143 4657 oculos

550 4687 720 4759 igitur
761 4687 1038 4760 prophetae
1085 4689 1463 4761 designantur,
1513 4692 1607 4762 qui
1645 4706 1707 4745 ea
1747 4707 1867 4763 quae
1909 4699 2143 4747 ventura

549 4784 723 4844 erant,
757 4778 916 4849 longe
953 4785 1078 4834 ante
1126 4777 1425 4850 praevidere
1475 4786 1814 4835 meruerunt.
1866 4779 1970 4847 Qui
1999 4779 2144 4836 sicut

547 4864 768 4922 ﬂamma
798 4866 940 4938 ignis
964 4883 1079 4924 esse
1103 4867 1387 4936 dicuntur,
1421 4869 1552 4942 quia
1578 4868 1786 4941 Spiritu
1807 4875 1994 4924 sancto
2017 4869 2141 4924 illu-

548 4957 742 5015 minati
773 4958 1035 5029 mysteria
1061 4957 1305 5015 cmlestia
1333 4959 1689 5031 contemplati
1719 4966 1865 5015 sunt.

617 5058 691 5112 Et
728 5056 884 5128 pedes
910 5056 1023 5126 ejus
1063 5056 1260 5112 similes
1301 5057 1624 5127 aurichalco,
1657 5058 1790 5113 sicut
1836 5057 1892 5112 in
1939 5057 2141 5112 camino

544 5147 774 5204 ardenti.
820 5147 923 5203 Per
955 5146 1116 5219 pedes
1167 5147 1398 5220 apostoli
1447 5147 1825 5220 designantur,
1875 5156 1929 5203 et
1957 5146 2139 5203 caeteri

544 5239 641 5312 qui
683 5255 754 5294 ex
803 5237 1006 5294 Iudaeis
1049 5237 1424 5294 crediderunt.
1469 5241 1547 5294 De
1595 5237 1716 5294 istis
1755 5237 1985 5311 pedibus
2018 5253 2138 5309 pro-

545 5327 710 5400 pheta
737 5326 984 5401 loquitur
1013 5325 1240 5383 dicens:
1285 5349 1304 5373 ι
1338 5327 1510 5395 Quam
1545 5327 1762 5399 pulchri
1794 5343 1958 5400 super
1985 5341 2138 5381 mon-

618 5470 701 5541 (5)
731 5469 883 5528 Edit.
915 5469 1050 5527 Gill.
1099 5485 1163 5526 ac
1209 5471 1390 5536 Rom.,
1431 5486 1562 5541 quos
1595 5469 1880 5542 Scriptura
1908 5485 2138 5525 comme—

547 5548 756 5607 morat;
782 5559 911 5598 mss.
946 5558 1097 5610 vero,
1129 5558 1236 5596 non
1263 5547 1651 5598 commemorat.

622 5611 703 5683 (6)
770 5615 837 5670 In
892 5615 988 5671 hac
1061 5613 1218 5672 etiam
1277 5613 1584 5686 forma...
1651 5613 1710 5671 in
1767 5612 2138 5672 tentationibus

2253 3163 2319 3220 ad
2370 3180 2582 3220 errores
2637 3181 2822 3220 eorum
2878 3164 3253 3221 concidendos
3317 3158 3629 3238 progressuri
3676 3158 3786 3216 sunt,

2253 3271 2348 3326 per
2395 3256 2638 3327 gladium
2689 3255 3066 3326 designantur.
3118 3255 3227 3321 Qui
3281 3255 3391 3311 duo
3437 3247 3666 3308 acumina
3711 3241 3787 3295 ha-

2251 3342 2378 3398 bere
2409 3343 2560 3399 visus
2595 3352 2708 3411 est;
2761 3345 2893 3416 quia
2926 3343 3027 3416 ipsi
3066 3342 3343 3412 doctores,
3395 3341 3610 3396 duorum
3638 3334 3786 3387 Testa-

2254 3437 2562 3485 mentorum
2595 3430 2862 3486 doctrinis
2883 3429 3106 3495 eruditi,
3138 3429 3305 3486 facile
3336 3427 3511 3482 hostes
3531 3420 3785 3479 devincent.

2252 3518 2385 3573 Nam
2427 3517 2573 3590 quod
2612 3517 2677 3573 de
2724 3533 2816 3572 ore
2866 3516 3090 3572 Domini
3139 3518 3262 3587 ipse
3306 3515 3510 3588 gladius
3554 3502 3784 3581 procedere

2257 3605 2405 3660 visus
2435 3613 2539 3674 est,
2572 3604 2709 3661 illud
2739 3605 3034 3677 significat,
3069 3605 3219 3676 quod
3251 3606 3366 3677 ipse
3388 3601 3526 3659 dixit
3551 3599 3603 3653 in
3636 3595 3785 3677 Evanj

2255 3694 2394 3766 gelio
2430 3711 2441 3749 :
2508 3716 2526 3741 ι
2557 3694 2678 3750 Non
2733 3694 2881 3748 enim
2917 3711 3015 3749 vos
3062 3694 3191 3750 estis
3250 3694 3344 3768 qui
3387 3683 3671 3763 loquimini.

2254 3784 2490 3856 Spiritus
2517 3783 2694 3840 Patris
2735 3784 2904 3838 vestri
2936 3784 3030 3856 qui
3062 3766 3314 3856 loquitur
3344 3783 3399 3837 in
3442 3776 3586 3834 vobis
3609 3766 3779 3843 (sunt

2255 3896 2312 3948 x,
2351 3878 2468 3945 20).
2500 3904 2518 3927 ›
2563 3879 2624 3934 In
2663 3877 2731 3933 iis
2759 3894 2886 3950 ergo
2916 3885 3121 3950 septem
3156 3875 3492 3934 ornamentis
3525 3866 3681 3926 omnis
3704 3860 3778 3914 ele-

2255 3980 2467 4026 ctorum
2521 3970 2787 4038 Ecclesia,
2847 3986 2967 4042 quae
3023 3987 3054 4025 a
3095 3971 3258 4028 nobis
3315 3970 3372 4026 in
3425 3973 3612 4037 septem
3643 3959 3779 4030 partes

2255 4059 2544 4129 dividitur,
2596 4061 3097 4132 comprehenditur.
3157 4062 3288 4119 Sine
3343 4062 3411 4116 iis
3463 4071 3577 4126 ergo
3616 4054 3774 4120 εθρίθω

2255 4153 2498 4225 partibus
2535 4169 2644 4208 non
2677 4154 2814 4209 mihi
2844 4155 3067 4210 videtur
3096 4155 3247 4212 hunc
3279 4155 3474 4211 librum
3504 4147 3773 4220 quemquam

2254 4241 2502 4298 ordinate
2548 4257 2702 4313 posse
2750 4242 3094 4316 intelligere:
3147 4244 3214 4300 de
3263 4252 3449 4300 octava
3487 4242 3644 4293 autem
3685 4234 3773 4296 qua

2254 4340 2438 4401 restat,
2474 4332 2682 4406 aliquid
2711 4333 3005 4390 dicendum
3041 4343 3142 4391 est.

2323 4423 2396 4476 Et
2447 4420 2609 4490 facies
2655 4421 2790 4491 ejus,
2835 4423 2968 4477 sicut
3012 4424 3093 4478 sol
3150 4424 3302 4491 lucet,
3361 4419 3415 4474 in
3463 4415 3642 4504 virtute.
3681 4416 3768 4504 ml:

2251 4508 2352 4564 Per
2417 4508 2610 4565 faciem
2671 4510 2937 4580 Ecclesia,
2997 4512 3141 4568 sicut
3210 4517 3330 4583 post
3383 4500 3768 4584 resurrectionem

2251 4599 2437 4656 futura
2485 4609 2585 4669 est,
2635 4600 2986 4674 designatur;
3040 4609 3092 4658 et
3141 4601 3265 4659 ideo
3311 4614 3404 4672 per
3438 4590 3628 4652 faciem,
3673 4589 3768 4674 {11113

2251 4696 2384 4746 tunc
2413 4664 2606 4758 Deum,
2641 4664 2783 4747 sicut
2811 4691 2948 4748 dicit
2973 4664 3292 4764 Apostolus,
3311 4664 3454 4760 -justi
3481 4677 3604 4736 facie
3636 4668 3689 4764 ad
3708 4664 3766 4764 ξδ’

2251 4778 2388 4834 ciem
2429 4754 2700 4835 videbunt
2731 4781 2788 4850 (Ι
2831 4780 2955 4836 Cor.
3009 4754 3130 4848 tim,
3166 4754 3289 4851 i2);
3311 4754 3436 4846 Quae
3465 4769 3591 4825 sicut
3618 4757 3682 4851 $0_l
3706 4754 3765 4806 ια’

2251 4883 2371 4925 cere
2417 4869 2535 4924 visa
2576 4876 2677 4938 est,
2723 4869 2851 4942 quia
2908 4869 3051 4925 sicut
3083 4868 3220 4926 dicit
3265 4862 3552 4924 Dominus:

2245 4958 2384 5031 justi
2413 4928 2703 5031 fulgebunt
2735 4928 2881 5018 sicut
2912 4961 2994 5016 sol
3022 4960 3077 5016 in
3110 4977 3274 5033 regno
3302 4952 3466 5013 Patris
3491 4928 3759 5038 δαὶ-(Μαξίξς

2249 5066 2375 5118 xm,
2401 5049 2517 5122 43).
2550 5074 2567 5097 ι
2613 5050 2979 5107 Inveniuntur
3017 5050 3072 5105 in
3121 5043 3409 5120 Scripturis
3449 5016 3760 5160 φξῖάἒωΜᾟ

2530 5159 2533 5160 ν
2815 5159 2821 5160 ,
3112 5141 3150 5160 ..
3263 5146 3318 5160 μ
3370 5141 3439 5160 --ο
3491 5146 3503 5160 .
3551 5140 3575 5160 ,ι

2249 5119 2481 5214 septem?
2512 5141 2757 5214 partibus
2803 5141 3207 5210 convenientia,
3243 5119 3320 5196 fut
3367 5141 3442 5191 est
3491 5119 3610 5218 illud

2248 5213 2750 5306 inCJosuelegitur,
2781 5234 2875 5290 ubi
2906 5233 3163 5307 praecepit
3193 5228 3448 5290 Dominus
3487 5223 3538 5273 ut
3561 5213 3755 5307 circa?

2249 5323 2353 5380 iret
2399 5341 2522 5382 arca
2567 5286 2665 5381 Dei
2713 5286 2998 5381 civitatem
3055 5286 3271 5379 Jbricho
3315 5330 3405 5390 per
3446 5311 3620 5378 septem
3666 5286 3754 5343 dles

2244 5469 2392 5538 Meis,
2443 5469 2667 5551 aberant
2707 5467 2776 5525 ab
2820 5468 2998 5538 edit.;
3051 5486 3172 5544 quin
3217 5477 3372 5525 nose
3413 5467 3530 5513 mss.
3554 5430 3755 5501 ommlm

2246 5557 2610 5615 reposuimus.
