4020 6200
214 322 318 381 853

1095 312 1556 372 BERENGAUDI
1593 311 1969 370 EXPOSITIO
2008 312 2079 368 IN
2118 311 2622 369 APOCALYPSIN.

3404 305 3513 370 854

212 445 375 502 semel
407 442 463 497 in
493 441 602 510 die,
638 440 1016 497 sacerdotibus
1058 456 1176 495 eam
1208 440 1576 514 portantibus,
1626 440 1803 496 tubis-
1835 442 1886 501 A
1915 455 2138 495 cernere
2153 438 2431 506 deberent,
2452 439 2566 512 ipsa
2582 440 2672 494 lex
2691 439 3023 496 manifestat.
3048 441 3332 514 Pr0phetae
3353 457 3508 513 vero,
3557 459 3566 467 ·

212 550 314 607 que
363 531 708 600 canentibus,
754 547 816 586 ac
854 530 1074 602 populis
1113 528 1467 602 sequentibus
1516 531 1696 601 (Josue
1723 547 1801 598 v1,

210 623 398 694 6-20).
467 622 689 678 Jericho
755 637 990 693 namque
1055 635 1218 675 omne
1282 636 1480 691 corpus
1533 619 1806 691 reprobo—

209 730 350 780 rum,
403 711 550 784 quod
596 719 676 767 est
724 710 920 766 civitas
965 709 1193 777 diaboli,
1222 709 1499 782 designat:
1534 725 1629 781 per
1660 709 1805 766 ﬁlios

208 817 337 856 vero
403 802 589 868 Israel,
656 801 816 856 electi
871 799 1255 872 designantur:
1326 815 1422 870 per
1473 799 1800 867 sacerdotes,

207 893 627 966 pradicatores:
678 907 775 962 per
817 890 994 958 tubas,
1056 889 1306 945 doctrina
1362 889 1796 960 praedicationis:

206 999 301 1054 per
345 983 608 1054 populum
651 997 780 1036 vero
806 980 900 1052 qui
943 996 1035 1035 eos
1083 978 1430 1050 sequebatur,
1453 994 1641 1033 omnes
1663 977 1802 1048 justi

203 1070 589 1142 designantur,
634 1069 730 1143 qui
791 1086 982 1125 eorum
1039 1069 1346 1145 doctrinam
1414 1067 1799 1140 sequebantur,

202 1171 257 1217 et
303 1170 460 1218 actus
503 1161 898 1216 imitabantur:
950 1178 1046 1232 per
1100 1176 1279 1215 arcam
1312 1166 1489 1213 autem
1524 1175 1684 1230 quam
1714 1158 1805 1212 fe-

203 1251 416 1318 rebant,
451 1250 703 1307 Christus
739 1249 1086 1322 intelligitur,
1133 1249 1226 1320 qui
1276 1264 1307 1302 a
1338 1247 1542 1302 sanctis
1572 1247 1628 1301 in
1672 1262 1805 1302 cor-

201 1339 367 1395 dibus
412 1355 601 1393 eorum
649 1339 910 1395 habitans
959 1346 1225 1410 portatur.
1287 1339 1363 1392 De
1421 1335 1804 1408 praedicatori-

201 1429 304 1483 bus
357 1435 540 1482 autem
601 1427 696 1499 qui
752 1435 875 1499 post
931 1427 1138 1485 Christi
1205 1425 1504 1481 adventum
1556 1425 1802 1492 fuerunt,

202 1519 343 1573 nulli
395 1519 630 1573 dubium
675 1518 822 1591 quod
871 1517 1154 1574 Christum
1211 1533 1323 1572 non
1377 1517 1555 1571 solum
1615 1515 1803 1588 lingua

201 1606 570 1678 praedicando,
617 1623 810 1662 verum
867 1606 1032 1662 etiam
1089 1604 1254 1662 corde
1301 1603 1579 1677 diligendo
1623 1613 1801 1680 porta-

201 1705 419 1752 verunt.
452 1698 542 1753 Illi
569 1706 750 1752 autem
777 1696 871 1768 qui
903 1695 970 1750 ad
983 1702 1205 1750 ventum
1223 1693 1356 1766 ‘ejus
1388 1701 1800 1766 praecesserunt,

1916 527 1983 583 ad
2004 545 2140 600 quos
2167 535 2393 600 quartus
2413 527 2680 585 circuitus
2697 527 2952 600 pertinet,
2976 528 3034 583 in
3056 537 3267 584 tantum
3291 541 3510 602 peccata

1917 616 2229 688 principum
2252 616 2652 690 hominumque
2679 618 2977 690 impiorum
3004 629 3329 690 Spreverunt
3347 629 3510 694 atque

1917 706 2409 778 reprehenderunt,
2442 717 2502 764 ut
2533 725 2633 780 pro
2663 707 2766 764 hoc
2788 708 3010 780 quidam
3040 725 3226 764 eorum
3260 711 3506 781 lapidati,

1917 796 2138 868 quidam
2164 796 2317 863 secti,
2336 796 2557 870 quidam
2582 814 2713 852 vero
2737 798 2793 852 in
2817 797 3093 854 occisione
3115 799 3284 870 gladii
3305 802 3508 858 mortui

1915 885 2047 940 sint.
2067 885 2320 956 Apostoli
2352 902 2501 954 vero,
2525 894 2579 940 et
2604 887 2660 941 hi
2682 887 2775 959 qui
2807 903 2877 942 ex
2900 887 3104 943 Judaais
3135 889 3507 959 crediderunt,

1915 974 1983 1028 ad
2006 990 2142 1045 quos
2171 975 2398 1048 quintus
2434 976 2699 1031 circuitus
2729 977 2985 1048 pertinet,
3007 986 3212 1051 quanto
3242 981 3424 1036 studio
3453 997 3510 1038 se

1915 1062 1983 1116 ab
2024 1061 2334 1119 inﬁdelium
2382 1065 2694 1120 Judaaorum
2759 1067 2990 1122 consilio
3037 1078 3200 1141 atque
3253 1070 3510 1142 operibus

1916 1153 2341 1224 segregaverint,
2366 1153 2541 1212 Lucas
2569 1155 2626 1210 in
2649 1156 2879 1212 Actibus
2899 1159 3270 1229 apostolorum
3301 1168 3506 1216 narrat.

1919 1241 2119 1296 Gentes
2177 1258 2306 1297 vero
2359 1242 2428 1298 ad
2483 1259 2617 1316 quas
2673 1253 2863 1301 sextus
2917 1247 3183 1303 circuitus
3247 1247 3507 1319 pertinet,

1915 1339 2122 1403 quanto
2165 1332 2357 1390 ardore
2399 1351 2454 1390 se
2496 1351 2527 1390 a
2575 1336 2834 1392 societate
2872 1337 3168 1409 impiorum
3227 1338 3508 1410 disjunxe-

1916 1425 2049 1491 rint,
2098 1433 2369 1497 martyres
2400 1428 2650 1500 requisiti
2691 1429 2897 1486 dicant.
2930 1431 3205 1501 Septimus
3233 1447 3363 1486 vero
3404 1431 3507 1487 cir-

1915 1513 2100 1570 cuitus
2145 1515 2212 1570 ad
2253 1531 2366 1584 eos,
2421 1518 2516 1589 qui
2566 1519 2906 1591 temporibus
2955 1519 3286 1576 Antichristi
3335 1519 3508 1575 futuri

1868 1643 1879 1652 .
1915 1611 2064 1671 sunt,
2095 1605 2362 1675 pertinet:
2398 1605 2492 1660 sed
2519 1615 2573 1661 et
2603 1607 2685 1662 illi
2717 1609 2993 1681 quomodo
3022 1608 3377 1676 Antichristi,
3409 1609 3507 1664 mi-

1916 1693 2327 1767 nistrorumque
2371 1693 2488 1765 ejus
2547 1695 2795 1753 devitent
2846 1698 3153 1769 perﬁdiam,
3213 1697 3327 1753 hic‘
3370 1698 3509 1754 liber

201 1787 482 1860 quomodo
533 1788 691 1843 illum
747 1786 1152 1859 portaverunt?
1200 1786 1566 1841 Portaverunt
1611 1784 1803 1857 utique
1834 1789 1880 1850 B
1916 1782 2250 1838 manifestat.
2301 1783 2545 1855 Septimo
2601 1801 2728 1856 ergo
2781 1785 2869 1841 die
2919 1787 3391 1843 circumeuntibus
3429 1803 3506 1842 sa-

199 1887 252 1933 et
297 1877 420 1944 illi;
482 1893 608 1932 nam
657 1876 829 1948 aliqui
871 1892 1063 1932 eorum
1111 1891 1234 1930 eum
1292 1874 1474 1930 verbis
1531 1873 1796 1946 prmdixe-

200 1975 349 2034 runt,
404 1965 581 2038 aliqui
645 1965 804 2023 factis
872 1965 1361 2038 praesignaverunt.
1431 1964 1796 2031 Quaarendum

198 2071 332 2110 vero
381 2055 547 2111 nobis
604 2063 686 2110 est
731 2055 866 2128 quid
895 2054 1161 2110 circuitus
1190 2053 1312 2121 iste,
1345 2054 1438 2126 qui
1469 2069 1564 2124 per
1591 2061 1798 2126 septem

194 2141 312 2198 dies
359 2143 544 2200 factus
593 2153 693 2211 est,
733 2144 1002 2215 designet.
1052 2143 1183 2199 Loci
1226 2159 1460 2216 namque
1489 2160 1651 2216 quem
1696 2143 1797 2200 cir-

190 2232 428 2301 cuimus,
469 2233 771 2304 ingressum
819 2233 1170 2299 devitamus;
1203 2249 1328 2288 nam
1369 2248 1494 2288 cum
1527 2249 1622 2304 per
1650 2233 1796 2287 viam

193 2323 497 2395 pergimus,
555 2324 601 2380 si
653 2324 868 2379 foveam
913 2331 1007 2379 aut
1060 2324 1253 2379 limum
1296 2323 1654 2397 profundum,
1703 2333 1799 2380 aut

190 2412 411 2484 aliquod
454 2413 758 2486 periculum
801 2412 1136 2479 invenimus,
1168 2411 1563 2468 circumeundo
1603 2412 1648 2467 si
1677 2429 1795 2484 pos-

191 2518 396 2570 sumus,
469 2501 778 2573 ingressum
830 2499 948 2572 ejus
1004 2499 1334 2568 devitamus,
1379 2510 1440 2556 ut
1489 2500 1795 2572 periculum

191 2590 516 2646 evadamus.
594 2589 815 2646 Jericho
888 2605 1124 2661 namque
1198 2589 1517 2656 circuimus,
1580 2588 1626 2644 si
1693 2589 1797 2644 iter

191 2677 319 2733 vitas
367 2679 662 2751 praesentis
707 2677 1007 2735 secundum
1058 2678 1398 2734 voluntatem
1438 2679 1537 2734 Dei
1568 2679 1795 2751 perﬁci-

199 2783 352 2831 mus;
411 2784 541 2822 nam
589 2767 842 2839 quamvis
879 2784 1005 2823 cum
1049 2767 1296 2839 reprobis
1326 2767 1656 2834 habitemus,
1697 2767 1796 2823 Je—

199 2856 353 2912 richo
396 2857 722 2925 circuimus,
763 2857 809 2912 si
851 2857 919 2912 ab
963 2874 1150 2912 eorum
1198 2855 1562 2928 pravitatibus
1617 2857 1796 2911 absti-

199 2963 411 3005 nemus.
463 2951 540 3005 De
593 2950 695 3007 hac
751 2951 1079 3006 circuitione
1127 2949 1266 3004 mihi
1323 2949 1545 3004 videtur
1589 2946 1795 3002 dixisse

198 3037 520 3094 Psalmista:
569 3063 586 3086 ι
613 3040 859 3098 Circuivi
905 3047 960 3094 et
1002 3037 1287 3093 immolavi
1337 3037 1395 3092 in
1443 3035 1796 3092 tabernaculo

197 3126 316 3198 ejus
346 3129 583 3185 hostiam
607 3129 961 3201 jubilationis
995 3130 1166 3199 (Psal.
1211 3146 1367 3195 xxvx,
1399 3128 1478 3199 6).
1511 3152 1530 3176 ι
1572 3127 1796 3185 Circui-

195 3215 278 3269 vit
307 3232 564 3289 namque,
597 3225 651 3272 et
680 3224 868 3288 postea
896 3216 1240 3292 immolavit;
1274 3216 1402 3287 quia
1429 3215 1573 3270 facta
1599 3230 1797 3286 repro-

195 3303 394 3359 borum
439 3307 594 3376 prius
650 3305 880 3376 sprevit,
939 3314 1000 3360 ut
1057 3304 1238 3360 hostia
1279 3303 1632 3375 jubilationis
1679 3301 1798 3373 ejus

193 3392 552 3462 acceptabilis
596 3395 711 3448 Deo
754 3392 925 3448 ﬁeret.
977 3392 1135 3448 Multi
1183 3392 1329 3446 enim
1362 3400 1512 3460 sunt,
1541 3392 1636 3464 qui
1664 3391 1795 3448 assi-

195 3479 304 3535 due
351 3481 576 3536 laudant
623 3483 836 3537 Deum:
889 3482 982 3537 sed
1033 3481 1160 3552 quia
1207 3481 1344 3536 vitia
1371 3498 1402 3535 a
1429 3497 1486 3536 se
1533 3480 1795 3552 repellere

193 3569 418 3636 nolunt,
473 3587 664 3626 eorum
709 3569 1045 3626 laudationis
1071 3569 1251 3624 hostia
1290 3585 1402 3624 non
1431 3576 1514 3624 est
1552 3579 1794 3641 accepta-

194 3656 326 3712 bilis
381 3661 516 3714 Deo.
576 3660 761 3715 Prima
820 3659 990 3730 igitur
1037 3658 1294 3715 circuitio
1336 3657 1405 3713 ad
1457 3675 1550 3714 eos
1591 3658 1792 3730 justos,

194 3744 289 3816 qui
331 3755 458 3802 ante
507 3746 787 3802 diluvium
823 3747 1069 3815 fuerunt,
1111 3747 1368 3819 pertinet,
1419 3748 1512 3818 qui
1543 3747 1646 3802 ﬁlii
1693 3747 1793 3802 Dei

195 3833 330 3890 dicti
377 3843 526 3891 sunt.
561 3836 853 3893 Civitatem
886 3837 1056 3908 igitur
1101 3835 1320 3893 Jericho
1346 3835 1538 3892 tandiu
1563 3835 1792 3892 circuie-

197 3931 345 3991 runt,
401 3925 649 4000 quamdiu
693 3941 724 3980 a
772 3926 1028 3982 societate
1080 3925 1438 3998 reproborum
1495 3940 1552 3981 se
1607 3939 1792 3996 seque-

195 4018 532 4069 straverunt.
569 4015 862 4085 Postquam
909 4015 1077 4086 igitur
1131 4030 1254 4070 arca
1299 4015 1419 4081 Dei,
1451 4021 1504 4068 et
1558 4015 1795 4086 populus

194 4099 415 4158 Jericho
444 4102 730 4158 civitatem
779 4102 1137 4169 circuierunt,
1167 4101 1235 4156 ad
1265 4109 1444 4159 castra
1471 4101 1753 4157 redierunt
1778 4121 1792 4169 ;

192 4189 319 4259 quia
365 4191 748 4264 unusquisque
788 4190 972 4262 justus
1019 4190 1364 4246 circuitionis
1409 4208 1518 4246 suae
1549 4198 1794 4262 tempore

187 4281 437 4350 expleto,
468 4290 591 4352 post
620 4289 852 4336 mortem
878 4280 947 4335 ad
978 4281 1291 4336 societatem
1321 4281 1640 4350 electorum,
1673 4297 1793 4353 quae

183 4377 309 4424 sunt
371 4379 566 4427 castra
637 4378 974 4438 sanctorum,
1047 4371 1272 4427 dicitur.
1348 4370 1610 4426 Secunda:
1683 4371 1794 4426 diei

185 4460 466 4519 circuitus
527 4462 594 4518 ad
662 4479 776 4530 eos,
833 4463 928 4535 qui
987 4472 1107 4534 post
1171 4461 1446 4517 diluvium
1501 4478 1670 4533 usque
1726 4461 1793 4516 ad

184 4547 422 4622 Moysen:
470 4551 715 4619 fuerunt,
764 4552 1038 4623 pertinet:
1093 4552 1186 4625 qui
1245 4559 1298 4608 et
1350 4550 1454 4623 ipsi
1511 4550 1793 4606 civitatem

191 4639 406 4698 Iericho
474 4643 850 4710 circuierunt;
892 4644 1021 4716 quia
1050 4643 1120 4700 ab
1176 4642 1563 4716 iniquitatibus
1611 4659 1792 4714 repro-

194 4725 389 4786 borum
440 4747 498 4787 se
545 4741 952 4802 separaverunt.
995 4733 1131 4787 Nam
1177 4741 1229 4788 et
1275 4730 1573 4799 Abraham,
1606 4747 1792 4803 quam-

195 4817 278 4872 vis
331 4821 480 4876 inter
519 4821 868 4876 Amorrhazos
905 4821 1196 4889 habitaret,
1246 4838 1356 4876 non
1409 4822 1587 4876 solum
1634 4819 1792 4888 vitia,

195 4906 286 4961 sed
321 4911 494 4965 etiam
522 4926 816 4980 corporum
861 4911 1174 4967 societatem
1205 4911 1261 4964 in
1307 4918 1518 4966 tantum
1551 4909 1790 4977 horruit,

198 5003 257 5049 ut
304 4997 422 5054 ﬁlio
455 5015 556 5054 suo
585 5015 654 5053 ex
684 4998 904 5054 ﬁliabus
949 5016 1134 5054 eorum
1178 4999 1349 5053 nollet
1375 4999 1620 5070 accipere
1657 5016 1791 5054 uxo-

198 5099 332 5142 rem.
367 5089 437 5144 Et
486 5087 553 5143 de
598 5087 762 5154 Loth,
813 5087 908 5160 qui
955 5087 1097 5159 apud
1145 5087 1452 5142 Sodomitas
1490 5086 1790 5155 habitabat,

200 5172 444 5246 loquitur
491 5177 686 5232 beatus
729 5178 943 5244 Petrus,
992 5175 1088 5248 qui
1132 5175 1323 5230 auditu
1372 5183 1426 5230 et
1466 5175 1588 5229 visu
1611 5174 1794 5246 justus

198 5271 311 5317 erat
353 5267 440 5335 (II
488 5267 633 5327 Petr.
689 5283 750 5332 ιι,
801 5267 880 5335 7),
917 5264 1170 5320 habitans
1221 5263 1365 5336 apud
1415 5280 1526 5331 eos,
1581 5263 1675 5336 qui
1726 5263 1792 5319 de

198 5350 286 5406 die
335 5353 390 5410 in
433 5355 580 5410 diem
630 5354 868 5409 animam
893 5353 1098 5425 justam
1135 5353 1339 5425 iniquis
1369 5354 1626 5425 operibus
1653 5371 1790 5410 cru-

203 5441 439 5501 ciabant.
489 5444 697 5500 Eodem
732 5443 896 5499 modo
930 5451 982 5500 et
1032 5443 1236 5500 caeteri.
1277 5442 1493 5500 Tertius
1520 5460 1650 5499 vero
1688 5443 1790 5499 cir-

201 5528 382 5587 cuitus
415 5531 482 5587 ad
520 5549 611 5588 eos
658 5531 750 5605 qui
806 5531 908 5587 sub
947 5531 1063 5604 lege
1093 5531 1338 5600 fuerunt,
1377 5531 1654 5602 pertinet:
1696 5531 1788 5603 qui

207 5633 411 5695 quanta
463 5625 838 5683 sollicitudine
879 5643 911 5682 a
948 5625 1206 5686 societate
1254 5625 1572 5701 iniquorum
1620 5642 1676 5682 se
1713 5642 1791 5683 se-

1863 1881 1866 1884 ’
1909 1876 2226 1932 cerdotibus
2263 1893 2386 1932 cum
2420 1894 2544 1934 arca
2590 1878 2831 1948 Jericho,
2864 1887 3025 1952 atque
3055 1879 3506 1947 vociferantibus,

1909 1966 2054 2021 muri
2116 1965 2333 2023 Jericho
2380 1966 2719 2036 ceciderunt,
2771 1969 3059 2041 omnisque
3105 1970 3338 2041 populus
3379 1987 3506 2026 cum

1911 2069 2034 2125 rege
2092 2071 2190 2108 suo
2240 2055 2563 2110 interfectus
2615 2065 2733 2122 est;
2793 2057 2923 2128 quia
2976 2057 3402 2128 praedicantibus
3449 2058 3506 2113 in

1909 2141 2019 2196 ﬁne
2085 2142 2278 2198 mundi
2354 2143 2806 2214 praedicatoribus
2881 2146 3154 2214 veritatis,
3231 2146 3508 2218 ﬁnemque

1909 2231 2104 2287 mundi
2133 2233 2614 2301 annuntiantibus,
2637 2233 2822 2289 subito
2845 2233 2971 2289 ﬁnis
2999 2234 3194 2289 mundi
3227 2235 3504 2304 adveniet,

1907 2320 2198 2393 omnisque
2262 2321 2458 2376 civitas
2508 2321 2716 2377 diaboli
2773 2321 3103 2390 destruetur,
3165 2333 3328 2397 atque
3379 2341 3505 2380 cum

1906 2409 2026 2480 ipso
2084 2409 2262 2481 capite
2301 2427 2400 2464 suo
2446 2409 2700 2465 diabolus
2747 2419 3008 2483 perpetua
3054 2421 3229 2468 morte
3268 2413 3506 2468 damna—
3577 2419 3582 2422 ’

1905 2498 2075 2553 bitur.

1976 2587 2232 2659 Legimus
2269 2589 2433 2644 etiam
2493 2589 2547 2643 in
2597 2589 2739 2644 libro
2780 2590 3032 2645 Iudicum
3066 2591 3293 2645 Samson
3323 2591 3504 2647 fortis-

1905 2675 2107 2731 simum
2155 2675 2410 2732 habuisse
2467 2683 2672 2746 septem
2727 2677 2906 2732 crines
2971 2678 3169 2748 (Judic.
3219 2696 3336 2746 xvr,
3389 2679 3502 2749 13).

1907 2765 2136 2820 Samson
2203 2764 2486 2820 Christum
2541 2765 2850 2835 signiﬁcat:
2922 2783 3018 2837 per
3083 2767 3312 2838 capillos
3374 2785 3505 2824 vero

1905 2870 2097 2910 omnes
2129 2854 2288 2909 electi
2318 2853 2694 2925 designantur.
2727 2857 2796 2910 Et
2828 2855 2971 2912 sicut
3000 2857 3184 2928 capilli
3223 2857 3505 2914 adhaerent

1905 2943 2093 3014 capiti,
2158 2943 2234 2998 ita
2288 2953 2342 2998 et
2382 2959 2573 2998 omnes
2605 2942 2742 3014 justi
2791 2944 3070 3000 adhzerent
3127 2945 3368 3014 Christo,
3408 2947 3502 3019 qui

1905 3043 2068 3106 caput
2117 3043 2197 3090 est
2236 3035 2483 3090 omnium
2533 3037 2831 3092 electorum
2859 3052 3085 3091 suorum
3115 3055 3126 3092 :
3160 3044 3213 3092 et
3238 3037 3382 3093 sicut
3417 3052 3502 3093 ca-

1830 3147 1873 3207 ρ
1905 3124 2027 3195 pilli
2073 3124 2302 3180 Samson
2354 3125 2409 3180 in
2454 3135 2658 3199 septem
2706 3134 2884 3196 partes
2931 3124 3099 3181 divisi
3149 3133 3298 3192 sunt,
3330 3125 3408 3181 ita
3447 3133 3502 3183 et

1903 3214 2084 3268 omnis
2139 3214 2436 3270 electorum
2497 3231 2758 3270 numerus
2811 3215 2868 3269 in
2923 3223 3128 3286 septem
3179 3222 3358 3287 partes
3401 3231 3499 3286 pro

1904 3309 2216 3375 temporum
2247 3303 2606 3375 qualitatibus
2634 3301 2810 3359 dividi
2843 3310 3043 3374 potest,
3073 3303 3214 3360 sicut
3245 3302 3499 3376 superius

1903 3390 2424 3447 demonstravimus.

1975 3481 2080 3536 Sed
2105 3489 2160 3536 et
2193 3481 2296 3537 hoc
2325 3481 2472 3555 quod
2508 3481 2564 3536 in
2595 3481 2885 3537 Salomone
2912 3480 3178 3552 scriptum
3215 3489 3322 3536 est:
3364 3505 3382 3527 ι
3408 3482 3498 3537 Sa-

1904 3569 2112 3642 pientia
2161 3570 2456 3626 aediﬁcavit
2501 3571 2605 3626 sibi
2655 3570 2902 3638 domum,
2963 3569 3171 3626 excidit
3215 3570 3502 3628 columnas

1904 3668 2109 3730 septem
2153 3660 2342 3730 (Prov.
2379 3677 2458 3727 1x,
2499 3660 2584 3731 1);
2631 3685 2649 3708 ι
2707 3667 2885 3731 potest
2933 3657 3065 3715 huic
3110 3667 3298 3716 nostro
3341 3660 3500 3716 intel-

1903 3746 2072 3803 lectui
2120 3748 2436 3804 convenire.
2483 3748 2758 3821 Sapientia
2796 3765 3030 3822 namque
3070 3748 3365 3805 aediﬁcavit
3393 3749 3499 3805 sibi

1903 3833 2152 3902 domum,
2184 3835 2404 3907 quando
2433 3837 2702 3892 Dominus
2736 3844 2922 3892 noster
2962 3837 3117 3892 Jesus
3149 3837 3404 3894 Christus
3431 3838 3500 3893 ab

1904 3921 2067 3977 initio
2097 3923 2289 3978 mundi
2338 3941 2510 3996 usque
2555 3925 2623 3980 ad
2669 3927 2830 3980 linem
2864 3925 2982 3997 ejus
3009 3941 3080 3980 ex
3110 3925 3501 3982 numerositate

1902 4011 2201 4067 electorum
2236 4013 2536 4092 Ecclesiam
2586 4014 2691 4070 sibi
2735 4014 3048 4070 construxit
3086 4021 3140 4068 et
3172 4021 3454 4071 construet
3484 4033 3495 4069 :

1903 4103 2110 4159 excidit
2133 4104 2417 4160 columnas
2445 4113 2672 4178 septem,
2707 4105 2926 4177 quando
2957 4104 3026 4159 iis
3053 4112 3257 4175 septem
3295 4113 3500 4174 tempo-

1903 4193 2056 4248 ribus
2085 4193 2487 4264 praedicatores,
2516 4195 2612 4268 qui
2641 4195 2874 4265 singulis
2917 4192 3258 4266 temporibus
3302 4208 3499 4248 conve-

1903 4280 2108 4349 nirent,
2139 4282 2195 4336 in
2227 4283 2471 4339 Ecclesia
2496 4301 2593 4338 sua
2621 4283 2833 4350 statuit,
2875 4283 2969 4355 qui
2997 4290 3052 4337 et
3083 4280 3312 4336 monitis
3360 4281 3501 4336 salu-

1902 4370 2134 4438 taribus,
2181 4377 2327 4433 504
2371 4381 2426 4428 et
2482 4373 2751 4428 bonorum
2793 4386 3019 4442 operum
3068 4369 3337 4444 exemplis
3380 4387 3498 4427 eam

1903 4469 2288 4516 sustentarent.

1975 4553 2271 4608 Possumus
2300 4561 2353 4609 et
2384 4551 2490 4609 hoc
2515 4551 2662 4626 quod
2697 4551 2837 4607 idem
2870 4551 3129 4607 Salomon
3162 4550 3218 4606 in
3240 4550 3349 4607 alio
3379 4551 3501 4607 loco

1903 4642 2080 4714 ponit,
2110 4642 2299 4698 dicens
2324 4661 2335 4698 :
2386 4669 2402 4690 ι
2433 4645 2512 4699 Da
2543 4649 2750 4714 partem
2794 4651 3023 4714 septem,
3047 4658 3260 4697 necnon
3292 4650 3346 4698 et
3373 4649 3501 4698 octo

1907 4732 2104 4801 (Eccle.
2140 4749 2220 4798 χι,
2266 4733 2346 4802 2),
2375 4755 2392 4777 ι
2436 4731 2566 4786 huic
2619 4739 2819 4786 nostrae
2859 4730 3194 4802 eXpositioni
3226 4739 3497 4802 coaptare.

1904 4818 2149 4874 Primum
2203 4820 2372 4891 igitur
2435 4819 2788 4892 quaerendum
2847 4822 3008 4878 nobis
3062 4831 3164 4890 est,
3230 4823 3363 4896 quid
3429 4824 3503 4881 sit

1903 4909 2050 4966 unde
2081 4918 2259 4982 partes
2303 4910 2477 4966 facere
2509 4911 2880 4982 praecipimur.
2930 4913 3027 4967 Est
3068 4929 3303 4986 namque
3329 4911 3500 4985 quod-

1903 4999 2027 5054 dam
2051 4999 2279 5068 bonum,
2317 5007 2369 5055 et
2399 5000 2577 5071 ipsum
2617 5009 2698 5056 est
2728 5017 3005 5056 summum
3053 5001 3282 5069 bonum,
3323 5002 3500 5057 chari-

1902 5095 1984 5144 tas
2012 5089 2292 5156 videlicet,
2327 5107 2448 5162 quae
2499 5091 2606 5146 nisi
2646 5093 2906 5162 patiatur,
2956 5093 3256 5163 perfectum
3290 5093 3497 5148 bonum

1903 5195 2012 5232 non
2071 5179 2211 5244 erit;
2273 5179 2510 5250 partitur
2562 5180 2709 5236 enim
2770 5180 2826 5234 in
2879 5181 3229 5238 dilectionem
3276 5181 3395 5248 Dei,
3447 5190 3500 5236 et

1902 5267 2254 5325 dilectionem
2314 5267 2598 5340 proximi:
2653 5286 2774 5342 quae
2835 5287 2962 5326 cum
3015 5287 3125 5325 una
3187 5270 3276 5336 sit,
3335 5268 3501 5324 habet

1900 5363 2084 5412 tamen
2112 5358 2224 5413 duo
2251 5357 2496 5425 brachia,
2545 5376 2663 5431 qua:
2703 5359 3131 5432 circumquaque
3173 5357 3497 5424 extendens,

1900 5456 1954 5503 et
2000 5449 2174 5503 Deum
2223 5446 2568 5515 hominibus,
2618 5457 2672 5504 et
2719 5447 2974 5502 homines
3029 5449 3140 5502 Deo
3187 5444 3494 5516 conjungit.

1900 5535 2041 5592 Sunt
2073 5544 2127 5591 et
2155 5535 2277 5591 duae
2307 5537 2456 5604 vitae,
2492 5552 2597 5592 una
2622 5551 2742 5606 quae
2782 5535 2984 5600 activa,
3027 5535 3195 5588 altera
3225 5549 3346 5605 quae
3370 5549 3496 5589 con-

1903 5623 2225 5696 templativa
2274 5631 2643 5696 nuncupatur.
2688 5622 2922 5680 Dilectio
2964 5621 3204 5694 proximi
3253 5621 3320 5679 ad
3366 5623 3498 5681 acti-
