4068 6182
635 283 740 347 855

637 424 784 476 vam,
819 406 1043 464 dilectio
1072 415 1253 463 autem
1286 407 1381 463 Dei
1415 409 1632 481 proprie
1653 409 1720 464 ad
1741 410 2224 482 contemplativam

634 500 892 571 pertinet.
968 498 1262 551 Possumus
1336 497 1504 570 igitur
1577 515 1672 570 per
1745 507 1949 572 septem
2009 517 2226 556 omnem

635 593 930 647 electorum
979 588 1413 655 multitudinem,
1463 605 1560 661 per
1605 598 1729 646 octo
1768 608 1898 646 vero
1926 593 2226 647 Dominum

633 692 882 740 nostrum
945 683 1128 737 Jesum
1187 683 1466 740 Christum
1537 681 1878 754 intelligere;
1948 699 2012 738 eo
2081 683 2228 755 quod

633 782 824 830 octava
851 773 939 828 die
989 775 1366 830 resurrexerit.
1407 774 1590 830 Sancti
1637 774 1820 846 itaque
1867 774 1966 828 Dei
2019 783 2226 845 partem

630 863 833 917 amoris
885 864 970 917 sui
1027 871 1232 934 septem
1289 863 1444 928 dant,
1485 880 1606 918 cum
1668 864 1723 917 in
1763 863 2042 918 exercitiis
2095 862 2224 918 vitae

629 952 822 1008 activae
871 961 1243 1024 occupantur;
1278 952 1535 1008 videlicet
1582 970 1707 1008 cum
1739 969 1923 1008 curam
1973 952 2228 1025 proximo

627 1059 742 1098 non
769 1043 945 1098 solum
974 1043 1269 1109 carnalem,
1296 1042 1388 1097 sed
1419 1050 1472 1097 et
1502 1043 1841 1114 spiritualem
1871 1043 2224 1115 impendunt.

629 1133 771 1188 Dant
822 1132 987 1186 etiam
1035 1139 1240 1203 partem
1297 1140 1441 1199 octo,
1491 1148 1615 1188 cum
1665 1148 1756 1188 eos
1813 1149 1967 1187 amor
2011 1131 2111 1188 Dei
2157 1133 2226 1188 ad

627 1221 1147 1292 contemplationem
1180 1220 1296 1292 ejus
1325 1222 1524 1276 iterum
1564 1229 1802 1278 revocat.
1839 1222 2048 1278 Aliter:
2083 1223 2225 1278 Par-

627 1317 733 1365 tem
766 1317 973 1382 septem
997 1311 1213 1378 damus,
1259 1327 1384 1366 cum
1412 1311 1615 1366 sanctis
1645 1311 1742 1366 Dei
1774 1310 2013 1366 debitam
2046 1327 2228 1366 vene-

626 1400 894 1456 rationem
925 1399 1285 1455 exhibemus:
1323 1409 1527 1472 partem
1559 1411 1682 1456 octo
1713 1401 1926 1469 damus,
1949 1417 2076 1457 cum
2109 1403 2224 1457 Deo

625 1490 856 1548 creatori
886 1498 1073 1546 nostro
1105 1490 1352 1547 debitum
1383 1492 1593 1548 cultum
1631 1490 2019 1563 impendimus.

699 1643 879 1713 (Vers.
907 1645 1019 1715 17.)
1052 1644 1347 1716 Sequitur:
1392 1645 1465 1700 Et
1502 1661 1617 1698 eum
1658 1644 1900 1698 vidissem
1950 1661 2088 1709 eum,
2137 1661 2228 1699 ce-

623 1733 730 1787 cidi
757 1735 829 1788 ad
853 1735 1004 1804 pedes
1039 1735 1152 1804 ejus
1199 1741 1450 1804 tanquam
1496 1740 1754 1790 mortuus.
1801 1735 1940 1790 Ecce
1969 1736 2224 1805 Joannes,

625 1822 721 1895 qui
755 1822 860 1877 sibi
891 1830 1030 1877 stare
1061 1822 1371 1890 videbatur,
1400 1823 1524 1878 viso
1555 1822 1812 1891 Domino,
1845 1823 2044 1879 cecidit
2092 1833 2226 1879 tan-

625 1927 789 1982 quam
859 1919 1144 1977 mortuus;
1213 1911 1342 1984 quia
1417 1913 1795 1986 unusquisque
1856 1913 1943 1969 vir
2006 1922 2228 1970 sanctus

627 2007 894 2072 quantum
946 2017 1002 2056 se
1059 2001 1126 2057 ad
1181 2002 1661 2073 contemplandam
1719 2001 2071 2058 divinitatem
2129 2003 2226 2059 Dei

625 2089 793 2145 altius
848 2089 1104 2156 erexerit,
1159 2097 1312 2144 tanto
1367 2090 1512 2163 apud
1569 2108 1625 2147 se
1674 2090 1946 2146 introrsus
1994 2092 2227 2148 inferius

625 2177 806 2244 cadit;
851 2177 977 2248 quia
1018 2177 1077 2232 in
1125 2177 1532 2250 comparatione
1582 2179 1681 2234 Dei
1727 2179 1844 2251 ejus
1905 2180 2225 2251 magnitudo

624 2282 788 2338 quam
822 2284 988 2339 parva
1017 2269 1109 2336 sit,
1145 2269 1305 2325 facile
1353 2269 1632 2341 perspicit.
1666 2269 1819 2325 Unde
1865 2277 1918 2325 et
1963 2278 2222 2342 tanquam

624 2365 876 2413 mortuus
918 2357 1139 2426 cecidit,
1169 2358 1302 2430 quia
1339 2357 1394 2412 in
1430 2360 1835 2429 comparatione
1865 2361 1961 2414 Dei
1997 2376 2052 2414 se
2082 2360 2222 2416 nihil

623 2464 740 2504 esse
788 2449 1084 2521 perspexit.
1146 2449 1229 2504 Ad
1288 2449 1450 2521 pedes
1499 2451 1718 2516 cecidit,
1775 2451 1902 2523 quia
1961 2451 2226 2507 incarna—

627 2537 796 2592 tionis
839 2537 956 2609 ejus
1018 2537 1365 2610 mysterium,
1408 2537 1554 2611 quod
1601 2554 1694 2610 per
1727 2539 1890 2610 pedes
1936 2539 2220 2612 ﬁguratur,

626 2641 682 2682 se
737 2627 893 2682 nullo
952 2627 1116 2683 modo
1175 2627 1637 2700 comprehendere
1700 2645 1856 2700 posse
1921 2631 2219 2701 perspexit.

624 2717 700 2772 Et
741 2715 922 2787 posuit
968 2733 1184 2770 manum
1230 2733 1377 2770 suam
1419 2733 1576 2787 super
1620 2733 1700 2770 me
1733 2718 1908 2771 dicens
1929 2736 1946 2772 :
1996 2719 2121 2773 Noli
2149 2720 2225 2774 ti—

623 2821 780 2860 mere.
858 2805 1011 2861 Sicut
1065 2822 1258 2861 manus
1325 2806 1381 2860 in
1458 2823 1685 2878 corpore
1761 2807 1998 2878 plurima
2059 2807 2224 2864 habet

625 2895 824 2962 oﬂicia,
854 2895 931 2950 ita
960 2904 1013 2951 et
1042 2912 1236 2950 manus
1263 2896 1360 2951 Dei
1392 2895 1446 2950 in
1481 2895 1688 2952 divinis
1717 2897 2017 2968 Scripturis
2038 2898 2223 2968 pluri~

625 3000 742 3039 mas
794 2983 1254 3056 signiﬁcationes;
1280 2985 1381 3040 Job
1411 3001 1648 3057 namque
1670 2985 1944 3057 ﬂagellum
1976 2987 2072 3041 Dei
2099 3003 2224 3041 ma-

628 3089 761 3128 num
792 3073 890 3128 Dei
913 3081 1093 3138 vocat,
1123 3089 1248 3128 cum
1279 3072 1448 3129 dicit:
1493 3098 1510 3120 ε
1541 3075 1760 3128 Manum
1789 3084 1933 3129 tuam
1957 3074 2114 3145 longe
2136 3075 2221 3132 fac

625 3178 656 3217 a
702 3177 812 3229 me,
853 3168 905 3216 et
949 3160 1187 3216 formido
1232 3169 1325 3217 tua
1362 3179 1474 3217 non
1521 3179 1606 3217 me
1662 3170 1862 3218 terreat
1919 3164 2038 3235 (Job
2093 3179 2216 3232 xm,

625 3251 740 3322 21).
775 3274 793 3298 ι
836 3251 906 3305 Et
962 3249 1161 3306 iterum
1208 3251 1400 3307 amicis
1445 3251 1618 3308 dicit:
1662 3275 1680 3299 ι
1709 3251 2042 3308 Miseremini
2088 3253 2217 3320 mei,

624 3342 964 3398 miseremini
997 3343 1125 3411 mei,
1156 3345 1347 3399 saltem
1380 3359 1477 3398 vos
1505 3343 1666 3398 amici
1700 3344 1844 3410 mei;
1871 3343 1998 3416 quia
2026 3360 2220 3399 manus

622 3432 845 3488 Domini
896 3432 1078 3504 tetigit
1123 3449 1208 3488 me
1259 3432 1378 3504 (Job
1416 3449 1535 3499 xxx,
1595 3432 1708 3502 21).
1742 3455 1758 3479 ι
1794 3433 1928 3488 Nam
1977 3441 2028 3489 et
2061 3433 2220 3489 .lere—

627 3521 792 3576 miam
843 3539 1006 3576 manu
1049 3521 1329 3592 sapientia:
1374 3521 1641 3576 Dominus
1688 3521 1889 3591 tetigit,
1926 3523 2069 3577 sicut
2104 3522 2217 3593 ipse

623 3607 798 3664 dicit:
843 3630 860 3654 ι
892 3610 963 3663 Et
1006 3608 1156 3663 misit
1187 3608 1455 3664 Dominus
1491 3623 1712 3663 manum
1739 3625 1914 3676 suam,
1946 3615 2000 3663 et
2039 3609 2220 3680 tetigit

626 3711 688 3752 os
719 3712 923 3764 meum,
962 3703 1016 3752 et
1063 3696 1209 3752 dixit
1241 3697 1418 3753 mihi:
1458 3698 1597 3753 Ecce
1644 3698 1771 3753 dedi
1802 3699 1968 3753 verba
1997 3714 2115 3753 mea
2161 3697 2219 3753 in

625 3799 719 3840 ore
769 3793 865 3840 tuo
911 3785 1123 3857 (Jerem.
1157 3803 1198 3854 1,
1229 3787 1309 3857 9).
1343 3811 1360 3834 ι
1405 3786 1674 3842 Similiter
1715 3796 1769 3844 et
1814 3787 2004 3842 Daniel
2053 3803 2221 3843 manu

624 3873 1050 3931 confortationis
1069 3876 1165 3931 Dei
1200 3884 1377 3932 tactus
1407 3883 1505 3944 est,
1540 3876 1757 3948 quando
1792 3883 2010 3948 propter
2041 3876 2222 3931 visio-

624 3978 749 4020 nem
781 3965 1080 4036 angelicam
1106 3966 1162 4021 in
1185 3974 1327 4021 terra
1360 3975 1660 4038 prostratus
1679 3965 1886 4038 jacens,
1904 3983 2126 4021 manum
2150 3965 2218 4020 ad

622 4067 678 4108 se
702 4053 923 4110 missam
958 4055 1122 4123 vidit,
1145 4073 1263 4128 quae
1295 4071 1420 4111 eum
1451 4055 1807 4124 confortavit,
1834 4055 1924 4111 cui
1954 4064 2009 4111 et
2038 4054 2213 4110 dixit:

637 4167 655 4190 ι
686 4144 950 4218 Loquere,
983 4145 1238 4214 Domine,
1269 4146 1529 4220 quoniam
1577 4145 1899 4202 confortasti
1930 4161 2016 4200 me
2049 4145 2215 4215 (Dan.

621 4250 680 4302 x,
713 4233 822 4305 19).
862 4260 880 4282 ι
927 4235 1036 4292 Hac
1063 4252 1190 4308 ergo
1219 4235 1639 4292 confortationis
1675 4251 1842 4290 manu
1872 4233 2013 4290 idem
2046 4235 2220 4289 Joan-

621 4338 717 4378 nes
744 4331 922 4380 tactus
951 4331 1051 4393 est,
1084 4342 1203 4397 quae
1231 4341 1356 4380 eum
1389 4341 1457 4380 ne
1486 4341 1542 4380 se
1574 4325 1719 4380 ultra
1748 4322 1971 4378 modum
2002 4321 2216 4394 dejice-

622 4418 705 4466 ret
730 4413 1094 4469 coufortando
1123 4413 1319 4470 erexit.

695 4560 874 4630 (Vers.
903 4561 1015 4631 18.)
1047 4563 1160 4631 Ego
1190 4579 1306 4616 sum
1332 4562 1542 4632 prim-us
1569 4568 1616 4616 et
1642 4560 1974 4616 novissimus.
2004 4558 2060 4614 Si
2093 4559 2215 4630 pri-

620 4664 762 4715 mus,
795 4665 894 4704 cur
922 4649 1068 4705 dixit
1097 4650 1260 4705 Arius
1290 4651 1496 4706 Filium
1529 4650 1626 4707 Dei
1657 4650 1880 4706 initium
1913 4647 2169 4704 habuisse
2191 4648 2220 4704 ‘l

617 4737 675 4794 Si
707 4737 855 4793 enim
899 4738 1121 4795 initium
1154 4738 1370 4808 habuit,
1403 4756 1513 4795 non
1557 4739 1673 4810 ipse
1713 4738 1944 4810 primus,
1979 4736 2072 4792 sed
2101 4736 2216 4809 ipse

617 4841 648 4881 a
677 4841 786 4898 quo
821 4826 1047 4884 initium
1088 4828 1343 4899 sumpsit,
1385 4827 1512 4883 fuit.
1563 4827 1779 4883 Primus
1813 4842 1940 4898 ergo
1998 4833 2051 4881 et
2106 4842 2218 4881 no-

616 4913 878 4971 vissimus
924 4916 1038 4988 ipse
1067 4924 1166 4985 est,
1214 4917 1342 4991 quia
1383 4916 1546 4972 sicuti
1592 4916 1756 4972 ﬁnem
1808 4932 1918 4971 non
1965 4914 2211 4982 habebit,

613 5002 695 5059 sic
724 5019 825 5061 nec
853 5004 1077 5061 initium
1107 5005 1319 5062 habuit.
1368 5009 1441 5063 Et
1470 5007 1555 5077 fui
1584 5012 1844 5074 mortuus,
1876 5012 1923 5060 et
1959 5022 2064 5060 ecce
2092 5021 2211 5060 sum

612 5091 790 5146 vivens
832 5093 888 5148 in
926 5097 1117 5151 scecula
1163 5097 1494 5151 swculorum.
1545 5096 1660 5152 Hoc
1693 5094 2044 5150 manifestum
2107 5101 2207 5149 est.

609 5184 685 5240 Et
716 5185 875 5240 habeo
903 5187 1073 5242 claves
1100 5188 1286 5243 mortis
1319 5194 1366 5242 et
1397 5187 1613 5258 inferni.
1647 5187 1751 5254 Qui
1778 5187 1990 5244 clavem
2040 5184 2213 5241 alicu-

603 5271 696 5344 jus
725 5273 922 5330 domus
959 5275 1145 5342 habet,
1184 5293 1344 5350 quem
1391 5276 1531 5344 vult,
1566 5275 1928 5342 intromittit;
1958 5281 2012 5329 et
2041 5290 2210 5347 quem

610 5363 748 5430 vult,
781 5363 848 5418 ab
895 5363 1145 5435 ingressu
1189 5364 1385 5420 domus
1434 5364 1670 5436 repellit.
1705 5363 1804 5418 Per
1836 5363 2046 5419 clavem
2080 5381 2209 5436 ergo

607 5459 843 5522 potestas
886 5453 1015 5509 Filii
1048 5455 1148 5509 Dei
1180 5452 1527 5524 intelligitur.
1578 5451 1774 5509 Claves
1805 5451 1974 5524 igitur
2011 5453 2210 5510 mortis

607 5547 661 5594 et
699 5541 901 5597 inferni
934 5541 1048 5615 ipse
1080 5541 1352 5614 possidet;
1400 5541 1528 5612 quia
1557 5557 1692 5613 quos
1726 5541 1868 5609 vult,
1898 5559 1930 5598 a
1963 5541 2210 5598 damna-

607 5627 758 5687 tione
814 5632 1009 5688 mortis
1047 5639 1324 5707 perpetuae
1379 5630 1810 5689 misericorditer
1866 5631 2097 5703 liberat;
2151 5640 2208 5691 et

1655 287 1749 342 AD
1786 285 2019 342 OPEBA
2057 285 2112 341 S.
2155 285 2487 344 AMBROSII
2525 286 2904 344 APPENDIX.

3772 311 3850 371 856

2265 416 2313 474 Α
2344 427 2480 502 quos
2535 412 2677 480 vult,
2739 411 2798 466 in
2855 411 3047 469 eodem
3094 413 3456 475 damnationis
3499 424 3706 493 periculo
3739 432 3852 502 justo

2331 501 2545 573 judicio
2577 519 2859 559 remanere
2884 503 3043 559 sinit.

2411 593 2592 663 (Vers.
2640 594 2754 664 19.)
2800 619 2817 640 ι
2846 595 3022 650 Scribe
3066 612 3187 666 ergo
3216 613 3332 668 qua:
3357 599 3538 669 vidisti,
3567 611 3608 659 ct
3629 623 3725 676 quae
3747 623 3852 685 sunt,

2337 688 2383 735 et
2411 698 2530 752 qua:
2558 689 2767 752 oportet
2784 684 2904 754 ﬁeri
2923 691 3043 755 post
3072 686 3196 740 hcec.
3230 686 3330 741 Hic
3359 686 3662 750 demonstrat
3698 714 3782 754 non
3812 684 3856 759 se

2338 769 2404 824 de
2452 773 2821 841 praesentibus
2864 781 2917 828 et
2961 774 3166 830 futuris
3207 779 3592 848 tantummodo,
3635 785 3712 839 sed
3736 797 3778 842 et
3805 791 3854 848 de

2338 859 2631 930 praeteritis
2663 862 3009 935 prophetiam
3049 866 3314 920 texuisse.
3345 868 3509 924 Scribe
3543 888 3647 942 ergo
3679 891 3773 944 qua
3803 881 3852 934 vi.

2338 949 2483 1017 disti,
2534 950 2591 1006 id
2633 959 2736 1019 est,
2776 970 2896 1026 quas
2944 954 3011 1010 de
3057 957 3348 1028 praeteritis
3376 959 3470 1014 tibi
3500 971 3690 1018 ostensa
3729 976 3850 1024 sunt:

2338 1056 2453 1109 quae
2505 1048 2644 1109 sunt,
2695 1049 2741 1096 et
2785 1061 2901 1113 qua:
2957 1053 3159 1116 oportet
3205 1048 3324 1120 ﬁeri
3368 1055 3482 1118 post
3534 1052 3644 1120 lucc,
3691 1053 3737 1108 id
3780 1066 3851 1125 est,

2339 1131 2629 1200 praesentia
2657 1140 2710 1187 et
2739 1132 2948 1190 futura.

2411 1222 2592 1292 (Vers.
2632 1221 2748 1295 20.)
2796 1225 3106 1294 Mysteriu-m
3151 1234 3340 1298 septem
3376 1231 3634 1286 stellarum
3668 1250 3773 1303 quas
3795 1237 3853 1288 ci-

2337 1310 2463 1366 disti
2509 1311 2566 1365 in
2604 1313 2820 1369 dextera
2868 1332 3000 1382 mea,
3044 1323 3093 1372 (ι
3137 1323 3329 1389 septem
3383 1321 3672 1376 candelabra
3716 1341 3851 1379 aurea.

2338 1399 2676 1456 Subauditur
2696 1403 2829 1474 quid
2859 1405 3196 1475 signiﬁcent.
3231 1407 3376 1475 Quid
3397 1419 3566 1465 autem
3593 1411 3854 1482 signiﬁcent,

2337 1490 2623 1547 subdendo
2679 1494 3025 1550 manifestat:
3080 1497 3302 1567 Septem,
3352 1497 3546 1571 inquit,
3574 1501 3712 1555 stellae
3732 1505 3855 1572 angeli

2336 1589 2459 1637 sunt
2487 1590 2674 1655 septem
2703 1587 3084 1654 Ecclesiarum,
3115 1593 3162 1641 et
3212 1594 3403 1658 septem
3431 1591 3717 1645 candelabra
3740 1610 3857 1647 aurea

2337 1679 2525 1744 septem
2554 1675 2802 1730 Ecclesiae
2829 1683 2975 1731 sunt.
3011 1676 3226 1748 Septem
3262 1677 3431 1748 igitur
3458 1681 3660 1751 angelos
3684 1689 3858 1736 rectores

2253 1777 2298 1838 Β
2341 1771 2545 1834 septem
2579 1764 2951 1820 Ecclesiarum
2975 1765 3237 1822 debemus
3255 1766 3575 1840 intelligere,
3595 1787 3652 1825 eo
3670 1771 3786 1843 quod
3797 1788 3859 1827 an-

2337 1855 2488 1926 gelus
2516 1855 2745 1911 nuntius
2785 1856 3216 1928 interpretatur:
3248 1865 3303 1914 et
3338 1858 3434 1930 qui
3465 1859 3668 1916 verbum
3696 1862 3772 1916 Dei
3798 1877 3858 1932 pe

2337 1944 2483 2016 pulis
2511 1946 2866 2015 annuntiant,
2897 1964 3009 2003 non
3042 1948 3501 2006 inconvenienter
3530 1950 3707 2023 angeli,
3729 1949 3774 2006 id
3805 1961 3860 2006 est

2337 2034 2545 2104 nuntii,
2579 2045 2869 2093 vocantur.
2903 2038 2975 2093 Et
3005 2037 3149 2094 sicut
3180 2055 3274 2111 per
3304 2047 3510 2111 septem
3541 2041 3774 2096 Ecclesias
3788 2056 3862 2094 una

2334 2123 2581 2180 Ecclesia
2637 2125 2931 2195 catholica,
2983 2127 3060 2184 ita
3103 2135 3157 2182 et
3200 2145 3294 2200 per
3339 2137 3541 2201 septem
3589 2138 3860 2186 rectoresse

2335 2225 2481 2289 ptem
2513 2217 2908 2288 Ecclesiarum,
2937 2238 3130 2280 omnes
3159 2231 3402 2282 rectores
3430 2225 3670 2282 Ecclesia:
3691 2225 3862 2282 catholi-

2334 2321 2410 2362 cae
2439 2304 2815 2378 designantur.

2405 2404 2632 2461 CAPUT
2659 2407 2729 2462 II.
2751 2438 2821 2448 —
2840 2407 3021 2479 (Vers.
3060 2410 3139 2482 1.)
3168 2412 3239 2466 Ει
3259 2414 3450 2484 angelo
3478 2413 3702 2468 Ecclesia
3722 2410 3864 2481 Ephesi

2333 2493 2536 2548 scribe:
2586 2495 2707 2550 Ηιεσ
2733 2495 2863 2550 dicit
2889 2497 2982 2566 qui
3013 2505 3144 2554 tenet
3174 2507 3372 2571 septem
3413 2503 3583 2557 stellas
3629 2501 3679 2554 in
3705 2500 3864 2553 dextera

2333 2599 2451 2651 sua,
2514 2585 2604 2654 qui
2664 2585 2905 2641 ambulat
2951 2587 3010 2641 in
3057 2589 3222 2644 medio
3255 2598 3451 2661 septem
3503 2577 3864 2646 candelabrorum

2332 2687 2640 2728 aureorum.
2673 2673 2775 2728 Per
2795 2675 3079 2731 dexteram
3100 2677 3200 2732 Dei
3225 2685 3471 2749 potestas
3489 2679 3579 2734 Dei
3601 2679 3651 2732 in
3674 2677 3759 2731 hoc
3783 2675 3866 2728 loco

2332 2767 2514 2831 potest
2553 2759 2869 2832 designari;
2912 2780 3007 2835 per
3053 2766 3258 2834 stellas,
3317 2767 3494 2824 sancti
3540 2765 3864 2838 pmdimtores.

2333 2848 2519 2905 Sancti
2587 2851 2759 2922 igitur
2820 2852 3202 2924 praedicatores
3258 2871 3434 2912 manu
3490 2855 3582 2912 Dei
3640 2858 3864 2916 tenentur;

2334 2937 2466 3010 quia
2505 2940 2571 2994 ab
2603 2940 2723 3013 ipso
2765 2941 3140 3013 gubernantur
3188 2952 3240 3000 et
3269 2953 3556 3018 reguntur,
3594 2951 3643 3000 et
3667 2943 3754 3015 ipsi
3777 2945 3869 2995 sunt

2332 3030 2600 3100 copulati,
2649 3031 2793 3090 sicut
2836 3033 2950 3106 ipse
2997 3035 3056 3090 in
3087 3037 3401 3108 Evangelio
3433 3037 3664 3109 loquitur
3694 3034 3865 3089 dicens:

2250 3135 2298 3198 Ο
2346 3141 2362 3163 ι
2402 3117 2555 3173 Sicut
2610 3121 2817 3192 palmes
2876 3139 2986 3177 nou
3054 3132 3232 3194 potest
3293 3126 3446 3182 ferre
3509 3127 3747 3189 fructum,
3793 3117 3868 3174 nisi

2329 3209 2589 3264 manserit
2620 3210 2676 3265 in
2708 3211 2857 3280 vite;
2889 3212 2969 3269 sic
3005 3221 3060 3268 et
3097 3231 3213 3283 vos,
3249 3216 3364 3272 nisi
3393 3217 3448 3271 in
3479 3233 3561 3272 me
3602 3209 3866 3269 manseritis-

2329 3298 2511 3368 (Joan.
2561 3317 2660 3366 xv,
2714 3300 2795 3371 4).
2833 3326 2851 3349 ι
2893 3303 2954 3358 In
3003 3303 3186 3360 medio
3242 3321 3385 3361 vero
3439 3313 3633 3377 septem
3676 3299 3867 3358 caudelat

2330 3388 2558 3444 brorum
2604 3406 2903 3446 aureorum
2939 3393 3191 3450 Christus
3220 3397 3494 3463 ambulat,
3522 3396 3652 3451 sicut
3681 3393 3774 3464 ipse
3796 3385 3872 3443 dici

2330 3476 2597 3548 propheta
2631 3496 2642 3533 :
2694 3502 2711 3525 ι
2751 3479 3079 3537 Inhabitabo
3110 3483 3252 3538 inter
3279 3482 3435 3552 illos,
3468 3492 3519 3539 et
3548 3477 3866 3538 inambulabat

2331 3574 2384 3620 et
2423 3581 2518 3621 ero
2563 3566 2787 3622 illorum
2835 3570 3002 3637 Deus,
3047 3576 3102 3626 et
3146 3570 3251 3644 ipsi
3305 3581 3471 3629 erunt
3511 3571 3639 3627 mihi
3689 3565 3867 3641 populll3

2332 3655 2520 3725 (Levit.
2551 3671 2712 3725 xxvx,
2746 3657 2856 3728 12).
2893 3681 2911 3705 ι

2404 3752 2584 3823 (Vers.
2650 3753 2733 3824 2.)
2797 3755 2912 3812 Scio
2969 3773 3133 3828 opera
3191 3764 3306 3814 tua.
3379 3759 3460 3814 Ea
3512 3757 3744 3813 videlicet
3782 3765 3866 3824 qua

2329 3841 2641 3912 operabaris
2672 3844 2846 3914 prius,
2895 3853 3188 3918 antequam
3220 3847 3595 3920 refrigescerct
3637 3845 3688 3899 in
3714 3851 3756 3898 te
3779 3838 3867 3894 cha-

2329 3930 2481 3986 ritas.
2516 3932 2586 3988 Et
2619 3933 2852 3988 laborem
2883 3941 2928 3989 et
2955 3936 3267 4005 patientiam
3292 3944 3464 4005 tuam,
3495 3937 3548 3992 id
3577 3943 3651 3991 est
3677 3943 3868 4004 persecu'

2327 4019 2526 4088 tiones,
2585 4037 2720 4094 quas
2767 4039 2865 4094 pro
2918 4024 3144 4082 nomine
3203 4042 3329 4084 meo
3382 4027 3643 4100 patienter
3697 4022 3864 4076 toleras.

2327 4111 2401 4163 Et
2462 4125 2567 4163 non
2619 4117 2763 4181 potes
2819 4113 3075 4170 sustinere
3127 4118 3299 4171 malos
3363 4118 3574 4189 (Matth.
3630 4130 3739 4178 xm,
3783 4107 3866 4173 29l-

2329 4196 2466 4253 Cum
2508 4197 2790 4269 Scriptura
2843 4199 3036 4255 divina
3092 4201 3254 4258 nobis
3290 4203 3572 4276 praecipiat
3616 4209 3668 4255 ut
3710 4196 3867 4253 tolere-

2329 4301 2452 4340 mus
2499 4286 2700 4353 malos;
2760 4304 2861 4343 cur
2901 4288 2992 4346 hic
3024 4290 3303 4360 laudatur,
3357 4292 3504 4365 quod
3538 4307 3642 4346 non
3681 4279 3866 4359 potuerit

2327 4373 2597 4429 sustinere
2627 4374 2840 4432 malos?
2867 4377 2971 4434 Sed
2999 4379 3068 4434 de
3111 4379 3391 4437 haereticis
3434 4380 3570 4435 mihi
3598 4378 3780 4434 dictum
3806 4367 3864 4421 vi-

2246 4495 2294 4553 D
2327 4463 2489 4520 detur
2520 4483 2533 4532 ;
2569 4483 2692 4522 nam
2728 4469 3110 4539 proximorum
3143 4471 3288 4525 mala
3319 4469 3615 4543 aliquando
3638 4461 3866 4538 reprehen-

2323 4552 2502 4609 dendo
2531 4555 2802 4626 corrigere
2837 4556 3121 4625 debemus,
3156 4565 3407 4632 tempore
3446 4557 3686 4614 videlicst
3719 4561 3865 4623 oppor-

2330 4651 2502 4700 tuno:
2579 4643 2876 4717 aliquando
2951 4645 3220 4717 patienter
3292 4647 3581 4713 tolerare;
3652 4650 3706 4698 ut
3767 4647 3867 4710 quos

2328 4733 2598 4790 correctio
2626 4751 2736 4789 non
2768 4734 3047 4804 emendat,
3095 4735 3362 4808 patientia
3391 4736 3460 4792 ad
3489 4730 3865 4791 emendationem

2328 4830 2606 4894 provocet.
2639 4823 2778 4879 Sunt
2807 4839 3042 4897 namque
3073 4825 3352 4895 nonnulli,
3401 4825 3495 4899 qui
3535 4815 3866 4895 reprehendere

2327 4912 2609 4982 proximos
2638 4912 2914 4978 nesciunt,
2958 4913 3063 4968 nisi
3095 4913 3176 4968 ira
3207 4913 3557 4970 inﬂammati.
3590 4913 3770 4967 Horum
3795 4899 3865 4955 ali-

2327 5000 2449 5072 quis
2480 5001 2525 5056 si
2575 5019 2686 5057 non
2739 5003 2918 5058 solum
2977 5019 3075 5074 pro
3127 5020 3342 5075 magna,
3377 5020 3569 5060 verum
3613 5000 3756 5056 etiam
3794 5003 3864 5064 ρτο

2326 5106 2493 5162 parva
2521 5090 2704 5163 aliqua
2742 5107 2798 5147 re
2828 5098 3020 5148 contra
3049 5092 3369 5164 proximum
3401 5098 3695 5149 commotus
3719 5079 3861 5142 fuerit,

2324 5181 2516 5238 tandiu
2558 5181 2695 5238 iram
2734 5182 2792 5238 in
2821 5183 2984 5239 corde
3015 5191 3207 5255 gestat,
3238 5201 3415 5257 usque
3462 5183 3590 5240 dum
3620 5181 3673 5236 in
3697 5171 3862 5232 actibus

2324 5271 2562 5343 proximi
2606 5264 2823 5346 aliquid
2871 5273 3077 5343 videat,
3110 5274 3255 5347 quod
3287 5273 3675 5346 reprehendere
3697 5261 3858 5355 p0§$i_‘_5

2323 5370 2377 5419 et
2425 5371 2558 5420 tunc
2598 5365 2754 5420 laetus
2793 5365 3052 5434 efﬁcitur,
3095 5382 3220 5422 cum
3260 5361 3692 5437 reprehensionis
3724 5347 3860 5445 νίῐιίξξ·

2319 5460 2462 5510 ctam
2493 5453 2752 5526 proximo
2779 5454 3050 5511 intulerit.
3073 5455 3233 5522 Quod
3251 5454 3297 5510 si
3321 5455 3491 5511 alicui
3508 5448 3694 5508 viderit
3715 5439 3860 5510 displi-

2318 5543 2516 5612 cuisse,
2547 5543 2685 5600 dicit
2723 5561 2780 5600 se
2826 5545 2943 5601 zelo
2973 5544 3072 5601 Dei
3106 5545 3209 5603 hoc
3238 5543 3453 5600 fecisse.
3489 5541 3571 5596 Ad
3602 5547 3649 5594 te
3674 5547 3780 5603 ergo
3803 5527 3858 5619 loj

2317 5648 2478 5708 quor,
2541 5632 2636 5707 qui
2690 5631 2819 5690 talis
2870 5650 2946 5692 es.
3011 5633 3124 5695 Cur
3172 5632 3379 5710 quaeris
3419 5632 3603 5690 fallere
3644 5638 3753 5683 eum
3789 5629 3858 5688 (ιω
