4068 6182
258 336 358 395 857

1144 331 1602 391 BERENGAUDI
1641 329 2016 389 EXPOSITIO
2054 332 2125 388 IN
2161 329 2669 388 APOCALYPSIN.

3447 328 3554 387 858

260 458 473 518 occulta
497 456 748 515 cordium
777 453 1138 513 considerat?
1160 455 1219 512 Si
1243 455 1391 512 zelus
1420 456 1519 511 Dei
1546 456 1604 511 in
1642 462 1697 511 te
1733 463 1840 523 est,
1870 458 1923 517 Α
1953 454 2199 511 Ecclesia
2223 455 2404 510 locum
2447 470 2609 510 suum
2644 452 2854 525 perdet,
2885 468 3009 509 cum
3042 452 3327 525 Scriptura
3352 452 3502 508 dicat
3535 468 3548 507 :

258 564 357 606 cur
391 547 538 603 oculi
564 546 646 602 tui
682 560 778 617 per
800 545 1018 601 diversa
1045 550 1191 609 505
1220 552 1489 616 vagantur
1530 559 1680 600 more
1717 543 1849 600 dia-

260 645 458 714 bolico,
489 643 807 701 desiderans
836 644 1040 699 malum
1069 643 1252 716 potius
1298 643 1487 699 videre
1529 657 1691 715 quam
1740 641 1850 697 bo-

256 752 412 803 num,
443 734 763 790 desiderans
799 734 857 790 in
905 735 1159 806 proximo
1201 733 1389 789 videre
1430 735 1658 803 malum,
1702 733 1849 807 quod

257 825 643 897 reprehendas,
700 840 812 880 non
858 824 1088 892 bonum,
1133 824 1280 882 unde
1328 824 1662 881 aadiﬁceris?
1709 825 1848 881 Sunt

254 915 422 971 etiam
478 913 664 981 multi,
717 912 812 985 qui
856 929 948 970 eos
976 930 1007 969 a
1036 913 1239 986 quibus
1284 914 1525 986 aliquam
1588 913 1846 985 injuriam

256 1003 620 1074 pertulerunt,
652 1003 817 1059 etiam
850 1020 950 1075 pro
980 1004 1229 1059 minimis
1251 1004 1471 1059 delictis
1499 1004 1850 1077 impatienter

257 1095 643 1151 insectantur:
704 1109 798 1150 eos
849 1109 981 1150 vero
1037 1110 1174 1167 quos
1230 1094 1493 1168 diligunt,
1526 1112 1635 1151 non
1667 1097 1847 1153 solum

256 1201 367 1241 non
422 1182 851 1255 reprehendunt,
901 1185 1155 1256 quamvis
1198 1185 1437 1257 graviter
1478 1185 1843 1259 deliquerint;

254 1274 349 1330 sed
375 1273 540 1329 etiam
571 1280 685 1329 tota
714 1272 920 1329 virtute
946 1273 1269 1331 defendunt.
1320 1275 1365 1332 Ο
1414 1274 1613 1329 infelix
1657 1275 1847 1331 amici-

254 1363 354 1431 tia,
385 1378 505 1435 quae
539 1362 698 1418 illum
729 1378 891 1435 quem
920 1362 1104 1434 diligit
1134 1363 1364 1421 tacendo
1401 1372 1456 1420 et
1503 1363 1848 1420 defendendo

253 1450 480 1508 diabolo
505 1451 673 1506 tradit
704 1466 716 1505 :
750 1450 911 1507 illum
950 1467 1083 1507 vero
1102 1453 1193 1509 cui
1224 1452 1397 1508 iratus
1424 1459 1525 1520 est,
1558 1452 1848 1523 reprehen-

251 1540 440 1597 dendo
469 1557 501 1596 a
528 1540 751 1597 diabolo
778 1539 1077 1597 abstrahit!
1113 1541 1395 1599 Correctio
1423 1557 1552 1614 ergo
1583 1542 1680 1596 illa
1699 1539 1849 1613 justa

251 1642 355 1701 est,
388 1648 509 1705 quae
565 1648 636 1688 ex
676 1631 775 1687 Dei
801 1631 919 1687 zelo
946 1638 1000 1688 et
1028 1648 1213 1688 amore
1246 1632 1488 1688 fraterno
1518 1631 1801 1688 descendit
1831 1648 1843 1687 :

252 1737 378 1794 quae
407 1737 519 1777 non
549 1730 773 1794 propter
790 1721 929 1776 iram
953 1720 1363 1790 vindicandam,
1381 1721 1475 1778 sed
1492 1729 1714 1795 propter
1733 1720 1848 1776 ani-

1969 566 1989 590 ι
2018 544 2137 599 Non
2174 544 2477 599 morientur
2514 551 2694 615 patres
2740 559 2840 615 pro
2877 541 3029 611 ﬁliis,
3086 558 3262 615 neque
3312 540 3417 597 ﬁlii
3454 556 3554 613 pro

1956 632 2202 705 patribus
2226 633 2342 688 suis
2374 649 2384 686 :
2416 632 2513 687 sed
2540 632 2917 704 unusquisque
2948 632 3005 687 in
3051 639 3273 702 peccato
3301 646 3402 686 suo
3435 646 3548 686 mo-

1958 720 2129 776 rietur
2173 722 2387 793 (Jerem.
2441 738 2601 789 xxxx,
2655 722 2744 789 29,
2793 721 2937 789 30)?
2976 745 2993 769 ι
3061 720 3165 776 Sed
3213 735 3310 792 per
3371 721 3551 774 locum

1956 810 2177 865 videtur
2215 810 2354 865 mihi
2393 827 2618 879 merces,
2649 827 2775 883 quos
2825 810 2909 865 illi
2963 826 3061 882 pro
3108 808 3368 881 pastorali
3415 825 3554 864 cura

1956 899 2275 968 debebatur,
2303 900 2598 973 designari,
2629 908 2691 955 ut
2732 900 2804 955 sit
2831 916 3022 956 sensus
3056 916 3066 952 :
3106 898 3222 953 Nisi
3268 897 3555 970 poeniten-

1959 989 2089 1044 tiam
2143 990 2315 1061 egeris
2362 1005 2460 1061 pro
2507 1006 2571 1045 eo
2602 989 2747 1062 quod
2777 988 3097 1044 charitatem
3130 996 3283 1042 tuam
3318 986 3553 1058 primam

1956 1077 2249 1150 reliquisti,
2278 1085 2334 1133 et
2362 1077 2431 1132 ad
2458 1078 2634 1149 prima
2660 1093 2821 1149 opera
2852 1093 2961 1132 non
2993 1076 3253 1139 redieris;
3311 1083 3373 1129 ut
3403 1074 3552 1147 quod

1957 1182 2051 1222 ore
2094 1166 2377 1239 praedicas,
2408 1183 2569 1239 opere
2605 1167 2829 1238 impleas
2863 1184 2875 1221 :
2913 1164 3241 1233 mercedem,
3289 1180 3411 1237 quas
3447 1162 3552 1220 tibi

1956 1273 2056 1329 pro
2083 1258 2340 1329 pastorali
2370 1274 2502 1314 cura
2534 1257 2854 1324 debebatur,
2885 1255 3226 1312 subtraham.

2031 1364 2209 1436 (Vers.
2239 1364 2319 1435 6.)
2363 1388 2381 1412 ι
2415 1364 2519 1420 Sed
2552 1365 2655 1422 hoc
2694 1364 2860 1420 habes
2893 1363 3176 1435 (videlicet
3220 1369 3277 1418 ut
3306 1361 3553 1418 candela-

1957 1452 2116 1508 brum
2136 1470 2245 1509 non
2268 1454 2575 1525 moveatur)
2603 1454 2733 1526 quia
2759 1453 2925 1510 odisti
2956 1453 3099 1509 facta
3123 1451 3552 1519 Nicolaitarum,

1957 1558 2077 1615 qua;
2107 1550 2161 1597 et
2188 1559 2287 1614 ego
2316 1542 2406 1599 odi
2439 1544 2541 1614 (7).
2578 1568 2595 1589 ι
2652 1544 2722 1597 Et
2752 1552 2832 1598 est
2874 1558 3065 1597 sensus
3110 1561 3121 1598 :
3172 1543 3277 1597 Pro
3308 1557 3371 1596 eo
3405 1539 3554 1612 quod

1958 1631 2122 1687 odisti
2158 1631 2301 1687 facta
2330 1631 2753 1698 Nicolaitarum,
2798 1648 2917 1704 quae
2958 1640 3010 1687 et
3039 1646 3137 1703 ego
3175 1630 3289 1698 odi,
3343 1645 3550 1686 merces

1958 1740 2079 1797 quae
2111 1722 2211 1779 tibi
2262 1738 2362 1794 pro
2410 1722 2668 1794 pastorali
2714 1738 2845 1777 cura
2889 1720 3209 1787 debebatur,
3240 1719 3423 1776 adhuc
3450 1716 3560 1775 tibi

250 1828 405 1868 mam
434 1810 675 1884 proximi
704 1810 1022 1867 salvandam
1047 1811 1562 1884 profertur.Verum
1580 1811 1709 1884 quia
1732 1810 1851 1867 haec
1885 1818 1931 1878 Β
1964 1819 2168 1869 manet.
2200 1811 2484 1869 Nicolaitas
2509 1827 2641 1867 vero
2661 1818 2817 1865 erant
2845 1810 3110 1877 haeretici,
3140 1826 3276 1883 quos
3306 1808 3561 1881 superius

251 1901 448 1974 paucis
492 1899 760 1966 diximus,
809 1899 879 1955 ad
928 1915 991 1955 ea
1027 1916 1148 1973 quae
1201 1900 1490 1973 coepimus,
1542 1900 1849 1957 redeamus.

249 1991 433 2062 Igitur
458 1989 564 2046 hoc
590 1989 739 2062 quod
770 1990 991 2061 praesuli
1021 1989 1282 2046 Ecclesia)
1319 1989 1522 2062 Ephesi
1555 2007 1586 2046 a
1614 1991 1853 2046 Domino

247 2082 462 2138 dicitur
493 2097 504 2135 :
540 2082 680 2149 Quia
707 2099 813 2136 non
838 2088 984 2153 potes
1015 2082 1271 2136 sustinere
1300 2084 1490 2150 malos,
1517 2082 1585 2137 de
1615 2082 1848 2137 haereti-

249 2172 333 2228 cis
363 2169 629 2227 debemus
658 2169 965 2243 intelligere
990 2188 1003 2238 ;
1038 2170 1219 2225 omnis
1246 2170 1394 2226 enim
1432 2170 1527 2243 qui
1559 2178 1744 2243 pastor
1772 2179 1853 2228 est

250 2259 542 2326 Ecclesiae,
574 2258 891 2316 societatem
922 2258 1332 2325 haereticorum,
1362 2267 1627 2333 quantum
1656 2269 1854 2333 potest,

250 2349 436 2404 vitare
487 2346 693 2415 debet;
780 2364 850 2404 ne
906 2346 1009 2420 per'
1058 2348 1401 2406 occasionem
1459 2350 1859 2406 familiaritatis

249 2453 450 2493 eorum
506 2436 674 2493 corda
745 2436 1085 2509 simplicium
1162 2454 1377 2494 veneno
1452 2456 1564 2495 suae
1634 2438 1859 2495 malitias

249 2535 637 2599 corrumpant.
670 2526 824 2584 Sicut
869 2528 1016 2583 enim
1053 2528 1215 2601 lupus
1262 2529 1482 2602 quietus
1534 2529 1679 2585 inter
1729 2545 1859 2585 oves

254 2617 385 2673 sine
442 2616 770 2674 laceratione
811 2617 1125 2673 earumdem
1158 2618 1345 2674 ovium
1378 2618 1584 2674 versari
1614 2634 1728 2674 non
1766 2634 1857 2691 po-

254 2712 392 2771 test,
423 2704 505 2760 sic
529 2720 632 2761 nec
657 2704 952 2762 haereticus
1011 2705 1156 2762 inter
1201 2707 1500 2780 simplices.
1551 2708 1811 2781 Sequitur
1843 2725 1856 2764 :

184 2826 189 2831 -
255 2794 333 2848 Et
361 2792 574 2847 tentasti
601 2808 702 2859 eos,
735 2794 829 2863 qui
856 2809 910 2848 se
947 2793 1129 2849 dicunt
1173 2798 1439 2866 apostolos
1490 2812 1615 2863 esse,
1654 2802 1703 2850 et
1754 2811 1862 2850 non

255 2886 426 2946 sunt;
486 2886 536 2935 et
583 2880 828 2936 invenisti
867 2900 952 2937 eos
988 2884 1275 2940 mendaces.
1308 2884 1541 2952 Quidam
1573 2901 1741 2956 prava
1766 2884 1861 2939 do-

255 2976 454 3026 centes
493 2969 833 3041 temporibus
878 2973 1277 3043 apostolorum,
1325 2973 1600 3044 apostolos
1647 2988 1703 3027 se
1746 2988 1863 3029 esse

255 3057 560 3125 dicebant;
592 3066 655 3114 ut
692 3075 789 3131 per
816 3060 1181 3116 reverentiam
1213 3061 1457 3117 nominis
1499 3060 1718 3118 facilius
1744 3077 1861 3133 pra-

259 3163 396 3202 vam
425 3145 735 3202 doctrinam
776 3147 834 3202 in
863 3147 1127 3204 cordibus
1153 3148 1498 3204 audientium
1530 3148 1860 3220 plantarent.

260 3236 382 3292 Hos
431 3244 487 3291 et
541 3237 822 3307 apostolus
850 3238 1053 3293 Paulus
1077 3237 1302 3293 damnat
1344 3239 1432 3310 (II
1461 3239 1587 3295 Cor.
1622 3254 1681 3306 x,
1715 3238 1805 3309 12)
1846 3256 1858 3293 :

257 3334 315 3382 et
352 3325 628 3381 Dominus
670 3326 728 3381 in
775 3327 1078 3398 Evangelio
1106 3327 1379 3384 cavendos
1429 3326 1695 3395 insinuat,
1735 3342 1859 3382 cum

257 3414 453 3471 dicit:
500 3437 518 3460 ι
558 3414 844 3470 Attendite
890 3431 922 3470 a
962 3415 1116 3471 falsis
1161 3415 1468 3487 prophetis,
1503 3416 1598 3487 qui
1631 3415 1866 3471 veniunt

257 3506 331 3563 ad
374 3521 474 3561 vos
512 3506 571 3561 in
627 3506 971 3562 vestimentis
1026 3505 1238 3575 ovium,
1293 3506 1624 3562 intrinsecus
1682 3513 1860 3562 autem

257 3601 403 3652 sunt
448 3594 565 3667 lupi
604 3610 827 3668 rapaces
857 3596 1071 3666 (Matth.
1112 3597 1364 3668 v11,‘i5).
1400 3621 1418 3643 ι
1469 3596 1578 3651 Hos
1606 3611 1734 3669 ergo
1764 3596 1865 3651 iste

260 3685 441 3741 falsos
494 3700 794 3757 eorumque
845 3684 1155 3743 doctrinam
1210 3685 1403 3742 falsam
1456 3701 1571 3742 esse
1618 3701 1866 3758 compro-

261 3773 447 3832 bavit.

340 3871 532 3944 (Vers.
566 3871 618 3941 3,
660 3871 741 3941 4.)
779 3874 854 3929 Et
893 3872 1211 3945 patientiam
1259 3873 1436 3938 habes,
1470 3879 1517 3927 et
1563 3874 1869 3930 sustinuisti

258 3967 491 4036 propter
518 3977 706 4015 nomen
732 3977 923 4030 meum,
956 3967 1004 4017 et
1035 3979 1140 4016 non
1161 3961 1393 4032 deiecisti
1416 3981 1436 4029 ;
1465 3963 1521 4020 id
1548 3971 1649 4031 est,
1684 3963 1741 4018 in
1763 3961 1869 4019 hoc

266 4050 527 4125 apparuit
557 4051 822 4123 patientia
847 4059 966 4121 tua,
1003 4052 1133 4126 quia
1162 4052 1220 4108 in
1248 4052 1551 4120 laboribus,
1585 4069 1722 4129 quos
1767 4069 1868 4125 pro

267 4141 503 4197 nomine
558 4157 680 4197 meo
735 4141 1070 4210 sustinuisti,
1104 4157 1215 4197 non
1245 4142 1516 4199 deiecisti.
1576 4143 1676 4199 Sed
1710 4144 1870 4197 habeo

264 4232 557 4288 adversum
583 4236 646 4298 te,
661 4231 801 4302 quod
820 4230 1128 4286 charitatem
1151 4236 1295 4286 tuam
1320 4231 1554 4303 primam
1583 4231 1863 4302 reliquisti.

266 4319 438 4377 Multi
471 4327 601 4375 sunt
629 4320 723 4393 qui
745 4320 803 4375 in
825 4320 987 4377 initio
1007 4321 1385 4377 conversionis
1414 4338 1525 4376 suae
1556 4320 1615 4376 in
1644 4320 1872 4376 servitio

266 4410 378 4467 Dei
431 4410 706 4468 ferventes
758 4412 1055 4480 exsistunt,
1107 4410 1203 4467 sed
1279 4427 1536 4483 processu
1604 4410 1873 4482 temporis

1961 1899 2107 1956 dixit
2135 1916 2244 1956 non
2277 1916 2433 1972 posse
2463 1916 2589 1956 eum
2620 1900 2913 1956 sustinere.

2036 2007 2218 2078 (Vers.
2253 2009 2330 2078 7.)
2367 2008 2470 2074 Qui
2515 2007 2666 2062 habet
2701 2024 2858 2062 aures
2907 2007 3183 2072 audiendi,
3212 2007 3403 2062 audiat
3432 2006 3563 2076 quid

1966 2095 2199 2166 Spiritus
2228 2096 2370 2150 dicat
2397 2096 2665 2152 Ecclesiis.
2695 2096 2835 2163 Quia
2861 2097 3075 2152 cunctis
3103 2111 3264 2152 aures
3294 2094 3564 2152 habenti-

1964 2184 2066 2240 bus
2094 2183 2230 2241 dicit
2267 2202 2277 2239 :
2315 2186 2417 2252 Qui
2447 2185 2597 2240 habet
2622 2201 2780 2239 aures
2808 2184 3082 2249 audiendi,
3117 2185 3345 2251 audiat;
3403 2201 3563 2242 aures

1965 2276 2154 2346 procul
2186 2274 2357 2331 dubio
2383 2274 2566 2331 cordis
2592 2274 2844 2345 requirit.
2881 2274 3113 2331 Vincenti
3148 2275 3283 2330 dabo
3331 2275 3479 2329 edere
3504 2275 3566 2329 de

1969 2365 2108 2436 ligno
2136 2366 2275 2434 vitm,
2307 2365 2446 2436 quod
2482 2371 2557 2419 est
2586 2365 2639 2419 in
2664 2365 2923 2437 paradiso
2952 2364 3052 2419 Dei
3079 2365 3198 2420 mei.
3248 2366 3368 2420 Duo
3417 2364 3566 2437 ligna

1966 2453 2191 2510 fuerunt
2240 2454 2297 2509 in
2340 2454 2522 2510 medio
2551 2453 2811 2526 paradisi,
2843 2470 2872 2509 e
2902 2454 3103 2527 quibus
3139 2470 3310 2509 unum
3353 2453 3562 2525 lignum

1967 2543 2116 2611 vitae,
2150 2544 2383 2600 alterum
2446 2560 2579 2599 vero
2640 2545 2850 2615 lignum
2900 2542 3144 2598 scientiae
3178 2541 3304 2597 boni
3338 2549 3393 2597 et
3431 2540 3564 2596 mali

1968 2633 2283 2688 vocabatur.
2317 2633 2562 2700 Quorum
2596 2634 2775 2688 virtus
2830 2632 2957 2687 talis
3003 2638 3137 2698 erat,
3171 2639 3232 2685 ut
3263 2630 3306 2685 si
3340 2628 3463 2701 quis
3494 2644 3564 2684 ex

1970 2720 2120 2793 ligno
2150 2720 2276 2776 vitae
2305 2721 2653 2786 comedisset,
2678 2738 2788 2775 non
2828 2725 3134 2774 moreretur
3162 2717 3220 2772 in
3252 2725 3519 2773 aeternum
3545 2733 3556 2770 :

1933 2826 1939 2831 '
1969 2810 2013 2865 si
2039 2810 2163 2883 quis
2194 2826 2323 2865 vero
2354 2826 2423 2865 ex
2455 2809 2606 2881 ligno
2636 2808 2880 2864 scientiae
2909 2807 3039 2863 boni
3071 2813 3124 2862 et
3155 2806 3284 2861 mali
3314 2803 3562 2861 comede-

1969 2906 2071 2966 ret,
2095 2899 2348 2972 quamvis
2368 2907 2508 2954 esset
2537 2897 2885 2965 immortalis,
2916 2896 3163 2952 mortalis
3190 2895 3376 2953 statim
3408 2894 3565 2950 ﬁeret

1973 2986 2127 3057 (Gen.
2156 3003 2218 3055 ιι,
2246 2986 2361 3057 27).
2404 2985 2691 3042 Paradisus
2723 2985 2891 3059 igitur
2920 2984 3223 3042 Ecclesiam
3262 2980 3556 3055 signiﬁcat:

1972 3075 2182 3147 lignum
2215 3092 2344 3131 vero
2373 3075 2503 3131 vitai
2532 3075 2591 3149 in
2634 3074 2816 3131 medio
2844 3072 3082 3146 paradisi
3112 3071 3367 3131 Christus
3397 3078 3476 3127 est
3504 3072 3563 3127 iu

1893 3177 1937 3238 ο
1977 3165 2158 3221 medio
2200 3166 2462 3222 Ecclesia
2512 3182 2643 3222 suae.
2677 3165 2911 3237 Lignum
2942 3174 3125 3220 autem
3151 3163 3394 3220 scientiae
3432 3162 3565 3220 boni

1974 3264 2027 3310 et
2056 3255 2209 3323 mali,
2240 3255 2387 3328 quod
2448 3263 2501 3311 et
2552 3256 2728 3328 ipsum
2781 3255 2838 3310 in
2888 3256 3072 3312 medio
3128 3253 3366 3326 paradisi
3398 3252 3568 3309 fuisse

1973 3343 2199 3409 dicitur,
2230 3343 2511 3399 diabolum
2540 3343 2838 3416 signiﬁcat,
2879 3344 2976 3416 qui
3026 3344 3170 3399 inter
3209 3341 3398 3397 ﬁdeles
3440 3339 3568 3396 dis-

1972 3447 2191 3488 currere
2220 3448 2329 3486 non
2349 3442 2525 3488 cessat
2549 3450 2562 3500 ;
2595 3440 2658 3488 ut
2686 3447 3039 3505 quoscunque
3070 3438 3265 3503 potest,
3301 3428 3562 3501 decipiat.

1974 3522 2209 3594 Lignum
2239 3522 2408 3594 igitur
2440 3523 2564 3578 vitae
2590 3523 2657 3577 ad
2682 3524 2905 3591 electos,
2931 3521 3140 3594 lignum
3170 3538 3300 3577 vero
3323 3520 3568 3578 scientias

1974 3611 2175 3667 boniet
2191 3611 2319 3667 mali
2352 3610 2420 3667 ad
2450 3611 2708 3684 reprobos
2738 3611 2993 3683 pertinet.
3027 3612 3261 3667 Fructus
3279 3627 3408 3683 ergo
3430 3608 3567 3681 ligni

1974 3704 2103 3760 vitae
2134 3703 2292 3760 electi
2321 3703 2638 3773 comedunt,
2670 3712 2732 3759 ut
2780 3703 2837 3759 in
2893 3711 3160 3759 aeternum
3218 3701 3413 3757 vivant
3445 3701 3527 3773 (8)
3555 3718 3569 3770 ;

1974 3794 2104 3866 quia
2131 3803 2404 3866 praecepta
2429 3793 2716 3866 Evangelii
2744 3793 3088 3859 custodiunt,
3120 3799 3182 3847 ut
3212 3791 3269 3846 in
3301 3798 3568 3848 aeternum

1974 3884 2169 3939 vivant
2214 3900 2340 3939 cum
2394 3883 2671 3939 Domino:
2725 3882 2937 3937 fructus
2989 3897 3120 3937 vero
3154 3880 3290 3953 ligni
3326 3879 3573 3937 scientiae

1976 3972 2109 4028 boni
2159 3979 2213 4027 et
2270 3971 2400 4026 mali
2462 3970 2679 4043 reprobi
2735 3969 3051 4036 comedunt,
3099 3977 3155 4024 et
3212 3968 3570 4035 moriuntur;

1977 4060 2107 4134 quia
2137 4059 2579 4132 suggestionibus
2609 4058 2840 4127 diaboli,
2895 4057 3260 4130 omnibusque
3320 4055 3474 4111 vitiis
3517 4062 3574 4110 et

1979 4149 2355 4222 voluptatibus
2386 4157 2720 4220 pascuntur;
2782 4146 2930 4202 unde
2959 4153 3217 4202 aeternam
3249 4142 3570 4197 damnatio-

1980 4253 2105 4293 nem
2131 4238 2236 4293 sibi
2263 4237 2577 4312 acquirunt.
2612 4237 2683 4292 Et
2711 4235 2855 4293 sicut
2885 4233 3104 4290 mulieri
3135 4231 3576 4289 delectabiliores

1980 4327 2204 4383 fuerunt
2237 4328 2448 4383 fructus
2477 4326 2614 4399 ligni
2642 4324 2887 4382 scientiae
2919 4323 3050 4379 boni
3096 4328 3152 4378 et
3198 4320 3351 4389 mali,
3411 4336 3576 4393 quam

1981 4404 2189 4472 fructus
2217 4415 2355 4487 ligni
2385 4414 2546 4481 vitaz;
2608 4414 2685 4469 ita
2727 4421 2780 4469 et
2811 4410 3060 4485 reprobis
3088 4409 3466 4468 delectabilior
3494 4416 3578 4466 est

267 4506 572 4600 tepescunt
618 4516 632 4555 :
684 4500 833 4573 quod
883 4500 1016 4558 huic
1068 4500 1287 4573 praesuli
1346 4499 1606 4557 Ecclesiae
1661 4497 1952 4601 Ephesi‘D
1982 4504 2154 4577 gloria
2184 4504 2347 4577 hujus
2374 4503 2582 4573 saeculi,
2622 4519 2786 4577 quam
2837 4501 3015 4559 oculis
3061 4499 3308 4600 corporis
3332 4499 3575 4601 .vident,

267 4589 576 4663 contigisse
604 4591 957 4648 manifestum
988 4598 1091 4647 est.

350 4690 537 4762 (Vers.
566 4690 648 4762 5.)
675 4691 930 4749 Memento
957 4707 1079 4763 ergo
1110 4690 1247 4745 unde
1287 4689 1563 4745 excideris.
1599 4688 1751 4745 Unde
1782 4704 1874 4745 ex-

268 4780 429 4838 cisus
457 4795 513 4835 es
533 4779 562 4835 ?
598 4781 675 4836 De
704 4780 972 4837 charitate
996 4773 1018 4836 ἐ
1053 4780 1099 4836 si
1128 4779 1196 4836 de
1225 4779 1495 4837 charitate
1523 4779 1742 4836 excisus
1793 4794 1870 4847 es,

271 4867 347 4925 de
388 4870 502 4925 Deo
528 4868 746 4926 éxcisus
770 4886 864 4938 es;
912 4870 1040 4943 quia
1068 4871 1214 4926 Deus
1240 4869 1481 4927 charitas
1512 4878 1597 4926 est
1630 4870 1688 4941 (Ι
1714 4869 1874 4925 Joan.

273 4974 359 5026 IV,
396 4956 509 5029 16).
543 4958 617 5015 Et
656 4976 750 5030 age
791 4958 1171 5031 paenitentiam.
1207 4958 1482 5016 Videlicet
1510 4975 1576 5014 eo
1605 4957 1753 5031 quod
1780 4972 1878 5030 per

272 5054 561 5118 torporem
589 5055 643 5103 et
673 5047 948 5119 ignaviam
977 5055 1128 5104 tuam
1171 5063 1203 5103 a
1257 5047 1525 5106 charitate
1568 5047 1882 5120 disjunctus

274 5155 355 5196 es.
391 5139 468 5194 Et
498 5138 678 5210 prima
708 5145 800 5194 tua
823 5156 985 5211 opera
1012 5138 1101 5210 fac
1146 5155 1159 5194 :
1204 5139 1289 5194 sin
1333 5146 1508 5194 autem
1554 5138 1758 5194 veniam
1790 5139 1883 5194 tibi

270 5228 405 5292 cito,
433 5233 482 5282 et
534 5228 743 5283 movebo
798 5228 1177 5284 candelabrum
1216 5234 1363 5284 tuum
1391 5228 1452 5283 de
1483 5230 1595 5285 loco
1623 5246 1748 5298 suo,
1773 5228 1881 5283 nisi

270 5317 642 5390 panitentiam
695 5319 876 5391 egeris.
929 5318 987 5376 Si
1038 5334 1134 5391 per
1175 5317 1570 5376 candelabrum
1632 5316 1883 5375 Ecclesia

279 5403 492 5478 Ephesi
517 5403 854 5478 designatur,
884 5421 985 5463 cur
1041 5411 1264 5479 propter
1306 5411 1590 5478 peccatum
1647 5405 1885 5479 pastoris

363 5622 562 5706 (7)‘Ita
590 5639 727 5706 mss.
748 5641 782 5706 ρ.
818 5630 876 5679 at
920 5623 1036 5706 edit
1063 5666 1078 5693 ,
1107 5640 1198 5695 ego
1366 5624 1477 5681 Pro
1504 5641 1562 5681 eo
1589 5626 1732 5698 quod
1766 5626 1885 5683 itio-

288 5708 413 5748 rum
440 5692 587 5766 facta
620 5695 799 5764 odisti,
831 5711 950 5768 quae
985 5702 1034 5752 et
1056 5692 1151 5770 ego
1174 5695 1339 5753 adici.

1983 4611 2146 4668 quam
2205 4595 2376 4667 gloria
2419 4594 2657 4652 caelestis
2716 4592 2926 4663 patriai,
2958 4607 3078 4665 quae
3123 4588 3348 4647 nonnisi
3399 4587 3579 4645 oculis

1985 4683 2365 4756 spiritualibus
2436 4684 2677 4740 videtur.
2733 4681 2838 4739 Sed
2910 4682 3089 4738 oritur
3148 4678 3403 4754 quaestio,
3476 4693 3576 4735 cur

1986 4774 2200 4847 lignum
2230 4774 2473 4830 scientias
2524 4773 2656 4830 boni
2700 4779 2754 4829 et
2804 4772 2936 4829 mali
2971 4771 3210 4839 dicatur,
3241 4786 3369 4827 cum
3400 4769 3582 4841 primo

1986 4865 2201 4922 homini
2231 4866 2516 4923 scientiam
2549 4865 2681 4923 mali
2712 4864 3133 4932 ministraverit,
3158 4879 3271 4919 non
3291 4860 3581 4920 scientiam

1986 4955 2139 5013 boni.
2194 4955 2326 5024 Quae
2381 4954 2522 5012 mihi
2588 4955 2666 5012 ita
2719 4954 2983 5012 solvenda
3038 4953 3304 5021 videtur,
3369 4951 3581 5023 primus

1989 5060 2226 5119 namque
2250 5045 2493 5118 angelus,
2517 5044 2737 5117 quando
2765 5051 2981 5101 creatus
3006 5050 3107 5112 est,
3130 5041 3420 5100 scientiam
3448 5038 3581 5097 boui

1989 5133 2206 5203 habuit,
2235 5151 2347 5191 non
2375 5134 2662 5191 scientiam
2694 5134 2822 5190 mali
2855 5151 2867 5189 :
2919 5133 3210 5191 scientiam
3266 5148 3398 5188 vero
3447 5128 3581 5185 mali

1990 5240 2088 5298 per
2138 5224 2488 5297 semetipsum
2545 5223 2783 5291 invenit,
2821 5222 2892 5278 ob
2925 5238 3089 5296 quam
3119 5236 3337 5278 causam
3368 5217 3435 5273 de
3485 5215 3583 5271 illa

1991 5314 2201 5371 caelesti
2230 5313 2403 5385 gloria
2430 5312 2674 5386 dejectus
2714 5320 2816 5369 est.
2865 5313 2943 5368 De
2988 5312 3138 5383 ligno
3186 5325 3313 5381 ergo
3341 5303 3584 5363 scientias

1992 5401 2126 5460 boni
2172 5410 2225 5461 et
2262 5402 2393 5459 mali
2445 5402 2657 5476 primus
2698 5401 2865 5458 homo
2893 5400 3151 5468 comedit,
3182 5395 3403 5471 quando
3431 5392 3585 5450 illius

1999 5696 2010 5706 θ
2068 5626 2150 5706 (8)
2181 5624 2334 5706 Edit.
2361 5631 2601 5691 tantum,
2630 5621 2803 5677 vivent
2829 5635 2945 5677 cum
2967 5618 3235 5685 Domino;
3263 5624 3459 5676 castora
3494 5615 3586 5678 ad-

1990 5703 2137 5772 jecta
2163 5703 2295 5755 sunt
2322 5711 2394 5753 ex
2424 5711 2557 5754 mss.
