4020 6200
538 250 643 308 859

1558 250 1656 306 ΑΙ)
1694 247 1929 305 OPEBA
1965 246 2022 304 S.
2062 245 2397 304 AMBROSII
2433 244 2812 303 APPENDIX.
3686 249 3765 305 860

541 375 914 448 suggestiones
940 381 1159 431 secutus
1186 381 1287 439 est,
1309 373 1403 447 qui
1434 372 1721 429 scientiam
1750 372 1883 429 boni
1912 380 1967 429 et
1998 372 2131 428 mali
2165 375 2216 434 Α
2249 374 2394 428 Deus
2420 371 2567 427 dixit
2594 370 2661 426 ad
2688 371 2835 426 Noe:
2876 391 2895 416 ‹
2926 370 3028 425 Per
3059 371 3429 442 memetipsum
3456 372 3639 443 juravi,
3662 375 3762 448 quia

542 465 814 530 habebat;
854 478 1027 535 neque
1055 462 1203 517 enim
1235 460 1443 534 lignum
1466 461 1753 517 scientiam
1786 460 1914 515 mali
1940 461 2136 517 docere

541 554 744 626 potuit,
778 552 871 606 sed
917 550 1172 606 diabolus
1226 549 1320 622 qui
1381 558 1710 622 praeceptum
1764 549 1863 606 Dei
1921 549 2135 605 homini

541 638 844 710 transgredi
871 639 1060 695 suasit.
1098 638 1244 695 Dicit
1272 655 1399 709 ergo
1434 656 1446 693 :
1515 639 1748 696 Vincenti
1795 639 1930 693 dabo
1984 639 2133 694 edere

539 730 601 783 de
632 729 770 797 ligno
823 728 961 795 vita,
1011 728 1154 798 quod
1199 734 1273 781 est
1319 727 1376 781 in
1416 727 1677 797 paradiso
1722 727 1821 782 Dei
1870 726 1989 781 mei.
2038 727 2135 781 Ille

539 816 738 883 vincit,
769 815 863 888 qui
911 815 966 872 in
1018 814 1178 870 bonis
1225 815 1483 886 operibus
1512 831 1683 887 usque
1712 814 1779 870 ad
1807 815 1973 870 ﬁnem
2006 814 2136 870 vitae

540 923 650 962 suae
681 912 1011 976 perseverat.
1045 904 1304 961 Vincenti
1361 920 1488 975 ergo
1543 904 1796 960 Christus
1853 904 2013 959 edere
2068 905 2137 959 de

542 994 691 1066 ligno
722 993 849 1049 vitae
879 993 1069 1059 dabit;
1100 993 1228 1065 quia
1245 1002 1511 1064 praecepta
1545 1010 1644 1048 sua
1672 1009 1844 1065 usque
1873 993 1938 1048 ad
1969 992 2136 1047 ﬁnem

539 1083 669 1138 vitae
695 1082 1044 1139 servantibus
1074 1081 1511 1137 immortalitatis
1532 1099 1643 1137 suae
1679 1082 1908 1154 gloriam
1943 1082 2000 1137 in
2032 1098 2135 1137 cne-

540 1172 663 1227 lesti
694 1171 1038 1227 beatitudine
1067 1186 1251 1226 secum
1282 1169 1471 1237 dabit;
1505 1177 1567 1226 ut
1608 1186 1735 1227 cum
1767 1186 1830 1225 eo
1859 1170 2136 1226 aeternali-

541 1267 622 1316 ter
650 1259 863 1325 vivant,
900 1258 1058 1329 cujus
1091 1266 1360 1331 praecepta
1390 1259 1450 1314 in
1494 1262 1695 1316 saeculo
1725 1259 1889 1331 positi
1919 1274 2137 1315 servare

539 1347 890 1404 studuerunt.
916 1348 1071 1416 Quod
1102 1356 1286 1405 autem
1317 1358 1524 1421 patrem
1556 1352 1729 1406 Deum
1760 1366 1923 1405 suum
1952 1356 2133 1417 vocat,

538 1437 607 1493 ad
639 1437 1036 1494 humanitatem
1070 1440 1330 1511 pertinet.

612 1527 795 1598 (Vers.
822 1528 876 1596 8,
915 1530 995 1600 9.)
1026 1529 1100 1583 Et
1142 1531 1327 1599 angelo
1379 1530 1623 1599 Smyrnae
1650 1526 1896 1583 Ecclesia:
1922 1528 2087 1582 scribe
2118 1545 2130 1583 :

537 1618 658 1673 Haec
688 1619 815 1673 dicit
836 1620 1047 1690 primus
1084 1625 1133 1674 et
1159 1619 1493 1684 novissimus,
1538 1618 1631 1688 qui
1674 1617 1781 1686 fuit
1827 1624 2067 1673 mortuus
2090 1625 2138 1673 et

2245 478 2355 515 non
2386 460 2640 532 adjiciam
2664 462 2811 515 ultra
2834 475 3001 531 aquas
3028 458 3227 515 diluvii
3265 476 3421 531 super
3443 468 3620 517 terram
3639 464 3759 533 (Gen.

2245 567 2325 618 ιχ,
2362 551 2473 620 11).
2503 574 2520 596 ν
2568 549 2805 605 Videtur
2850 564 2978 621 ergo
3034 548 3170 603 mihi
3200 565 3297 620 per
3325 549 3627 621 romphzeam
3657 552 3762 609 divi-

2246 655 2373 695 nam
2413 639 2751 711 Scripturam
2784 638 2982 694 debere
3013 638 3270 711 intelligi,
3302 655 3418 711 qua
3445 648 3639 711 propter
3661 658 3763 698 rese-

2246 728 2419 785 canda
2451 728 2587 784 vitia
2613 736 2773 784 acuta
2802 744 2917 784 esse
2964 728 3189 795 dicitur,
3231 737 3286 784 et
3314 737 3522 800 propter
3548 729 3641 785 duo
3664 731 3767 786 Tes-

2246 824 2489 872 tamenta
2524 824 2754 891 utraque
2783 823 2934 888 parte
2964 824 3125 872 acuta
3165 816 3572 872 demonstratur.
3597 818 3704 873 Nam
3723 827 3763 874 et

2249 905 2421 962 Vetus
2449 914 2503 960 et
2522 905 2735 959 Novum
2767 905 3175 960 Testamentum
3210 904 3315 961 hoc
3344 904 3497 960 nobis
3522 905 3767 962 indesinen-

2249 1000 2331 1049 ter
2361 993 2679 1061 admonent,
2711 1001 2773 1048 ut
2791 993 2930 1048 vitia
2958 993 3337 1065 relinquamus
3364 1000 3415 1048 et
3443 992 3497 1047 in
3521 993 3657 1049 bonis
3677 1012 3765 1067 ope

2246 1082 2400 1139 ribus
2453 1083 2817 1155 nosmetipsos
2864 1098 3251 1149 exerceamus;
3301 1091 3567 1156 quatenus
3594 1084 3766 1140 salutem

2245 1173 2555 1229 animarum
2576 1180 2886 1229 nostrarum
2914 1172 3164 1228 invenire
3193 1171 3483 1245 possimus.

2320 1262 2501 1333 (Vers.
2539 1261 2650 1333 l3.)
2687 1262 2804 1317 Scio
2832 1262 2923 1317 ubi
2948 1262 3176 1329 habitas,
3206 1261 3298 1316 ubi
3324 1261 3461 1316 sedes
3485 1267 3553 1316 est
3586 1263 3762 1319 Solane:

2245 1352 2303 1408 id
2331 1359 2431 1420 est,
2464 1352 2607 1407 inter
2633 1352 2761 1408 illos
2790 1351 3026 1419 habitas,
3061 1352 3156 1425 qui
3190 1367 3451 1408 sessorem
3483 1350 3659 1407 habent
3679 1351 3771 1407 dia-

2244 1440 2456 1495 bolum.
2490 1441 2562 1495 Et
2592 1446 2726 1495 tenes
2761 1457 2948 1495 nomen
2973 1458 3165 1509 meum,
3197 1448 3247 1495 et
3291 1457 3399 1494 non
3444 1440 3622 1510 negasti
3658 1441 3769 1511 ﬁdem

2244 1546 2413 1583 meam
2442 1545 2452 1583 :
2488 1528 2546 1584 id
2574 1536 2675 1597 est,
2717 1530 2973 1601 quamvis
3017 1529 3086 1586 ab
3132 1529 3233 1597 eis,
3269 1530 3415 1585 inter
3441 1544 3568 1601 quos
3592 1527 3768 1593 habitas,

2246 1634 2344 1690 pro
2404 1619 2631 1674 nomine
2687 1635 2809 1674 meo
2855 1619 3074 1676 assidue
3131 1618 3532 1692 persecutiones
3557 1618 3766 1690 perferas;

536 1707 667 1762 vivit
697 1726 709 1764 :
746 1708 864 1765 Scio
891 1709 1281 1763 tribulationem
1305 1713 1471 1774 tuam,
1503 1713 1550 1761 et
1573 1713 1937 1777 paupertatem
1970 1716 2132 1764 tuam.
2166 1729 2213 1789 B
2247 1715 2429 1763 tamen
2455 1723 2656 1763 nomen
2685 1724 2867 1764 meum
2901 1715 3074 1776 tenes,
3106 1715 3159 1764 et
3188 1708 3355 1764 ﬁdem
3395 1724 3560 1763 meam
3583 1722 3673 1762 non
3709 1722 3769 1761 ne

536 1798 720 1853 Potest
751 1798 870 1853 ﬁeri
900 1806 961 1852 ut
993 1798 1403 1869 Smyrnzeorum
1436 1797 1680 1852 Ecclesia
1709 1798 1957 1853 eamdem
2002 1815 2135 1870 per-

536 1886 877 1941 secutionem
907 1902 938 1940 a
967 1885 1373 1941 contribulibus
1401 1885 1515 1940 suis
1546 1884 1604 1940 in
1635 1886 1830 1957 rapina
1858 1885 2133 1941 bonorum

537 1989 765 2029 suorum
797 1975 1103 2045 pertulerit,
1131 1990 1291 2047 quam
1326 1981 1380 2029 et
1422 1974 1519 2029 illa
1549 1990 1668 2046 quae
1694 1974 1838 2046 apud
1870 1974 2136 2030 Hieroso-

538 2062 741 2133 lymam
798 2070 933 2118 erat.
986 2061 1221 2136 Ideoque
1267 2062 1553 2118 tribulatio
1600 2072 1653 2118 et
1700 2071 1988 2134 paupertas
2016 2063 2136 2136 ejus

535 2159 681 2216 506
710 2169 742 2209 a
776 2154 1033 2222 Domino,
1069 2171 1231 2227 quam
1262 2171 1360 2227 pro
1390 2154 1508 2225 ipso
1539 2151 1825 2221 sustinuit,
1860 2153 2131 2211 laudatur.

536 2253 720 2308 Potest
747 2259 801 2308 et
830 2268 925 2324 per
954 2252 1059 2308 hoc
1108 2252 1424 2307 voluntaria
1449 2258 1746 2323 paupertas
1776 2251 2034 2324 intelligi,
2066 2251 2134 2306 de

535 2357 643 2413 qua
676 2340 946 2397 Dominus
983 2340 1121 2397 dicit
1151 2342 1209 2395 in
1235 2340 1536 2412 Evangelio
1570 2357 1581 2395 :
1636 2363 1654 2385 ι
1686 2339 1838 2395 Beati
1873 2356 2135 2412 pauperes

533 2430 753 2502 spiritu,
804 2429 1065 2502 quoniam
1116 2428 1362 2501 ipsorum
1414 2437 1495 2485 est
1558 2444 1794 2501 regnum
1866 2428 2132 2484 caelorum

537 2522 750 2591 (Matth.
787 2537 844 2588 v,
875 2520 955 2592 3).
998 2545 1016 2568 ι

608 2611 707 2667 Sed
734 2610 875 2666 dives
894 2626 946 2664 es
983 2627 995 2665 :
1028 2624 1233 2681 pauper
1262 2606 1522 2662 videlicet
1552 2606 1741 2676 rebus,
1773 2606 1929 2663 dives
1957 2606 2132 2661 virtu-

537 2699 704 2755 tibus.
737 2701 811 2755 Et
838 2698 1223 2770 blasphemaris
1267 2697 1333 2752 ab
1382 2696 1470 2763 iis,
1501 2696 1594 2766 qui
1639 2713 1692 2750 se
1718 2696 1899 2750 dicunt
1923 2696 2134 2751 Indicos

533 2805 657 2857 esse,
697 2796 744 2844 et
770 2806 878 2844 non
906 2794 1063 2853 sunt;
1096 2787 1183 2842 sed
1210 2792 1333 2841 sunt
1368 2802 1629 2856 synagoga
1686 2786 1916 2841 Satanae.
1958 2784 2133 2840 Judaei

533 2878 860 2934 conﬁtentes
910 2877 1344 2947 interpretantur
1394 2892 1406 2930 :
1467 2874 1642 2930 Judaei
1698 2874 1793 2946 qui
1850 2874 2133 2933 Christum

538 2966 981 3038 blasphemantes
1010 2972 1229 3035 negant,
1262 2980 1373 3019 non
1401 2964 1597 3032 Judaei,
1632 2963 1688 3019 id
1716 2972 1820 3032 est,
1870 2965 2135 3021 conﬁten-

2245 1798 2401 1870 gasti.
2432 1801 2507 1855 Et
2556 1799 2615 1853 in
2670 1799 2851 1853 diebus
2903 1799 3015 1854 illis
3073 1799 3308 1871 Antipas
3372 1799 3507 1855 testis
3554 1813 3686 1864 meus,
3706 1796 3769 1866 qui

2246 1888 2445 1942 occisus
2473 1894 2547 1942 est
2570 1888 2714 1960 apud
2742 1905 2849 1955 eos,
2880 1888 2969 1942 ubi
2985 1889 3218 1945 Satanas
3248 1887 3466 1944 habitat.
3491 1888 3559 1942 Et
3580 1884 3769 1940 indiebus

2243 1975 2376 2043 illis,
2410 1976 2467 2031 id
2496 1983 2598 2044 est,
2632 1976 2687 2031 in
2718 1976 2912 2032 diebus
2957 1976 3163 2049 quibus
3214 1975 3512 2048 persecutio
3554 1972 3670 2045 apud
3705 1987 3770 2026 vos

2243 2065 2483 2136 amplius
2534 2064 2805 2133 fervebat,
2836 2065 3069 2137 Antipas
3096 2065 3260 2121 testis
3289 2080 3461 2131 meus,
3494 2061 3768 2126 subauditur,

2243 2154 2479 2222 exstitit,
2511 2154 2605 2226 qui
2638 2154 2852 2211 occisus
2895 2164 2977 2211 est
3023 2153 3168 2225 apud
3232 2170 3347 2220 vos,
3378 2152 3466 2208 ubi
3492 2152 3685 2208 Satanas
3705 2148 3769 2204 ha-

2241 2244 2403 2299 bitat.
2434 2243 2611 2316 Apud.
2628 2260 2725 2300 vos
2753 2244 2968 2300 occisus
2995 2252 3098 2310 est,
3140 2251 3199 2300 et
3226 2259 3336 2298 non
3368 2259 3400 2298 a
3423 2241 3569 2298 vobis
3596 2257 3606 2294 :
3633 2239 3705 2295 sed
3722 2237 3768 2292 ab

2244 2333 2358 2389 illis
2387 2334 2533 2390 inter
2560 2350 2700 2407 quos
2728 2349 2827 2389 vos
2855 2333 3137 2402 habitatis,
3170 2332 3237 2389 in
3266 2331 3463 2406 quibus
3489 2328 3670 2385 habitat
3691 2325 3769 2382 dia-

2242 2422 2423 2478 holus.

2317 2512 2502 2583 (Vers.
2534 2509 2620 2578 14,
2656 2510 2770 2580 15.)
2794 2510 2896 2566 Sed
2925 2509 3086 2564 habeo
3113 2510 3400 2566 adversum
3429 2516 3472 2565 te
3494 2524 3657 2581 pauca,
3679 2502 3769 2575 quia

2242 2602 2395 2656 habes
2446 2602 2558 2657 illic
2608 2606 2829 2656 tenentes
2883 2600 3177 2655 doctrinam
3235 2601 3478 2665 Balaam,
3506 2596 3588 2668 qui
3611 2593 3771 2649 docebat

2243 2695 2413 2749 Balac
2437 2692 2639 2746 mittere
2662 2691 2971 2747 scandalum
2996 2707 3172 2746 coram
3212 2691 3342 2763 ﬁliis
3370 2690 3530 2747 Israel
3548 2704 3558 2741 :
3574 2687 3639 2742 ita
3659 2682 3770 2738 habes

2242 2789 2290 2837 et
2342 2788 2397 2836 tu
2452 2788 2672 2836 tenentes
2715 2780 3012 2836 doctrinam
3037 2780 3453 2837 Nicolaitarum.
3480 2777 3693 2848 Legimus
3727 2771 3768 2825 in

2243 2871 2388 2927 libro
2408 2871 2634 2927 Numeri
2663 2868 2811 2942 quod
2842 2869 3003 2925 Balac
3031 2884 3130 2923 rex
3159 2868 3521 2925 Moabitarum
3546 2864 3605 2920 ad
3628 2873 3767 2932 sugge-

2243 2961 2476 3016 stionem
2511 2960 2731 3015 Balaam
2753 2959 2996 3030 posuerit
3024 2957 3305 3029 speciosas
3342 2955 3580 3013 mulieres
3604 2953 3652 3007 in
3674 2962 3767 3006 con-

537 3063 637 3122 tes,
669 3053 764 3110 sed
793 3069 1069 3126 synagoga
1104 3052 1317 3108 Satanae
1367 3068 1479 3108 non
1531 3052 1988 3111 inconvenienter
2036 3071 2131 3111 vo-
2162 3083 2207 3146 ο
2245 3056 2434 3120 Specta
2489 3048 2731 3104 ﬁliorum
2782 3048 2945 3104 Israel
2995 3047 3104 3104 diis
3129 3047 3259 3146 διιξῦ
3283 3045 3636 3146 sacriﬁcantes»

532 3150 750 3202 cantur.

605 3232 786 3304 (Vers.
830 3232 918 3301 10,
951 3232 1065 3303 11.)
1098 3233 1248 3289 Nihil
1274 3234 1463 3288 horum
1495 3233 1696 3302 timeas,
1726 3252 1846 3305 qua
1865 3252 2133 3307 passurus

530 3342 602 3381 es.
639 3324 1022 3381 Praedicuntur
1045 3323 1095 3379 ei
1125 3324 1374 3392 adversa,
1400 3330 1461 3379 ut
1491 3323 1774 3380 venientia
1803 3324 2025 3381 facilius
2052 3333 2130 3381 to-

532 3414 705 3470 lerare
734 3421 934 3485 posset.
969 3415 1100 3469 Ecce
1125 3413 1387 3468 missurus
1416 3419 1489 3466 est
1516 3413 1764 3468 diabolus
1796 3431 1863 3467 ea:
1900 3414 2045 3469 vobis
2073 3414 2133 3469 in

528 3519 808 3571 carcerem,
838 3510 897 3558 ut
922 3502 1184 3557 tentemini
1215 3503 1319 3571 (9),
1352 3500 1410 3557 id
1441 3509 1542 3569 est,
1575 3503 1843 3575 quosdam
1872 3518 1943 3558 ex
1971 3503 2132 3559 vobis

527 3590 802 3657 diabolus,
830 3591 888 3646 id
916 3600 998 3647 est
1028 3590 1269 3645 ministri
1299 3590 1529 3659 diaboli,
1562 3592 1621 3646 in
1651 3607 1923 3649 carcerem
1983 3591 2131 3649 mis-

535 3678 652 3735 suri
683 3687 848 3745 sunt;
894 3685 957 3733 ut
984 3677 1273 3733 tentemini
1309 3686 1495 3734 utrum
1529 3679 1589 3734 in
1618 3679 1817 3736 timore
1846 3698 2130 3752 poenarum

529 3783 562 3823 a
591 3765 699 3823 ﬁde
730 3766 1002 3834 recedere,
1029 3783 1099 3823 an
1138 3783 1237 3839 pro
1265 3781 1450 3823 amore
1479 3766 1687 3825 Christi
1730 3768 1872 3824 mori
1926 3769 2129 3828 delibe-

530 3853 682 3911 retis.
714 3858 783 3910 Et
818 3854 1068 3910 habebitis
1100 3853 1494 3910 tribulationem
1524 3855 1704 3911 diebus
1748 3857 1938 3913 decem.
1968 3859 2130 3915 Tem-

530 3959 633 4016 pus
678 3959 788 4017 quo
838 3942 957 4001 haec
1003 3944 1309 4016 persecutio
1355 3944 1635 4001 crudelius
1667 3946 1927 4003 servitura
1965 3955 2127 4017 esset,

435 4016 442 4025 ’
532 4016 950 4090 demonstravit.
992 4034 1123 4089 Esto
1150 4033 1323 4105 ﬁdelis
1352 4048 1515 4102 usque
1543 4034 1614 4088 ad
1645 4041 1886 4104 mortem,
1919 4042 1967 4090 et
1996 4035 2130 4092 dabo

531 4123 625 4179 tibi
645 4139 894 4179 coronam
920 4123 1060 4179 vita.
1085 4122 1300 4181 Corona
1319 4122 1450 4180 vitae
1478 4123 1709 4196 gloriam
1740 4123 2128 4197 sempiternam

530 4210 891 4268 demonstrat.

603 4309 707 4374 Qui
734 4309 885 4365 habet
912 4325 1089 4378 aures,
1134 4309 1328 4364 audiat
1360 4308 1491 4379 quid
1521 4308 1756 4380 Spiritus
1783 4308 1924 4377 dicat
1948 4310 2124 4365 Eccle-

528 4394 643 4494 siis.
678 4396 782 4463 Qui
810 4396 1011 4465 vicerit,
1043 4414 1150 4453 non
1185 4399 1402 4454 lwdetur
1429 4417 1463 4453 a
1491 4404 1658 4453 morte
1703 4398 1947 4453 secunda.
1982 4397 2126 4466 Quid
2158 4435 2208 4494 Β

528 4485 601 4541 sit
627 4502 774 4541 mors
803 4487 1064 4554 secunda,
1096 4487 1155 4542 in
1190 4486 1546 4559 sequentibus
1571 4487 1840 4543 dicemus.

604 4585 786 4657 (Vers.
840 4583 952 4655 l2.)
993 4586 1068 4640 Et
1111 4586 1294 4656 angelo
1340 4585 1587 4656 Pergami
1618 4586 1866 4641 Ecclesia
1913 4587 2120 4642 scribe:

530 4676 653 4733 Haec
681 4675 811 4730 dicit
842 4674 935 4745 qui
965 4675 1116 4730 habet
1132 4677 1454 4747 romphwam
1480 4681 1705 4746 utraque
1721 4682 1877 4747 parte
1894 4683 2123 4733 acutam.

528 4764 632 4820 Per
685 4762 1018 4835 romphaaam
1060 4762 1354 4835 judiciaria
1408 4764 1632 4820 Domini
1685 4772 1921 4836 potestas
1952 4772 2128 4837 potest

532 4851 769 4925 intelligi
808 4868 820 4906 :
854 4868 977 4925 quae
1009 4860 1245 4925 utraque
1274 4862 1427 4925 parte
1458 4861 1612 4909 acuta
1643 4852 1871 4922 dicitur,
1905 4863 2129 4926 propter

530 4942 642 5000 duo
682 4941 915 5013 judicia,
947 4960 1117 4999 unum
1149 4944 1297 5015 quod
1330 4942 1535 4999 factum
1575 4950 1657 5000 est
1684 4960 1780 5015 per
1804 4960 2022 5015 aquam,
2051 4944 2126 4999 al-

534 5041 714 5090 terum
743 5034 891 5107 quod
920 5034 1014 5090 ﬁet
1042 5050 1138 5105 per
1167 5033 1370 5104 ignem.
1413 5033 1518 5090 Sed
1548 5034 1899 5090 excludimur
1925 5035 1993 5090 ab
2024 5034 2130 5091 hoc

531 5123 838 5191 intellectu,
870 5140 936 5180 eo
981 5123 1128 5197 quod
1175 5123 1318 5180 illud
1359 5122 1633 5195 judicium
1669 5122 1785 5195 jam
1822 5133 2124 5197 peractum,

526 5222 694 5286 atque
740 5230 838 5287 per
885 5212 1319 5271 misericordiam
1371 5213 1470 5270 Dei
1516 5213 1785 5270 abolitum
1825 5212 1916 5269 sit.
1974 5213 2129 5271 Tunc

528 5319 766 5379 namque
804 5303 1006 5377 judicii
1054 5303 1209 5360 illius
1236 5318 1466 5360 acumen
1494 5303 1734 5360 deletum
1772 5310 1874 5367 est,
1907 5302 2127 5375 quando

605 5539 688 5611 (9)
751 5537 855 5597 Hic
908 5545 1096 5597 textus
1151 5536 1210 5595 in
1263 5535 1399 5595 edit.
1468 5534 1705 5610 rejectus
1770 5535 1950 5594 fuerat
2020 5541 2146 5610 post
2188 5533 2374 5604 verba,
2461 5535 2689 5591 tolerare
2743 5538 2917 5604 posset
2968 5547 2981 5588 :

534 5626 665 5667 mss.

2245 3154 2368 3193 rum
2400 3136 2758 3210 pulchritudo
2784 3153 2896 3193 non
2937 3136 3115 3191 solum
3159 3135 3238 3191 ad
3269 3130 3650 3209 perpetrandam
3676 3123 3766 3181 libi-

2242 3225 2427 3282 dinem
2459 3241 2551 3282 eos
2606 3224 2897 3293 accendit;
2952 3225 3047 3281 sed
3099 3224 3273 3280 etiam
3324 3231 3383 3280 ut
3434 3222 3497 3279 de
3546 3211 3769 3275 sacriﬁciis

2241 3331 2432 3371 eorum
2460 3314 2829 3381 comederent,
2859 3312 3120 3386 perduxit
3153 3314 3347 3383 (Num.
3379 3328 3510 3377 xxv,
3540 3308 3584 3375 1,
3611 3306 3678 3376 2).
3704 3298 3768 3357 Ni-

2240 3403 2455 3460 colaitae
2488 3419 2631 3463 vero.
2647 3411 2806 3458 erant
2833 3401 3082 3458 haeretici
3113 3403 3343 3474 nuptias
3364 3400 3678 3459 detestantes,
3699 3390 3767 3445 ἀοι

2240 3500 2534 3565 centesque
2563 3491 2769 3559 ﬁdeles,
2817 3498 2880 3546 ut
2927 3490 3358 3565 quibuscunque
3395 3490 3600 3553 vellent,
3625 3481 3767 3538 misce-

2240 3590 2432 3637 rentur
2486 3596 2639 3636 more
2682 3579 3003 3637 bestiarum.
3045 3578 3199 3636 Sicut
3254 3596 3380 3652 ergo
3410 3593 3500 3651 per
3522 3570 3767 3633 doctrinam

2239 3672 2481 3738 Balaam,
2514 3668 2617 3725 ﬁlii
2647 3669 2813 3724 Israel
2842 3669 2898 3724 in
2946 3666 3338 3725 fornicationis
3383 3667 3572 3722 malum
3609 3653 3767 3726 delapsi

2239 3768 2387 3827 sunt,
2411 3765 2631 3831 propter
2650 3756 2797 3830 quod
2824 3755 2986 3812 multi
3013 3771 3205 3812 eorum
3233 3756 3522 3829 perierunt,
3544 3752 3614 3807 ita
3634 3755 3679 3802 et
3701 3741 3766 3799 Ni-

2238 3848 2453 3906 colaitae
2481 3846 2745 3921 quosdam
2786 3862 2855 3901 ex
2904 3844 3184 3914 ﬁdelibus,
3216 3846 3318 3919 qui
3346 3843 3484 3917 apud
3508 3842 3767 3911 Pergamum

2238 3945 2413 4006 erant,
2447 3953 2545 3992 sua
2572 3951 2742 4007 prava
2786 3933 3041 3991 doctrina
3086 3933 3142 3989 in
3192 3929 3568 3990 fornicationis
3607 3922 3767 3980 malum

2238 4027 2576 4100 dejecerunt,
2617 4025 2873 4081 docentes
2903 4040 2994 4079 eos
3022 4032 3085 4080 ut
3128 4025 3292 4081 nullo
3322 4023 3479 4080 modo
3506 4035 3556 4076 se
3592 4008 3768 4071 vinculo

2239 4116 2517 4190 conjugali
2541 4114 2844 4181 irretirent,
2875 4112 2970 4169 sed
3001 4111 3424 4187 quibuscunque
3451 4110 3652 4171 vellent,
3680 4112 3767 4172 pas-

2238 4209 2342 4266 sim
2376 4207 2757 4263 miscerentur.
2790 4202 2948 4270 Quod
2992 4210 3177 4259 autem
3206 4203 3344 4262 dicit
3375 4219 3387 4256 :
3419 4199 3580 4257 Habeo
3611 4192 3767 4249 adver-

2238 4315 2356 4355 sum
2387 4304 2431 4352 te
2453 4313 2650 4368 pauca,
2680 4294 2952 4366 signiﬁcat
2982 4309 3190 4365 paucos
3217 4311 3289 4352 ex
3313 4290 3556 4349 ﬁdelibus
3576 4284 3634 4341 ab
3671 4280 3765 4334 hm-

2239 4388 2428 4446 reticis
2464 4403 2580 4444 esse
2609 4386 2881 4457 deceptos.

2311 4478 2493 4550 (Vers.
2530 4476 2643 4548 16.)
2696 4451 2953 4531 Similiter
2984 4473 3350 4545 paenitentiam
3391 4488 3498 4542 age.
3530 4466 3630 4523 Hoc

2236 4546 2393 4635 dicit,
2443 4546 2710 4632 similiter,
2751 4562 2971 4619 videtur
3023 4562 3163 4619 mihi
3211 4562 3281 4619 ad
3326 4559 3565 4631 angelum
3604 4546 3762 4621 Ephesi

2238 4656 2498 4715 Ecclesiae
2538 4654 2825 4726 respicere,
2874 4652 2966 4710 cui
3006 4651 3212 4710 dicitur
3256 4672 3269 4711 :
3321 4644 3652 4709 Paenitentiam
3677 4647 3762 4731 αθιτ

2238 4767 2295 4804 eo
2342 4747 2482 4819 quod
2537 4744 2845 4799 charitatem
2891 4749 3039 4799 tuam
3072 4744 3307 4815 primam
3333 4736 3611 4811 reliqueris.
3637 4731 3765 4796 0033'

2237 4838 2450 4895 diceret
2493 4852 2504 4890 :
2541 4834 2694 4891 Sicut
2722 4833 2954 4906 praecepi
2984 4834 3178 4906 angelo
3206 4832 3428 4906 Ephesi,
3456 4835 3515 4885 ut
3537 4820 3767 4916 panitet!-

2236 4928 2370 4987 tiam
2401 4933 2603 4999 ageret,
2638 4941 2703 4982 eo
2749 4924 2896 4997 quod
2922 4922 3244 4981 cbaritatem
3292 4922 3514 4996 primam
3551 4912 3766 4999 reliquis-

2235 5027 2335 5087 set,
2398 4995 2657 5073 similiter
2709 4995 2781 5072 et"
2818 5024 2881 5071 tu
2936 4995 3317 5087 paenitentiam
3367 5024 3564 5084 age,eo
3595 4995 3767 5097 quod}l

2234 5112 2502 5172 cbaritate
2531 5112 2878 5181 deviaveris;
2930 5120 2993 5168 ut
3029 5113 3242 5187 aliquos
3285 5118 3497 5166 tuorum
3541 5102 3764 5191 mil?"

2235 5209 2554 5266 turnitatem
2586 5206 2886 5263 amitteres.
2918 5204 2977 5261 Si
3007 5205 3306 5277 quominus,
3336 5199 3529 5257 veniam
3565 5186 3761 5284 tibi

2234 5299 2383 5357 Solet
2413 5314 2508 5371 per
2532 5296 2829 5353 adventum
2861 5295 3086 5353 Domini
3115 5310 3260 5352 mors
3284 5285 3510 5360 intelligi
3534 5301 3548 5352 ;
3592 5282 3762 5335 unlcnl'

3035 5529 3131 5590 sed
3185 5533 3373 5588 contra
3432 5508 3759 5577 auctorimem
