4020 6200
210 353 318 409 861

1124 348 1578 406 BERENGAUDI
1615 347 1990 407 EXPOSITIO
2025 352 2098 407 IN
2135 351 2640 411 APOCALYPSIN.

3413 362 3518 418 862

209 491 316 548 que
371 471 518 527 enim
577 471 847 526 Dominus
877 479 1010 527 tunc
1056 472 1230 540 venit,
1273 473 1491 545 quando
1537 490 1632 546 per
1662 491 1801 529 mor~
1834 479 1883 537 Α
1914 475 2128 530 Patrem
2187 493 2349 532 suum
2400 478 2619 536 dicebat
2673 481 2870 548 Deum,
2910 482 3171 553 aequalem
3223 500 3278 538 se
3309 485 3515 543 faciens

210 572 319 620 tem
351 562 592 616 animam
626 577 656 616 a
690 577 917 633 corpore
962 572 1195 634 separat.
1233 563 1368 629 Cito,
1405 563 1458 618 id
1489 572 1571 620 est
1607 564 1808 635 impro-

209 651 347 714 vise,
377 650 519 708 sicut
550 651 617 706 de
655 667 817 706 servo
857 650 1164 724 negligente
1216 652 1486 707 Dominus
1531 652 1588 707 in
1629 654 1808 707 Evan-

206 741 350 812 gelio
381 739 665 810 loquitur:
715 739 938 796 «Veniet
969 748 1151 794 autem
1181 741 1451 797 Dominus
1480 741 1624 797 servi
1658 742 1810 798 illius

205 828 262 883 in
294 828 386 883 die
422 844 531 900 quo
560 828 759 896 nescit,
790 839 844 885 et
879 829 1012 884 hora
1043 846 1149 901 qua
1188 829 1439 901 ignorat;
1499 837 1553 886 et
1595 830 1810 886 dividet

202 935 354 983 eum,
385 926 704 990 partemque
733 916 850 989 ejus
879 936 1004 976 cum
1037 918 1346 990 hypocritis
1385 927 1551 991 ponet
1590 921 1803 989 (Matth.

199 1025 364 1075 xxxv,
415 1009 532 1078 5i).
569 1034 586 1054 ι
634 1009 809 1064 Homo
844 1011 991 1065 enim
1023 1027 1090 1065 ex
1123 1012 1307 1067 anima
1335 1019 1390 1067 et
1421 1030 1648 1085 corpore
1675 1029 1804 1068 con-

199 1096 388 1153 sistit:
424 1097 626 1153 dividit
656 1100 925 1155 Dominus
957 1100 1238 1157 hominem
1289 1119 1414 1158 cum
1473 1103 1717 1157 animam
1776 1120 1806 1158 a

200 1202 435 1258 corpore
473 1197 685 1258 separat
715 1205 726 1242 :
754 1197 960 1260 partem
989 1189 1108 1260 ejus
1131 1207 1255 1246 cum
1287 1190 1595 1262 hypocritis
1628 1192 1802 1263 ponit,

200 1275 428 1347 quando
457 1275 720 1344 animam,
768 1294 888 1350 quae
919 1279 1159 1334 secunda
1189 1296 1312 1351 pars
1341 1289 1422 1335 est
1454 1280 1511 1335 in
1552 1281 1800 1349 homine,

199 1383 301 1439 pro
330 1369 722 1442 iniquitatibus
751 1371 865 1425 suis
901 1387 1026 1427 cum
1069 1372 1256 1443 impiis
1299 1372 1652 1429 cruciandam
1684 1381 1804 1429 tra-

198 1455 301 1512 dit.
366 1461 428 1514 In
477 1459 584 1515 hoc
635 1459 782 1532 quod
837 1459 1020 1516 dicit:
1092 1461 1300 1518 Veniam
1361 1462 1454 1515 tibi
1508 1462 1629 1530 cito,
1678 1463 1804 1519 talis

200 1546 338 1601 mihi
388 1563 584 1604 sensus
637 1563 754 1604 esse
812 1548 1074 1604 videtur:
1140 1548 1196 1604 Si
1251 1547 1630 1620 paenitentiam
1691 1567 1801 1605 non

196 1637 391 1706 egeris,
425 1637 645 1692 veniam
696 1637 798 1694 tibi
827 1637 975 1703 cito;
1010 1645 1072 1693 ut
1119 1645 1172 1694 te
1223 1655 1318 1709 per
1349 1647 1604 1707 mortem,
1637 1656 1799 1712 quam

195 1725 502 1797 praevidere
535 1727 787 1798 negligis,
841 1727 1160 1782 dissolvam.
1211 1727 1504 1800 Sequitur:
1566 1731 1639 1784 Et
1677 1746 1750 1799 pu

192 1815 360 1885 gnabo
419 1834 542 1871 cum
594 1817 707 1872 illis
753 1819 809 1871 in
861 1817 1040 1887 gladio
1089 1817 1200 1872 oris
1229 1819 1328 1873 mei
1359 1836 1375 1872 :
1407 1819 1464 1874 id
1491 1827 1594 1886 est,
1625 1819 1794 1874 alium
1829 1840 1873 1898 Β

194 1904 250 1959 in
292 1906 416 1961 loco
451 1913 548 1961 tuo
579 1921 802 1978 ponam,
851 1915 903 1962 et
958 1923 1157 1978 ponam
1214 1907 1455 1978 gladium
1503 1907 1795 1963 verborum

193 2010 450 2049 meorum
497 1996 554 2051 in
597 2011 690 2051 ore
734 1994 872 2066 ejus,
925 1995 981 2050 in
1023 2013 1132 2068 quo
1179 1995 1406 2067 dejiciat
1459 1995 1801 2052 adversarios

191 2084 472 2140 veritatis.

266 2171 458 2242 (Vers.
506 2173 620 2244 17.)
659 2173 762 2241 Qui
781 2175 932 2229 habet
963 2191 1142 2241 aures,
1175 2174 1365 2229 audiat
1393 2174 1523 2244 quid
1566 2175 1802 2245 Spiritus

191 2263 332 2319 dicat
365 2265 646 2321 Ecclesiis.
702 2266 1028 2340 Ubicunque
1072 2266 1190 2322 hinc
1233 2267 1505 2322 sententia
1552 2268 1797 2338 ponitur,

193 2355 276 2408 vel
308 2354 366 2408 in
406 2357 740 2427 Evangelio,
773 2358 859 2414 vel
894 2358 949 2412 in
983 2358 1339 2430 Apocalypsi,
1385 2358 1669 2415 sciendum
1719 2367 1800 2415 est

193 2445 498 2513 mysticum
549 2461 664 2501 esse
703 2445 849 2518 quod
898 2446 1124 2514 dicitur,
1173 2455 1226 2502 et
1268 2448 1335 2503 ad
1376 2447 1796 2518 intelligendum

192 2530 448 2590 difﬁcile.
532 2535 763 2591 Vincenti
820 2535 954 2590 dabo
1009 2552 1205 2590 manna
1266 2535 1644 2592 absconditum.
1688 2538 1801 2591 Le-

197 2621 375 2692 gimus
426 2624 488 2680 in
528 2625 715 2680 Veteri
772 2625 1139 2692 Testamento,
1198 2625 1327 2697 quia
1381 2627 1643 2698 populum
1692 2627 1800 2682 Ju-

198 2708 448 2768 daaorum
503 2730 598 2784 per
643 2713 855 2770 deserta
903 2713 1239 2786 gradientem
1287 2715 1555 2771 Dominus
1600 2733 1800 2771 manna

199 2802 410 2869 paverit
475 2803 826 2868 (Exod.xv1,
887 2802 999 2874 14),
1047 2819 1219 2874 usque
1281 2802 1411 2859 dum
1445 2804 1700 2859 venirent
1729 2804 1797 2860 ad

200 2893 400 2945 terram
435 2892 898 2963 repromissionis.
945 2893 1046 2948 Per
1085 2908 1286 2947 manna
1332 2893 1503 2963 igitur
1532 2893 1800 2964 sapientia

200 2991 319 3047 quas
350 2979 606 3036 Christus
638 2989 739 3048 est,
775 2981 1010 3051 intelligi
1041 2989 1218 3051 potest
1251 2997 1262 3034 :
1326 3006 1343 3027 ι
1393 2983 1510 3051 Ipse
1539 2989 1620 3036 est
1649 2981 1796 3036 enim

201 3067 357 3133 panis
385 3069 550 3125 vivus
587 3069 682 3142 qui
716 3069 784 3124 de
815 3069 954 3125 crelo
985 3068 1267 3124 descendit
1299 3069 1478 3138 (Joan.
1513 3087 1592 3136 vi,
1622 3069 1732 3138 51).
1769 3095 1786 3116 ι

200 3153 314 3210 Hoc
342 3174 480 3227 pane
521 3159 747 3214 aluntur
794 3173 985 3212 omnes
1041 3157 1222 3224 electi,
1282 3157 1339 3212 in
1374 3157 1587 3214 deserto
1635 3166 1798 3230 atque

198 3240 255 3295 in
283 3243 482 3301 itinere
526 3245 696 3316 hujus
725 3245 912 3302 saeculi
946 3245 1132 3316 positi,
1178 3261 1350 3318 usque
1397 3245 1528 3301 dum
1573 3248 1800 3302 veniant

195 3328 263 3382 ad
293 3338 496 3388 terram
535 3334 1002 3405 repromissionis,
1030 3333 1086 3389 id
1115 3343 1197 3390 est
1225 3334 1291 3389 ad
1334 3335 1608 3391 cmlestem
1661 3334 1798 3390 bea-

195 3416 494 3476 titudinem
545 3439 710 3495 quam
759 3425 1072 3494 repromisit
1119 3426 1264 3480 Deus
1311 3423 1672 3496 diligentibus
1717 3441 1792 3480 se.

199 3504 601 3566 Absconditum
660 3520 843 3567 autem
894 3511 1018 3567 ideo
1071 3511 1294 3578 dicitur,
1347 3513 1475 3584 quia
1530 3513 1796 3583 sapientia

194 3594 291 3648 Dei
324 3599 576 3669 superbis
616 3599 1000 3668 absconditur,
1045 3609 1099 3657 et
1146 3600 1452 3657 humilibus
1495 3601 1794 3666 revelatur,

193 3681 340 3740 sicut
380 3685 494 3758 ipse
523 3688 660 3745 dicit
691 3689 747 3743 in
778 3689 1080 3760 Evangelio
1111 3707 1122 3744 :
1173 3715 1190 3736 ι
1219 3689 1498 3747 Conﬁteor
1527 3689 1650 3746 tibi.
1683 3691 1794 3744 Pa-

197 3777 300 3839 ter,
367 3777 604 3832 Domine
651 3777 778 3833 caeli
831 3785 885 3833 et
940 3786 1118 3847 terrae,
1153 3779 1281 3852 quia
1309 3779 1646 3835 abscondisti
1678 3779 1794 3834 haec

195 3873 226 3912 a
265 3863 607 3933 sapientibus
654 3873 708 3922 et
760 3866 1149 3938 prudentibus,
1195 3874 1250 3923 et
1277 3868 1535 3924 revelasti
1565 3883 1627 3924 ea
1663 3883 1788 3940 par-

194 3950 338 4006 vulis
369 3954 584 4026 (Matth.
608 3972 688 4022 χι,
719 3955 834 4026 25).
868 3980 886 4003 ι

269 4043 416 4104 507
459 4044 533 4098 Et
567 4043 701 4097 dabo
731 4043 818 4098 illi
848 4043 1109 4098 calculum
1141 4041 1444 4097 candidum.
1470 4042 1572 4098 Per
1597 4041 1791 4098 calcu-

194 4131 324 4205 lum,
365 4141 463 4212 qui
511 4139 651 4211 lapis
683 4156 884 4211 parvus
913 4146 1015 4206 est,
1047 4148 1100 4194 et
1145 4155 1178 4193 a
1223 4139 1546 4195 calculando
1575 4139 1654 4194 sic
1682 4154 1790 4192 vo-

191 4230 362 4294 catur,
405 4227 776 4300 Evangelium
822 4243 1111 4299 possumus
1151 4227 1396 4298 accipere
1466 4227 1606 4294 Quia
1647 4225 1790 4281 sicut

191 4315 402 4388 antiqui
437 4317 636 4372 horum
665 4316 910 4389 lapidum
945 4317 1360 4372 multitudinem
1403 4333 1651 4388 magnam
1682 4314 1788 4370 sibi

191 4407 591 4479 congregabant
645 4406 714 4462 ad
759 4406 1073 4478 partiendos
1130 4416 1183 4462 et
1241 4405 1569 4461 dividendos
1600 4421 1786 4460 nurne-

192 4503 310 4558 ros;
368 4497 451 4553 ita
501 4496 752 4553 doctores
809 4497 1070 4554 Ecclesiae
1126 4498 1302 4552 multa
1332 4496 1500 4552 verba
1525 4497 1786 4566 Evange—

1832 3195 1875 3255 C

1924 566 2037 620 Deo
2091 567 2272 636 (Joan.
2322 583 2376 634 v,
2429 568 2541 640 18).
2592 594 2610 615 ι
2667 569 2723 624 Si
2755 571 3006 627 Christus
3051 573 3313 644 zequalem
3355 592 3410 630 se
3443 575 3515 630 fa-

1922 653 2105 710 ciebat
2159 657 2293 723 Deo,
2341 673 2440 712 cur
2468 655 2604 712 dicit
2643 659 2808 713 Arius
2855 659 3122 715 minorem
3165 677 3279 717 esse
3310 664 3510 721 Filium

1921 741 2082 798 Patre
2103 743 2131 798 ‘l
2163 745 2279 801 Hoc
2309 760 2435 816 ergo
2483 762 2683 801 nomen
2715 748 2860 819 quod
2904 748 2962 803 in
3005 750 3217 805 calculo
3251 752 3513 824 scriptum

1922 840 2027 900 est,
2058 835 2247 889 nullus
2275 835 2400 903 scit,
2457 837 2565 891 nisi
2595 838 2688 909 qui
2730 840 2958 911 accipit;
3005 841 3133 912 quia
3175 842 3514 913 omnipoten-

1919 921 2075 988 tiam,
2137 922 2510 987 divinitatem,
2570 927 2933 997 aequalitatem
2991 929 3115 983 Filii
3173 947 3300 984 cum
3351 931 3514 986 Patre

1922 1010 2110 1065 nullus
2156 1010 2294 1066 scire
2325 1014 2608 1083 praevalet,
2641 1015 2745 1069 nisi
2787 1017 2873 1072 cui
2923 1017 3174 1072 doctrina
3223 1019 3512 1090 Evangelii

1916 1097 2043 1153 data
2072 1099 2256 1156 fuerit.
2311 1101 2412 1155 Sed
2445 1110 2526 1156 est
2565 1103 2717 1158 aliud
2768 1105 2914 1176 quod
2961 1123 3060 1160 nos
3103 1115 3326 1173 movet;
3384 1124 3511 1162 nam

1915 1187 2077 1258 paulo
2107 1187 2360 1259 superius
2393 1189 2583 1244 dixit:
2661 1192 2894 1248 Vincenti
2949 1193 3081 1246 dabo
3137 1210 3332 1248 manna
3382 1195 3514 1249 abs—

1913 1277 2200 1343 conditum,
2257 1285 2304 1333 ct
2352 1279 2486 1333 dabo
2545 1280 2627 1336 illi
2679 1283 2941 1335 calculum
2995 1282 3297 1349 candidum,
3356 1289 3404 1336 et
3458 1283 3514 1336 in

1913 1367 2115 1420 calculo
2147 1383 2333 1420 nomen
2366 1373 2532 1436 tuum,
2582 1370 2721 1438 quod
2768 1387 2916 1423 nemo
2963 1371 3079 1434 scit,
3131 1371 3238 1423 nisi
3289 1371 3381 1440 qui
3414 1388 3513 1425 ac-

1913 1454 2059 1525 cipit.
2093 1456 2148 1511 Si
2195 1456 2363 1527 igitur
2400 1458 2533 1512 solis
2583 1459 2692 1514 illis
2727 1460 2820 1531 qui
2859 1459 3141 1515 diabolum
3174 1459 3427 1528 vincunt,
3459 1469 3513 1516 et

1912 1559 2134 1610 manna,
2163 1553 2216 1598 et
2242 1547 2506 1612 calculus,
2539 1556 2591 1602 et
2624 1548 2865 1603 nominis
2893 1549 3094 1605 Christi
3128 1548 3290 1604 datur
3323 1549 3512 1605 scien-

1915 1632 2021 1698 tia;
2062 1649 2188 1705 ergo
2217 1633 2371 1706 impii
2397 1636 2489 1708 qui
2531 1637 2816 1692 diabolum
2863 1655 2973 1693 non
3003 1638 3256 1706 vincunt,
3298 1639 3389 1694 sed
3444 1639 3512 1695 ab

1911 1738 1976 1777 eo
2008 1723 2327 1792 vincuntur,
2387 1727 2640 1798 quamvis
2699 1728 2988 1798 baptisma,
3041 1730 3296 1801 quamvis
3345 1730 3510 1786 fidem

1913 1812 2120 1868 Christi
2150 1814 2445 1870 videantur
2503 1817 2824 1887 suscepisse,
2883 1818 2951 1872 ab
3000 1819 3103 1874 hoc
3153 1827 3333 1876 tamen
3396 1837 3510 1876 mu-

1911 1917 2038 1955 nere
2067 1901 2230 1957 alieni
2263 1905 2561 1960 esxistunt.
2594 1905 2698 1961 Sed
2738 1905 2875 1962 dicit
2934 1907 3136 1979 aliquis
3165 1927 3175 1962 :
3225 1908 3512 1974 Quomodo

1913 1989 2184 2046 litteratus
2213 1993 2465 2065 quisque,
2493 2002 2546 2048 ct
2586 1995 2641 2050 in
2661 1994 2870 2050 divinis
2901 1997 3202 2068 Scripturis
3239 1997 3510 2067 eruditus,

1912 2079 2236 2149 mysterium
2268 2083 2512 2137 nominis
2551 2083 2757 2140 Christi
2792 2084 3002 2152 nescit;
3045 2087 3298 2158 quamvis
3327 2095 3379 2143 et
3411 2105 3510 2144 sse-

1910 2168 2096 2222 culum
2120 2168 2334 2241 diligat,
2367 2179 2421 2226 et
2452 2173 2779 2242 voluptuose
2804 2173 2986 2228 vivat?
3007 2175 3253 2246 lluicego
3275 2175 3509 2232 duorum

1911 2254 2199 2312 hominum
2233 2259 2671 2316 similitudinem
2706 2263 2809 2316 mel
2845 2263 3078 2318 multum
3111 2264 3509 2336 possidentium

1909 2363 2204 2418 opponam,
2229 2365 2317 2411 (ex
2347 2350 2547 2423 quibus
2578 2369 2720 2407 unus
2767 2369 2834 2408 ex
2869 2370 2932 2408 eo
2961 2354 3117 2409 edere
3147 2356 3343 2411 solitus
3373 2366 3508 2427 erat,

1907 2437 2046 2491 alter
2078 2452 2209 2491 vero
2239 2439 2306 2494 ab
2337 2438 2454 2510 ejus
2495 2457 2612 2508 esu,
2644 2441 2878 2512 quadam
2912 2444 3232 2500 necessitate
3260 2453 3506 2516 cogente,

1908 2527 2169 2583 omnibus
2200 2528 2377 2584 modis
2402 2530 2737 2587 abstinebat.
2771 2533 2908 2598 Quis
2936 2532 3132 2588 horum
3165 2534 3267 2588 tibi
3291 2535 3510 2590 videtur

1907 2632 2156 2687 saporem
2190 2619 2369 2672 mellis
2414 2621 2586 2674 satius
2622 2621 2943 2690 cognovisse
2966 2621 2993 2674 ?
3030 2621 3225 2693 Utique
3274 2638 3508 2694 respon—

1907 2703 2058 2760 debit
2090 2705 2228 2760 mihi
2269 2707 2397 2778 quia
2427 2707 2533 2772 his,
2568 2710 2662 2780 qui
2704 2708 2822 2778 ejus
2868 2708 3160 2764 dulcedine
3187 2710 3392 2780 perfrui
3422 2727 3505 2766 so-

1908 2794 2040 2849 litus
2069 2802 2202 2848 erat.
2245 2796 2316 2849 Et
2369 2803 2551 2850 tamen
2600 2798 2642 2850 si
2692 2797 3078 2867 interrogasses
3117 2805 3411 2870 utrumque
3439 2799 3507 2854 de

1908 2883 2087 2939 melle.
2143 2883 2301 2954 cujus
2349 2892 2489 2941 esset
2544 2887 2773 2956 saporis,
2832 2895 3060 2958 uterque
3122 2886 3504 2944 dulcissimum

1907 2988 2022 3026 esse
2053 2973 2352 3030 fateretur:
2387 2975 2481 3030 sed
2510 2975 2716 3031 diceret
2757 2976 2870 3043 ille,
2911 2976 3058 3049 quod
3087 2977 3332 3043 audivit;
3375 2979 3502 3046 iste,

1908 3063 2053 3135 quod
2083 3073 2342 3136 expertus
2373 3074 2487 3121 erat
2518 3083 2529 3121 :
2562 3067 2715 3122 illius
2758 3067 2943 3139 lingua
2988 3069 3321 3140 loqueretur,
3354 3069 3500 3142 quod

1908 3151 2092 3208 fauces
2147 3153 2494 3224 ignorabant,
2550 3155 2710 3211 istius
2763 3166 2944 3211 autem
3002 3157 3150 3230 quod
3205 3157 3498 3215 delectatio

1908 3240 2186 3298 docuerat.
2222 3244 2319 3299 Ille
2351 3245 2518 3316 igitur
2543 3247 2636 3317 qui
2688 3246 2790 3300 mel
2843 3263 2951 3301 non
2991 3247 3058 3301 ad
3087 3248 3376 3316 utendum,
3403 3247 3496 3304 sed

1906 3329 1974 3383 ad
2003 3330 2155 3386 lucra
2183 3333 2559 3404 exaggeranda
2596 3334 2926 3405 possidebat,
2969 3351 3060 3390 eos
3080 3336 3373 3406 significat,
3403 3337 3497 3409 qui

1905 3433 1974 3472 ex
2003 3419 2231 3474 scientia
2262 3421 2575 3476 divinarum
2600 3423 3004 3495 Scripturarum
3030 3424 3259 3495 gloriam
3293 3432 3496 3496 tempo-

1905 3508 2071 3562 ralem
2104 3511 2228 3580 plus
2257 3527 2416 3582 quam
2447 3519 2704 3566 aeternam
2735 3523 3023 3584 capessunt
3053 3515 3160 3584 (9‘)
3186 3531 3196 3568 :
3243 3513 3336 3568 ille
3368 3529 3497 3568 vero

1903 3597 1997 3668 qui
2031 3598 2136 3652 mel
2161 3598 2228 3654 ad
2256 3600 2360 3654 hoc
2393 3600 2723 3671 possidebat,
2767 3610 2827 3656 ut
2871 3601 2989 3672 ejus
3021 3602 3313 3658 dulcedine
3344 3603 3494 3658 assi-

1901 3685 2008 3741 due
2040 3687 2332 3756 frueretur,
2361 3705 2453 3745 eos
2478 3691 2768 3762 significat,
2802 3693 2896 3764 qui
2936 3693 3191 3749 mandata
3229 3693 3328 3750 Dei
3384 3710 3494 3749 non

1901 3791 1998 3846 pro
2029 3777 2198 3848 gloria
2229 3780 2537 3850 temporali,
2596 3781 2690 3836 sed
2743 3798 2841 3852 pro
2897 3798 3081 3838 amore
3136 3781 3232 3838 Dei
3284 3782 3494 3838 discere

1904 3866 2156 3934 student;
2215 3876 2276 3923 ut
2321 3887 2416 3941 per
2472 3887 2660 3927 eorum
2710 3873 3082 3943 operationem
3137 3873 3205 3929 ad
3263 3874 3492 3945 gloriam

1899 3963 2158 4012 aeternam
2197 3959 2484 4029 pervenire
2515 3971 2847 4016 mereantur.
2909 3963 3028 4018 Illis
3077 3963 3334 4018 mandata
3367 3962 3490 4029 Dei,

1899 4045 2151 4116 quamvis
2197 4063 2258 4101 ea
2301 4047 2618 4118 praidicent,
2649 4048 2833 4103 dulcia
2861 4065 2972 4104 non
3011 4057 3142 4104 sunt
3171 4067 3184 4114 ;
3219 4049 3347 4120 quia
3378 4065 3490 4103 non

1898 4130 2245 4189 dulcedinem
2285 4135 2521 4191 caelestis
2550 4136 2760 4208 patriae,
2789 4137 2883 4191 sed
2913 4137 3261 4192 dulcedinem
3310 4145 3491 4191 terre-

1899 4238 2047 4289 nam,
2078 4239 2197 4294 quae
2248 4224 2672 4279 amaritudinem
2730 4232 2969 4295 generat,
3023 4224 3306 4294 diligunt:
3367 4223 3490 4279 istis

1897 4317 2078 4364 autem
2134 4311 2390 4366 mandata
2431 4312 2530 4367 Dei
2586 4328 2708 4382 spes
2757 4312 2993 4368 cmlestis
3052 4312 3241 4383 patria:
3307 4311 3492 4368 dulcia

1898 4401 2048 4470 facit,
2085 4402 2227 4458 sicut
2265 4402 2401 4457 dicit
2432 4403 2720 4458 Psalmista
2758 4421 2768 4457 :
2819 4429 2835 4450 -
2865 4403 3037 4470 Quam
3087 4403 3270 4459 dulcia
3303 4403 3490 4459 fauci—

1895 4491 1998 4547 bus
2041 4493 2177 4547 meis
2209 4491 2427 4564 eloquia
2461 4499 2576 4559 tua,
2606 4491 2862 4558 Domine,
2895 4509 3057 4564 super
3084 4495 3189 4549 mel
3220 4501 3273 4548 et
3302 4493 3490 4548 favum

192 4574 249 4631 lii
278 4581 334 4637 in
362 4584 630 4642 cordibus
675 4585 789 4642 suis
835 4592 1188 4658 congregant,
1238 4601 1472 4658 quorum
1517 4600 1642 4639 cum
1675 4563 1786 4639 ob-
1815 4563 1863 4621 D
1896 4579 1978 4636 ori
2010 4596 2131 4635 meo
2161 4563 2334 4651 (Psali.
2381 4598 2576 4649 cxvm,
2613 4581 2772 4651 103)!
2817 4607 2833 4628 ι
2879 4563 2979 4636 Illi,
3014 4599 3141 4653 ergo
3173 4582 3275 4637 soli
3305 4583 3490 4638 sciunt

193 4671 479 4729 scuritates
535 4681 588 4729 et
625 4674 938 4746 spirituales
986 4674 1380 4746 intelligentias
1432 4681 1485 4730 et
1516 4673 1784 4729 utilitates

190 4756 534 4818 auditoribus
563 4762 677 4819 suis
706 4763 980 4836 aperiunt,
1014 4764 1168 4837 quasi
1197 4779 1455 4820 numeros
1485 4780 1612 4819 suos
1641 4761 1782 4818 divi-

190 4841 323 4905 dunt
349 4863 406 4910 et
439 4855 774 4924 partiuntur.
814 4857 888 4912 Et
915 4855 969 4910 in
991 4857 1198 4912 calculo
1229 4873 1415 4911 nomen
1439 4871 1634 4910 novum
1655 4854 1783 4910 scri-

185 4940 349 5009 Pium,
379 4945 522 5015 quod
550 4962 698 5000 nemo
726 4946 841 5012 scit,
875 4947 981 5000 nisi
1011 4946 1105 5016 qui
1132 4946 1341 5016 accipit.
1380 4945 1538 5012 Quod
1567 4952 1648 5001 est
1677 4945 1783 5001 hoc

192 5036 384 5087 nomen
418 5031 648 5101 Christi,
679 5033 823 5106 quod
855 5034 912 5088 in
943 5033 1157 5090 calculo
1183 5032 1469 5103 Evangelii
1514 5033 1779 5104 scriptum

191 5125 301 5170 esse
328 5119 536 5178 dicitur
564 5122 592 5177 ‘l
637 5147 653 5168 -
706 5123 766 5177 In
798 5121 1070 5194 principio
1094 5129 1210 5176 erat
1243 5120 1510 5187 Verbum,
1539 5128 1592 5176 et
1647 5120 1776 5175 Ver-

193 5196 317 5260 bum
346 5217 463 5266 erat
491 5211 634 5282 apud
667 5213 862 5279 Deum,
894 5219 948 5267 et
990 5213 1136 5267 Deus
1163 5219 1279 5266 erat
1306 5210 1548 5266 Verbum
1592 5210 1774 5280 (Joan.

197 5295 397 5365 1,1);n
442 5307 496 5355 et
541 5299 778 5356 iterum:
849 5325 866 5347 ε
922 5302 1034 5373 Ego
1085 5307 1140 5356 et
1193 5301 1351 5356 Pater
1386 5315 1556 5353 unum
1589 5314 1779 5354 sumus

198 5375 368 5462 (γΙοαη.
401 5405 458 5457 x,
490 5388 616 5460 30);
652 5413 670 5436 ι
713 5395 768 5444 et
824 5388 970 5444 idem
1029 5389 1362 5462 evangelista
1412 5387 1469 5442 in
1499 5387 1608 5443 alio
1657 5387 1777 5442 loco

195 5461 323 5526 dicit
353 5493 364 5530 :
393 5477 534 5546 Quia
579 5493 690 5534 non
725 5477 903 5535 solum
950 5477 1197 5535 solvebat
1243 5475 1560 5546 Sabbatum,
1602 5474 1696 5532 sed
1724 5482 1778 5531 et

1893 4685 2093 4724 nomen
2155 4669 2276 4738 Dei,
2339 4669 2434 4742 qui
2493 4669 2813 4725 custodiunt
2868 4670 3121 4726 mandata
3173 4671 3318 4726 Dei:
3394 4669 3489 4742 qui

1892 4775 2022 4814 vero
2066 4760 2327 4815 saeculum
2389 4759 2652 4830 diligunt,
2705 4759 2797 4830 qui
2862 4758 2921 4813 in
2973 4758 3299 4831 quibusdam
3333 4759 3489 4816 vitiis

1891 4849 2211 4921 semetipsos
2239 4847 2534 4920 dejiciunt,
2567 4847 2661 4920 qui
2696 4847 2970 4902 desideria
3003 4848 3184 4904 carnis
3231 4865 3341 4904 suae
3373 4864 3487 4920 per-

1892 4936 2111 5004 ficiunt,
2146 4937 2404 4994 nesciunt
2436 4953 2636 4993 nomen
2659 4936 2756 4993 Dei
2783 4955 2795 5002 ;
2831 4935 2959 5008 quia
2987 4937 3241 4992 timorem
3274 4945 3327 4992 et
3343 4952 3488 4991 amo-

1890 5043 2003 5082 rem
2037 5026 2154 5098 ejus
2175 5045 2205 5083 a
2236 5035 2416 5083 mente
2447 5045 2544 5084 sua
2572 5027 2864 5100 abjiciunt.
2904 5026 3110 5083 Aliter:
3166 5029 3348 5084 Potest
3394 5042 3490 5098 per

1888 5117 2164 5172 calculum
2200 5133 2511 5190 nomenque
2544 5118 2598 5172 in
2631 5134 2695 5174 eo
2727 5118 2992 5189 scriptum
3023 5115 3304 5172 beatitudo
3330 5115 3486 5171 ccele-

1887 5207 1986 5262 stis
2006 5209 2196 5278 patriae
2219 5207 2515 5280 designari;
2547 5217 2608 5263 ut
2624 5225 2720 5279 per
2738 5209 3010 5264 calculum
3029 5206 3268 5264 caelestis
3289 5203 3484 5276 patria,

1887 5313 1982 5369 per
2011 5315 2211 5355 nomen
2262 5316 2392 5354 vero
2434 5301 2489 5355 in
2539 5317 2604 5356 eo
2646 5301 2912 5374 scriptum
2940 5298 3222 5356 beatitudo
3250 5296 3487 5354 coalestis

1888 5387 2076 5457 patriae
2098 5388 2383 5460 figuretur.
2418 5389 2533 5446 Hoc
2577 5406 2706 5463 ergo
2736 5407 2936 5447 nomen
2973 5389 3159 5444 nullus
3204 5385 3328 5452 scit,
3377 5383 3485 5439 nisi

1887 5474 1982 5548 qui
2011 5475 2212 5547 accipit
2240 5477 2554 5544 calculum;
2586 5478 2717 5552 quia
2764 5484 2966 5553 quanta
3013 5477 3086 5532 sit
3115 5475 3210 5529 illa
3249 5471 3484 5529 caalestis

267 5677 364 5756 (9')
410 5688 596 5748 Codex
653 5690 834 5762 Germ,
863 5691 1050 5766 gloria:
1087 5693 1395 5767 temporalis
1450 5693 1576 5767 plus
1621 5706 1784 5765 quam
1811 5695 2016 5750 (eterna:
2042 5707 2254 5766 capaces
2275 5703 2415 5754 sunt.
