4020 6200
573 281 680 339 863
1568 278 1665 334 AD
1704 275 1938 332 OPEBA
1976 273 2031 329 S.
2074 270 2407 330 AMBROSII
2444 269 2826 328 APPENDIX.
3730 276 3807 334 864

576 405 859 464 beatitudo
880 405 1069 462 nullus
1099 404 1239 460 scire
1273 403 1552 476 prrevalet,
1601 401 1710 457 nisi
1760 400 1856 473 qui
1900 400 1969 455 ad
2018 398 2164 454 hanc
2189 399 2240 459 A
2269 396 2429 452 scient
2456 412 2629 451 omnes
2659 394 2908 451 Ecclesia:
2952 394 3081 464 quia
3132 410 3219 465 ego
3264 410 3376 448 sum
3456 401 3672 451 scrutans
3700 415 3809 455 renes

576 497 863 569 pervenire
921 493 1203 562 meruerit,
1259 493 1403 549 sicut
1467 491 1605 548 dicit
1662 491 1826 547 Isaias
1860 489 2165 561 propheta:
2277 494 2325 541 et
2352 487 2532 542 corda.
2576 487 2678 541 Per
2709 501 2863 540 renes
2887 484 2983 556 qui
3012 483 3154 540 infra
3185 499 3387 554 corpus
3427 485 3808 557 continentur,et

590 610 609 633 ι
650 585 854 641 Oculus
892 599 1003 639 non
1054 584 1221 652 vidit,
1252 585 1417 650 Deus,
1459 582 1661 654 absque
1700 589 1773 650 te,
1818 597 1938 653 quae
1968 594 2168 651 praepa-

578 674 712 731 rasti
740 674 1190 746 exspectantibus
1218 681 1272 729 te
1300 675 1433 744 (Isa.
1464 689 1618 739 LXIV,
1649 671 1728 740 4).
1750 695 1769 717 ι

648 764 829 836 (Vers.
888 763 973 832 18,
1032 763 1144 834 19.)
1208 766 1283 819 Et
1334 762 1516 833 angelo
1593 760 1862 831 Thyatira:
1926 758 2173 814 Ecclesia:

574 853 782 908 scribe:
816 855 938 908 Haec
967 853 1093 907 dicit
1139 852 1313 908 Filius
1360 851 1477 918 Dei,
1532 850 1625 921 qui
1679 850 1828 904 habet
1885 849 2060 902 oculos
2114 836 2174 901 ut

573 944 842 1013 ﬂammam
908 941 1065 1011 ignis,
1132 947 1177 995 et
1234 941 1389 1013 pedes
1446 934 1565 1009 ejus
1614 938 1808 992 similes
1844 937 2169 991 aurichalco.

575 1028 719 1096 Quid
774 1029 881 1086 ista
936 1030 1268 1102 signiﬁcent,
1322 1028 1574 1100 superius
1629 1026 1841 1082 dictum
1893 1032 1992 1081 est.
2056 1025 2172 1081 Scio

573 1124 737 1191 opera
795 1126 905 1187 tua,
954 1127 1001 1175 et
1042 1120 1371 1189 charitatem,
1424 1125 1471 1174 et
1515 1120 1691 1192 ﬁdem,
1722 1125 1769 1173 et
1797 1117 2169 1186 ministerium,

574 1222 621 1270 et
667 1216 983 1287 patientiam
1038 1222 1204 1277 tuam,
1262 1222 1313 1270 et
1360 1232 1521 1287 opera
1580 1220 1669 1269 tua
1698 1213 1981 1267 novissima
2007 1213 2171 1283 plura

569 1305 865 1376 prioribus.
900 1305 1002 1361 Hic
1019 1321 1112 1377 per
1132 1306 1319 1361 omnia
1349 1304 1620 1371 laudatur,
1655 1303 1749 1359 sed
1774 1304 1917 1360 sicut
1945 1319 2171 1376 sequen-

576 1394 654 1450 tia
686 1395 1062 1464 manifestant,
1094 1396 1209 1451 sola
1237 1394 1630 1451 taciturnitatis
1675 1396 1837 1467 culpa
1863 1394 1922 1449 in
1969 1411 2033 1450 eo
2079 1411 2174 1451 re-

573 1482 840 1555 dargitur.

648 1573 828 1643 (Vers.
859 1572 974 1645 20.)
1009 1575 1108 1630 Sed
1137 1574 1296 1629 habeo
1327 1574 1609 1629 adversum
1655 1580 1720 1640 te,
1754 1574 1883 1645 quia
1909 1573 2174 1645 permittis

574 1663 851 1719 mulierem
894 1664 1126 1732 Jezabel,
1178 1680 1294 1734 quae
1341 1682 1393 1719 se
1449 1664 1576 1720 dicit
1625 1665 1927 1735 propheten,
1995 1665 2176 1719 docere

2277 593 2347 631 ex
2368 575 2569 647 quibus
2598 573 2771 630 libido
2813 572 3104 645 procedere
3143 572 3369 639 dicitur,
3394 583 3601 644 peccata
3624 575 3805 634 abscon-

2279 664 2434 721 dita:
2468 680 2563 736 per
2610 664 2777 720 corda
2820 670 3001 719 autem
3048 662 3405 734 cogitationes
3452 664 3661 721 occulta:
3687 665 3804 722 desi-

2281 764 2535 827 gnantur.
2570 756 2640 809 Et
2669 762 2750 810 est
2778 770 2967 809 sensus
3000 770 3011 807 :
3066 755 3138 808 Et
3178 753 3363 820 scient,
3396 751 3631 809 videlicet
3672 754 3717 809 in
3739 756 3804 811 die

2274 843 2496 917 judicii,
2533 842 2753 915 quando
2799 850 2854 897 et
2914 842 3032 912 ipsa
3080 841 3300 909 mulier,
3352 848 3406 897 et
3449 857 3621 897 omnes
3646 844 3720 914 qui
3741 842 3804 898 de-

2280 933 2421 1005 cepti
2453 939 2583 988 sunt
2611 931 2679 986 ab
2727 947 2808 997 ea,
2868 929 3320 997 damnabantur;
3377 946 3557 985 omnes
3584 931 3800 999 Ecclesia,

2280 1023 2338 1078 id
2384 1030 2486 1090 est,
2521 1037 2711 1077 omnes
2768 1018 3085 1078 Christiano
3144 1017 3373 1074 nomine
3416 1027 3693 1087 censentur,
3727 1036 3803 1074 non

2281 1114 2459 1169 solum
2487 1112 2668 1180 electi,
2701 1111 2798 1168 sed
2827 1110 2994 1166 etiam
3036 1113 3181 1172 508
3212 1107 3452 1181 reprobi,
3481 1108 3596 1178 quia
3630 1125 3701 1179 ego
3723 1126 3802 1163 sum

2280 1216 2523 1266 scrutans
2551 1227 2699 1265 renes
2728 1216 2775 1264 et
2803 1209 2990 1274 corda,
3022 1206 3080 1263 id
3131 1214 3233 1273 est,
3288 1221 3404 1260 non
3433 1199 3598 1260 solum
3637 1212 3802 1275 peccata

2282 1317 2402 1373 quae
2459 1306 2667 1372 patent,
2728 1297 3063 1353 verumtiam
3116 1304 3171 1353 et
3226 1312 3350 1370 quae
3401 1296 3600 1351 latent:
3650 1294 3724 1351 sed
3767 1302 3804 1349 et

2284 1389 2430 1462 ipsas
2458 1388 2821 1460 cogitationes
2852 1387 3092 1452 intueor,
3121 1393 3176 1443 et
3219 1385 3278 1441 in
3321 1385 3417 1440 illa
3454 1383 3542 1440 die
3565 1382 3685 1439 dabo
3705 1383 3803 1438 uni-

2281 1481 2481 1553 cuique
2512 1487 2755 1535 vestrum
2788 1477 3091 1534 secundum
3118 1492 3287 1550 opera
3315 1484 3511 1532 vestra.

2356 1580 2539 1651 (Vers.
2595 1578 2711 1651 24.)
2779 1577 2930 1637 Vobis
2978 1583 3157 1632 autem
3202 1576 3321 1631 dico
3369 1575 3577 1642 ueteris,
3604 1573 3681 1644 qui
3721 1573 3799 1643 (l0)

2290 1668 2557 1739 Thyatira:
2625 1667 2765 1735 estis,
2827 1667 3123 1738 quicunque
3177 1681 3288 1720 non
3339 1664 3524 1719 habent
3575 1662 3799 1718 doctrinam

573 1759 621 1808 et
670 1753 909 1808 seducere
975 1770 1154 1808 servos
1203 1770 1359 1821 meos,
1429 1753 1696 1823 fornicari
1754 1761 1802 1808 et
1854 1753 2175 1808 manducare
2203 1753 2248 1812 Β
2280 1757 2433 1825 hanc,
2463 1756 2555 1827 qui
2584 1773 2692 1811 non
2707 1759 3056 1826 cognoverunt
3083 1752 3428 1809 altitudinem
3456 1753 3801 1820 Satana,quem-

572 1843 635 1898 de
695 1842 1019 1913 idolothytis.
1099 1842 1225 1899 Haec
1309 1842 1532 1908 mulier,
1599 1860 1720 1916 quae
1782 1841 1992 1899 Jezabel
2059 1844 2166 1899 im-

573 1930 834 2003 piissimae
906 1941 1276 2003 comparatur,
1318 1931 1441 1988 ideo
1488 1949 1544 1988 se
1584 1932 1888 2004 propheten
1932 1933 2167 1989 menda-

573 2020 714 2075 citcr
760 2021 1070 2088 aﬂimabat,
1107 2029 1168 2076 ut
1212 2021 1428 2077 facilius
1461 2021 1564 2077 sub
1615 2022 1897 2094 religionis
1946 2022 2169 2078 nomine

572 2112 761 2165 falsam
830 2110 1137 2166 doctrinam
1188 2111 1246 2166 in
1300 2111 1564 2183 populum
1613 2110 1713 2166 Dei
1747 2109 2164 2167 introduceret:

572 2205 626 2253 et
671 2198 814 2255 sicut
880 2200 1091 2255 Jezabel
1148 2199 1373 2272 cogebat
1437 2200 1699 2272 populum
1748 2200 1844 2255 Dei
1893 2202 2168 2256 culturam

570 2286 669 2343 Dei
701 2287 966 2356 deserere,
1001 2297 1053 2344 et
1076 2287 1224 2343 idola
1265 2289 1512 2343 venerari
1546 2305 1557 2342 :
1597 2277 1672 2343 ita
1725 2296 1779 2343 et
1831 2288 1947 2345 hac
1986 2306 2170 2361 popu—

573 2380 688 2434 lum
717 2377 816 2433 Dei
855 2395 887 2434 a
916 2380 1133 2435 cultura
1182 2380 1304 2445 Dei,
1357 2379 1414 2434 id
1457 2389 1538 2436 est
1583 2396 1614 2435 a
1640 2379 1748 2436 fide
1779 2389 1948 2446 recta,
1992 2395 2168 2437 cona-

570 2467 738 2524 batur
769 2484 865 2541 per
898 2484 1120 2541 pravam
1151 2468 1461 2525 doctrinam
1519 2484 1787 2540 separare.
1843 2469 2168 2526 Fornicatur

570 2559 719 2615 enim
799 2559 985 2614 anima
1051 2576 1393 2633 quaecunque
1456 2576 1484 2615 a
1547 2562 1661 2616 Deo
1738 2568 1980 2616 creatore
2067 2578 2166 2617 suo

570 2646 798 2702 recedit.
831 2645 1210 2719 Idolothytum
1245 2655 1404 2703 vocat
1447 2648 1585 2704 illud
1628 2646 1773 2720 quod
1829 2646 1994 2703 idolis
2049 2656 2166 2703 erat

572 2743 972 2792 consecratum.
996 2736 1237 2793 Docebat
1267 2737 1414 2791 enim
1434 2736 1551 2793 haec
1572 2737 1770 2792 mulier
1796 2737 1941 2793 nihil
1971 2753 2167 2794 nocere

571 2822 848 2891 fidelibus,
879 2824 925 2879 si
968 2823 1318 2880 comederent
1374 2840 1563 2881 carnes
1605 2840 1726 2897 quas
1766 2824 1929 2882 idolis
1958 2826 2166 2881 immo-

569 2910 843 2967 labantur.

643 3002 824 3072 (Vers.
859 3000 975 3072 21.)
1033 3003 1110 3078 Et
1134 3001 1254 3057 dedi
1300 3002 1386 3058 illi
1434 3009 1652 3075 tempus,
1700 3013 1758 3060 ut
1805 3007 2165 3077 pwnitentiam

2277 1846 2565 1901 admodum
2592 1845 2677 1900 illi
2732 1844 2932 1911 dicunt,
2980 1860 3087 1898 non
3139 1843 3356 1898 mittam
3415 1858 3563 1913 super
3603 1856 3678 1894 eos
3697 1837 3801 1894 aliud

2271 1935 2501 2006 pondus.
2537 1934 2653 1989 Hoc
2682 1932 2830 2006 quod
2885 1931 3046 2001 dicit,
3101 1931 3333 1989 videtur
3383 1930 3517 1986 mihi
3546 1945 3643 1984 non
3666 1927 3717 1982 ad
3737 1925 3798 1980 de

2276 2024 2511 2080 ctrinam
2570 2022 2822 2079 mulieris
2865 2029 3101 2089 tantum,
3165 2020 3268 2077 sed
3299 2020 3369 2077 ad
3419 2019 3574 2075 falsos
3600 2015 3800 2089 apostolos

2277 2113 2567 2184 pertinere,
2602 2112 2697 2185 qui
2750 2110 3019 2167 docebant
3048 2125 3161 2175 eos,
3217 2110 3313 2182 qui
3351 2124 3420 2164 ex
3472 2106 3689 2181 gentibus
3716 2119 3793 2160 cre-

2277 2203 2548 2270 diderant,
2580 2210 2641 2257 ut
2684 2202 2743 2257 in
2788 2202 2960 2273 legem
2991 2209 3044 2256 et
3074 2199 3553 2258 circumcisionem
3581 2203 3785 2252 verteren-

2275 2301 2386 2349 tur.
2417 2295 2489 2349 Et
2524 2293 2655 2366 quia
2695 2291 2873 2348 Judaei
2929 2291 2997 2348 de
3045 2291 3180 2364 legis
3221 2289 3562 2348 observantia
3586 2285 3798 2360 superbie-

2275 2383 2428 2451 bant,
2461 2390 2515 2438 et
2546 2390 2667 2455 post
2704 2377 3071 2453 Evangelium
3102 2380 3304 2436 datum
3349 2377 3584 2437 custodia
3607 2374 3714 2448 legis
3732 2389 3797 2430 se-

2274 2473 2518 2531 cundum
2547 2472 2785 2529 litteram
2819 2470 2962 2526 nihil
2992 2478 3075 2527 est
3104 2470 3266 2527 aliud
3297 2487 3457 2544 quam
3492 2468 3696 2525 servitus
3720 2463 3796 2518 dia-

2273 2561 2387 2619 boli
2414 2581 2426 2630 ;
2458 2578 2747 2635 possumus
2793 2576 2889 2633 per
2918 2559 3280 2617 altitudinem
3324 2560 3546 2627 Satanae,
3589 2558 3727 2629 ipsam
3749 2551 3795 2605 le

2275 2670 2418 2727 gem,
2476 2652 2522 2708 si
2588 2650 2880 2707 carnaliter
2952 2650 3248 2721 impletur,
3323 2648 3627 2719 intelligere.
3686 2637 3796 2709 Quod

2273 2743 2443 2815 igitur
2462 2739 2619 2808 dicit,
2657 2740 2765 2795 tale
2793 2746 2876 2794 est
2907 2755 2920 2794 :
2978 2738 3130 2796 Vobis
3152 2737 3278 2794 dico
3317 2737 3529 2804 steteris,
3555 2734 3634 2806 qui
3676 2730 3796 2799 Thya-

2277 2832 2392 2886 tira:
2414 2830 2570 2885 estis:
2602 2827 2862 2884 videlicet
2900 2827 2997 2900 qui
3034 2827 3092 2882 in
3122 2826 3240 2883 ﬁde
3270 2824 3573 2900 perstitistis
3600 2840 3611 2877 :
3638 2819 3796 2890 quicun-

2273 2937 2372 2991 que
2412 2936 2520 2974 non
2573 2918 2767 2973 habent
2806 2917 3109 2972 doctrinam
3156 2916 3321 2986 hanc,
3360 2914 3417 2971 id
3466 2921 3556 2980 est,
3608 2908 3684 2983 qui
3721 2919 3797 2961 non

2271 3014 2597 3080 receperunt
2624 3005 2933 3064 doctrinam
2965 3004 3119 3061 illius
3170 3005 3431 3077 pessimae
3461 2999 3702 3058 mulieris:
3735 2993 3797 3064 qui

568 3098 760 3161 αθθνει,
792 3099 839 3147 ει
862 3109 969 3146 non
1008 3095 1123 3149 vult
1167 3095 1417 3164 pwnitere
1463 3113 1499 3150 a
1553 3096 1997 3173 fornicationibus
2027 3098 2157 3154 suis.
2199 3114 2242 3174 ρ
2270 3114 2378 3151 ηοη
2404 3101 2756 3167 cognoverunt
2783 3086 3120 3149 altitudinem
3174 3095 3416 3161 Satanw,
3447 3083 3797 3163 quemadmodum

567 3179 721 3237 Sicut
748 3187 801 3236 et
828 3181 1019 3238 beatus
1050 3182 1151 3239 Job
1172 3182 1239 3239 de
1270 3184 1445 3258 impio
1464 3185 1638 3243 dicit:
1686 3212 1705 3234 ‹
1725 3186 1889 3243 Dedit
1911 3187 1994 3243 illi
2016 3190 2162 3245 Deus

566 3270 750 3328 locum
780 3271 1140 3344 paenitentiae,
1186 3282 1239 3331 et
1287 3275 1379 3332 ille
1423 3276 1628 3334 abusus
1671 3293 1734 3334 eo
1763 3285 1844 3334 est
1874 3278 1932 3335 in
1963 3294 2166 3351 super—

564 3359 712 3417 biam
755 3361 875 3433 (Job
909 3379 1070 3431 xxrv,
1105 3363 1219 3435 23).
1253 3388 1271 3411 ›

640 3461 823 3532 (Vers.
899 3462 988 3530 22,
1064 3462 1180 3536 23.)
1257 3464 1390 3518 Ecce
1459 3464 1608 3519 mitto
1668 3481 1783 3520 eam
1849 3463 1907 3518 in
1958 3465 2160 3533 lectum,

567 3554 616 3602 et
657 3550 751 3619 qui
808 3552 1134 3606 mtechantur
1201 3568 1318 3605 cum
1380 3568 1459 3621 ea,
1518 3553 1576 3606 in
1635 3551 1978 3608 tribulatione
2037 3570 2165 3609 ma-

568 3641 741 3708 xima,
819 3643 925 3698 nisi
991 3645 1352 3715 paenitentiam
1434 3647 1652 3717 egerint,
1738 3653 1790 3702 et
1847 3648 1988 3719 ﬁlios
2051 3648 2164 3718 ejus

568 3729 882 3801 interﬁciam
941 3739 1126 3789 morte.
1202 3733 1342 3789 Ecce
1408 3733 1650 3805 mulieri,
1716 3741 1771 3791 et
1834 3734 1965 3791 ﬁliis
2045 3735 2164 3807 ejus

568 3819 905 3891 poenitentiae
975 3823 1129 3878 locus
1200 3823 1388 3879 nullus
1452 3823 1819 3895 promittitur,
1885 3840 1951 3880 eo
2015 3822 2163 3897 quod

568 3908 912 3981 paenitentiae
954 3917 1170 3983 tempus
1215 3929 1247 3969 a
1299 3914 1412 3969 Deo
1458 3912 1565 3970 sibi
1610 3912 1887 3969 indultum
1934 3930 2165 3985 spreve-

567 3998 682 4055 rint
751 4017 764 4056 :
834 3999 903 4056 iis
984 4008 1165 4057 autem
1240 4002 1334 4075 qui
1402 4001 1819 4058 moechabantur
1880 4019 2007 4061 cum
2078 4019 2160 4073 ea,

567 4088 750 4146 adhuc
815 4090 968 4147 locus
1025 4091 1365 4164 paenitentiae
1421 4090 1847 4164 repromittitur.
1890 4093 2166 4149 Videntur

566 4194 696 4250 ergo
765 4181 907 4238 mihi
964 4180 1006 4237 ii
1068 4181 1161 4254 qui
1237 4181 1652 4238 mmchabantur
1727 4198 1855 4239 cum
1925 4198 2007 4251 ea,
2073 4198 2165 4238 eos

567 4268 874 4342 designare,
927 4270 1043 4343 qui,
1106 4270 1290 4344 pravis
1340 4268 1460 4342 ejus
1529 4271 1925 4328 assertionibus
1979 4272 2162 4327 faven-

568 4368 670 4429 tes,
720 4378 822 4418 nec
886 4363 1019 4418 dum
1078 4370 1260 4419 autem
1320 4379 1389 4418 ex
1437 4372 1553 4419 toto
1620 4363 1678 4419 in
1738 4364 1952 4419 foveam
2010 4361 2164 4419 mali-

567 4449 658 4504 tia;
734 4450 852 4522 ejus
916 4450 1151 4507 demersi
1215 4452 1432 4507 fuerant
1484 4470 1495 4508 :

568 4537 686 4610 ejus
748 4556 842 4595 eos
905 4538 1201 4611 designari,
1268 4540 1361 4613 qui
1442 4538 1557 4613 jam
1646 4556 1713 4595 ex
1774 4549 1891 4597 toto
1972 4543 2040 4599 ab
2105 4560 2169 4602 ea

568 4625 781 4701 decepti
841 4628 1306 4686 medicamentum
1368 4629 1730 4685 correctionis
1787 4630 1941 4686 nullo
2000 4632 2165 4690 modo

568 4719 813 4790 recipere
870 4720 1149 4777 volebant.
1198 4720 1301 4775 Per
1342 4720 1544 4776 lectum
1594 4728 1773 4776 autem
1807 4721 1865 4777 in
1914 4738 2021 4795 quo
2052 4741 2167 4779 mu-

568 4808 672 4863 lier
702 4809 971 4866 mittenda
996 4818 1131 4876 erat,
1166 4810 1417 4867 infernus
1463 4811 1806 4885 designatur,
1843 4812 1899 4868 in
1934 4830 2044 4886 quo
2070 4832 2166 4872 se-

568 4898 758 4970 pultus
839 4906 920 4954 est
998 4908 1052 4955 et
1127 4899 1301 4966 dives,
1365 4899 1431 4955 de
1518 4916 1627 4973 quo
1694 4900 1833 4957 dicit
1896 4903 2168 4960 Dominus

566 4986 625 5043 in
688 4987 990 5061 Evangelio
1050 5006 1062 5044 :
1137 5014 1155 5037 ι
1210 4990 1460 5046 Mortuus
1507 4999 1588 5046 est
1642 4998 1825 5046 autem
1881 4998 1935 5046 et
1991 4990 2167 5061 dives,

565 5083 621 5133 et
675 5078 926 5150 sepultus
988 5085 1069 5133 est
1126 5075 1184 5132 in
1248 5078 1464 5133 inferno
1533 5078 1683 5150 (Luc.
1769 5095 1886 5147 xvi,
1950 5078 2064 5152 22).
2133 5103 2151 5126 ι

568 5165 671 5221 Per
702 5165 1112 5222 tribulationem
1145 5182 1275 5221 vero
1313 5166 1633 5235 maximam,
1667 5167 1723 5222 in
1765 5183 1872 5240 qua
1928 5167 2166 5239 ponendi

566 5263 724 5312 erant
753 5256 847 5329 qui
878 5255 1296 5312 mmchabantur
1337 5272 1459 5312 cum
1509 5272 1591 5325 ea,
1632 5256 1741 5312 nisi
1784 5255 2165 5328 paenitentiam

567 5352 829 5417 agerent;
889 5353 942 5401 et
994 5361 1092 5418 per
1136 5354 1368 5401 mortem
1414 5347 1471 5403 in
1517 5360 1627 5418 qua
1661 5344 1766 5399 ﬁlii
1794 5343 1911 5416 ejus
1941 5344 2165 5401 interﬁ-

564 5438 747 5497 ciendi
777 5448 954 5510 erant,
987 5440 1176 5497 eadem
1232 5438 1437 5496 inferni
1490 5454 1650 5513 poena
1703 5437 2039 5513 designatur.
2090 5440 2166 5495 Et

2273 3186 2361 3242 illi
2386 3186 2587 3252 dicunt,
2610 3183 2667 3238 id
2700 3191 2803 3251 est,
2834 3182 2927 3255 qui
2956 3184 3126 3255 legem
3148 3197 3273 3238 non
3305 3183 3652 3253 susceperunt,
3666 3185 3797 3245 quem-

2273 3273 2572 3330 admodum
2603 3273 2726 3329 falsi
2761 3272 2997 3345 apostoli
3041 3270 3271 3337 dicunt,
3321 3279 3384 3327 ut
3442 3285 3548 3325 eam
3576 3259 3796 3323 carnaliter

2273 3362 2541 3435 impleant
2581 3380 2592 3419 :
2627 3369 2952 3435 receperunt
3006 3360 3240 3434 quidem
3270 3377 3410 3428 eam,
3438 3366 3497 3414 ut
3517 3349 3797 3429 spiritualiter

2274 3453 2539 3526 impleant
2562 3471 2576 3521 ;
2615 3468 2725 3508 non
2757 3458 3078 3524 receperunt
3106 3459 3301 3508 autem
3329 3467 3465 3516 eam,
3495 3455 3553 3503 ut
3575 3441 3796 3533 carnaliter

2273 3542 2607 3601 custodiant.
2663 3540 2831 3600 Verbi
2868 3540 3084 3614 gratia:
3139 3541 3232 3596 illi
3281 3540 3547 3606 dicebant,
3589 3532 3695 3607 quia
3721 3526 3795 3622 nisi

2273 3631 2686 3690 circumcidatis
2730 3646 2950 3688 carnem
2983 3630 3249 3702 praeputii
3280 3628 3466 3696 vestri,
3495 3640 3594 3682 non
3631 3623 3797 3694 potestIs

2273 3722 2413 3778 salvi
2452 3721 2571 3776 ﬁeri
2607 3720 2748 3793 (Act.
2783 3735 2877 3787 xv,
2913 3719 2967 3791 1)
3005 3736 3016 3773 ;
3058 3717 3150 3773 isti
3181 3726 3371 3774 autem
3402 3708 3795 3793 circumcisionem

2273 3827 2384 3866 non
2416 3792 2729 3876 carnaliter,
2776 3807 2870 3863 sed
2925 3805 3297 3878 spiritualiter
3344 3792 3795 3874 intelligentes,cir-

2271 3898 2666 3959 cumcidebant
2693 3915 2723 3953 a
2750 3897 3010 3954 cordibus
3037 3903 3091 3952 et
3119 3912 3151 3951 a
3206 3912 3372 3953 carne
3399 3910 3494 3952 sua
3534 3880 3793 3978 omnia-Vl-

2274 3991 2373 4046 tia.
2402 3990 2491 4046 Illi
2521 3988 2801 4055 dicebant,
2833 3996 2895 4043 ut
2949 3994 3242 4042 servarent
3288 3986 3591 4048 Sabbatum,
3625 3973 3735 4032 nihil
3756 3973 3792 4023 in

2274 4096 2339 4136 eo
2369 4080 2632 4136 facientes
2657 4077 2873 4149 operis:
2930 4076 3021 4131 isti
3081 4091 3217 4132 vero
3270 4091 3432 4132 omne
3473 4082 3663 4142 tempus
3695 4060 3795 4157 vita?

2276 4185 2388 4224 suae
2411 4184 2507 4240 pro
2527 4144 2765 4223 Sabbato
2787 4165 3139 4237 accipientes,
3160 4164 3234 4221 ab
3248 4164 3402 4221 omni
3423 4170 3573 4235 opere
3589 4144 3793 4214 servilidd

2274 4266 2377 4327 est,
2411 4275 2441 4313 a
2465 4259 2723 4331 peccatis,
2756 4256 2814 4311 in
2844 4263 3110 4330 quantum
3151 4261 3432 4328 poterant,
3479 4247 3715 4307 abstinere
3733 4251 3794 4331 cll-

2276 4330 2490 4403 rabant.
2522 4348 2641 4403 Non
2667 4346 2876 4401 mittam
2904 4361 3062 4416 super
3088 4360 3178 4398 vos
3210 4345 3366 4400 aliud
3383 4341 3598 4414 pondus,
3639 4331 3683 4388 id
3722 4330 3792 4386 εει»

1592 4468 1688 4524 per
1754 4453 1899 4510 ﬁlios
1976 4461 2157 4510 autem
2188 4467 2240 4526 D
2272 4437 2367 4510 qui
2392 4438 2448 4491 in
2480 4435 2587 4526 ﬁde
2626 4434 2966 4526 perstitistis,
3015 4433 3112 4507 qui
3156 4432 3337 4526 falsos
3350 4428 3614 4526 apostolos
3631 4428 3793 4526 non-tt:

2276 4501 2517 4599 depistis.
2549 4501 2670 4581 Non
2703 4524 2917 4579 mittam
2946 4501 3111 4595 super
3141 4539 3244 4579 vos
3280 4501 3442 4591 aliud
3486 4501 3792 4599 pondus,_nl§i

2276 4593 2426 4688 quod
2464 4614 2530 4669 ab
2551 4613 2814 4686 apostolis
2851 4593 3182 4685 praeceptum
3214 4619 3299 4667 est
3325 4607 3483 4665 vobis
3513 4623 3526 4673 ;
3575 4609 3630 4658 ut
3669 4593 3792 4651 absti-

2278 4705 2455 4761 neatis
2510 4720 2609 4760 vos
2658 4703 2727 4759 ab
2778 4703 2917 4759 escis
2971 4718 3093 4774 quas
3120 4700 3288 4758 idolis
3317 4697 3664 4754 immolantur,
3692 4690 3733 4737 et
3772 4690 3794 4727 ³

2276 4797 2564 4863 suﬁ‘ocato,
2595 4801 2649 4849 et
2674 4794 2960 4864 sanguine,
2990 4798 3045 4847 et
3071 4788 3434 4846 fornicatione
3462 4780 3609 4857 (Ibid.
3632 4774 3724 4842 29)·

2352 4895 2533 4966 (Vers.
2575 4892 2694 4963 25.)
2752 4893 3118 4949 Verumtamen
3172 4887 3228 4943 id
3261 4885 3401 4958 quod
3442 4878 3639 4969 habetis,
3662 4871 3791 4969 ιςηείῇ

2277 4957 2436 5038 donec
2464 4957 2690 5038 veniam;
2727 4983 2808 5037 Ac
2834 4977 2880 5037 si
2910 4978 3118 5036 diceret
3149 4995 3161 5033 :
3211 4957 3355 5043 Quia
3391 4965 3592 5045 parvuli
3617 4957 3735 5024 estis.
3755 4957 3792 5005 εί

2277 5074 2359 5130 lac
2388 5073 2547 5129 vobis
2576 5089 2713 5144 opus
2767 5078 2850 5126 est
2891 5087 3003 5126 non
3034 5067 3244 5126 solidus
3285 5063 3460 5150 cibus,
3497 5055 3790 5150 ﬁdem

2275 5163 2570 5232 didicistis,
2604 5142 2803 5229 tenete,
2836 5161 3013 5217 donec
3044 5160 3260 5216 veniam
3290 5176 3304 5224 ;
3354 5144 3429 5212 ut.
3459 5167 3549 5227 per
3573 5142 3792 5232 aspiratio-

2276 5254 2362 5310 nis
2395 5271 2526 5309 meae
2555 5220 2801 5326 gratiam,
2825 5252 2894 5309 ad
2922 5250 3119 5307 altiora
3157 5220 3320 5323 opera
3364 5220 3615 5300 virtutum
3639 5220 3793 5304 agenda

2273 5360 2372 5400 vos
2399 5359 2715 5416 provocem.
3694 5405 3722 5416 η
3770 5397 3778 5407 ,

2346 5403 2527 5508 (\lers.
2578 5434 2666 5504 26,
2716 5433 2805 5503 27,
2837 5432 2955 5506 28.)
2987 5434 3060 5491 Et
3093 5430 3188 5505 qui
3230 5424 3434 5495 vicerit,
3474 5427 3522 5478 et
3554 5403 3793 5473 erade

653 5624 768 5708 (10)
797 5625 972 5696 Edit.,
1004 5627 1139 5697 dico,
1168 5627 1466 5700 ceterisque
1481 5627 1576 5701 qui
1614 5627 1880 5700 Thyatira:
1907 5643 1918 5683 :
1952 5642 2108 5696 mss.,
2139 5623 2254 5682 dico
2281 5622 2522 5690 ceteris;
2548 5621 2661 5695 qui,
2684 5628 2792 5680 etc.
