4068 6182
259 310 369 372 868

1188 312 1645 374 BERENGAUDI
1682 308 2057 371 EXPOSITIO
2096 312 2168 370 IN
2204 308 2706 373 APOCALYPSIN.

3469 314 3574 373 866

260 453 423 509 usque
472 436 529 491 in
567 436 724 508 finem
777 452 937 509 opera
966 454 1102 507 mea,
1133 439 1269 495 dabo
1291 440 1340 495 ei
1361 444 1667 510 potestatem
1702 456 1863 510 super
1888 445 1938 504 Α
1972 439 2323 496 tabernaculo
2371 440 2583 507 ﬂoruit,
2605 454 2880 511 nucesque
2909 439 3173 511 produxit
3212 438 3397 510 (Num.
3429 455 3575 507 xvn,

258 533 447 599 gentes,
506 531 557 580 et
597 530 735 597 reget
764 542 853 582 eas
882 529 937 582 in
966 528 1118 599 virga
1161 528 1358 599 ferrea,
1399 535 1449 584 et
1491 537 1743 600 tanquam
1770 546 1865 585 vas

259 616 413 688 ﬁguli
446 614 869 687 confringentur,
913 616 1049 672 sicut
1084 624 1133 672 et
1157 635 1247 688 ego
1271 618 1443 690 accepi
1469 636 1504 674 a
1532 619 1695 675 Patre
1722 637 1857 675 meo.

260 708 362 762 Per
404 706 571 761 ﬁnem
615 706 675 760 in
721 704 825 761 hoc
870 704 990 761 loco
1020 721 1166 761 mors
1197 706 1527 779 intelligitur
1558 727 1570 764 :
1606 708 1700 781 qui
1731 724 1863 781 ergo

260 795 459 851 vicerit
506 792 776 849 mundum
833 800 887 849 et
919 794 1392 867 concupiscentias
1434 795 1572 868 ejus,
1601 806 1655 852 et
1683 812 1862 869 perse-

258 883 475 938 veravit
503 898 675 955 usque
715 882 773 937 in
812 880 977 937 ﬁnem
1017 901 1030 950 ;
1084 883 1306 939 dabitur
1345 884 1394 939 ei
1426 892 1667 957 potestas
1697 901 1863 956 super

256 980 466 1046 gentes,
499 979 554 1025 et
608 978 759 1041 reget
806 986 896 1026 eas
939 971 996 1025 in
1043 972 1199 1044 virga
1239 972 1434 1029 ferrea.
1466 973 1574 1029 Sed
1603 981 1657 1028 et
1688 973 1735 1028 si
1765 989 1862 1045 per

256 1063 428 1117 ﬁnem
478 1076 625 1115 mors
678 1059 1029 1132 intelligitur,
1062 1060 1338 1133 quomodo
1368 1062 1528 1118 electi
1561 1072 1684 1134 post
1713 1079 1859 1118 mor-

254 1160 370 1208 tem
422 1159 608 1225 gentes
658 1150 923 1208 dicuntur
972 1169 1193 1226 regere;
1249 1171 1375 1210 cum
1430 1156 1488 1210 in
1544 1155 1642 1210 illa
1704 1154 1862 1212 beata

251 1243 375 1299 vita
403 1242 590 1297 nullus
619 1242 711 1310 sit,
763 1241 859 1314 qui
918 1250 1136 1315 regatur
1189 1243 1249 1298 in
1304 1244 1459 1316 virga
1511 1244 1730 1312 ferrea;
1762 1245 1859 1301 ubi

251 1330 400 1385 nihil
438 1329 758 1398 distortum,
794 1329 1047 1404 nihilque
1095 1347 1325 1403 pravum
1382 1332 1714 1389 invenitur?
1742 1334 1862 1389 Nisi

253 1420 399 1475 forte
450 1434 515 1475 eo
562 1434 727 1475 sensu
772 1419 1168 1492 intelligamus,
1216 1437 1325 1494 quo
1356 1422 1533 1479 illud:
1567 1421 1673 1489 Qui
1706 1424 1857 1492 fecit,

251 1525 378 1580 quae
406 1509 593 1564 futura
619 1517 771 1567 sunt.
822 1512 1022 1568 Omnia
1063 1513 1210 1569 enim
1241 1530 1361 1586 quae
1390 1515 1695 1571 secundum
1734 1514 1861 1570 dis-

252 1599 595 1671 positionem
622 1601 720 1657 Dei
750 1600 934 1658 ﬁenda
961 1610 1111 1671 sunt,
1145 1603 1203 1658 in
1232 1603 1714 1675 praedestinatione
1742 1601 1862 1674 ejus

242 1687 363 1759 jam
401 1688 560 1761 quasi
614 1689 760 1745 facta
797 1690 1109 1759 exsistunt;
1142 1691 1272 1764 quia
1300 1708 1411 1747 non
1444 1701 1621 1765 potest
1649 1692 1771 1748 ﬁeri
1798 1700 1859 1748 ut

1972 529 2031 601 8)
2060 547 2074 597 ;
2115 529 2246 601 quia
2278 529 2336 585 in
2370 529 2726 586 tabernaculo
2761 528 3019 585 Ecclesia)
3050 535 3235 600 postea
3278 527 3451 584 Vetus
3477 527 3576 582 Te—

1972 626 2309 675 stamentum
2343 620 2502 675 ﬂores
2521 619 2852 691 spiritalium
2876 635 3132 676 sensuum
3165 619 3416 690 protulit,
3444 617 3577 690 ipsi.

1972 725 2077 781 que
2108 709 2270 765 ﬂores
2298 709 2510 765 fructus
2543 709 2816 766 bonorum
2846 726 3073 781 operum
3119 708 3432 765 ediderunt.
3453 709 3570 764 Hoc

1972 803 2149 851 totum
2201 797 2324 852 ideo
2369 797 2632 865 diximus,
2694 804 2754 853 ut
2807 796 3308 853 demonstraremus
3361 812 3457 867 per
3506 796 3574 851 li-

1972 900 2165 956 gneam
2190 884 2400 957 virgam
2429 885 2770 958 designatam
2803 886 2972 942 fuisse
3001 887 3198 957 legem.

2041 977 2113 1032 Et
2140 976 2270 1049 quia
2288 977 2590 1033 austeriora
2618 985 2747 1033 sunt
2767 986 3035 1050 praecepta
3059 978 3197 1033 Novi
3224 976 3563 1033 Testamenti

1972 1080 2138 1137 quam
2186 1066 2417 1133 Veteris,
2460 1082 2569 1121 non
2626 1066 2927 1138 incongrue
2960 1083 3055 1138 per
3094 1066 3304 1138 virgam
3336 1067 3565 1121 ferream

1970 1154 2357 1226 Evangelium,
2427 1172 2522 1227 per
2591 1155 2826 1226 ligneam
2887 1163 3068 1210 autem
3129 1156 3217 1211 lex
3283 1155 3568 1227 ﬁguratur.

1968 1243 2031 1297 In
2086 1243 2183 1298 illa
2237 1243 2484 1300 dicitur:
2555 1269 2573 1291 ‹
2627 1242 2958 1312 Comedetis,
3028 1252 3083 1301 et
3137 1244 3567 1310 saturabimini;

1968 1331 2192 1400 bibetis,
2247 1342 2301 1388 et
2358 1332 2805 1400 inebriabimini;
2848 1333 3157 1398 dormietis,
3197 1341 3251 1389 et
3306 1350 3416 1388 non
3464 1333 3571 1389 erit

1970 1420 2065 1492 qui
2097 1428 2369 1477 exterreat
2407 1421 2553 1493 (Leo.
2586 1438 2739 1488 xxvr,
2780 1422 2835 1489 5,
2874 1422 2931 1493 6)
2963 1439 2976 1488 ;
3018 1429 3073 1477 et
3118 1422 3358 1477 iterum:
3408 1446 3425 1468 ι
3458 1421 3575 1479 C0-

1970 1508 2203 1565 medetis
2259 1511 2631 1567 vetustissima
2698 1519 2965 1578 veterum,
3046 1520 3100 1567 et
3171 1519 3356 1567 vetera
3411 1511 3574 1568 novis

1969 1599 2489 1670 supervenientibus
2517 1600 2819 1672 projicietis
2855 1602 3015 1673 (Ibid.
3052 1601 3140 1673 10)
3176 1619 3190 1669 ;
3248 1627 3265 1649 ι
3314 1611 3367 1659 et
3397 1602 3574 1658 multa

1968 1688 2077 1744 alia
2119 1706 2239 1761 quae
2284 1690 2353 1747 ad
2400 1690 2791 1747 delectationes
2838 1692 3085 1746 carnales
3122 1691 3424 1763 pertinent.
3468 1690 3572 1747 Hic

249 1777 588 1835 immutetur
618 1777 825 1851 aliquid
856 1795 925 1835 ex
963 1780 1224 1836 omnibus
1251 1797 1372 1854 quin
1402 1782 1594 1837 statuit
1623 1783 1766 1837 Deus
1801 1789 1861 1838 ut
1889 1801 1935 1862 Β
1970 1787 2152 1834 autem
2181 1778 2388 1835 dicitur
2419 1796 2432 1844 ;
2481 1803 2500 1827 ι
2531 1780 2729 1837 Videte
2768 1796 2836 1836 ne
2868 1791 3166 1853 graventur
3196 1781 3362 1837 corda
3389 1788 3573 1838 vestra

246 1865 413 1922 ﬁant.
445 1866 720 1922 Similiter
765 1874 820 1923 et
863 1866 1087 1937 sanctis,
1128 1886 1264 1942 quos
1293 1868 1569 1942 praescivit
1599 1871 1745 1925 Deus
1775 1869 1857 1925 fu-

250 1964 414 2011 turos
463 1953 664 2026 justos,
696 1962 752 2010 et
806 1955 866 2012 in
908 1955 1071 2014 bonis
1108 1958 1367 2029 operibus
1395 1965 1856 2029 perseveraturos,

247 2055 382 2103 ante
410 2054 592 2102 ortum
634 2047 859 2105 illorum
888 2048 996 2105 hoc
1022 2050 1298 2121 praestitit,
1329 2058 1391 2106 ut
1419 2048 1657 2105 habeant
1685 2056 1860 2122 potes-

247 2144 424 2193 tatem
453 2152 618 2209 super
646 2145 855 2209 gentes,
914 2145 968 2194 et
1028 2146 1217 2211 regant
1256 2154 1347 2195 eas
1388 2139 1445 2195 in
1476 2138 1633 2212 virga
1662 2138 1856 2206 ferrea,

246 2226 401 2282 sicut
450 2225 519 2283 ad
562 2226 856 2283 Jeremiam
888 2227 1137 2300 loquitur
1163 2227 1397 2285 dicens:
1464 2253 1482 2276 ι
1534 2227 1857 2300 Priusquam

248 2325 310 2374 te
339 2317 633 2374 formarem
664 2318 724 2374 in
761 2327 939 2387 utero,
981 2319 1115 2375 novi
1144 2326 1198 2374 te
1230 2336 1242 2375 :
1277 2327 1329 2376 et
1357 2326 1651 2392 antequam
1681 2317 1859 2374 exires

247 2406 324 2464 de
357 2406 549 2475 vulva,
605 2406 947 2464 sanctiﬁcavi
997 2414 1087 2475 te;
1141 2416 1196 2463 et
1248 2407 1570 2481 prophetam
1602 2408 1660 2462 in
1689 2405 1858 2478 genti-

248 2496 362 2552 bus
422 2495 550 2552 dedi
601 2504 654 2553 te
712 2496 1001 2567 (Jerem.1,
1034 2496 1115 2563 ὕ).
1166 2522 1185 2544 ι
1235 2498 1298 2552 In
1353 2496 1593 2553 secundo
1645 2496 1860 2567 psalmo

247 2584 526 2657 scriptum
556 2592 639 2641 est
665 2586 796 2659 quia
827 2585 975 2642 dixit
1003 2587 1164 2641 Pater
1200 2585 1269 2642 ad
1296 2585 1501 2642 Filium
1531 2603 1543 2641 :
1592 2609 1609 2632 ι
1639 2584 1861 2639 Postula

246 2691 289 2730 a
328 2689 441 2742 me,
474 2680 529 2730 et
556 2673 699 2729 dabo
732 2681 917 2746 gentes
961 2672 1338 2730 haereditatem
1369 2681 1539 2740 tuam,
1571 2679 1625 2727 et
1655 2686 1859 2743 posses-

244 2763 469 2819 sionem
518 2770 670 2819 tuam
726 2763 993 2820 terminos
1039 2772 1218 2821 terrm.
1264 2764 1435 2835 Reges
1489 2778 1581 2818 eos
1606 2761 1663 2816 in
1707 2760 1862 2832 virga

248 2853 453 2921 ferrea,
483 2860 744 2926 tanquam
772 2869 869 2910 vas
894 2853 1050 2927 ﬁguli
1070 2853 1386 2926 confringes
1404 2868 1495 2908 eos
1526 2852 1699 2922 (Psal.
1720 2868 1779 2917 ιι,
1802 2849 1857 2917 8,

246 2942 337 3013 9).
371 2964 392 2988 ›
427 2940 594 2997 Dedit
622 2942 783 2998 Pater
812 2941 955 2997 Filio
984 2949 1328 3014 potestatem,
1369 2947 1431 2995 ut
1474 2946 1626 3011 regat
1673 2944 1859 3009 gentes

249 3030 315 3086 in
348 3030 507 3102 virga
538 3029 718 3086 ferrea
749 3047 763 3086 :
813 3029 969 3087 dedit
993 3037 1046 3086 et
1076 3029 1251 3085 Filius
1280 3034 1600 3102 potestatem
1629 3033 1859 3099 aposto-

1969 1867 2024 1922 in
2053 1869 2279 1939 crapula
2330 1875 2383 1923 et
2411 1867 2708 1934 ebrietate,
2756 1876 2810 1924 et
2863 1869 3012 1926 curis
3053 1868 3171 1940 ejus
3201 1869 3387 1926 saeculi
3412 1870 3567 1940 (Luc.

1966 1972 2087 2025 xxi,
2145 1957 2277 2027 34);
2329 1964 2384 2012 et
2438 1956 2676 2013 iterum:
2722 1982 2740 2004 ι
2770 1962 2937 2015 Arcta
2980 1964 3035 2013 et
3073 1964 3304 2029 augusta
3358 1956 3452 2011 via
3490 1966 3572 2014 est

1967 2061 2087 2117 quae
2116 2045 2271 2102 ducit
2317 2045 2387 2101 ad
2440 2045 2614 2101 vitam
2664 2047 2878 2117 (Matth.
2912 2063 3013 2114 vn,
3048 2046 3138 2117 14)
3163 2065 3177 2114 ;
3225 2071 3243 2093 ι
3288 2054 3343 2103 et
3369 2047 3572 2103 Paulus

1966 2135 2245 2207 apostolus
2271 2134 2408 2191 dicit
2441 2153 2453 2190 :
2502 2161 2520 2184 ι
2551 2137 2614 2191 In
2647 2136 2907 2192 omnibus
2927 2136 3289 2193 exhibeamus
3318 2144 3574 2194 nosmet-

1967 2223 2114 2295 ipsos
2166 2224 2312 2280 sicut
2367 2224 2468 2280 Dei
2512 2223 2821 2292 ministros,
2872 2224 2931 2279 in
2973 2225 3149 2280 multa
3190 2225 3477 2296 patientia,
3512 2226 3571 2282 in

1967 2311 2199 2384 vigiliis,
2245 2312 2300 2367 in
2344 2311 2578 2384 jejuniis
2619 2314 2707 2381 (II
2739 2313 2865 2369 Cor.
2893 2330 2973 2381 v1,
3001 2311 3059 2385 4)
3089 2331 3103 2381 ;
3136 2337 3154 2361 ι
3189 2322 3243 2370 et
3270 2314 3381 2369 alia
3410 2314 3571 2370 inuu-

1967 2402 2276 2471 merabilia,
2307 2419 2429 2475 quae
2456 2403 2513 2459 in
2544 2404 2700 2459 Novo
2730 2403 3079 2460 Testamento
3109 2406 3176 2462 de
3209 2405 3571 2463 maceratione

1966 2508 2166 2549 carnus
2212 2492 2595 2549 inveniuntur.
2642 2494 2781 2549 Nam
2839 2502 2895 2551 et
2956 2495 3231 2551 Dominus
3284 2496 3342 2551 in
3390 2495 3570 2551 Evan-

1967 2586 2109 2657 gelio
2162 2602 2325 2659 quam
2358 2587 2664 2643 austeriora
2708 2586 2823 2642 sint
2858 2602 2957 2641 sua
2984 2594 3254 2657 praecepta
3280 2586 3570 2657 praeceptis

1967 2675 2122 2748 legis,
2180 2676 2496 2733 manifestat
2542 2692 2669 2731 cum
2716 2675 2899 2731 dicit:
2946 2697 2965 2721 ι
2994 2674 3245 2730 Audistis
3292 2674 3425 2746 quia
3454 2673 3571 2730 dic-

1942 2771 2089 2829 ,tum
2119 2773 2200 2821 est
2242 2764 2485 2836 antiquis
2517 2783 2529 2820 :
2577 2766 2696 2821 Non
2753 2764 3005 2831 occides;
3065 2764 3160 2836 qui
3198 2772 3381 2819 autem
3411 2765 3571 2821 occi-

1965 2853 2128 2921 derit,
2154 2869 2278 2908 reus
2306 2852 2412 2908 erit
2436 2852 2653 2923 judicio
2684 2870 2695 2907 :
2733 2868 2832 2925 ego
2855 2859 3039 2907 autem
3069 2851 3195 2908 dico
3226 2850 3404 2920 vobis,
3438 2852 3570 2924 quia

1966 2943 2147 2999 omnis
2194 2940 2288 3014 qui
2329 2940 2581 2997 irascitur
2633 2941 2791 2997 fratri
2832 2957 2951 3009 suo,
3000 2957 3125 2997 reus
3170 2941 3276 2996 erit
3303 2940 3563 3012 judicio:

1966 3031 2061 3104 qui
2088 3038 2271 3086 autem
2302 3030 2507 3086 dixerit
2535 3030 2693 3085 fratri
2738 3047 2860 3098 suo,
2899 3031 3061 3100 Raca,
3105 3047 3232 3086 reus
3270 3029 3375 3085 erit
3419 3045 3568 3086 con-

251 3118 329 3174 lis
359 3126 416 3173 et
445 3119 659 3174 caeteris
693 3117 1167 3190 praedicatoribus,
1204 3124 1265 3173 ut
1293 3123 1483 3189 regant
1519 3122 1573 3172 et
1598 3114 1703 3187 ipsi
1734 3130 1858 3186 gen-
1892 3155 1936 3217 ο
1971 3119 2102 3176 cilio
2134 3138 2145 3174 :
2180 3119 2274 3193 qui
2304 3126 2485 3175 autem
2516 3119 2743 3189 dixerit,
2778 3121 2967 3188 Fatue,
3012 3136 3138 3176 reus
3166 3119 3272 3176 erit
3303 3120 3568 3193 gehennae

250 3217 341 3265 tes
376 3207 434 3263 in
466 3207 623 3280 virga
679 3208 873 3276 ferrea,
934 3216 989 3264 et
1038 3215 1294 3281 tanquam
1348 3223 1443 3263 vas
1495 3204 1649 3278 ﬁguli
1679 3213 1861 3261 conte-

250 3304 389 3354 rant
444 3312 553 3352 eas.
599 3297 702 3352 Per
748 3297 957 3369 virgam
1016 3296 1185 3368 igitur
1239 3296 1468 3351 ferream
1496 3293 1861 3365 Evangelium

250 3384 610 3457 designatur,
658 3385 802 3442 sicut
845 3392 899 3441 et
936 3402 1033 3457 per
1066 3385 1276 3457 virgam
1320 3385 1557 3454 ligneam
1586 3382 1694 3437 lex.
1726 3383 1862 3437 Nam

250 3473 420 3545 virga
479 3474 678 3545 lignea,
730 3489 838 3546 qua
881 3473 1139 3531 utebatur
1183 3473 1419 3545 Moyses,
1460 3470 1634 3543 ipsam
1665 3471 1861 3543 legem,

252 3577 385 3634 qua
444 3560 511 3617 ab
555 3578 619 3616 eo
680 3560 808 3616 data
850 3568 931 3617 est
989 3560 1395 3633 praetendebat;
1456 3560 1573 3631 ipsa
1627 3574 1864 3630 namque

252 3652 442 3722 virga,
473 3649 615 3705 sicut
644 3649 703 3705 in
733 3649 930 3706 Exodo
957 3650 1192 3721 legimus
1223 3649 1426 3722 (Exod.
1455 3665 1593 3716 xvn,
1626 3648 1693 3714 6;
1729 3647 1861 3717 imo,

254 3740 427 3796 Nam.
460 3754 558 3806 xx,
587 3738 679 3810 Il),
710 3738 980 3810 percussit
1002 3738 1088 3793 bis
1115 3738 1349 3807 silicem,
1381 3744 1435 3793 et
1478 3752 1705 3809 egressae
1734 3743 1865 3792 sunt

253 3843 419 3900 aquae
451 3827 788 3899 largissimae,
820 3827 897 3883 ita
926 3834 987 3883 ut
1017 3828 1253 3900 populus
1281 3826 1493 3882 biberet
1514 3834 1567 3882 et
1591 3825 1861 3897 jumenta.

257 3916 439 3988 Virga
480 3915 648 3989 igitur
682 3922 774 3995 est
822 3915 996 3974 Vetus
1018 3916 1425 3973 Testamentum
1454 3934 1465 3971 :
1497 3913 1626 3969 bina
1650 3929 1866 3987 percus-

260 4010 350 4067 sio
384 4011 556 4082 legem
587 4020 642 4067 et
668 4009 998 4084 prophetas:
1036 4018 1192 4082 petra
1215 4021 1396 4069 autem
1420 4010 1700 4069 Christum
1733 4009 1866 4081 ﬁgu-

260 4099 445 4156 rabat.
512 4100 682 4172 Virga
734 4116 861 4172 ergo
907 4100 994 4157 bis
1044 4099 1255 4157 silicem
1310 4099 1599 4172 percussit,
1648 4096 1867 4169 quando

258 4192 444 4249 Vetus
455 4191 863 4247 Testamentum
880 4206 977 4263 per
1001 4190 1170 4263 legem
1194 4197 1248 4245 et
1274 4188 1565 4261 prophetas
1585 4186 1866 4244 Christum

258 4280 337 4337 ad
399 4280 836 4354 redemptionem
884 4280 1099 4352 generis
1154 4277 1384 4333 humani
1426 4284 1722 4333 venturum
1753 4290 1868 4331 esse

258 4368 551 4444 praedixit.
606 4370 677 4425 Et
733 4369 863 4442 quia
909 4368 1250 4442 impossibile
1278 4374 1396 4422 erat
1438 4374 1501 4421 ut
1529 4381 1592 4421 ea
1622 4381 1742 4437 quae
1772 4379 1870 4436 per

260 4461 446 4531 legem
495 4466 549 4513 et
591 4458 883 4531 prophetas
928 4456 1388 4530 praedicabantur,
1437 4470 1547 4509 non
1581 4453 1867 4525 impleren-

259 4564 383 4623 tur,
436 4555 580 4611 sicut
625 4556 897 4611 Dominus
952 4553 1090 4610 dicit
1140 4552 1199 4608 in
1241 4549 1587 4623 Evangelio:
1650 4574 1668 4596 ι
1716 4548 1865 4603 Faci-

264 4646 383 4701 lius
412 4653 494 4701 est
522 4646 720 4701 coelum
752 4654 806 4702 et
834 4654 1037 4702 terram
1069 4642 1321 4709 transire,
1370 4656 1477 4713 qua
1530 4655 1703 4694 unum
1756 4638 1869 4693 iota

262 4742 369 4790 aut
411 4749 555 4788 unus
593 4749 730 4805 apex
767 4741 1121 4804 praetereatur
1146 4749 1177 4787 a
1201 4733 1338 4805 lege,
1371 4730 1465 4804 qui
1495 4745 1608 4785 non
1642 4729 1866 4801 impleao

264 4833 367 4880 tur
398 4821 550 4892 (Luc.
578 4838 699 4889 xvr,
735 4822 847 4893 17).
910 4847 929 4870 ι
973 4820 1141 4894 Virga
1179 4821 1265 4877 bis
1315 4821 1526 4877 silicem
1575 4818 1865 4892 percussit,

264 4910 496 4986 quando
529 4911 794 4968 vaticinia
817 4912 1207 4984 prophetarum
1237 4919 1398 4985 atque
1431 4911 1563 4984 legis
1592 4910 1870 4983 quodam—

265 4999 443 5057 modo
465 5003 871 5073 compulerunt,
905 5009 966 5057 ut
996 5002 1162 5057 homo
1191 5000 1310 5057 ﬁeri
1342 5003 1484 5056 Deus
1523 5000 1864 5073 dignaretur.

267 5090 539 5146 Percussa
587 5098 669 5146 est
712 5090 880 5162 igitur
922 5099 1097 5162 petra,
1138 5098 1191 5145 et
1246 5105 1469 5161 egressae
1530 5095 1659 5144 sunt
1715 5104 1868 5160 aquae

267 5179 635 5251 largissimae;
682 5180 811 5252 quia
851 5179 1103 5237 Christus
1132 5178 1434 5235 secundum
1468 5178 1573 5234 hoc
1603 5177 1751 5249 quod
1789 5176 1871 5231 di-

268 5276 427 5326 ctum
460 5277 595 5337 erat,
627 5268 877 5337 veniens,
909 5268 1116 5324 ﬂuenta
1143 5267 1408 5324 doctrinm
1436 5266 1690 5333 caelestis,
1715 5264 1773 5321 id
1792 5271 1875 5322 est

270 5357 664 5430 Evangelium,
717 5356 785 5414 de
830 5375 886 5415 se
945 5357 1230 5431 produxit.
1262 5356 1411 5413 Bibit
1438 5358 1674 5428 populus
1711 5362 1765 5411 et
1786 5354 1873 5426 ju-

276 5453 486 5518 menta,
536 5448 593 5505 id
624 5455 707 5505 est
733 5447 908 5505 Judaei
942 5455 996 5505 et
1026 5454 1231 5521 gentes.
1274 5447 1395 5519 Ipsa
1424 5444 1589 5503 etiam
1638 5445 1795 5519 virga
1815 5443 1875 5501 in

1972 3208 2116 3280 ignis
2173 3209 2383 3280 (Matth.
2415 3226 2472 3277 v,
2503 3207 2592 3277 2i,
2624 3208 2746 3281 22);
2797 3231 2816 3257 ι
2872 3216 2928 3265 et
2964 3208 3168 3265 iterum
3203 3226 3215 3266 :
3276 3234 3296 3257 ι
3347 3210 3569 3266 Dictum

1973 3307 2055 3353 est
2101 3298 2344 3369 antiquis
2389 3317 2400 3355 :
2444 3299 2561 3354 Non
2607 3303 2752 3361 509
2796 3298 3201 3355 moechaberis:
3252 3315 3351 3371 ego
3380 3308 3566 3356 autem

1974 3394 2099 3451 dico
2127 3395 2287 3451 vobis
2343 3396 2473 3468 quia
2508 3396 2602 3469 qui
2643 3397 2848 3452 viderit
2892 3397 3180 3452 mulierem
3210 3396 3276 3452 ad
3307 3395 3565 3467 concupi-

1974 3483 2229 3540 scendam
2281 3500 2420 3553 eam,
2466 3486 2652 3541 statim
2701 3484 3009 3543 moechatus
3038 3493 3121 3541 est
3165 3500 3283 3541 eam
3314 3484 3373 3540 in
3401 3483 3566 3541 corde

1974 3590 2074 3629 suo
2113 3574 2273 3645 (Ibid.
2320 3574 2410 3643 27,
2451 3574 2584 3647 28);
2617 3598 2635 3622 ι
2678 3583 2733 3631 et
2762 3574 2961 3631 iterum
2996 3591 3008 3628 :
3056 3600 3075 3623 ι
3108 3574 3330 3631 Dictum
3363 3580 3446 3629 est
3472 3588 3565 3628 an-

1975 3666 2144 3738 tiquis
2177 3683 2188 3720 :
2222 3665 2549 3737 Quicunque
2578 3662 2854 3719 dimiserit
2884 3679 3113 3719 uxorem
3148 3679 3325 3732 suam,
3359 3663 3453 3720 det
3482 3662 3568 3719 illi

1977 3755 2227 3811 libellum
2257 3754 2472 3827 repudii
2511 3771 2524 3821 ;
2559 3769 2659 3827 ego
2686 3761 2870 3809 autem
2900 3753 3028 3811 dico
3056 3753 3216 3810 vobis
3247 3771 3260 3808 :
3312 3753 3572 3821 Quicun-

1976 3860 2081 3917 que
2131 3845 2406 3902 dimiserit
2450 3861 2679 3901 uxorem
2710 3861 2888 3912 suam,
2939 3851 3168 3915 excepta
3210 3859 3370 3900 causa
3399 3842 3570 3899 forni-

1977 3934 2238 4000 cationis,
2295 3933 2645 4000 moechatur;
2719 3941 2775 3989 et
2831 3934 2925 4006 qui
2972 3932 3256 3990 dimissam
3321 3931 3567 3998 duxerit,

1978 4024 2285 4080 moechatur
2316 4023 2477 4095 (Ibid.
2523 4023 2610 4090 3i,
2645 4022 2739 4094 32)
2774 4040 2787 4089 ;
2840 4048 2859 4072 ι
2901 4031 2956 4078 et
2998 4022 3197 4078 iterum
3230 4021 3383 4091 (li):
3431 4044 3449 4066 ι
3477 4019 3569 4073 Di-

1977 4120 2127 4169 ctum
2158 4119 2240 4169 est
2274 4112 2516 4185 antiquis
2550 4129 2561 4169 :
2604 4112 2840 4169 Oculum
2870 4127 2969 4183 pro
2994 4110 3172 4174 oculo,
3219 4108 3439 4164 dentem
3471 4121 3570 4177 pro

1978 4203 2142 4260 dente
2173 4221 2186 4271 ;
2243 4220 2341 4275 ego
2376 4210 2557 4258 autem
2587 4202 2713 4258 dico
2758 4201 2918 4257 vobis
2945 4216 3057 4255 non
3086 4200 3336 4255 resistere
3376 4197 3520 4252 malo
3551 4213 3564 4251 :

1978 4290 2073 4347 sed
2120 4292 2167 4347 si
2210 4292 2334 4364 quis
2373 4299 2427 4348 te
2471 4291 2798 4363 percusserit
2839 4290 2896 4345 in
2942 4289 3226 4345 dexteram
3257 4286 3568 4355 maxillam,

1979 4381 2159 4452 praebe
2189 4381 2272 4436 illi
2302 4388 2357 4436 et
2384 4381 2643 4447 alteram:
2677 4386 2731 4435 et
2757 4380 2852 4452 qui
2884 4378 3123 4435 voluerit
3146 4378 3393 4434 tunicam
3419 4383 3570 4433 tuam

1894 4505 1945 4564 D
1979 4472 2192 4564 tollere,
2243 4470 2460 4564 dimitte
2502 4470 2552 4525 ei
2608 4476 2663 4525 et
2718 4468 2946 4564 pallium
2989 4464 3385 4564 (Ibid-.3840)
3412 4483 3474 4564 ;.ι
3517 4473 3573 4523 et

1975 4561 2223 4616 iterum:
2276 4585 2294 4605 ε
2331 4560 2552 4616 Dictum
2601 4567 2682 4614 est
2727 4554 2971 4628 antiquis
3022 4574 3033 4611 :
3084 4554 3293 4626 Diliges
3330 4553 3571 4610 amicum

1976 4660 2153 4717 tuum,
2187 4657 2241 4705 et
2271 4649 2400 4705 odio
2433 4648 2661 4704 habebis
2690 4647 2977 4702 inimicum
3013 4653 3171 4700 tuum
3204 4662 3217 4711 ;
3259 4660 3358 4717 ego
3387 4652 3572 4700 autem

1976 4739 2101 4797 dico
2128 4739 2288 4796 vobis
2321 4757 2331 4795 :
2365 4739 2593 4811 Diligite
2628 4735 2884 4811 inimicos
2910 4743 3140 4803 vestros,
3172 4732 3478 4789 benefacite
3502 4732 3573 4788 iis

1978 4830 2073 4904 qui
2097 4830 2333 4886 oderunt
2375 4844 2489 4896 vos,
2521 4836 2574 4884 et
2604 4835 2753 4883 orate
2784 4841 2882 4896 pro
2911 4823 3374 4897 persequentibus
3402 4829 3457 4879 et
3481 4837 3573 4878 ca-

1980 4918 2383 4975 lumniantibus
2432 4935 2566 4985 vos;
2613 4925 2673 4973 ut
2715 4915 2837 4973 sitis
2878 4914 2980 4971 ﬁlii
3024 4913 3201 4970 Patris
3235 4912 3427 4978 vestri,
3480 4910 3574 4983 qui

1978 5009 2037 5064 in
2065 5008 2220 5065 caelis
2248 5014 2329 5064 est
2379 5007 2541 5078 (Ibid.
2589 5005 2797 5077 43-45).
2847 5029 2865 5054 ι
2910 5004 3036 5059 Haec
3063 5003 3234 5075 igitur
3263 5000 3429 5057 verba
3453 5001 3576 5055 Do—

1980 5098 2117 5154 mini
2157 5113 2280 5170 quae
2310 5096 2663 5169 protulimus,
2710 5101 2896 5168 aperte
2932 5093 3314 5149 demonstrant
3342 5105 3437 5161 per
3465 5087 3574 5143 vir-

1980 5205 2100 5262 gam
2150 5189 2383 5245 ferream
2432 5187 2819 5259 Evangelium,
2855 5202 2952 5259 per
2991 5185 3227 5258 ligneam
3255 5190 3438 5237 autem
3469 5179 3573 5233 fra-

1982 5279 2142 5352 gilem
2185 5286 2240 5334 et
2270 5278 2491 5334 mollem
2541 5277 2713 5349 legem
2758 5275 3024 5348 ﬁgurari;
3076 5289 3172 5346 per
3218 5286 3347 5327 vasa
3388 5273 3573 5321 autem

1982 5369 2137 5442 ﬁguli
2160 5369 2329 5427 corda
2358 5368 2647 5442 gentilium
2674 5366 2932 5424 omnibus
2952 5363 3231 5420 erroribus
3258 5360 3572 5415 daemonum

1983 5460 2189 5532 repleta
2216 5458 2593 5531 designantur,
2623 5474 2746 5530 qua;
2782 5474 2814 5513 a
2843 5461 2993 5512 tactu
3019 5454 3187 5524 virga)
3215 5448 3402 5505 ferreae
3430 5460 3575 5535 con-

358 5688 477 5770 (ll)
508 5688 743 5755 Deerant
774 5685 831 5752 in
862 5692 949 5753 ed.
978 5685 1052 5753 Et
1079 5684 1291 5763 iterum,
1318 5699 1492 5767 usque
1518 5683 1588 5751 ad
1615 5682 1815 5751 dimitte
1829 5681 1879 5751 ei
1912 5690 1960 5749 et
1985 5679 2217 5763 pallium
2249 5697 2266 5745 :
2296 5698 2458 5762 quem
2487 5678 2671 5745 locum
2700 5670 3076 5753 supplevimus
3102 5683 3132 5727 e
3160 5681 3291 5725 mss.
