4020 6200
614 268 720 327 867

1621 282 1717 338 AD
1758 284 1994 342 OPERA
2031 286 2087 342 S.
2129 286 2463 347 AMBROSII
2499 291 2879 352 APPENDIX.

611 391 788 451 fracta
815 401 981 464 sunt;
1028 398 1157 469 quia
1187 399 1441 458 veniente
1471 403 1762 478 Evangelii
1800 409 1992 480 gratia,
2024 411 2211 467 omnis
2239 414 2288 473 A
2324 412 2667 472 habitatione
2702 417 3026 488 subtrahat;
3058 420 3154 495 qui
3185 422 3241 479 in
3279 425 3627 496 pravitatibus
3649 435 3743 492 suis
3763 455 3831 495 re-

614 498 767 538 error
808 485 1097 555 gentilium
1145 487 1455 546 destructus
1484 501 1587 561 est,
1624 501 1677 549 et
1721 510 1841 568 quae
1872 506 2030 553 erant
2057 507 2217 555 antea

616 587 743 627 vasa
768 573 981 641 ﬁctilia,
1023 575 1168 631 facta
1212 586 1342 633 sunt
1385 596 1513 636 vasa
1559 581 1751 652 ferrea,
1801 595 1995 643 contra
2028 590 2216 645 omnia

611 665 937 716 testamenta
964 661 1300 733 daemonum,
1334 674 1388 721 et
1431 677 1622 727 contra
1652 676 2058 744 persecutiones
2099 676 2214 734 ho-

612 749 823 804 minum
851 752 1120 807 malorum
1152 753 1472 813 fortissima.

680 843 754 896 Et
782 842 915 897 dabo
944 845 1031 899 illi
1068 847 1276 903 stellam
1311 851 1668 910 matutinum:
1716 856 1771 912 id
1806 868 1908 927 est,
1941 861 2209 934 meipsum

608 928 751 984 dabo
789 929 914 997 illi;
972 933 1088 1004 ipse
1136 944 1218 991 est
1264 937 1408 994 enim
1460 942 1619 996 stella
1664 946 1957 1016 matutina,
1992 928 2069 1005 de.
2100 967 2209 1023 quo

610 1018 748 1075 dicit
776 1021 1087 1093 Scriptura:
1144 1050 1160 1071 ι
1201 1025 1423 1081 Orietur
1451 1031 1606 1085 stella
1637 1047 1705 1086 ex
1722 1033 1906 1103 Jacob,
1939 1045 1992 1093 et
2020 1018 2205 1095 exsur-

606 1120 694 1179 get
724 1111 891 1166 homo
919 1113 987 1167 de
1018 1114 1206 1183 Israel,
1237 1124 1290 1170 et
1323 1120 1591 1187 percutiet
1617 1120 1785 1178 duces
1815 1125 1973 1181 Moab
2019 1129 2202 1197 (Num.

602 1217 765 1268 xxrv,
808 1203 925 1272 17).
960 1227 976 1249 ι
1036 1204 1193 1259 Moab
1242 1206 1458 1262 dicitur
1502 1225 1571 1265 ex
1604 1219 1755 1282 patre
1790 1215 1944 1286 (l2):
1990 1226 2043 1272 et
2086 1221 2205 1275 Do-

605 1288 789 1345 minus
830 1290 1035 1346 .ludaeis
1065 1292 1250 1349 dixit:
1316 1319 1335 1341 ι
1365 1295 1478 1352 Vos
1525 1313 1594 1353 ex
1645 1309 1794 1371 patre
1824 1303 2045 1361 diabolo
2074 1309 2204 1365 estis

604 1377 790 1449 (Joan.
839 1395 963 1447 vm,
996 1379 1111 1452 44).
1147 1407 1165 1430 ›
1215 1384 1392 1439 Duces
1426 1402 1553 1458 ergo
1582 1389 1740 1445 Moab
1769 1393 2040 1450 Dominus
2076 1413 2202 1468 per-

599 1467 791 1537 cussit,
826 1471 1045 1542 quando
1092 1488 1282 1530 omnes
1328 1474 1690 1535 fabricatores
1721 1498 1966 1539 errorum
1999 1467 2202 1543 exina-

599 1556 763 1614 nivit.

670 1649 901 1709 CAPUT
942 1654 1037 1710 ΙΙΙ.
1085 1685 1157 1696 -
1198 1657 1380 1726 (Vers.
1431 1657 1509 1729 1.)
1552 1661 1626 1715 Et
1666 1664 1851 1732 angelo
1882 1665 2071 1720 Sardis
2099 1668 2199 1723 Ec-

2324 502 2630 574 quiescens,
2686 523 2862 580 neque
2922 525 2954 564 a
3008 510 3166 568 vitiis
3213 513 3334 571 vult
3385 514 3652 589 abstinere,
3701 539 3832 599 neque

2322 589 2494 662 ipsam
2549 604 2781 652 mortem
2830 606 2957 654 ante
3004 602 3196 658 oculos
3223 620 3440 675 ponere,
3469 607 3600 664 sicut
3624 589 3831 673 Dominus

2321 678 2457 737 dicit
2502 683 2557 738 in
2595 685 2937 759 Evangelio:
3002 713 3021 736 ι
3052 689 3192 757 Quia
3224 692 3268 748 si
3318 693 3479 750 sciret
3517 700 3830 769 paterfamilias

2321 784 2427 840 qua
2459 770 2593 827 hora
2631 773 2722 828 fur
2768 782 3035 833 venturus
3086 787 3243 849 esset,
3296 781 3541 855 vigilaret
3582 787 3753 861 utique,
3791 802 3829 850 et

2320 874 2431 914 non
2485 861 2689 919 sineret
2744 865 2957 936 perfodi
3009 867 3232 925 domum
3281 888 3435 929 suam
3483 875 3671 945 (Matth.
3711 896 3825 951 xm,

2318 948 2434 1021 43).
2467 978 2484 999 ι
2526 952 2627 1008 Per
2665 957 3117 1026 patremfamilias
3146 970 3386 1018 mentem
3428 980 3687 1037 possumus
3715 948 3826 1027 intel;

2318 1038 2525 1111 ligere;
2576 1044 2705 1114 quia
2749 1045 2892 1102 sicut
2949 1050 3345 1120 paterfamilias
3394 1053 3635 1112 omnibus
3674 1060 3749 1131 qui
3787 1062 3825 1116 in

2314 1127 2480 1185 domo
2517 1140 2668 1201 sunt,
2709 1135 3080 1207 principatur;
3116 1139 3194 1194 ita
3222 1148 3276 1195 et
3306 1156 3459 1198 mens
3486 1127 3711 1201 omnibus
3731 1148 3823 1203 acti-

2312 1216 2417 1272 bus
2443 1222 2689 1291 corporis
2717 1233 2771 1279 et
2797 1225 3229 1294 cogitationibus
3263 1231 3561 1301 praefertur.
3599 1233 3729 1290 Pater
3760 1236 3824 1308 igi-

2311 1319 2404 1366 tur
2451 1312 2688 1370 familias
2734 1314 2959 1385 dormit,
3014 1318 3212 1392 furque
3258 1321 3485 1378 veniens
3531 1322 3721 1381 domum
3744 1327 3825 1399 ejus

2313 1399 2573 1471 perfodit,
2609 1404 2827 1475 quando
2857 1422 3011 1462 mens
3040 1407 3098 1462 in
3119 1408 3572 1468 delectationibus
3584 1415 3825 1471 carnalibus

2311 1478 2678 1561 requiescens,
2712 1510 2860 1550 mors
2878 1494 3011 1552 dum
3043 1513 3155 1553 non
3178 1498 3530 1570 praevidetur,
3559 1505 3822 1574 supervenit,

2308 1585 2471 1651 atque
2508 1580 2732 1639 domum
2774 1587 3022 1658 corporis
3066 1588 3405 1660 perfodiens,
3434 1591 3654 1647 animam
3677 1593 3822 1649 abstra-

2311 1663 2412 1723 hit.
2462 1668 2520 1725 Si
2561 1678 2743 1727 autem
2787 1673 3125 1747 vigilaverit,
3159 1677 3216 1734 id
3247 1685 3352 1747 est,
3383 1678 3442 1735 in
3466 1679 3615 1737 bonis
3634 1682 3823 1755 operibus

595 1740 766 1795 etesiae
805 1742 1004 1797 scribe:
1061 1744 1182 1798 Hcec
1227 1745 1374 1810 dicit,
1410 1747 1504 1816 qui
1556 1748 1706 1803 habet
1746 1758 1936 1822 septem
1974 1755 2198 1825 spiritus
2227 1770 2272 1830 Β
2305 1762 2754 1830 perseveraverit,
2790 1740 3021 1821 mortem
3058 1740 3170 1823 non
3217 1775 3284 1824 ut
3312 1740 3506 1839 furem,
3535 1771 3620 1828 sed
3653 1740 3703 1828 ut
3730 1772 3820 1828 libe-

595 1831 714 1898 Dei,
768 1837 817 1885 et
860 1838 1050 1902 septem
1096 1835 1293 1889 stellas.
1340 1834 1553 1906 Septem
1586 1838 1815 1909 spiritus
1861 1841 1959 1897 Dei
1988 1854 2194 1916 septem

562 1926 722 1989 sunt
766 1919 911 1975 dona
956 1919 1193 1991 Spiritus
1238 1922 1437 1991 sancti,
1474 1940 1594 1996 quae
1641 1925 1699 1981 in
1749 1929 2047 1986 Dominum
2087 1933 2196 1990 de-

591 2006 871 2064 scendisse
900 2008 1165 2081 propheta
1194 2010 1360 2067 Isaias
1400 2013 1645 2070 ostendit
1674 2015 1863 2075 dicens
1887 2038 1899 2076 :
1949 2046 1967 2068 ι
1999 2023 2072 2081 Et
2098 2041 2194 2080 re-

591 2095 835 2167 quiescet
872 2114 1036 2169 super
1075 2115 1199 2154 eum
1253 2100 1481 2172 spiritus
1518 2104 1765 2173 Domini,
1815 2108 2046 2180 spiritus
2091 2129 2189 2169 sa-

590 2183 812 2255 pientiae
841 2192 895 2240 et
938 2184 1271 2254 intellectus,
1304 2189 1534 2260 spiritus
1562 2194 1783 2251 consilii
1812 2205 1865 2252 et
1892 2198 2187 2259 fortitudi-

590 2275 697 2342 nis,
720 2276 947 2347 spiritus
967 2277 1211 2335 scientiaa
1233 2287 1287 2335 et
1308 2281 1528 2351 pietatis
1554 2301 1564 2339 :
1594 2292 1648 2339 et
1666 2287 1899 2356 replebit
1927 2305 2053 2345 eum
2082 2293 2188 2363 spi-

587 2366 727 2422 ritus
756 2366 972 2423 timoris
1003 2369 1225 2424 Domini
1257 2371 1387 2440 (Isa.
1419 2389 1503 2437 x1,
1533 2373 1587 2441 2,
1610 2373 1690 2447 3).
1714 2401 1733 2424 ›
1765 2378 1844 2432 De
1874 2377 1962 2435 his
1980 2389 2187 2453 septem

587 2454 897 2527 spiritibus,
949 2472 1086 2529 quos
1134 2459 1404 2517 Dominus
1442 2460 1677 2532 dederit,
1726 2464 1784 2520 in
1831 2470 2187 2540 sequentibus

584 2544 866 2602 dicemus:
900 2546 1033 2619 quid
1083 2547 1197 2603 sint
1224 2557 1406 2606 autem
1458 2560 1664 2623 septem
1698 2555 1890 2625 stellae,
1935 2559 2186 2630 superius

582 2633 793 2691 dictum
832 2642 932 2692 est.
983 2635 1262 2710 Sequitur,
1318 2640 1435 2696 Scio
1477 2658 1639 2713 opera
1671 2650 1783 2713 tua,
1830 2645 1958 2715 quia
1998 2664 2186 2703 nomen

578 2720 733 2776 habes
773 2723 912 2793 quod
958 2725 1127 2791 vivas,
1169 2732 1217 2780 et
1261 2734 1503 2784 mortuus
1551 2747 1622 2786 es.
1679 2732 1892 2788 Nomen
1950 2734 2183 2792 habebat

570 2810 727 2883 ‘quod
756 2813 990 2879 viveret,
1020 2813 1077 2869 id
1108 2824 1209 2883 est,
1241 2832 1443 2873 nomen
1474 2817 1849 2877 Christianum
1876 2840 1887 2878 :
1917 2822 2012 2879 sed
2038 2840 2178 2880 mur-

578 2904 707 2954 tuus
734 2909 881 2969 erat;
929 2901 1059 2973 quia
1087 2901 1215 2959 ﬁdei
1262 2920 1449 2976 opera,
1481 2921 1601 2978 quin
1643 2916 1725 2964 est
1752 2909 2011 2981 charitas,
2067 2929 2180 2970 non

579 2986 835 3045 habebat.

650 3077 832 3175 (\iers.
878 3078 960 3147 2.)
989 3081 1121 3134 Esto
1138 3080 1411 3187 ‘pigi‘lans,
1441 3090 1491 3183 et
1523 3087 1780 3158 conﬁrma
1814 3095 2026 3187 cratera,
2060 3109 2179 3163 qum
2206 3126 2251 3187 ο

576 3165 842 3221 moritura
897 3174 1069 3223 erant.
1138 3168 1346 3242 Vigilat
1399 3172 1495 3245 qui
1549 3189 1762 3247 semper
1812 3176 1957 3233 bona
2010 3196 2173 3251 opera

572 3261 829 3311 exercet:
861 3254 1179 3328 praecipitur
1226 3273 1353 3332 ergo
1396 3259 1528 3319 huic
1576 3271 1639 3319 ut
1684 3264 1897 3337 vigilet,
1948 3267 2006 3323 id
2063 3276 2167 3339 est,

568 3353 632 3402 ut
687 3346 748 3402 in
809 3346 1095 3405 charitatis
1143 3351 1400 3422 operibus
1450 3355 1806 3427 semetipsum
1872 3368 2164 3429 exerceat;

567 3452 636 3492 ne
673 3452 846 3508 parva
875 3438 1021 3495 bona
1050 3456 1171 3513 quas
1203 3440 1387 3497 adhuc
1415 3442 1710 3500 videbatur
1740 3444 1961 3515 habere,
1992 3446 2170 3520 depe-

569 3529 766 3587 rirent.
800 3531 941 3599 Quia
972 3532 1116 3589 sicut
1162 3551 1361 3608 corpus
1390 3545 1670 3594 mortuum
1706 3549 1786 3596 est
1814 3541 1932 3597 sine
1960 3543 2164 3613 anima,

567 3616 644 3672 ita
681 3625 735 3673 et
763 3634 864 3675 nos
892 3621 1156 3692 quaelibet
1186 3622 1334 3679 bona
1361 3624 1651 3683 videamur
1690 3627 1908 3698 habere,
1950 3639 2167 3688 mortua

563 3713 714 3774 sunt,
745 3706 792 3761 si
822 3707 1062 3764 charitas
1106 3708 1381 3768 defuerit:
1419 3713 1538 3769 Non
1575 3714 1711 3770 enim
1755 3716 1965 3773 invenio
2002 3737 2165 3791 opera

565 3798 656 3849 tua
679 3796 844 3865 plena
873 3813 1051 3852 coram
1081 3799 1190 3854 Deo
1219 3816 1351 3856 meo.
1383 3801 1503 3857 Non
1532 3812 1688 3859 erant
1717 3806 1899 3877 plena,
1931 3808 2025 3864 sed
2054 3825 2163 3865 va-

560 3900 683 3943 cua.
712 3885 841 3958 quia
868 3886 1137 3945 charitate
1166 3906 1279 3946 non
1310 3891 1695 3964 replebantur:
1728 3895 1875 3952 unde
1903 3905 1956 3953 et
1986 3898 2161 3971 quin-

558 3990 664 4048 que
693 3975 935 4048 virgines
986 3977 1150 4035 fatuae
1196 3996 1228 4034 a
1273 3981 1639 4039 contubernio
1682 3984 1879 4057 Sponsi
1922 3989 2159 4045 caelestis

558 4065 796 4137 repulsae
819 4075 969 4136 sunt,
1013 4069 1144 4141 quia
1190 4070 1372 4127 oleum
1414 4070 1700 4130 charitatis
1748 4074 1806 4131 in
1853 4076 2000 4133 vasis
2042 4077 2158 4134 suis

557 4153 758 4211 habere
786 4157 1088 4213 noluerunt
1114 4159 1333 4230 (Matth.
1366 4177 1504 4231 xxv,
1541 4163 1749 4237 10-12).

628 4244 809 4316 (Vers.
845 4246 925 4317 3.)
957 4248 1023 4306 In
1052 4254 1218 4303 mente
1245 4266 1365 4321 ergo
1394 4250 1523 4306 habe
1549 4253 1782 4322 qualiter
1824 4256 2081 4327 acceperis
2108 4262 2157 4313 et

552 4332 812 4402 audieris,
859 4341 908 4389 et
947 4353 1120 4404 serva,
1159 4344 1207 4391 et
1236 4339 1602 4409 penitentiam
1640 4359 1773 4413 age:
1820 4343 1876 4398 id
1923 4351 2024 4412 est,
2057 4361 2154 4401 re-

552 4419 779 4476 cordare
808 4422 1046 4494 qualiter
1072 4424 1237 4481 ﬁdem
1273 4426 1480 4483 Christi
1510 4428 1569 4484 in
1597 4430 1926 4502 baptismate
1953 4449 2151 4505 perce-

2305 1846 2558 1905 ratricem
2592 1850 2847 1922 perferet.

2376 1975 2557 2047 (Vers.
2590 1976 2672 2050 4.)
2705 1979 2803 2034 Sed
2831 1980 2986 2035 habes
3008 1997 3187 2052 pauca
3225 1984 3444 2041 nomina
3472 1986 3529 2040 in
3562 1986 3734 2053 Sardis,
3757 1987 3819 2057 qui

2301 2078 2406 2116 non
2435 2064 2850 2135 inquinaverunt
2877 2068 3182 2127 vestimenta
3211 2089 3334 2129 sua.
3364 2074 3504 2131 Ecce
3528 2074 3743 2147 discipuli
3759 2091 3817 2146 pa-

2300 2151 2435 2205 stori
2464 2153 2764 2225 negligenti
2803 2166 3222 2229 praeponuntur,
3271 2170 3335 2218 ut
3366 2163 3549 2219 saltem
3593 2162 3643 2218 in
3681 2180 3815 2220 eorum

2298 2238 2612 2298 imitatione
2641 2244 2947 2314 proﬁceret.
2981 2247 3086 2303 Sed
3122 2247 3333 2305 mirum
3362 2268 3461 2308 cur
3486 2268 3639 2324 pauca
3652 2251 3817 2308 nomina

2298 2325 2498 2385 habere
2527 2330 2762 2400 dicatur,
2795 2341 2849 2389 et
2877 2350 2988 2390 non
3018 2351 3221 2408 paucos
3249 2337 3517 2397 homines.
3547 2340 3639 2397 Sed
3670 2340 3814 2396 hocud

2297 2418 2685 2475 excellentiam
2716 2438 2968 2494 magnam
2998 2425 3241 2498 alicujus
3275 2430 3447 2486 sancti
3476 2431 3701 2503 pertinet,
3725 2446 3811 2485 cum

2295 2521 2421 2563 eum
2466 2510 2613 2566 Deus
2662 2512 2991 2573 nominatim
3040 2516 3182 2573 scire
3230 2517 3456 2588 dicitur,
3514 2518 3641 2576 sicut
3687 2516 3812 2589 Moysi

2294 2597 2538 2668 perfecto
2573 2599 2694 2655 viro
2722 2599 2958 2658 dicitur:
3007 2627 3024 2650 ι
3065 2603 3208 2660 Novi
3257 2616 3312 2663 te
3338 2624 3404 2664 ex
3432 2608 3637 2664 nomine
3662 2606 3811 2679 (Exod.

2292 2698 2499 2753 χχχιιι,
2536 2687 2627 2760 17)
2658 2707 2672 2756 ;
2707 2714 2726 2737 ν
2759 2699 2814 2746 et
2840 2691 3113 2748 Dominus
3139 2692 3284 2751 dicit
3311 2696 3370 2751 in
3388 2696 3691 2768 Evangelio:
3731 2719 3745 2740 -
3764 2693 3813 2749 Et

2291 2774 2542 2845 proprias
2599 2792 2729 2832 oves
2784 2786 2944 2835 vocat
3008 2783 3370 2854 nominatim,
3436 2792 3487 2841 et
3536 2783 3695 2841 educit
3748 2795 3811 2835 eas

2293 2865 2473 2933 (Joan.
2510 2883 2568 2935 x,
2617 2867 2696 2940 3).
2732 2894 2750 2917 ι
2792 2870 2888 2926 Isti
2931 2887 3058 2943 ergo
3087 2874 3276 2945 pauci,
3317 2875 3411 2948 qui
3458 2892 3580 2932 voce
3620 2874 3701 2932 Dei
3730 2873 3810 2928 lau-

2289 2950 2409 3009 dari
2458 2964 2759 3026 merentur,
2792 2974 2906 3014 non
2937 2957 3378 3033 inquinaverunt
3420 2965 3707 3022 vestimenta
3724 2976 3808 3026 sua,

2286 3042 2344 3099 id
2395 3051 2497 3113 est,
2529 3045 2859 3103 munditiam
2891 3065 3054 3121 quam
3104 3050 3161 3105 in
3190 3051 3467 3125 baptismo
3502 3058 3809 3126 perceperunt,

2283 3133 2539 3191 sordibus
2568 3136 2834 3193 vitiorum
2885 3154 2996 3193 non
3043 3139 3497 3213 inquinaverunt.
3526 3146 3595 3199 Et
3614 3142 3808 3198 ambula-

2285 3229 2476 3278 verunt
2503 3241 2701 3280 mecum
2736 3225 2795 3280 in
2838 3227 2999 3297 albis,
3028 3229 3158 3300 quia
3197 3232 3352 3306 digni
3392 3240 3543 3299 sunt;
3569 3232 3616 3289 id
3655 3238 3736 3298 est,
3767 3228 3805 3283 in

2278 3309 2442 3367 bonis
2466 3312 2744 3384 operibus.
3001 3307 3011 3318 ’

2350 3436 2533 3503 (Vers.
2565 3437 2620 3506 5,
2665 3437 2747 3511 6.)
2788 3440 2893 3508 Qui
2936 3440 3137 3512 vicerit,
3166 3443 3247 3499 sic
3291 3445 3530 3501 vestietur
3554 3438 3806 3499 vestimentis

2274 3523 2455 3592 albis;
2517 3525 2576 3582 id
2628 3535 2729 3596 est,
2784 3528 2879 3602 qui
2926 3546 3023 3602 per
3072 3533 3457 3604 paenitentiam
3499 3541 3550 3590 et
3596 3533 3803 3603 lacrymas

2273 3611 2557 3670 diabolum
2608 3615 2826 3686 vicerit,
2877 3626 2932 3674 et
2980 3620 3117 3677 vitia
3164 3624 3358 3681 omnia
3404 3640 3435 3680 a
3477 3616 3800 3693 se’expuleril.

2271 3702 2518 3758 eamdem
2567 3706 2899 3763 munditiam
2946 3723 3109 3781 quam
3156 3708 3465 3783 baptizatus
3503 3709 3726 3785 possidet,
3762 3711 3800 3760 et

2271 3790 2387 3862 ipse
2432 3802 2823 3866 consequetur.
2869 3798 2997 3854 Haec
3027 3797 3152 3855 ideo
3181 3799 3344 3871 dicit,
3390 3811 3449 3859 ut
3495 3810 3545 3858 et
3586 3806 3797 3872 pastorem

2268 3878 2456 3936 Sardis
2509 3881 2793 3952 Ecclesiae,
2851 3894 2906 3942 et
2961 3902 3152 3943 omnes
3206 3890 3374 3946 etiam
3428 3897 3703 3963 peccatores
3749 3880 3797 3937 ad

2268 3969 2650 4041 paenitentiam
2690 3981 2968 4043 provocet.
2999 3976 3076 4031 Et
3098 3993 3205 4031 non
3234 3979 3410 4034 delebo
3438 3994 3605 4033 nomen
3635 3974 3726 4044 ejus
3752 3974 3797 4024 de

2269 4058 2404 4114 libro
2432 4059 2571 4115 vita.
2604 4060 2662 4116 Si
2709 4060 2913 4117 librum
2944 4063 3075 4119 vitae
3102 4066 3623 4136 przedestinationem
3658 4065 3792 4121 vocat,

2264 4148 2540 4220 quomodo
2567 4148 2635 4205 de
2686 4149 2829 4206 libro
2871 4152 2996 4208 vitae
3045 4153 3249 4226 aliquis
3282 4156 3449 4212 deleri
3491 4160 3663 4229 potest,
3698 4164 3789 4206 cum

2263 4237 2561 4309 Apostolus
2589 4237 2773 4297 dicat:
2841 4266 2859 4289 ι
2890 4241 3040 4309 Quos
3082 4251 3268 4301 autem
3300 4241 3693 4320 prwdestinavit,
3718 4236 3789 4291 hos

2260 4335 2315 4383 et
2343 4329 2601 4385 vocavit:
2651 4339 2705 4387 et
2741 4348 2879 4405 quos
2908 4334 3150 4404 vocavit,
3191 4334 3295 4393 hos
3322 4345 3376 4393 et
3394 4332 3715 4408 justiﬂcavit:
3750 4332 3788 4381 et

2261 4432 2399 4490 quos
2412 4419 2760 4492 justiﬁcavit,
2782 4422 2930 4494 ipsos
2950 4432 3005 4480 et
3024 4424 3529 4497 glorificavit(Rom.
3543 4440 3648 4489 νιιι,
3662 4415 3777 4487 30)?»

551 4507 719 4580 peris,
767 4480 862 4564 ubi
904 4512 1207 4582 promisisti
1251 4480 1698 4573 redundaturum
1747 4526 1801 4575 te
1847 4480 2069 4578 diabolo
2098 4531 2152 4579 et
2180 4480 2230 4539 D
2258 4506 2376 4563 Νίεί
2403 4502 2643 4566 fortem
2664 4511 3066 4585 intelligamus:
3100 4514 3239 4570 sum
3270 4515 3429 4572 mum
3455 4514 3543 4589 qui
3570 4512 3628 4569 ab
3652 4504 3785 4565 homi'

550 4596 810 4653 omnibus
866 4598 1126 4669 operibus
1171 4599 1321 4671 ejus:
1373 4605 1658 4661 recordare
1706 4608 1870 4663 etiam
1927 4610 2061 4682 quid
2117 4628 2150 4667 a

548 4684 872 4743 doctoribus
916 4687 1044 4743 fidei
1089 4688 1440 4761 Christianae,
1494 4693 1588 4766 qui
1634 4704 1686 4751 te
1730 4696 1894 4752 ﬁdem
1938 4698 2145 4756 Christi

550 4773 878 4843 docuerunt,
927 4777 1165 4850 qualiter
1204 4785 1258 4834 te
1313 4781 1503 4837 vivere
1548 4791 1846 4856 oporteret,
1896 4788 2138 4845 audisti:

546 4865 623 4920 Et
647 4881 801 4921 serva
828 4866 971 4937 quod
1000 4868 1220 4936 audisti,
1262 4875 1311 4925 et
1348 4872 1708 4941 paenitentiam
1742 4893 1835 4946 age
1856 4894 1877 4941 ;
1905 4892 1970 4932 eo
1995 4877 2142 4950 quod

543 4970 574 5009 a
600 4952 764 5011 bonis
802 4956 1061 5028 operibus
1094 4957 1292 5015 tandiu
1320 4962 1598 5033 torpuisti.
1634 4964 1692 5020 Si
1718 4982 1836 5037 ergo
1864 4983 1969 5022 non
1998 4966 2143 5039 vigi-

543 5043 774 5112 laveris;
810 5044 867 5100 id
912 5053 1016 5115 est,
1062 5046 1131 5103 ad
1173 5046 1319 5104 bona
1346 5066 1510 5122 opera
1549 5053 1755 5125 agenda
1789 5056 2137 5128 temetipsum

543 5149 656 5189 non
702 5135 1066 5194 excitaveris:
1129 5139 1345 5197 Veniam
1386 5148 1636 5213 tanquam
1684 5142 1799 5213 fur,
1848 5151 1899 5199 et
1948 5146 2141 5201 nescies

536 5239 645 5294 qua
672 5224 808 5279 hora
834 5224 1042 5281 veniam
1087 5227 1161 5282 ad
1208 5234 1271 5285 te.
1319 5229 1409 5285 llli
1450 5231 1722 5288 Dom‘nus
1749 5239 2009 5306 tanquam
2048 5233 2139 5290 fur

536 5316 878 5387 supervenit,
918 5324 981 5373 ut
1025 5333 1150 5375 eum
1200 5334 1298 5391 per
1325 5328 1558 5377 mortem
1603 5321 1673 5379 ab
1711 5322 1813 5379 hac
1858 5323 2138 5381 mundana

2260 4595 2423 4654 nibus
2453 4596 2593 4669 justi
2637 4607 2921 4672 putantur,
2954 4601 3050 4658 sed
3091 4603 3151 4658 in
3191 4614 3483 4677 conspectu
3518 4601 3607 4659 Dei
3633 4591 3780 4667 iniu“i

2256 4685 2551 4743 exsistunt.
2595 4689 2743 4761 Ergo
2790 4689 3043 4747 homines
3079 4691 3175 4764 qui
3220 4710 3312 4750 eos
3343 4691 3515 4766 justos
3541 4687 3777 4781 aestimaul,

2245 4773 2359 4846 jam
2392 4776 2449 4831 in
2478 4777 2622 4834 libro
2668 4778 2767 4834 Dei
2807 4796 2899 4838 eos
2950 4782 3183 4856 scriptos
3223 4799 3338 4840 esse
3365 4790 3581 4857 putant:
3624 4773 3701 4833 sed
3734 4773 3776 4825 in

2250 4862 2339 4918 die
2374 4862 2594 4934 judicii,
2643 4883 2766 4922 cum
2806 4869 2952 4926 facta
2997 4874 3349 4944 reproborum
3381 4878 3534 4947 atque
3552 4868 3774 4942 justorum

2249 4953 2511 5010 omnibus
2579 4955 2869 5027 patebunt,
2935 4957 3052 5016 haec
3116 4962 3403 5035 inscriptio
3470 4970 3615 5032 atque
3672 4950 3775 5006 falsa

2247 5041 2488 5115 suspicio
2543 5060 2576 5099 a
2629 5046 2907 5103 mentibus
2962 5052 3108 5112 510
3155 5066 3339 5106 eorum
3386 5046 3651 5111 delebitur,
3675 5048 3770 5095 cum

2248 5155 2438 5196 eorum
2472 5140 2883 5199 damnationem
2922 5161 3021 5218 pro
3051 5146 3424 5220 impietatibus
3449 5143 3556 5200 suis
3578 5146 3771 5205 conspe‘

2245 5232 2451 5290 xeriut.
2499 5235 2573 5290 Et
2617 5236 2897 5307 conﬁtebor
2925 5255 3112 5296 nomen
3140 5239 3253 5311 ejus
3288 5255 3463 5295 coram
3488 5237 3633 5293 Patre
3664 5239 3764 5288 meo,

2245 5329 2296 5378 et
2346 5340 2527 5381 coram
2589 5326 2793 5397 angelis
2856 5329 2972 5386 Dei.
3037 5329 3320 5388 Confessio
3378 5328 3479 5384 ista
3525 5333 3643 5380 tunc
3693 5314 3766 5370 ﬁet

607 5554 736 5649 (ξε)
781 5557 862 5649 ἷξε)
909 5574 1083 5649 "385-;
1129 5559 1215 5618 6d.
1276 5576 1429 5629 vero,
1484 5578 1605 5635 quae
1653 5561 1797 5621 inter
1846 5581 2011 5624 voces
2059 5584 2125 5624 ex
2172 5572 2349 5641 patre,
2413 5585 2476 5629 ac
2526 5567 2675 5643 istas,
2735 5569 2906 5632 Duces
2969 5591 3090 5649 ergo
3145 5572 3335 5642 Moab,
3385 5562 3768 5638 interponuntur,
3826 5620 3831 5629 ,

534 5631 982 5694 praetermittunt.
