  <div class='ocr_page' id='page_1' title='image "/cluster/home/n/w/nwhite01/storage/ocr_20150623/17/hvd.32044096580436/440.png"; bbox 0 0 4068 6182; ppageno 0'>
   <div class='ocr_carea' id='block_1_1' title="bbox 241 315 347 374">
    <p class='ocr_par' dir='ltr' id='par_1_1' title="bbox 241 315 347 374">
     <span class='ocr_line' id='line_1_1' title="bbox 241 315 347 374; baseline 0.009 -1"><span class='ocrx_word' id='word_1_1' title='bbox 241 315 347 374; x_wconf 83' lang='grc'><strong>869</strong></span> 
     </span>
    </p>
   </div>
   <div class='ocr_carea' id='block_1_2' title="bbox 1166 302 2682 370">
    <p class='ocr_par' dir='ltr' id='par_1_2' title="bbox 1166 302 2682 370">
     <span class='ocr_line' id='line_1_2' title="bbox 1166 302 2682 370; baseline -0.005 -2"><span class='ocrx_word' id='word_1_2' title='bbox 1166 310 1624 370; x_wconf 84' lang='lat' dir='ltr'><strong>BEBENGAUDI</strong></span> <span class='ocrx_word' id='word_1_3' title='bbox 1659 305 2034 366; x_wconf 85' lang='lat' dir='ltr'><strong>EXPOSITIO</strong></span> <span class='ocrx_word' id='word_1_4' title='bbox 2070 306 2142 364; x_wconf 91' lang='lat' dir='ltr'><strong>IN</strong></span> <span class='ocrx_word' id='word_1_5' title='bbox 2179 302 2682 365; x_wconf 82' lang='lat' dir='ltr'><strong>APOCALYPSIN.</strong></span> 
     </span>
    </p>
   </div>
   <div class='ocr_carea' id='block_1_3' title="bbox 3445 302 3551 359">
    <p class='ocr_par' dir='ltr' id='par_1_3' title="bbox 3445 302 3551 359">
     <span class='ocr_line' id='line_1_3' title="bbox 3445 302 3551 359; baseline -0.019 0"><span class='ocrx_word' id='word_1_6' title='bbox 3445 302 3551 359; x_wconf 88' lang='lat'><strong>870</strong></span> 
     </span>
    </p>
   </div>
   <div class='ocr_carea' id='block_1_4' title="bbox 242 427 3554 513">
    <p class='ocr_par' dir='ltr' id='par_1_4' title="bbox 242 427 3554 513">
     <span class='ocr_line' id='line_1_4' title="bbox 242 427 3554 513; baseline -0.005 -13"><span class='ocrx_word' id='word_1_7' title='bbox 242 441 532 500; x_wconf 90' lang='lat' dir='ltr'><strong>nominum</strong></span> <span class='ocrx_word' id='word_1_8' title='bbox 558 440 858 513; x_wconf 86' lang='lat' dir='ltr'><strong>justorum,</strong></span> <span class='ocrx_word' id='word_1_9' title='bbox 904 439 1132 512; x_wconf 86' lang='lat' dir='ltr'><strong>quando</strong></span> <span class='ocrx_word' id='word_1_10' title='bbox 1178 438 1480 496; x_wconf 90' lang='lat' dir='ltr'><strong>secundum</strong></span> <span class='ocrx_word' id='word_1_11' title='bbox 1509 437 1831 510; x_wconf 81' lang='lat' dir='ltr'><strong>qualitatem</strong></span> <span class='ocrx_word' id='word_1_12' title='bbox 1860 439 1912 497; x_wconf 82' lang='grc' dir='ltr'>Α</span> <span class='ocrx_word' id='word_1_13' title='bbox 1940 433 2279 492; x_wconf 80' lang='lat' dir='ltr'><strong>crediderint</strong></span> <span class='ocrx_word' id='word_1_14' title='bbox 2326 448 2422 504; x_wconf 90' lang='lat' dir='ltr'><strong>per</strong></span> <span class='ocrx_word' id='word_1_15' title='bbox 2451 431 2617 487; x_wconf 90' lang='lat' dir='ltr'><strong>verba</strong></span> <span class='ocrx_word' id='word_1_16' title='bbox 2663 438 2757 485; x_wconf 90' lang='lat' dir='ltr'><strong>tua</strong></span> <span class='ocrx_word' id='word_1_17' title='bbox 2817 429 2875 484; x_wconf 90' lang='lat' dir='ltr'><strong>in</strong></span> <span class='ocrx_word' id='word_1_18' title='bbox 2906 444 3014 495; x_wconf 92' lang='lat' dir='ltr'><strong>me,</strong></span> <span class='ocrx_word' id='word_1_19' title='bbox 3061 427 3378 484; x_wconf 89' lang='lat' dir='ltr'><strong>adorabunt</strong></span> <span class='ocrx_word' id='word_1_20' title='bbox 3424 436 3554 483; x_wconf 91' lang='lat' dir='ltr'><strong>ante</strong></span> 
     </span>
    </p>
   </div>
   <div class='ocr_carea' id='block_1_5' title="bbox 240 526 1602 602">
    <p class='ocr_par' dir='ltr' id='par_1_5' title="bbox 240 526 1602 602">
     <span class='ocr_line' id='line_1_5' title="bbox 240 526 1602 602; baseline -0.004 -15"><span class='ocrx_word' id='word_1_21' title='bbox 240 530 569 587; x_wconf 87' lang='lat' dir='ltr'><strong>meritorum</strong></span> <span class='ocrx_word' id='word_1_22' title='bbox 598 530 978 602; x_wconf 82' lang='lat' dir='ltr'><strong>unusquisque</strong></span> <span class='ocrx_word' id='word_1_23' title='bbox 1021 529 1326 585; x_wconf 86' lang='lat' dir='ltr'><strong>mercedem</strong></span> <span class='ocrx_word' id='word_1_24' title='bbox 1349 526 1602 599; x_wconf 83' lang='lat' dir='ltr'><strong>recipiet.</strong></span> 
     </span>
    </p>
   </div>
   <div class='ocr_carea' id='block_1_6' title="bbox 318 632 1839 710">
    <p class='ocr_par' dir='ltr' id='par_1_6' title="bbox 318 632 1839 710">
     <span class='ocr_line' id='line_1_6' title="bbox 318 632 1839 710; baseline -0.004 -15"><span class='ocrx_word' id='word_1_25' title='bbox 318 639 502 710; x_wconf 85' lang='lat' dir='ltr'><strong>(Vers.</strong></span> <span class='ocrx_word' id='word_1_26' title='bbox 537 638 617 710; x_wconf 91' lang='lat'><strong>7.)</strong></span> <span class='ocrx_word' id='word_1_27' title='bbox 650 639 725 694; x_wconf 89' lang='lat' dir='ltr'><strong>Et</strong></span> <span class='ocrx_word' id='word_1_28' title='bbox 750 638 936 707; x_wconf 86' lang='lat' dir='ltr'><strong>angelo</strong></span> <span class='ocrx_word' id='word_1_29' title='bbox 968 636 1351 707; x_wconf 73' lang='lat' dir='ltr'><strong>Philadelphia:</strong></span> <span class='ocrx_word' id='word_1_30' title='bbox 1378 636 1626 691; x_wconf 70' lang='lat' dir='ltr'><strong>Ecclesiae</strong></span> <span class='ocrx_word' id='word_1_31' title='bbox 1647 632 1839 689; x_wconf 80' lang='lat' dir='ltr'><strong>scribe:</strong></span> 
     </span>
    </p>
   </div>
   <div class='ocr_carea' id='block_1_7' title="bbox 240 726 1840 797">
    <p class='ocr_par' dir='ltr' id='par_1_7' title="bbox 240 726 1840 797">
     <span class='ocr_line' id='line_1_7' title="bbox 240 726 1840 797; baseline -0.004 -10"><span class='ocrx_word' id='word_1_32' title='bbox 240 733 367 788; x_wconf 70' lang='lat' dir='ltr'><strong>Hinc</strong></span> <span class='ocrx_word' id='word_1_33' title='bbox 393 729 520 785; x_wconf 82' lang='lat' dir='ltr'><strong>dicit</strong></span> <span class='ocrx_word' id='word_1_34' title='bbox 544 734 757 783; x_wconf 85' lang='lat' dir='ltr'><strong>sanctus</strong></span> <span class='ocrx_word' id='word_1_35' title='bbox 783 736 831 783; x_wconf 90' lang='lat' dir='ltr'><strong>et</strong></span> <span class='ocrx_word' id='word_1_36' title='bbox 857 744 1057 795; x_wconf 85' lang='lat' dir='ltr'><strong>versus,</strong></span> <span class='ocrx_word' id='word_1_37' title='bbox 1090 727 1181 797; x_wconf 80' lang='lat' dir='ltr'><strong>qui</strong></span> <span class='ocrx_word' id='word_1_38' title='bbox 1227 728 1378 782; x_wconf 84' lang='lat' dir='ltr'><strong>habet</strong></span> <span class='ocrx_word' id='word_1_39' title='bbox 1410 728 1606 782; x_wconf 84' lang='lat' dir='ltr'><strong>clavem</strong></span> <span class='ocrx_word' id='word_1_40' title='bbox 1641 726 1840 781; x_wconf 85' lang='lat' dir='ltr'><strong>David.</strong></span> 
     </span>
    </p>
   </div>
   <div class='ocr_carea' id='block_1_8' title="bbox 242 815 1844 892">
    <p class='ocr_par' dir='ltr' id='par_1_8' title="bbox 242 815 1844 892">
     <span class='ocr_line' id='line_1_8' title="bbox 242 815 1844 892; baseline -0.002 -17"><span class='ocrx_word' id='word_1_41' title='bbox 242 819 500 892; x_wconf 85' lang='lat' dir='ltr'><strong>Legimus</strong></span> <span class='ocrx_word' id='word_1_42' title='bbox 526 817 585 873; x_wconf 92' lang='lat' dir='ltr'><strong>in</strong></span> <span class='ocrx_word' id='word_1_43' title='bbox 616 818 759 873; x_wconf 90' lang='lat' dir='ltr'><strong>libro</strong></span> <span class='ocrx_word' id='word_1_44' title='bbox 794 818 1023 889; x_wconf 77' lang='lat' dir='ltr'><strong>Regum,</strong></span> <span class='ocrx_word' id='word_1_45' title='bbox 1054 816 1202 889; x_wconf 91' lang='lat' dir='ltr'><strong>quod</strong></span> <span class='ocrx_word' id='word_1_46' title='bbox 1232 816 1442 873; x_wconf 83' lang='lat' dir='ltr'><strong>dixerit</strong></span> <span class='ocrx_word' id='word_1_47' title='bbox 1474 817 1745 872; x_wconf 89' lang='lat' dir='ltr'><strong>Dominus</strong></span> <span class='ocrx_word' id='word_1_48' title='bbox 1774 815 1844 871; x_wconf 89' lang='lat' dir='ltr'><strong>ad</strong></span> 
     </span>
    </p>
   </div>
   <div class='ocr_carea' id='block_1_9' title="bbox 241 912 1841 986">
    <p class='ocr_par' dir='ltr' id='par_1_9' title="bbox 241 912 1841 986">
     <span class='ocr_line' id='line_1_9' title="bbox 241 912 1841 986; baseline -0.003 -14"><span class='ocrx_word' id='word_1_49' title='bbox 241 916 425 973; x_wconf 84' lang='lat' dir='ltr'><strong>David</strong></span> <span class='ocrx_word' id='word_1_50' title='bbox 451 934 466 972; x_wconf 91' lang='lat'><strong>:</strong></span> <span class='ocrx_word' id='word_1_51' title='bbox 512 941 530 963; x_wconf 80' lang='grc' dir='ltr'><strong>ι</strong></span> <span class='ocrx_word' id='word_1_52' title='bbox 559 916 632 971; x_wconf 90' lang='lat' dir='ltr'><strong>Et</strong></span> <span class='ocrx_word' id='word_1_53' title='bbox 659 914 785 982; x_wconf 90' lang='lat' dir='ltr'><strong>erit,</strong></span> <span class='ocrx_word' id='word_1_54' title='bbox 817 931 939 971; x_wconf 89' lang='lat' dir='ltr'><strong>cum</strong></span> <span class='ocrx_word' id='word_1_55' title='bbox 960 914 1253 970; x_wconf 88' lang='lat' dir='ltr'><strong>dormieris</strong></span> <span class='ocrx_word' id='word_1_56' title='bbox 1282 931 1408 971; x_wconf 90' lang='lat' dir='ltr'><strong>cum</strong></span> <span class='ocrx_word' id='word_1_57' title='bbox 1442 914 1690 986; x_wconf 83' lang='lat' dir='ltr'><strong>patribus</strong></span> <span class='ocrx_word' id='word_1_58' title='bbox 1710 912 1841 981; x_wconf 90' lang='lat' dir='ltr'><strong>tuis,</strong></span> 
     </span>
    </p>
   </div>
   <div class='ocr_carea' id='block_1_10' title="bbox 242 1003 1845 1077">
    <p class='ocr_par' dir='ltr' id='par_1_10' title="bbox 242 1003 1845 1077">
     <span class='ocr_line' id='line_1_10' title="bbox 242 1003 1845 1077; baseline -0.002 -16"><span class='ocrx_word' id='word_1_59' title='bbox 242 1004 524 1061; x_wconf 78' lang='lat' dir='ltr'><strong>suscitabo</strong></span> <span class='ocrx_word' id='word_1_60' title='bbox 577 1020 760 1059; x_wconf 89' lang='lat' dir='ltr'><strong>semen</strong></span> <span class='ocrx_word' id='word_1_61' title='bbox 807 1010 987 1071; x_wconf 91' lang='lat' dir='ltr'><strong>tuum,</strong></span> <span class='ocrx_word' id='word_1_62' title='bbox 1039 1003 1185 1077; x_wconf 90' lang='lat' dir='ltr'><strong>quod</strong></span> <span class='ocrx_word' id='word_1_63' title='bbox 1235 1003 1546 1077; x_wconf 81' lang='lat' dir='ltr'><strong>egredietur</strong></span> <span class='ocrx_word' id='word_1_64' title='bbox 1575 1019 1645 1059; x_wconf 82' lang='lat' dir='ltr'><strong>ex</strong></span> <span class='ocrx_word' id='word_1_65' title='bbox 1676 1010 1750 1069; x_wconf 88' lang='lat' dir='ltr'><strong>te,</strong></span> <span class='ocrx_word' id='word_1_66' title='bbox 1791 1010 1845 1057; x_wconf 92' lang='lat' dir='ltr'><strong>et</strong></span> 
     </span>
    </p>
   </div>
   <div class='ocr_carea' id='block_1_11' title="bbox 242 1089 1842 1163">
    <p class='ocr_par' dir='ltr' id='par_1_11' title="bbox 242 1089 1842 1163">
     <span class='ocr_line' id='line_1_11' title="bbox 242 1089 1842 1163; baseline -0.003 -15"><span class='ocrx_word' id='word_1_67' title='bbox 242 1091 482 1148; x_wconf 86' lang='lat' dir='ltr'><strong>ﬁrmabo</strong></span> <span class='ocrx_word' id='word_1_68' title='bbox 512 1107 741 1163; x_wconf 84' lang='lat' dir='ltr'><strong>regnum</strong></span> <span class='ocrx_word' id='word_1_69' title='bbox 779 1089 898 1162; x_wconf 89' lang='lat' dir='ltr'><strong>ejus</strong></span> <span class='ocrx_word' id='word_1_70' title='bbox 936 1091 993 1146; x_wconf 92' lang='lat' dir='ltr'><strong>in</strong></span> <span class='ocrx_word' id='word_1_71' title='bbox 1039 1093 1456 1163; x_wconf 88' lang='lat' dir='ltr'><strong>sempiternum.</strong></span> <span class='ocrx_word' id='word_1_72' title='bbox 1490 1093 1606 1163; x_wconf 83' lang='lat' dir='ltr'><strong>Ego</strong></span> <span class='ocrx_word' id='word_1_73' title='bbox 1634 1107 1727 1147; x_wconf 91' lang='lat' dir='ltr'><strong>ero</strong></span> <span class='ocrx_word' id='word_1_74' title='bbox 1757 1090 1842 1145; x_wconf 90' lang='lat' dir='ltr'><strong>illi</strong></span> 
     </span>
    </p>
   </div>
   <div class='ocr_carea' id='block_1_12' title="bbox 242 1179 1842 1252">
    <p class='ocr_par' dir='ltr' id='par_1_12' title="bbox 242 1179 1842 1252">
     <span class='ocr_line' id='line_1_12' title="bbox 242 1179 1842 1252; baseline -0.003 -16"><span class='ocrx_word' id='word_1_75' title='bbox 242 1180 306 1236; x_wconf 92' lang='lat' dir='ltr'><strong>in</strong></span> <span class='ocrx_word' id='word_1_76' title='bbox 356 1187 591 1252; x_wconf 87' lang='lat' dir='ltr'><strong>patrem,</strong></span> <span class='ocrx_word' id='word_1_77' title='bbox 639 1188 693 1235; x_wconf 92' lang='lat' dir='ltr'><strong>et</strong></span> <span class='ocrx_word' id='word_1_78' title='bbox 725 1180 842 1252; x_wconf 91' lang='lat' dir='ltr'><strong>ipse</strong></span> <span class='ocrx_word' id='word_1_79' title='bbox 867 1180 972 1236; x_wconf 90' lang='lat' dir='ltr'><strong>erit</strong></span> <span class='ocrx_word' id='word_1_80' title='bbox 1001 1179 1139 1235; x_wconf 92' lang='lat' dir='ltr'><strong>mihi</strong></span> <span class='ocrx_word' id='word_1_81' title='bbox 1166 1180 1225 1234; x_wconf 89' lang='lat' dir='ltr'><strong>in</strong></span> <span class='ocrx_word' id='word_1_82' title='bbox 1255 1180 1433 1235; x_wconf 91' lang='lat' dir='ltr'><strong>ﬁlium</strong></span> <span class='ocrx_word' id='word_1_83' title='bbox 1470 1180 1559 1248; x_wconf 89' lang='grc' dir='ltr'><strong>(ΙΙ</strong></span> <span class='ocrx_word' id='word_1_84' title='bbox 1582 1180 1705 1248; x_wconf 87' lang='lat' dir='ltr'><strong>Reg.</strong></span> <span class='ocrx_word' id='word_1_85' title='bbox 1740 1194 1842 1246; x_wconf 86' lang='lat' dir='ltr'><strong>vn,</strong></span> 
     </span>
    </p>
   </div>
   <div class='ocr_carea' id='block_1_13' title="bbox 246 1267 1843 1340">
    <p class='ocr_par' dir='ltr' id='par_1_13' title="bbox 246 1267 1843 1340">
     <span class='ocr_line' id='line_1_13' title="bbox 246 1267 1843 1340; baseline -0.001 -16"><span class='ocrx_word' id='word_1_86' title='bbox 246 1268 460 1340; x_wconf 65' lang='lat'><strong>12-14).</strong></span> <span class='ocrx_word' id='word_1_87' title='bbox 495 1294 513 1317; x_wconf 76' lang='grc' dir='ltr'><strong>ι</strong></span> <span class='ocrx_word' id='word_1_88' title='bbox 573 1268 691 1324; x_wconf 86' lang='lat' dir='ltr'><strong>Hoc</strong></span> <span class='ocrx_word' id='word_1_89' title='bbox 741 1269 808 1324; x_wconf 91' lang='lat' dir='ltr'><strong>de</strong></span> <span class='ocrx_word' id='word_1_90' title='bbox 853 1267 1075 1325; x_wconf 89' lang='lat' dir='ltr'><strong>Christo</strong></span> <span class='ocrx_word' id='word_1_91' title='bbox 1121 1285 1236 1324; x_wconf 88' lang='lat' dir='ltr'><strong>esse</strong></span> <span class='ocrx_word' id='word_1_92' title='bbox 1280 1269 1490 1325; x_wconf 87' lang='lat' dir='ltr'><strong>dictum</strong></span> <span class='ocrx_word' id='word_1_93' title='bbox 1521 1269 1709 1323; x_wconf 90' lang='lat' dir='ltr'><strong>nullus</strong></span> <span class='ocrx_word' id='word_1_94' title='bbox 1737 1276 1843 1336; x_wconf 88' lang='lat' dir='ltr'><strong>est,</strong></span> 
     </span>
    </p>
   </div>
   <div class='ocr_carea' id='block_1_14' title="bbox 240 1355 1842 1429">
    <p class='ocr_par' dir='ltr' id='par_1_14' title="bbox 240 1355 1842 1429">
     <span class='ocr_line' id='line_1_14' title="bbox 240 1355 1842 1429; baseline -0.001 -17"><span class='ocrx_word' id='word_1_95' title='bbox 240 1357 358 1413; x_wconf 83' lang='lat' dir='ltr'><strong>nisi</strong></span> <span class='ocrx_word' id='word_1_96' title='bbox 421 1355 665 1429; x_wconf 88' lang='lat' dir='ltr'><strong>perﬁdus</strong></span> <span class='ocrx_word' id='word_1_97' title='bbox 722 1357 964 1425; x_wconf 71' lang='lat' dir='ltr'><strong>Judaeus,</strong></span> <span class='ocrx_word' id='word_1_98' title='bbox 1014 1356 1111 1429; x_wconf 89' lang='lat' dir='ltr'><strong>qui</strong></span> <span class='ocrx_word' id='word_1_99' title='bbox 1136 1357 1397 1428; x_wconf 85' lang='lat' dir='ltr'><strong>ambigat.</strong></span> <span class='ocrx_word' id='word_1_100' title='bbox 1428 1357 1500 1413; x_wconf 92' lang='lat' dir='ltr'><strong>Et</strong></span> <span class='ocrx_word' id='word_1_101' title='bbox 1529 1358 1586 1412; x_wconf 91' lang='lat' dir='ltr'><strong>in</strong></span> <span class='ocrx_word' id='word_1_102' title='bbox 1617 1357 1842 1412; x_wconf 90' lang='lat' dir='ltr'><strong>domum</strong></span> 
     </span>
    </p>
   </div>
   <div class='ocr_carea' id='block_1_15' title="bbox 241 1445 1839 1518">
    <p class='ocr_par' dir='ltr' id='par_1_15' title="bbox 241 1445 1839 1518">
     <span class='ocr_line' id='line_1_15' title="bbox 241 1445 1839 1518; baseline 0 -17"><span class='ocrx_word' id='word_1_103' title='bbox 241 1445 563 1501; x_wconf 89' lang='lat' dir='ltr'><strong>obseratam</strong></span> <span class='ocrx_word' id='word_1_104' title='bbox 621 1446 812 1503; x_wconf 91' lang='lat' dir='ltr'><strong>nullus</strong></span> <span class='ocrx_word' id='word_1_105' title='bbox 858 1446 968 1501; x_wconf 89' lang='lat' dir='ltr'><strong>nisi</strong></span> <span class='ocrx_word' id='word_1_106' title='bbox 1010 1462 1106 1518; x_wconf 89' lang='lat' dir='ltr'><strong>per</strong></span> <span class='ocrx_word' id='word_1_107' title='bbox 1134 1447 1344 1502; x_wconf 80' lang='lat' dir='ltr'><strong>clavem</strong></span> <span class='ocrx_word' id='word_1_108' title='bbox 1377 1453 1554 1518; x_wconf 85' lang='lat' dir='ltr'><strong>potest</strong></span> <span class='ocrx_word' id='word_1_109' title='bbox 1590 1445 1839 1501; x_wconf 86' lang='lat' dir='ltr'><strong>introire.</strong></span> 
     </span>
    </p>
   </div>
   <div class='ocr_carea' id='block_1_16' title="bbox 241 1533 1845 1607">
    <p class='ocr_par' dir='ltr' id='par_1_16' title="bbox 241 1533 1845 1607">
     <span class='ocr_line' id='line_1_16' title="bbox 241 1533 1845 1607; baseline -0.001 -17"><span class='ocrx_word' id='word_1_110' title='bbox 241 1533 428 1590; x_wconf 89' lang='lat' dir='ltr'><strong>Filius</strong></span> <span class='ocrx_word' id='word_1_111' title='bbox 483 1552 612 1607; x_wconf 89' lang='lat' dir='ltr'><strong>ergo</strong></span> <span class='ocrx_word' id='word_1_112' title='bbox 666 1536 766 1590; x_wconf 88' lang='lat' dir='ltr'><strong>Dei</strong></span> <span class='ocrx_word' id='word_1_113' title='bbox 833 1534 998 1591; x_wconf 88' lang='lat' dir='ltr'><strong>habet</strong></span> <span class='ocrx_word' id='word_1_114' title='bbox 1044 1536 1254 1590; x_wconf 79' lang='lat' dir='ltr'><strong>clavem</strong></span> <span class='ocrx_word' id='word_1_115' title='bbox 1311 1533 1511 1602; x_wconf 88' lang='lat' dir='ltr'><strong>David,</strong></span> <span class='ocrx_word' id='word_1_116' title='bbox 1555 1535 1685 1606; x_wconf 89' lang='lat' dir='ltr'><strong>quia</strong></span> <span class='ocrx_word' id='word_1_117' title='bbox 1730 1534 1845 1605; x_wconf 90' lang='lat' dir='ltr'><strong>ipse</strong></span> 
     </span>
    </p>
   </div>
   <div class='ocr_carea' id='block_1_17' title="bbox 243 1623 1842 1697">
    <p class='ocr_par' dir='ltr' id='par_1_17' title="bbox 243 1623 1842 1697">
     <span class='ocr_line' id='line_1_17' title="bbox 243 1623 1842 1697; baseline 0 -17"><span class='ocrx_word' id='word_1_118' title='bbox 243 1624 533 1682; x_wconf 90' lang='lat' dir='ltr'><strong>hominem</strong></span> <span class='ocrx_word' id='word_1_119' title='bbox 556 1624 854 1697; x_wconf 87' lang='lat' dir='ltr'><strong>assumpsit</strong></span> <span class='ocrx_word' id='word_1_120' title='bbox 885 1641 953 1680; x_wconf 84' lang='lat' dir='ltr'><strong>ex</strong></span> <span class='ocrx_word' id='word_1_121' title='bbox 984 1640 1178 1696; x_wconf 85' lang='lat' dir='ltr'><strong>genere</strong></span> <span class='ocrx_word' id='word_1_122' title='bbox 1208 1623 1408 1693; x_wconf 91' lang='lat' dir='ltr'><strong>David,</strong></span> <span class='ocrx_word' id='word_1_123' title='bbox 1441 1640 1602 1696; x_wconf 90' lang='lat' dir='ltr'><strong>quem</strong></span> <span class='ocrx_word' id='word_1_124' title='bbox 1632 1626 1842 1681; x_wconf 83' lang='lat' dir='ltr'><strong>clavem</strong></span> 
     </span>
    </p>
   </div>
   <div class='ocr_carea' id='block_1_18' title="bbox 242 1712 1844 1787">
    <p class='ocr_par' dir='ltr' id='par_1_18' title="bbox 242 1712 1844 1787">
     <span class='ocr_line' id='line_1_18' title="bbox 242 1712 1844 1787; baseline -0.002 -15"><span class='ocrx_word' id='word_1_125' title='bbox 242 1712 427 1772; x_wconf 91' lang='lat' dir='ltr'><strong>David</strong></span> <span class='ocrx_word' id='word_1_126' title='bbox 458 1721 634 1781; x_wconf 91' lang='lat' dir='ltr'><strong>vocat,</strong></span> <span class='ocrx_word' id='word_1_127' title='bbox 667 1730 764 1785; x_wconf 88' lang='lat' dir='ltr'><strong>per</strong></span> <span class='ocrx_word' id='word_1_128' title='bbox 801 1729 965 1787; x_wconf 90' lang='lat' dir='ltr'><strong>quem</strong></span> <span class='ocrx_word' id='word_1_129' title='bbox 1000 1720 1243 1768; x_wconf 89' lang='lat' dir='ltr'><strong>reserata</strong></span> <span class='ocrx_word' id='word_1_130' title='bbox 1270 1722 1400 1768; x_wconf 91' lang='lat' dir='ltr'><strong>sunt</strong></span> <span class='ocrx_word' id='word_1_131' title='bbox 1428 1713 1696 1781; x_wconf 90' lang='lat' dir='ltr'><strong>omnia,et</strong></span> <span class='ocrx_word' id='word_1_132' title='bbox 1723 1729 1844 1785; x_wconf 63' lang='lat' dir='ltr'><strong>quas</strong></span> 
     </span>
    </p>
   </div>
   <div class='ocr_carea' id='block_1_19' title="bbox 244 1801 1919 1874">
    <p class='ocr_par' dir='ltr' id='par_1_19' title="bbox 244 1801 1919 1874">
     <span class='ocr_line' id='line_1_19' title="bbox 244 1801 1919 1874; baseline 0 -13"><span class='ocrx_word' id='word_1_133' title='bbox 244 1807 398 1861; x_wconf 90' lang='lat' dir='ltr'><strong>Deus</strong></span> <span class='ocrx_word' id='word_1_134' title='bbox 458 1802 526 1858; x_wconf 89' lang='lat' dir='ltr'><strong>ad</strong></span> <span class='ocrx_word' id='word_1_135' title='bbox 584 1801 786 1869; x_wconf 85' lang='lat' dir='ltr'><strong>David,</strong></span> <span class='ocrx_word' id='word_1_136' title='bbox 845 1809 900 1858; x_wconf 94' lang='lat' dir='ltr'><strong>et</strong></span> <span class='ocrx_word' id='word_1_137' title='bbox 945 1817 1067 1874; x_wconf 71' lang='lat' dir='ltr'><strong>quae</strong></span> <span class='ocrx_word' id='word_1_138' title='bbox 1096 1801 1276 1858; x_wconf 87' lang='lat' dir='ltr'><strong>David</strong></span> <span class='ocrx_word' id='word_1_139' title='bbox 1300 1802 1369 1857; x_wconf 90' lang='lat' dir='ltr'><strong>de</strong></span> <span class='ocrx_word' id='word_1_140' title='bbox 1398 1818 1463 1857; x_wconf 91' lang='lat' dir='ltr'><strong>eo</strong></span> <span class='ocrx_word' id='word_1_141' title='bbox 1495 1802 1709 1859; x_wconf 86' lang='lat' dir='ltr'><strong>locutus</strong></span> <span class='ocrx_word' id='word_1_142' title='bbox 1739 1810 1840 1858; x_wconf 92' lang='lat' dir='ltr'><strong>est.</strong></span> <span class='ocrx_word' id='word_1_143' title='bbox 1874 1802 1919 1861; x_wconf 91' lang='lat' dir='ltr'><strong>B</strong></span> 
     </span>
    </p>
   </div>
   <div class='ocr_carea' id='block_1_20' title="bbox 252 1891 1845 1963">
    <p class='ocr_par' dir='ltr' id='par_1_20' title="bbox 252 1891 1845 1963">
     <span class='ocr_line' id='line_1_20' title="bbox 252 1891 1845 1963; baseline 0.001 -17"><span class='ocrx_word' id='word_1_144' title='bbox 252 1892 364 1960; x_wconf 81' lang='lat' dir='ltr'><strong>Qui</strong></span> <span class='ocrx_word' id='word_1_145' title='bbox 392 1891 593 1963; x_wconf 85' lang='lat' dir='ltr'><strong>aperit,</strong></span> <span class='ocrx_word' id='word_1_146' title='bbox 621 1897 669 1945; x_wconf 92' lang='lat' dir='ltr'><strong>et</strong></span> <span class='ocrx_word' id='word_1_147' title='bbox 703 1908 854 1946; x_wconf 88' lang='lat' dir='ltr'><strong>nemo</strong></span> <span class='ocrx_word' id='word_1_148' title='bbox 892 1891 1097 1947; x_wconf 78' lang='lat' dir='ltr'><strong>(audit:</strong></span> <span class='ocrx_word' id='word_1_149' title='bbox 1146 1891 1367 1959; x_wconf 76' lang='lat' dir='ltr'><strong>claudit,</strong></span> <span class='ocrx_word' id='word_1_150' title='bbox 1399 1898 1447 1945; x_wconf 89' lang='lat' dir='ltr'><strong>et</strong></span> <span class='ocrx_word' id='word_1_151' title='bbox 1476 1908 1624 1946; x_wconf 88' lang='lat' dir='ltr'><strong>nemo</strong></span> <span class='ocrx_word' id='word_1_152' title='bbox 1652 1892 1845 1963; x_wconf 85' lang='lat' dir='ltr'><strong>aperit.</strong></span> 
     </span>
    </p>
   </div>
   <div class='ocr_carea' id='block_1_21' title="bbox 244 1981 1847 2056">
    <p class='ocr_par' dir='ltr' id='par_1_21' title="bbox 244 1981 1847 2056">
     <span class='ocr_line' id='line_1_21' title="bbox 244 1981 1847 2056; baseline -0.002 -17"><span class='ocrx_word' id='word_1_153' title='bbox 244 1981 486 2056; x_wconf 81' lang='lat' dir='ltr'><strong>Aperuit</strong></span> <span class='ocrx_word' id='word_1_154' title='bbox 512 1982 782 2038; x_wconf 87' lang='lat' dir='ltr'><strong>Dominus</strong></span> <span class='ocrx_word' id='word_1_155' title='bbox 800 1982 955 2037; x_wconf 87' lang='lat' dir='ltr'><strong>Jesus</strong></span> <span class='ocrx_word' id='word_1_156' title='bbox 983 1981 1237 2039; x_wconf 89' lang='lat' dir='ltr'><strong>Christus</strong></span> <span class='ocrx_word' id='word_1_157' title='bbox 1251 1981 1422 2038; x_wconf 74' lang='lat' dir='ltr'><strong>Veths</strong></span> <span class='ocrx_word' id='word_1_158' title='bbox 1441 1981 1847 2037; x_wconf 84' lang='lat' dir='ltr'><strong>Testamentum</strong></span> 
     </span>
    </p>
   </div>
   <div class='ocr_carea' id='block_1_22' title="bbox 244 2069 1846 2143">
    <p class='ocr_par' dir='ltr' id='par_1_22' title="bbox 244 2069 1846 2143">
     <span class='ocr_line' id='line_1_22' title="bbox 244 2069 1846 2143; baseline -0.003 -14"><span class='ocrx_word' id='word_1_159' title='bbox 244 2073 318 2129; x_wconf 89' lang='lat' dir='ltr'><strong>ad</strong></span> <span class='ocrx_word' id='word_1_160' title='bbox 349 2070 711 2142; x_wconf 90' lang='lat' dir='ltr'><strong>intelligenda</strong></span> <span class='ocrx_word' id='word_1_161' title='bbox 747 2069 941 2126; x_wconf 89' lang='lat' dir='ltr'><strong>divina</strong></span> <span class='ocrx_word' id='word_1_162' title='bbox 961 2070 1224 2143; x_wconf 88' lang='lat' dir='ltr'><strong>mysteria</strong></span> <span class='ocrx_word' id='word_1_163' title='bbox 1258 2085 1379 2142; x_wconf 75' lang='lat' dir='ltr'><strong>quae</strong></span> <span class='ocrx_word' id='word_1_164' title='bbox 1409 2071 1466 2126; x_wconf 88' lang='lat' dir='ltr'><strong>in</strong></span> <span class='ocrx_word' id='word_1_165' title='bbox 1490 2086 1555 2126; x_wconf 92' lang='lat' dir='ltr'><strong>eo</strong></span> <span class='ocrx_word' id='word_1_166' title='bbox 1584 2070 1846 2138; x_wconf 87' lang='lat' dir='ltr'><strong>latebant,</strong></span> 
     </span>
    </p>
   </div>
   <div class='ocr_carea' id='block_1_23' title="bbox 242 2161 1849 2239">
    <p class='ocr_par' dir='ltr' id='par_1_23' title="bbox 242 2161 1849 2239">
     <span class='ocr_line' id='line_1_23' title="bbox 242 2161 1849 2239; baseline -0.003 -18"><span class='ocrx_word' id='word_1_167' title='bbox 242 2163 399 2239; x_wconf 89' lang='lat' dir='ltr'><strong>quod</strong></span> <span class='ocrx_word' id='word_1_168' title='bbox 428 2165 616 2220; x_wconf 90' lang='lat' dir='ltr'><strong>nullus</strong></span> <span class='ocrx_word' id='word_1_169' title='bbox 646 2163 900 2221; x_wconf 91' lang='lat' dir='ltr'><strong>claudere</strong></span> <span class='ocrx_word' id='word_1_170' title='bbox 930 2163 1133 2236; x_wconf 91' lang='lat' dir='ltr'><strong>poterit</strong></span> <span class='ocrx_word' id='word_1_171' title='bbox 1160 2180 1171 2217; x_wconf 89' lang='lat'><strong>:</strong></span> <span class='ocrx_word' id='word_1_172' title='bbox 1223 2163 1423 2219; x_wconf 89' lang='lat' dir='ltr'><strong>clausit</strong></span> <span class='ocrx_word' id='word_1_173' title='bbox 1459 2179 1591 2219; x_wconf 91' lang='lat' dir='ltr'><strong>vero</strong></span> <span class='ocrx_word' id='word_1_174' title='bbox 1650 2161 1849 2217; x_wconf 87' lang='lat' dir='ltr'><strong>obser-</strong></span> 
     </span>
    </p>
   </div>
   <div class='ocr_carea' id='block_1_24' title="bbox 247 2249 1849 2323">
    <p class='ocr_par' dir='ltr' id='par_1_24' title="bbox 247 2249 1849 2323">
     <span class='ocr_line' id='line_1_24' title="bbox 247 2249 1849 2323; baseline -0.002 -16"><span class='ocrx_word' id='word_1_175' title='bbox 247 2251 497 2307; x_wconf 83' lang='lat' dir='ltr'><strong>vantiam</strong></span> <span class='ocrx_word' id='word_1_176' title='bbox 559 2250 755 2307; x_wconf 75' lang='lat' dir='ltr'><strong>litterae</strong></span> <span class='ocrx_word' id='word_1_177' title='bbox 804 2251 995 2323; x_wconf 87' lang='lat' dir='ltr'><strong>legalis</strong></span> <span class='ocrx_word' id='word_1_178' title='bbox 1051 2249 1403 2323; x_wconf 89' lang='lat' dir='ltr'><strong>superﬂuam,</strong></span> <span class='ocrx_word' id='word_1_179' title='bbox 1450 2265 1612 2322; x_wconf 89' lang='lat' dir='ltr'><strong>quam</strong></span> <span class='ocrx_word' id='word_1_180' title='bbox 1662 2250 1849 2305; x_wconf 91' lang='lat' dir='ltr'><strong>nullus</strong></span> 
     </span>
    </p>
   </div>
   <div class='ocr_carea' id='block_1_25' title="bbox 243 2338 1849 2414">
    <p class='ocr_par' dir='ltr' id='par_1_25' title="bbox 243 2338 1849 2414">
     <span class='ocr_line' id='line_1_25' title="bbox 243 2338 1849 2414; baseline -0.002 -16"><span class='ocrx_word' id='word_1_181' title='bbox 243 2340 465 2414; x_wconf 90' lang='lat' dir='ltr'><strong>aperire</strong></span> <span class='ocrx_word' id='word_1_182' title='bbox 506 2340 729 2413; x_wconf 88' lang='lat' dir='ltr'><strong>poterit.</strong></span> <span class='ocrx_word' id='word_1_183' title='bbox 776 2338 1011 2412; x_wconf 88' lang='lat' dir='ltr'><strong>Aperuit</strong></span> <span class='ocrx_word' id='word_1_184' title='bbox 1052 2338 1219 2395; x_wconf 89' lang='lat' dir='ltr'><strong>etiam</strong></span> <span class='ocrx_word' id='word_1_185' title='bbox 1261 2339 1428 2396; x_wconf 86' lang='lat' dir='ltr'><strong>corda</strong></span> <span class='ocrx_word' id='word_1_186' title='bbox 1457 2338 1748 2411; x_wconf 87' lang='lat' dir='ltr'><strong>gentilium</strong></span> <span class='ocrx_word' id='word_1_187' title='bbox 1779 2338 1849 2395; x_wconf 89' lang='lat' dir='ltr'><strong>ad</strong></span> 
     </span>
    </p>
   </div>
   <div class='ocr_carea' id='block_1_26' title="bbox 245 2426 1848 2504">
    <p class='ocr_par' dir='ltr' id='par_1_26' title="bbox 245 2426 1848 2504">
     <span class='ocr_line' id='line_1_26' title="bbox 245 2426 1848 2504; baseline -0.002 -18"><span class='ocrx_word' id='word_1_188' title='bbox 245 2429 665 2504; x_wconf 87' lang='lat' dir='ltr'><strong>percipiendam</strong></span> <span class='ocrx_word' id='word_1_189' title='bbox 694 2428 1006 2485; x_wconf 88' lang='lat' dir='ltr'><strong>doctrinam</strong></span> <span class='ocrx_word' id='word_1_190' title='bbox 1038 2426 1188 2495; x_wconf 90' lang='lat' dir='ltr'><strong>ﬁdei,</strong></span> <span class='ocrx_word' id='word_1_191' title='bbox 1221 2443 1341 2500; x_wconf 64' lang='lat' dir='ltr'><strong>quae</strong></span> <span class='ocrx_word' id='word_1_192' title='bbox 1378 2428 1566 2483; x_wconf 90' lang='lat' dir='ltr'><strong>nullus</strong></span> <span class='ocrx_word' id='word_1_193' title='bbox 1596 2443 1848 2500; x_wconf 86' lang='lat' dir='ltr'><strong>persecu-</strong></span> 
     </span>
    </p>
   </div>
   <div class='ocr_carea' id='block_1_27' title="bbox 244 2517 1849 2591">
    <p class='ocr_par' dir='ltr' id='par_1_27' title="bbox 244 2517 1849 2591">
     <span class='ocr_line' id='line_1_27' title="bbox 244 2517 1849 2591; baseline -0.001 -16"><span class='ocrx_word' id='word_1_194' title='bbox 244 2526 340 2576; x_wconf 86' lang='lat' dir='ltr'><strong>tor</strong></span> <span class='ocrx_word' id='word_1_195' title='bbox 389 2519 643 2575; x_wconf 87' lang='lat' dir='ltr'><strong>claudere</strong></span> <span class='ocrx_word' id='word_1_196' title='bbox 700 2517 881 2591; x_wconf 17' lang='lat' dir='ltr'><strong>poqtuit</strong></span> <span class='ocrx_word' id='word_1_197' title='bbox 915 2536 927 2573; x_wconf 87' lang='lat'><strong>:</strong></span> <span class='ocrx_word' id='word_1_198' title='bbox 987 2517 1188 2574; x_wconf 86' lang='lat' dir='ltr'><strong>clausit</strong></span> <span class='ocrx_word' id='word_1_199' title='bbox 1216 2534 1347 2573; x_wconf 91' lang='lat' dir='ltr'><strong>vero</strong></span> <span class='ocrx_word' id='word_1_200' title='bbox 1376 2527 1540 2591; x_wconf 89' lang='lat' dir='ltr'><strong>atque</strong></span> <span class='ocrx_word' id='word_1_201' title='bbox 1571 2517 1849 2574; x_wconf 84' lang='lat' dir='ltr'><strong>destruxit</strong></span> 
     </span>
    </p>
   </div>
   <div class='ocr_carea' id='block_1_28' title="bbox 242 2578 1847 2679">
    <p class='ocr_par' dir='ltr' id='par_1_28' title="bbox 242 2578 1847 2679">
     <span class='ocr_line' id='line_1_28' title="bbox 242 2578 1847 2679; baseline -0.003 -13"><span class='ocrx_word' id='word_1_202' title='bbox 242 2608 530 2666; x_wconf 87' lang='lat' dir='ltr'><strong>culturam</strong></span> <span class='ocrx_word' id='word_1_203' title='bbox 562 2578 858 2676; x_wconf 65' lang='lat' dir='ltr'><strong>idolordm,</strong></span> <span class='ocrx_word' id='word_1_204' title='bbox 889 2622 1053 2679; x_wconf 90' lang='lat' dir='ltr'><strong>quam</strong></span> <span class='ocrx_word' id='word_1_205' title='bbox 1076 2607 1264 2663; x_wconf 90' lang='lat' dir='ltr'><strong>nullus</strong></span> <span class='ocrx_word' id='word_1_206' title='bbox 1283 2616 1693 2679; x_wconf 85' lang='lat' dir='ltr'><strong>persecutorum</strong></span> <span class='ocrx_word' id='word_1_207' title='bbox 1726 2622 1847 2679; x_wconf 87' lang='lat' dir='ltr'><strong>ape-</strong></span> 
     </span>
    </p>
   </div>
   <div class='ocr_carea' id='block_1_29' title="bbox 245 2694 1851 2768">
    <p class='ocr_par' dir='ltr' id='par_1_29' title="bbox 245 2694 1851 2768">
     <span class='ocr_line' id='line_1_29' title="bbox 245 2694 1851 2768; baseline -0.001 -17"><span class='ocrx_word' id='word_1_208' title='bbox 245 2696 366 2751; x_wconf 89' lang='lat' dir='ltr'><strong>rire</strong></span> <span class='ocrx_word' id='word_1_209' title='bbox 398 2695 599 2768; x_wconf 90' lang='lat' dir='ltr'><strong>potuit.</strong></span> <span class='ocrx_word' id='word_1_210' title='bbox 638 2695 871 2767; x_wconf 86' lang='lat' dir='ltr'><strong>Aperuit</strong></span> <span class='ocrx_word' id='word_1_211' title='bbox 923 2695 1088 2751; x_wconf 90' lang='lat' dir='ltr'><strong>etiam</strong></span> <span class='ocrx_word' id='word_1_212' title='bbox 1150 2694 1363 2751; x_wconf 88' lang='lat' dir='ltr'><strong>aditum</strong></span> <span class='ocrx_word' id='word_1_213' title='bbox 1415 2696 1565 2768; x_wconf 86' lang='lat' dir='ltr'><strong>regni</strong></span> <span class='ocrx_word' id='word_1_214' title='bbox 1611 2694 1851 2752; x_wconf 74' lang='lat' dir='ltr'><strong>cmlestis</strong></span> 
     </span>
    </p>
   </div>
   <div class='ocr_carea' id='block_1_30' title="bbox 240 2782 1849 2855">
    <p class='ocr_par' dir='ltr' id='par_1_30' title="bbox 240 2782 1849 2855">
     <span class='ocr_line' id='line_1_30' title="bbox 240 2782 1849 2855; baseline -0.001 -15"><span class='ocrx_word' id='word_1_215' title='bbox 240 2785 370 2841; x_wconf 82' lang='lat' dir='ltr'><strong>suis</strong></span> <span class='ocrx_word' id='word_1_216' title='bbox 407 2783 615 2851; x_wconf 89' lang='lat' dir='ltr'><strong>electis,</strong></span> <span class='ocrx_word' id='word_1_217' title='bbox 648 2782 795 2855; x_wconf 92' lang='lat' dir='ltr'><strong>quod</strong></span> <span class='ocrx_word' id='word_1_218' title='bbox 824 2783 981 2838; x_wconf 89' lang='lat' dir='ltr'><strong>nulla</strong></span> <span class='ocrx_word' id='word_1_219' title='bbox 1006 2784 1093 2838; x_wconf 88' lang='lat' dir='ltr'><strong>vis</strong></span> <span class='ocrx_word' id='word_1_220' title='bbox 1122 2783 1435 2839; x_wconf 64' lang='lat' dir='ltr'><strong>demonum</strong></span> <span class='ocrx_word' id='word_1_221' title='bbox 1473 2783 1728 2840; x_wconf 89' lang='lat' dir='ltr'><strong>claudere</strong></span> <span class='ocrx_word' id='word_1_222' title='bbox 1757 2800 1849 2855; x_wconf 92' lang='lat' dir='ltr'><strong>po-</strong></span> 
     </span>
    </p>
   </div>
   <div class='ocr_carea' id='block_1_31' title="bbox 241 2870 1847 2945">
    <p class='ocr_par' dir='ltr' id='par_1_31' title="bbox 241 2870 1847 2945">
     <span class='ocr_line' id='line_1_31' title="bbox 241 2870 1847 2945; baseline -0.003 -14"><span class='ocrx_word' id='word_1_223' title='bbox 241 2880 401 2931; x_wconf 88' lang='lat' dir='ltr'><strong>test:</strong></span> <span class='ocrx_word' id='word_1_224' title='bbox 460 2873 662 2930; x_wconf 90' lang='lat' dir='ltr'><strong>clausit</strong></span> <span class='ocrx_word' id='word_1_225' title='bbox 696 2887 829 2927; x_wconf 89' lang='lat' dir='ltr'><strong>vero</strong></span> <span class='ocrx_word' id='word_1_226' title='bbox 856 2870 1111 2929; x_wconf 91' lang='lat' dir='ltr'><strong>eumdem</strong></span> <span class='ocrx_word' id='word_1_227' title='bbox 1153 2871 1364 2928; x_wconf 90' lang='lat' dir='ltr'><strong>aditum</strong></span> <span class='ocrx_word' id='word_1_228' title='bbox 1395 2872 1661 2945; x_wconf 89' lang='lat' dir='ltr'><strong>reprobis,</strong></span> <span class='ocrx_word' id='word_1_229' title='bbox 1698 2870 1847 2944; x_wconf 89' lang='lat' dir='ltr'><strong>quod</strong></span> 
     </span>
    </p>
   </div>
   <div class='ocr_carea' id='block_1_32' title="bbox 236 2960 1035 3033">
    <p class='ocr_par' dir='ltr' id='par_1_32' title="bbox 236 2960 1035 3033">
     <span class='ocr_line' id='line_1_32' title="bbox 236 2960 1035 3033; baseline 0 -16"><span class='ocrx_word' id='word_1_230' title='bbox 236 2962 446 3017; x_wconf 90' lang='lat' dir='ltr'><strong>nullus</strong></span> <span class='ocrx_word' id='word_1_231' title='bbox 470 2960 551 3017; x_wconf 91' lang='lat' dir='ltr'><strong>eis</strong></span> <span class='ocrx_word' id='word_1_232' title='bbox 576 2960 787 3033; x_wconf 90' lang='lat' dir='ltr'><strong>aperire</strong></span> <span class='ocrx_word' id='word_1_233' title='bbox 812 2961 1035 3033; x_wconf 90' lang='lat' dir='ltr'><strong>poterit.</strong></span> 
     </span>
    </p>
   </div>
   <div class='ocr_carea' id='block_1_33' title="bbox 323 3067 1853 3140">
    <p class='ocr_par' dir='ltr' id='par_1_33' title="bbox 323 3067 1853 3140">
     <span class='ocr_line' id='line_1_33' title="bbox 323 3067 1853 3140; baseline -0.003 -14"><span class='ocrx_word' id='word_1_234' title='bbox 323 3068 510 3140; x_wconf 80' lang='lat' dir='ltr'><strong>(Vers.</strong></span> <span class='ocrx_word' id='word_1_235' title='bbox 571 3067 653 3139; x_wconf 93' lang='lat'><strong>8.)</strong></span> <span class='ocrx_word' id='word_1_236' title='bbox 711 3069 828 3125; x_wconf 91' lang='lat' dir='ltr'><strong>Scio</strong></span> <span class='ocrx_word' id='word_1_237' title='bbox 885 3085 1047 3140; x_wconf 88' lang='lat' dir='ltr'><strong>opera</strong></span> <span class='ocrx_word' id='word_1_238' title='bbox 1095 3075 1226 3125; x_wconf 87' lang='lat' dir='ltr'><strong>tua:</strong></span> <span class='ocrx_word' id='word_1_239' title='bbox 1270 3085 1377 3125; x_wconf 89' lang='lat' dir='ltr'><strong>ecce</strong></span> <span class='ocrx_word' id='word_1_240' title='bbox 1426 3067 1546 3124; x_wconf 85' lang='lat' dir='ltr'><strong>dedi</strong></span> <span class='ocrx_word' id='word_1_241' title='bbox 1585 3084 1765 3123; x_wconf 88' lang='lat' dir='ltr'><strong>coram</strong></span> <span class='ocrx_word' id='word_1_242' title='bbox 1808 3072 1853 3121; x_wconf 86' lang='lat' dir='ltr'><strong>te</strong></span> 
     </span>
    </p>
   </div>
   <div class='ocr_carea' id='block_1_34' title="bbox 1952 518 3553 597">
    <p class='ocr_par' dir='ltr' id='par_1_34' title="bbox 1952 518 3553 597">
     <span class='ocr_line' id='line_1_34' title="bbox 1952 518 3553 597; baseline -0.006 -17"><span class='ocrx_word' id='word_1_243' title='bbox 1952 523 2115 597; x_wconf 90' lang='lat' dir='ltr'><strong>pedes</strong></span> <span class='ocrx_word' id='word_1_244' title='bbox 2160 531 2305 592; x_wconf 89' lang='lat' dir='ltr'><strong>tuos,</strong></span> <span class='ocrx_word' id='word_1_245' title='bbox 2358 523 2712 593; x_wconf 86' lang='lat' dir='ltr'><strong>deprecantes</strong></span> <span class='ocrx_word' id='word_1_246' title='bbox 2758 526 2821 573; x_wconf 91' lang='lat' dir='ltr'><strong>ut</strong></span> <span class='ocrx_word' id='word_1_247' title='bbox 2850 534 2947 591; x_wconf 92' lang='lat' dir='ltr'><strong>per</strong></span> <span class='ocrx_word' id='word_1_248' title='bbox 2993 527 3046 575; x_wconf 91' lang='lat' dir='ltr'><strong>te</strong></span> <span class='ocrx_word' id='word_1_249' title='bbox 3076 518 3244 573; x_wconf 89' lang='lat' dir='ltr'><strong>vitam</strong></span> <span class='ocrx_word' id='word_1_250' title='bbox 3291 523 3553 573; x_wconf 68' lang='lat' dir='ltr'><strong>aeternam</strong></span> 
     </span>
    </p>
   </div>
   <div class='ocr_carea' id='block_1_35' title="bbox 1951 609 3553 687">
    <p class='ocr_par' dir='ltr' id='par_1_35' title="bbox 1951 609 3553 687">
     <span class='ocr_line' id='line_1_35' title="bbox 1951 609 3553 687; baseline -0.006 -15"><span class='ocrx_word' id='word_1_251' title='bbox 1951 620 2378 687; x_wconf 89' lang='lat' dir='ltr'><strong>consequantur.</strong></span> <span class='ocrx_word' id='word_1_252' title='bbox 2410 615 2485 668; x_wconf 89' lang='lat' dir='ltr'><strong>Et</strong></span> <span class='ocrx_word' id='word_1_253' title='bbox 2510 629 2597 683; x_wconf 88' lang='lat' dir='ltr'><strong>ego</strong></span> <span class='ocrx_word' id='word_1_254' title='bbox 2639 618 2683 666; x_wconf 90' lang='lat' dir='ltr'><strong>te</strong></span> <span class='ocrx_word' id='word_1_255' title='bbox 2706 610 2923 665; x_wconf 80' lang='lat' dir='ltr'><strong>servabo</strong></span> <span class='ocrx_word' id='word_1_256' title='bbox 2969 610 3035 664; x_wconf 90' lang='lat' dir='ltr'><strong>ab</strong></span> <span class='ocrx_word' id='word_1_257' title='bbox 3069 611 3203 664; x_wconf 86' lang='lat' dir='ltr'><strong>hora</strong></span> <span class='ocrx_word' id='word_1_258' title='bbox 3233 609 3553 676; x_wconf 86' lang='lat' dir='ltr'><strong>tentationis,</strong></span> 
     </span>
    </p>
   </div>
   <div class='ocr_carea' id='block_1_36' title="bbox 1952 701 3555 777">
    <p class='ocr_par' dir='ltr' id='par_1_36' title="bbox 1952 701 3555 777">
     <span class='ocr_line' id='line_1_36' title="bbox 1952 701 3555 777; baseline -0.004 -17"><span class='ocrx_word' id='word_1_259' title='bbox 1952 722 2069 777; x_wconf 70' lang='lat' dir='ltr'><strong>quis</strong></span> <span class='ocrx_word' id='word_1_260' title='bbox 2109 711 2333 759; x_wconf 83' lang='lat' dir='ltr'><strong>ventura</strong></span> <span class='ocrx_word' id='word_1_261' title='bbox 2372 710 2446 758; x_wconf 87' lang='lat' dir='ltr'><strong>est</strong></span> <span class='ocrx_word' id='word_1_262' title='bbox 2488 704 2548 757; x_wconf 87' lang='lat' dir='ltr'><strong>in</strong></span> <span class='ocrx_word' id='word_1_263' title='bbox 2575 702 2879 756; x_wconf 86' lang='lat' dir='ltr'><strong>universum</strong></span> <span class='ocrx_word' id='word_1_264' title='bbox 2908 701 3104 768; x_wconf 89' lang='lat' dir='ltr'><strong>orbem,</strong></span> <span class='ocrx_word' id='word_1_265' title='bbox 3145 707 3344 756; x_wconf 86' lang='lat' dir='ltr'><strong>tentare</strong></span> <span class='ocrx_word' id='word_1_266' title='bbox 3380 716 3555 755; x_wconf 84' lang='lat' dir='ltr'><strong>omnes</strong></span> 
     </span>
    </p>
   </div>
   <div class='ocr_carea' id='block_1_37' title="bbox 1952 792 3553 867">
    <p class='ocr_par' dir='ltr' id='par_1_37' title="bbox 1952 792 3553 867">
     <span class='ocr_line' id='line_1_37' title="bbox 1952 792 3553 867; baseline -0.002 -17"><span class='ocrx_word' id='word_1_267' title='bbox 1952 796 2045 867; x_wconf 85' lang='lat' dir='ltr'><strong>qui</strong></span> <span class='ocrx_word' id='word_1_268' title='bbox 2074 795 2377 850; x_wconf 79' lang='lat' dir='ltr'><strong>inhabitant</strong></span> <span class='ocrx_word' id='word_1_269' title='bbox 2407 800 2624 850; x_wconf 86' lang='lat' dir='ltr'><strong>terram.</strong></span> <span class='ocrx_word' id='word_1_270' title='bbox 2662 794 2807 848; x_wconf 85' lang='lat' dir='ltr'><strong>Hora</strong></span> <span class='ocrx_word' id='word_1_271' title='bbox 2833 792 3154 849; x_wconf 88' lang='lat' dir='ltr'><strong>tentationis</strong></span> <span class='ocrx_word' id='word_1_272' title='bbox 3181 792 3328 849; x_wconf 90' lang='lat' dir='ltr'><strong>diem</strong></span> <span class='ocrx_word' id='word_1_273' title='bbox 3351 792 3553 865; x_wconf 89' lang='lat' dir='ltr'><strong>judicii</strong></span> 
     </span>
    </p>
   </div>
   <div class='ocr_carea' id='block_1_38' title="bbox 1951 879 3553 957">
    <p class='ocr_par' dir='ltr' id='par_1_38' title="bbox 1951 879 3553 957">
     <span class='ocr_line' id='line_1_38' title="bbox 1951 879 3553 957; baseline -0.003 -17"><span class='ocrx_word' id='word_1_274' title='bbox 1951 883 2226 957; x_wconf 88' lang='lat' dir='ltr'><strong>signiﬁcat</strong></span> <span class='ocrx_word' id='word_1_275' title='bbox 2264 901 2276 939; x_wconf 91' lang='lat'><strong>:</strong></span> <span class='ocrx_word' id='word_1_276' title='bbox 2330 882 2691 938; x_wconf 89' lang='lat' dir='ltr'><strong>tentationem</strong></span> <span class='ocrx_word' id='word_1_277' title='bbox 2741 890 2924 938; x_wconf 88' lang='lat' dir='ltr'><strong>autem</strong></span> <span class='ocrx_word' id='word_1_278' title='bbox 2968 897 3067 953; x_wconf 92' lang='lat' dir='ltr'><strong>pro</strong></span> <span class='ocrx_word' id='word_1_279' title='bbox 3113 879 3553 936; x_wconf 86' lang='lat' dir='ltr'><strong>manifestatione</strong></span> 
     </span>
    </p>
   </div>
   <div class='ocr_carea' id='block_1_39' title="bbox 1952 970 3554 1048">
    <p class='ocr_par' dir='ltr' id='par_1_39' title="bbox 1952 970 3554 1048">
     <span class='ocr_line' id='line_1_39' title="bbox 1952 970 3554 1048; baseline -0.004 -18"><span class='ocrx_word' id='word_1_280' title='bbox 1952 974 2153 1048; x_wconf 87' lang='lat' dir='ltr'><strong>posuit,</strong></span> <span class='ocrx_word' id='word_1_281' title='bbox 2187 972 2317 1044; x_wconf 88' lang='lat' dir='ltr'><strong>quia</strong></span> <span class='ocrx_word' id='word_1_282' title='bbox 2344 973 2699 1044; x_wconf 89' lang='lat' dir='ltr'><strong>singulorum</strong></span> <span class='ocrx_word' id='word_1_283' title='bbox 2728 988 2905 1028; x_wconf 66' lang='lat' dir='ltr'><strong>causa:</strong></span> <span class='ocrx_word' id='word_1_284' title='bbox 2948 978 3080 1028; x_wconf 91' lang='lat' dir='ltr'><strong>tunc</strong></span> <span class='ocrx_word' id='word_1_285' title='bbox 3108 970 3554 1027; x_wconf 87' lang='lat' dir='ltr'><strong>manifestabun-</strong></span> 
     </span>
    </p>
   </div>
   <div class='ocr_carea' id='block_1_40' title="bbox 1954 1062 3550 1135">
    <p class='ocr_par' dir='ltr' id='par_1_40' title="bbox 1954 1062 3550 1135">
     <span class='ocr_line' id='line_1_40' title="bbox 1954 1062 3550 1135; baseline -0.002 -14"><span class='ocrx_word' id='word_1_286' title='bbox 1954 1074 2045 1121; x_wconf 88' lang='lat' dir='ltr'><strong>tur</strong></span> <span class='ocrx_word' id='word_1_287' title='bbox 2074 1062 2215 1135; x_wconf 76' lang='grc'><strong>(20).</strong></span> <span class='ocrx_word' id='word_1_288' title='bbox 2248 1064 2320 1117; x_wconf 88' lang='lat' dir='ltr'><strong>Et</strong></span> <span class='ocrx_word' id='word_1_289' title='bbox 2352 1065 2414 1116; x_wconf 92' lang='lat' dir='ltr'><strong>in</strong></span> <span class='ocrx_word' id='word_1_290' title='bbox 2444 1063 2639 1118; x_wconf 86' lang='lat' dir='ltr'><strong>Exodo</strong></span> <span class='ocrx_word' id='word_1_291' title='bbox 2668 1064 2902 1134; x_wconf 88' lang='lat' dir='ltr'><strong>legimus</strong></span> <span class='ocrx_word' id='word_1_292' title='bbox 2927 1081 2938 1118; x_wconf 90' lang='lat'><strong>:</strong></span> <span class='ocrx_word' id='word_1_293' title='bbox 2988 1088 3005 1109; x_wconf 78' lang='grc' dir='ltr'><strong>ι</strong></span> <span class='ocrx_word' id='word_1_294' title='bbox 3035 1063 3230 1119; x_wconf 87' lang='lat' dir='ltr'><strong>Tentat</strong></span> <span class='ocrx_word' id='word_1_295' title='bbox 3257 1079 3356 1120; x_wconf 87' lang='lat' dir='ltr'><strong>vos</strong></span> <span class='ocrx_word' id='word_1_296' title='bbox 3386 1066 3550 1131; x_wconf 89' lang='lat' dir='ltr'><strong>Deus,</strong></span> 
     </span>
    </p>
   </div>
   <div class='ocr_carea' id='block_1_41' title="bbox 1952 1151 3555 1224">
    <p class='ocr_par' dir='ltr' id='par_1_41' title="bbox 1952 1151 3555 1224">
     <span class='ocr_line' id='line_1_41' title="bbox 1952 1151 3555 1224; baseline -0.001 -17"><span class='ocrx_word' id='word_1_297' title='bbox 1952 1160 2015 1207; x_wconf 89' lang='lat' dir='ltr'><strong>ut</strong></span> <span class='ocrx_word' id='word_1_298' title='bbox 2044 1152 2181 1208; x_wconf 85' lang='lat' dir='ltr'><strong>sciat</strong></span> <span class='ocrx_word' id='word_1_299' title='bbox 2209 1153 2255 1206; x_wconf 89' lang='lat' dir='ltr'><strong>si</strong></span> <span class='ocrx_word' id='word_1_300' title='bbox 2285 1151 2530 1224; x_wconf 88' lang='lat' dir='ltr'><strong>diligatis</strong></span> <span class='ocrx_word' id='word_1_301' title='bbox 2572 1169 2697 1207; x_wconf 90' lang='lat' dir='ltr'><strong>eum</strong></span> <span class='ocrx_word' id='word_1_302' title='bbox 2731 1152 2913 1223; x_wconf 83' lang='lat' dir='ltr'><strong>(Deut.</strong></span> <span class='ocrx_word' id='word_1_303' title='bbox 2940 1168 3066 1219; x_wconf 81' lang='lat' dir='ltr'><strong>xm,</strong></span> <span class='ocrx_word' id='word_1_304' title='bbox 3100 1152 3183 1223; x_wconf 89' lang='lat'><strong>3),</strong></span> <span class='ocrx_word' id='word_1_305' title='bbox 3211 1176 3228 1197; x_wconf 78' lang='grc' dir='ltr'><strong>ι</strong></span> <span class='ocrx_word' id='word_1_306' title='bbox 3275 1153 3330 1207; x_wconf 87' lang='lat' dir='ltr'><strong>id</strong></span> <span class='ocrx_word' id='word_1_307' title='bbox 3358 1158 3459 1218; x_wconf 88' lang='lat' dir='ltr'><strong>est,</strong></span> <span class='ocrx_word' id='word_1_308' title='bbox 3493 1159 3555 1207; x_wconf 89' lang='lat' dir='ltr'><strong>ut</strong></span> 
     </span>
    </p>
   </div>
   <div class='ocr_carea' id='block_1_42' title="bbox 1953 1240 3557 1313">
    <p class='ocr_par' dir='ltr' id='par_1_42' title="bbox 1953 1240 3557 1313">
     <span class='ocr_line' id='line_1_42' title="bbox 1953 1240 3557 1313; baseline -0.001 -17"><span class='ocrx_word' id='word_1_309' title='bbox 1953 1241 2308 1297; x_wconf 88' lang='lat' dir='ltr'><strong>manifestum</strong></span> <span class='ocrx_word' id='word_1_310' title='bbox 2360 1241 2457 1297; x_wconf 90' lang='lat' dir='ltr'><strong>ﬁat</strong></span> <span class='ocrx_word' id='word_1_311' title='bbox 2502 1249 2556 1297; x_wconf 88' lang='lat' dir='ltr'><strong>et</strong></span> <span class='ocrx_word' id='word_1_312' title='bbox 2602 1249 2859 1313; x_wconf 87' lang='lat' dir='ltr'><strong>appareat</strong></span> <span class='ocrx_word' id='word_1_313' title='bbox 2906 1240 3186 1309; x_wconf 85' lang='lat' dir='ltr'><strong>omnibus,</strong></span> <span class='ocrx_word' id='word_1_314' title='bbox 3233 1241 3281 1295; x_wconf 91' lang='lat' dir='ltr'><strong>si</strong></span> <span class='ocrx_word' id='word_1_315' title='bbox 3322 1240 3557 1312; x_wconf 88' lang='lat' dir='ltr'><strong>diligitis</strong></span> 
     </span>
    </p>
   </div>
   <div class='ocr_carea' id='block_1_43' title="bbox 1952 1328 3556 1402">
    <p class='ocr_par' dir='ltr' id='par_1_43' title="bbox 1952 1328 3556 1402">
     <span class='ocr_line' id='line_1_43' title="bbox 1952 1328 3556 1402; baseline -0.001 -16"><span class='ocrx_word' id='word_1_316' title='bbox 1952 1346 2098 1386; x_wconf 89' lang='lat' dir='ltr'><strong>eum.</strong></span> <span class='ocrx_word' id='word_1_317' title='bbox 2133 1328 2447 1386; x_wconf 89' lang='lat' dir='ltr'><strong>Secundum</strong></span> <span class='ocrx_word' id='word_1_318' title='bbox 2483 1330 2632 1386; x_wconf 88' lang='lat' dir='ltr'><strong>hunc</strong></span> <span class='ocrx_word' id='word_1_319' title='bbox 2659 1330 2830 1402; x_wconf 86' lang='lat' dir='ltr'><strong>igitur</strong></span> <span class='ocrx_word' id='word_1_320' title='bbox 2872 1346 3092 1385; x_wconf 84' lang='lat' dir='ltr'><strong>sensum</strong></span> <span class='ocrx_word' id='word_1_321' title='bbox 3124 1328 3261 1384; x_wconf 89' lang='lat' dir='ltr'><strong>hora</strong></span> <span class='ocrx_word' id='word_1_322' title='bbox 3291 1329 3556 1386; x_wconf 87' lang='lat' dir='ltr'><strong>tentatio-</strong></span> 
     </span>
    </p>
   </div>
   <div class='ocr_carea' id='block_1_44' title="bbox 1954 1418 3559 1491">
    <p class='ocr_par' dir='ltr' id='par_1_44' title="bbox 1954 1418 3559 1491">
     <span class='ocr_line' id='line_1_44' title="bbox 1954 1418 3559 1491; baseline -0.001 -16"><span class='ocrx_word' id='word_1_323' title='bbox 1954 1419 2041 1475; x_wconf 91' lang='lat' dir='ltr'><strong>nis</strong></span> <span class='ocrx_word' id='word_1_324' title='bbox 2070 1419 2207 1474; x_wconf 91' lang='lat' dir='ltr'><strong>hora</strong></span> <span class='ocrx_word' id='word_1_325' title='bbox 2237 1419 2708 1476; x_wconf 77' lang='lat' dir='ltr'><strong>manifestationis</strong></span> <span class='ocrx_word' id='word_1_326' title='bbox 2741 1418 3076 1490; x_wconf 87' lang='lat' dir='ltr'><strong>designatur,</strong></span> <span class='ocrx_word' id='word_1_327' title='bbox 3111 1419 3330 1491; x_wconf 87' lang='lat' dir='ltr'><strong>quando</strong></span> <span class='ocrx_word' id='word_1_328' title='bbox 3358 1418 3559 1490; x_wconf 88' lang='lat' dir='ltr'><strong>singu-</strong></span> 
     </span>
    </p>
   </div>
   <div class='ocr_carea' id='block_1_45' title="bbox 1955 1506 3561 1581">
    <p class='ocr_par' dir='ltr' id='par_1_45' title="bbox 1955 1506 3561 1581">
     <span class='ocr_line' id='line_1_45' title="bbox 1955 1506 3561 1581; baseline 0.001 -20"><span class='ocrx_word' id='word_1_329' title='bbox 1955 1506 2135 1561; x_wconf 85' lang='lat' dir='ltr'><strong>lorum</strong></span> <span class='ocrx_word' id='word_1_330' title='bbox 2177 1508 2320 1564; x_wconf 82' lang='lat' dir='ltr'><strong>facta</strong></span> <span class='ocrx_word' id='word_1_331' title='bbox 2361 1510 2621 1565; x_wconf 89' lang='lat' dir='ltr'><strong>omnibus</strong></span> <span class='ocrx_word' id='word_1_332' title='bbox 2658 1508 3176 1564; x_wconf 84' lang='lat' dir='ltr'><strong>manifestabuntur.</strong></span> <span class='ocrx_word' id='word_1_333' title='bbox 3210 1509 3388 1581; x_wconf 86' lang='lat' dir='ltr'><strong>Aqua</strong></span> <span class='ocrx_word' id='word_1_334' title='bbox 3425 1507 3561 1563; x_wconf 89' lang='lat' dir='ltr'><strong>hora</strong></span> 
     </span>
    </p>
   </div>
   <div class='ocr_carea' id='block_1_46' title="bbox 1956 1604 3559 1662">
    <p class='ocr_par' dir='ltr' id='par_1_46' title="bbox 1956 1604 3559 1662">
     <span class='ocr_line' id='line_1_46' title="bbox 1956 1604 3559 1662; baseline -0.001 -2"><span class='ocrx_word' id='word_1_335' title='bbox 1956 1604 2275 1661; x_wconf 89' lang='lat' dir='ltr'><strong>tentationis</strong></span> <span class='ocrx_word' id='word_1_336' title='bbox 2308 1622 2412 1660; x_wconf 90' lang='lat' dir='ltr'><strong>nos</strong></span> <span class='ocrx_word' id='word_1_337' title='bbox 2439 1611 2494 1660; x_wconf 91' lang='lat' dir='ltr'><strong>et</strong></span> <span class='ocrx_word' id='word_1_338' title='bbox 2524 1620 2714 1661; x_wconf 88' lang='lat' dir='ltr'><strong>omnes</strong></span> <span class='ocrx_word' id='word_1_339' title='bbox 2742 1606 2947 1662; x_wconf 87' lang='lat' dir='ltr'><strong>electos</strong></span> <span class='ocrx_word' id='word_1_340' title='bbox 2976 1622 3105 1662; x_wconf 90' lang='lat' dir='ltr'><strong>suos</strong></span> <span class='ocrx_word' id='word_1_341' title='bbox 3142 1604 3414 1661; x_wconf 90' lang='lat' dir='ltr'><strong>Dominus</strong></span> <span class='ocrx_word' id='word_1_342' title='bbox 3440 1604 3559 1660; x_wconf 89' lang='lat' dir='ltr'><strong>sal-</strong></span> 
     </span>
    </p>
   </div>
   <div class='ocr_carea' id='block_1_47' title="bbox 1952 1696 2128 1752">
    <p class='ocr_par' dir='ltr' id='par_1_47' title="bbox 1952 1696 2128 1752">
     <span class='ocr_line' id='line_1_47' title="bbox 1952 1696 2128 1752; baseline -0.011 0"><span class='ocrx_word' id='word_1_343' title='bbox 1952 1696 2128 1752; x_wconf 88' lang='lat' dir='ltr'><strong>vabit.</strong></span> 
     </span>
    </p>
   </div>
   <div class='ocr_carea' id='block_1_48' title="bbox 2028 1784 3565 1858">
    <p class='ocr_par' dir='ltr' id='par_1_48' title="bbox 2028 1784 3565 1858">
     <span class='ocr_line' id='line_1_48' title="bbox 2028 1784 3565 1858; baseline -0.001 -15"><span class='ocrx_word' id='word_1_344' title='bbox 2028 1786 2211 1857; x_wconf 86' lang='lat' dir='ltr'><strong>(Vers.</strong></span> <span class='ocrx_word' id='word_1_345' title='bbox 2247 1784 2363 1857; x_wconf 84' lang='lat'><strong>11.)</strong></span> <span class='ocrx_word' id='word_1_346' title='bbox 2416 1788 2550 1842; x_wconf 88' lang='lat' dir='ltr'><strong>Ecce</strong></span> <span class='ocrx_word' id='word_1_347' title='bbox 2598 1785 2745 1840; x_wconf 87' lang='lat' dir='ltr'><strong>venio</strong></span> <span class='ocrx_word' id='word_1_348' title='bbox 2786 1786 2928 1842; x_wconf 90' lang='lat' dir='ltr'><strong>cito:</strong></span> <span class='ocrx_word' id='word_1_349' title='bbox 2976 1793 3097 1842; x_wconf 86' lang='lat' dir='ltr'><strong>tene</strong></span> <span class='ocrx_word' id='word_1_350' title='bbox 3142 1787 3283 1858; x_wconf 89' lang='lat' dir='ltr'><strong>quod</strong></span> <span class='ocrx_word' id='word_1_351' title='bbox 3312 1786 3484 1854; x_wconf 87' lang='lat' dir='ltr'><strong>habes,</strong></span> <span class='ocrx_word' id='word_1_352' title='bbox 3528 1802 3565 1841; x_wconf 93' lang='lat' dir='ltr'><strong>u</strong></span> 
     </span>
    </p>
   </div>
   <div class='ocr_carea' id='block_1_49' title="bbox 1956 1874 3560 1948">
    <p class='ocr_par' dir='ltr' id='par_1_49' title="bbox 1956 1874 3560 1948">
     <span class='ocr_line' id='line_1_49' title="bbox 1956 1874 3560 1948; baseline 0.002 -20"><span class='ocrx_word' id='word_1_353' title='bbox 1956 1891 2103 1929; x_wconf 88' lang='lat' dir='ltr'><strong>nemo</strong></span> <span class='ocrx_word' id='word_1_354' title='bbox 2141 1875 2369 1946; x_wconf 88' lang='lat' dir='ltr'><strong>accipiat</strong></span> <span class='ocrx_word' id='word_1_355' title='bbox 2410 1891 2662 1929; x_wconf 90' lang='lat' dir='ltr'><strong>coronam</strong></span> <span class='ocrx_word' id='word_1_356' title='bbox 2693 1881 2856 1929; x_wconf 88' lang='lat' dir='ltr'><strong>tuam.</strong></span> <span class='ocrx_word' id='word_1_357' title='bbox 2899 1875 3043 1931; x_wconf 90' lang='lat' dir='ltr'><strong>Tene</strong></span> <span class='ocrx_word' id='word_1_358' title='bbox 3086 1875 3235 1948; x_wconf 90' lang='lat' dir='ltr'><strong>quod</strong></span> <span class='ocrx_word' id='word_1_359' title='bbox 3273 1875 3460 1942; x_wconf 89' lang='lat' dir='ltr'><strong>habes,</strong></span> <span class='ocrx_word' id='word_1_360' title='bbox 3504 1874 3560 1931; x_wconf 88' lang='lat' dir='ltr'><strong>id</strong></span> 
     </span>
    </p>
   </div>
   <div class='ocr_carea' id='block_1_50' title="bbox 1959 1962 3560 2037">
    <p class='ocr_par' dir='ltr' id='par_1_50' title="bbox 1959 1962 3560 2037">
     <span class='ocr_line' id='line_1_50' title="bbox 1959 1962 3560 2037; baseline 0 -17"><span class='ocrx_word' id='word_1_361' title='bbox 1959 1972 2061 2032; x_wconf 90' lang='lat' dir='ltr'><strong>est,</strong></span> <span class='ocrx_word' id='word_1_362' title='bbox 2110 1963 2320 2020; x_wconf 89' lang='lat' dir='ltr'><strong>bonum</strong></span> <span class='ocrx_word' id='word_1_363' title='bbox 2352 1965 2503 2037; x_wconf 88' lang='lat' dir='ltr'><strong>quod</strong></span> <span class='ocrx_word' id='word_1_364' title='bbox 2551 1964 2739 2032; x_wconf 85' lang='lat' dir='ltr'><strong>habes,</strong></span> <span class='ocrx_word' id='word_1_365' title='bbox 2790 1981 2962 2037; x_wconf 90' lang='lat' dir='ltr'><strong>usque</strong></span> <span class='ocrx_word' id='word_1_366' title='bbox 2991 1965 3049 2020; x_wconf 91' lang='lat' dir='ltr'><strong>in</strong></span> <span class='ocrx_word' id='word_1_367' title='bbox 3098 1964 3263 2021; x_wconf 87' lang='lat' dir='ltr'><strong>ﬁnem</strong></span> <span class='ocrx_word' id='word_1_368' title='bbox 3292 1962 3421 2019; x_wconf 71' lang='lat' dir='ltr'><strong>vitae</strong></span> <span class='ocrx_word' id='word_1_369' title='bbox 3451 1971 3560 2020; x_wconf 74' lang='lat' dir='ltr'><strong>tum</strong></span> 
     </span>
    </p>
   </div>
   <div class='ocr_carea' id='block_1_51' title="bbox 1956 2050 3564 2121">
    <p class='ocr_par' dir='ltr' id='par_1_51' title="bbox 1956 2050 3564 2121">
     <span class='ocr_line' id='line_1_51' title="bbox 1956 2050 3564 2121; baseline 0.001 -16"><span class='ocrx_word' id='word_1_370' title='bbox 1956 2056 2101 2105; x_wconf 90' lang='lat' dir='ltr'><strong>tene.</strong></span> <span class='ocrx_word' id='word_1_371' title='bbox 2158 2051 2222 2106; x_wconf 87' lang='lat' dir='ltr'><strong>Ut</strong></span> <span class='ocrx_word' id='word_1_372' title='bbox 2256 2068 2404 2106; x_wconf 91' lang='lat' dir='ltr'><strong>nemo</strong></span> <span class='ocrx_word' id='word_1_373' title='bbox 2441 2051 2667 2121; x_wconf 86' lang='lat' dir='ltr'><strong>accipiat</strong></span> <span class='ocrx_word' id='word_1_374' title='bbox 2719 2068 2968 2107; x_wconf 81' lang='lat' dir='ltr'><strong>coronam</strong></span> <span class='ocrx_word' id='word_1_375' title='bbox 3017 2060 3183 2120; x_wconf 85' lang='lat' dir='ltr'><strong>tuam,</strong></span> <span class='ocrx_word' id='word_1_376' title='bbox 3242 2050 3299 2106; x_wconf 87' lang='lat' dir='ltr'><strong>id</strong></span> <span class='ocrx_word' id='word_1_377' title='bbox 3337 2056 3440 2117; x_wconf 86' lang='lat' dir='ltr'><strong>est,</strong></span> <span class='ocrx_word' id='word_1_378' title='bbox 3502 2057 3564 2106; x_wconf 89' lang='lat' dir='ltr'><strong>ut</strong></span> 
     </span>
    </p>
   </div>
   <div class='ocr_carea' id='block_1_52' title="bbox 1958 2140 3563 2225">
    <p class='ocr_par' dir='ltr' id='par_1_52' title="bbox 1958 2140 3563 2225">
     <span class='ocr_line' id='line_1_52' title="bbox 1958 2140 3563 2225; baseline 0.002 -30"><span class='ocrx_word' id='word_1_379' title='bbox 1958 2140 2189 2213; x_wconf 89' lang='lat' dir='ltr'><strong>gloriam</strong></span> <span class='ocrx_word' id='word_1_380' title='bbox 2242 2156 2363 2213; x_wconf 69' lang='lat' dir='ltr'><strong>quae</strong></span> <span class='ocrx_word' id='word_1_381' title='bbox 2420 2142 2522 2198; x_wconf 89' lang='lat' dir='ltr'><strong>tibi</strong></span> <span class='ocrx_word' id='word_1_382' title='bbox 2564 2142 2796 2199; x_wconf 90' lang='lat' dir='ltr'><strong>debetur</strong></span> <span class='ocrx_word' id='word_1_383' title='bbox 2825 2184 2841 2209; x_wconf 85' lang='lat'><strong>,</strong></span> <span class='ocrx_word' id='word_1_384' title='bbox 2897 2144 3085 2200; x_wconf 89' lang='lat' dir='ltr'><strong>nullus</strong></span> <span class='ocrx_word' id='word_1_385' title='bbox 3122 2145 3241 2201; x_wconf 91' lang='lat' dir='ltr'><strong>sine</strong></span> <span class='ocrx_word' id='word_1_386' title='bbox 3279 2152 3333 2200; x_wconf 90' lang='lat' dir='ltr'><strong>te</strong></span> <span class='ocrx_word' id='word_1_387' title='bbox 3376 2144 3563 2225; x_wconf 81' lang='lat' dir='ltr'><strong>possi-</strong></span> 
     </span>
    </p>
   </div>
   <div class='ocr_carea' id='block_1_53' title="bbox 1957 2234 2103 2291">
    <p class='ocr_par' dir='ltr' id='par_1_53' title="bbox 1957 2234 2103 2291">
     <span class='ocr_line' id='line_1_53' title="bbox 1957 2234 2103 2291; baseline -0.014 0"><span class='ocrx_word' id='word_1_388' title='bbox 1957 2234 2103 2291; x_wconf 88' lang='lat' dir='ltr'><strong>deat.</strong></span> 
     </span>
    </p>
   </div>
   <div class='ocr_carea' id='block_1_54' title="bbox 2032 2320 3564 2398">
    <p class='ocr_par' dir='ltr' id='par_1_54' title="bbox 2032 2320 3564 2398">
     <span class='ocr_line' id='line_1_54' title="bbox 2032 2320 3564 2398; baseline 0.003 -19"><span class='ocrx_word' id='word_1_389' title='bbox 2032 2320 2214 2393; x_wconf 87' lang='lat' dir='ltr'><strong>(Vers.</strong></span> <span class='ocrx_word' id='word_1_390' title='bbox 2252 2321 2341 2391; x_wconf 77' lang='lat'><strong>12,</strong></span> <span class='ocrx_word' id='word_1_391' title='bbox 2375 2322 2491 2394; x_wconf 87' lang='lat'><strong>13.)</strong></span> <span class='ocrx_word' id='word_1_392' title='bbox 2536 2324 2640 2391; x_wconf 84' lang='lat' dir='ltr'><strong>Qui</strong></span> <span class='ocrx_word' id='word_1_393' title='bbox 2675 2326 2877 2394; x_wconf 84' lang='lat' dir='ltr'><strong>vicerit,</strong></span> <span class='ocrx_word' id='word_1_394' title='bbox 2916 2324 3117 2398; x_wconf 77' lang='lat' dir='ltr'><strong>faciam</strong></span> <span class='ocrx_word' id='word_1_395' title='bbox 3146 2328 3304 2384; x_wconf 88' lang='lat' dir='ltr'><strong>illum</strong></span> <span class='ocrx_word' id='word_1_396' title='bbox 3354 2328 3564 2383; x_wconf 89' lang='lat' dir='ltr'><strong>colum-</strong></span> 
     </span>
    </p>
   </div>
   <div class='ocr_carea' id='block_1_55' title="bbox 1956 2418 3563 2494">
    <p class='ocr_par' dir='ltr' id='par_1_55' title="bbox 1956 2418 3563 2494">
     <span class='ocr_line' id='line_1_55' title="bbox 1956 2418 3563 2494; baseline 0.005 -24"><span class='ocrx_word' id='word_1_397' title='bbox 1956 2433 2080 2472; x_wconf 88' lang='lat' dir='ltr'><strong>nam</strong></span> <span class='ocrx_word' id='word_1_398' title='bbox 2112 2418 2169 2471; x_wconf 87' lang='lat' dir='ltr'><strong>in</strong></span> <span class='ocrx_word' id='word_1_399' title='bbox 2217 2420 2404 2489; x_wconf 84' lang='lat' dir='ltr'><strong>templo</strong></span> <span class='ocrx_word' id='word_1_400' title='bbox 2441 2419 2539 2475; x_wconf 91' lang='lat' dir='ltr'><strong>Dei</strong></span> <span class='ocrx_word' id='word_1_401' title='bbox 2566 2421 2688 2489; x_wconf 85' lang='lat' dir='ltr'><strong>mei,</strong></span> <span class='ocrx_word' id='word_1_402' title='bbox 2718 2428 2765 2477; x_wconf 89' lang='lat' dir='ltr'><strong>et</strong></span> <span class='ocrx_word' id='word_1_403' title='bbox 2805 2421 2959 2493; x_wconf 80' lang='lat' dir='ltr'><strong>foras</strong></span> <span class='ocrx_word' id='word_1_404' title='bbox 2988 2440 3095 2478; x_wconf 88' lang='lat' dir='ltr'><strong>non</strong></span> <span class='ocrx_word' id='word_1_405' title='bbox 3133 2422 3427 2494; x_wconf 83' lang='lat' dir='ltr'><strong>egredietur</strong></span> <span class='ocrx_word' id='word_1_406' title='bbox 3453 2441 3563 2479; x_wconf 89' lang='lat' dir='ltr'><strong>am-</strong></span> 
     </span>
    </p>
   </div>
   <div class='ocr_carea' id='block_1_56' title="bbox 1952 2509 3565 2587">
    <p class='ocr_par' dir='ltr' id='par_1_56' title="bbox 1952 2509 3565 2587">
     <span class='ocr_line' id='line_1_56' title="bbox 1952 2509 3565 2587; baseline 0.004 -24"><span class='ocrx_word' id='word_1_407' title='bbox 1952 2509 2119 2580; x_wconf 85' lang='lat' dir='ltr'><strong>plius.</strong></span> <span class='ocrx_word' id='word_1_408' title='bbox 2156 2509 2337 2566; x_wconf 87' lang='lat' dir='ltr'><strong>Potest</strong></span> <span class='ocrx_word' id='word_1_409' title='bbox 2364 2527 2463 2582; x_wconf 91' lang='lat' dir='ltr'><strong>per</strong></span> <span class='ocrx_word' id='word_1_410' title='bbox 2515 2514 2782 2584; x_wconf 91' lang='lat' dir='ltr'><strong>templum</strong></span> <span class='ocrx_word' id='word_1_411' title='bbox 2813 2514 3063 2570; x_wconf 88' lang='lat' dir='ltr'><strong>Ecclesia</strong></span> <span class='ocrx_word' id='word_1_412' title='bbox 3109 2515 3419 2587; x_wconf 89' lang='lat' dir='ltr'><strong>designari:</strong></span> <span class='ocrx_word' id='word_1_413' title='bbox 3466 2531 3565 2586; x_wconf 87' lang='lat' dir='ltr'><strong>per</strong></span> 
     </span>
    </p>
   </div>
   <div class='ocr_carea' id='block_1_57' title="bbox 1957 2598 3560 2676">
    <p class='ocr_par' dir='ltr' id='par_1_57' title="bbox 1957 2598 3560 2676">
     <span class='ocr_line' id='line_1_57' title="bbox 1957 2598 3560 2676; baseline 0.004 -24"><span class='ocrx_word' id='word_1_414' title='bbox 1957 2598 2242 2654; x_wconf 87' lang='lat' dir='ltr'><strong>columnas</strong></span> <span class='ocrx_word' id='word_1_415' title='bbox 2288 2607 2493 2669; x_wconf 83' lang='lat' dir='ltr'><strong>autem,</strong></span> <span class='ocrx_word' id='word_1_416' title='bbox 2528 2616 2651 2671; x_wconf 68' lang='lat' dir='ltr'><strong>quae</strong></span> <span class='ocrx_word' id='word_1_417' title='bbox 2692 2610 3001 2658; x_wconf 87' lang='lat' dir='ltr'><strong>sustentant</strong></span> <span class='ocrx_word' id='word_1_418' title='bbox 3038 2605 3328 2676; x_wconf 80' lang='lat' dir='ltr'><strong>templum,</strong></span> <span class='ocrx_word' id='word_1_419' title='bbox 3361 2602 3560 2675; x_wconf 68' lang='lat' dir='ltr'><strong>praedi-</strong></span> 
     </span>
    </p>
   </div>
   <div class='ocr_carea' id='block_1_58' title="bbox 1956 2695 3563 2768">
    <p class='ocr_par' dir='ltr' id='par_1_58' title="bbox 1956 2695 3563 2768">
     <span class='ocr_line' id='line_1_58' title="bbox 1956 2695 3563 2768; baseline 0.002 -18"><span class='ocrx_word' id='word_1_420' title='bbox 1956 2701 2187 2751; x_wconf 90' lang='lat' dir='ltr'><strong>catores.</strong></span> <span class='ocrx_word' id='word_1_421' title='bbox 2218 2695 2355 2750; x_wconf 90' lang='lat' dir='ltr'><strong>Nam</strong></span> <span class='ocrx_word' id='word_1_422' title='bbox 2399 2703 2451 2750; x_wconf 91' lang='lat' dir='ltr'><strong>et</strong></span> <span class='ocrx_word' id='word_1_423' title='bbox 2484 2697 2686 2753; x_wconf 89' lang='lat' dir='ltr'><strong>Paulus</strong></span> <span class='ocrx_word' id='word_1_424' title='bbox 2733 2696 3011 2768; x_wconf 89' lang='lat' dir='ltr'><strong>apostolus</strong></span> <span class='ocrx_word' id='word_1_425' title='bbox 3042 2698 3263 2754; x_wconf 89' lang='lat' dir='ltr'><strong>Petrum</strong></span> <span class='ocrx_word' id='word_1_426' title='bbox 3294 2706 3349 2754; x_wconf 92' lang='lat' dir='ltr'><strong>et</strong></span> <span class='ocrx_word' id='word_1_427' title='bbox 3394 2699 3563 2754; x_wconf 80' lang='lat' dir='ltr'><strong>Jaco-</strong></span> 
     </span>
    </p>
   </div>
   <div class='ocr_carea' id='block_1_59' title="bbox 1939 2783 3561 2862">
    <p class='ocr_par' dir='ltr' id='par_1_59' title="bbox 1939 2783 3561 2862">
     <span class='ocr_line' id='line_1_59' title="bbox 1939 2783 3561 2862; baseline 0.005 -23"><span class='ocrx_word' id='word_1_428' title='bbox 1939 2783 2089 2839; x_wconf 59' lang='lat' dir='ltr'><strong>~bum</strong></span> <span class='ocrx_word' id='word_1_429' title='bbox 2111 2783 2397 2840; x_wconf 89' lang='lat' dir='ltr'><strong>columnas</strong></span> <span class='ocrx_word' id='word_1_430' title='bbox 2416 2785 2674 2841; x_wconf 63' lang='lat' dir='ltr'><strong>Ecclesiae</strong></span> <span class='ocrx_word' id='word_1_431' title='bbox 2695 2795 2853 2843; x_wconf 87' lang='lat' dir='ltr'><strong>vocat</strong></span> <span class='ocrx_word' id='word_1_432' title='bbox 2880 2788 2899 2857; x_wconf 91' lang='lat'><strong>(</strong></span> <span class='ocrx_word' id='word_1_433' title='bbox 2910 2787 3087 2843; x_wconf 81' lang='lat' dir='ltr'><strong>Galat.</strong></span> <span class='ocrx_word' id='word_1_434' title='bbox 3120 2805 3183 2856; x_wconf 87' lang='grc' dir='ltr'>ιι,</span> <span class='ocrx_word' id='word_1_435' title='bbox 3204 2788 3263 2861; x_wconf 89' lang='grc'>9)</span> <span class='ocrx_word' id='word_1_436' title='bbox 3290 2807 3303 2856; x_wconf 90' lang='lat'><strong>;</strong></span> <span class='ocrx_word' id='word_1_437' title='bbox 3322 2805 3388 2846; x_wconf 94' lang='lat' dir='ltr'><strong>eo</strong></span> <span class='ocrx_word' id='word_1_438' title='bbox 3411 2789 3561 2862; x_wconf 88' lang='lat' dir='ltr'><strong>quod</strong></span> 
     </span>
    </p>
   </div>
   <div class='ocr_carea' id='block_1_60' title="bbox 1957 2872 3563 2945">
    <p class='ocr_par' dir='ltr' id='par_1_60' title="bbox 1957 2872 3563 2945">
     <span class='ocr_line' id='line_1_60' title="bbox 1957 2872 3563 2945; baseline 0.005 -17"><span class='ocrx_word' id='word_1_439' title='bbox 1957 2888 2123 2944; x_wconf 83' lang='lat' dir='ltr'><strong>super</strong></span> <span class='ocrx_word' id='word_1_440' title='bbox 2176 2872 2323 2944; x_wconf 89' lang='lat' dir='ltr'><strong>ipsos</strong></span> <span class='ocrx_word' id='word_1_441' title='bbox 2370 2872 2639 2931; x_wconf 74' lang='lat' dir='ltr'><strong>aediﬁcata</strong></span> <span class='ocrx_word' id='word_1_442' title='bbox 2685 2875 2758 2931; x_wconf 83' lang='lat' dir='ltr'><strong>sit</strong></span> <span class='ocrx_word' id='word_1_443' title='bbox 2797 2875 3065 2945; x_wconf 88' lang='lat' dir='ltr'><strong>Ecclesia,</strong></span> <span class='ocrx_word' id='word_1_444' title='bbox 3112 2877 3257 2934; x_wconf 91' lang='lat' dir='ltr'><strong>sicut</strong></span> <span class='ocrx_word' id='word_1_445' title='bbox 3293 2879 3563 2936; x_wconf 88' lang='lat' dir='ltr'><strong>Dominus</strong></span> 
     </span>
    </p>
   </div>
   <div class='ocr_carea' id='block_1_61' title="bbox 1957 2965 3562 3044">
    <p class='ocr_par' dir='ltr' id='par_1_61' title="bbox 1957 2965 3562 3044">
     <span class='ocr_line' id='line_1_61' title="bbox 1957 2965 3562 3044; baseline 0.003 -22"><span class='ocrx_word' id='word_1_446' title='bbox 1957 2965 2104 3022; x_wconf 81' lang='lat' dir='ltr'><strong>dixit</strong></span> <span class='ocrx_word' id='word_1_447' title='bbox 2152 2966 2313 3021; x_wconf 89' lang='lat' dir='ltr'><strong>Petro</strong></span> <span class='ocrx_word' id='word_1_448' title='bbox 2340 2984 2352 3021; x_wconf 92' lang='lat'><strong>:</strong></span> <span class='ocrx_word' id='word_1_449' title='bbox 2398 2991 2415 3013; x_wconf 77' lang='grc' dir='ltr'><strong>ε</strong></span> <span class='ocrx_word' id='word_1_450' title='bbox 2446 2967 2528 3022; x_wconf 84' lang='grc' dir='ltr'>Τιι</span> <span class='ocrx_word' id='word_1_451' title='bbox 2556 2984 2614 3024; x_wconf 90' lang='lat' dir='ltr'><strong>es</strong></span> <span class='ocrx_word' id='word_1_452' title='bbox 2640 2967 2853 3036; x_wconf 89' lang='lat' dir='ltr'><strong>Petrus,</strong></span> <span class='ocrx_word' id='word_1_453' title='bbox 2885 2978 2941 3026; x_wconf 92' lang='lat' dir='ltr'><strong>et</strong></span> <span class='ocrx_word' id='word_1_454' title='bbox 2973 2985 3139 3041; x_wconf 88' lang='lat' dir='ltr'><strong>super</strong></span> <span class='ocrx_word' id='word_1_455' title='bbox 3180 2970 3325 3028; x_wconf 88' lang='lat' dir='ltr'><strong>hanc</strong></span> <span class='ocrx_word' id='word_1_456' title='bbox 3352 2978 3562 3044; x_wconf 88' lang='lat' dir='ltr'><strong>petram</strong></span> 
     </span>
    </p>
   </div>
   <div class='ocr_carea' id='block_1_62' title="bbox 1959 3057 3563 3133">
    <p class='ocr_par' dir='ltr' id='par_1_62' title="bbox 1959 3057 3563 3133">
     <span class='ocr_line' id='line_1_62' title="bbox 1959 3057 3563 3133; baseline 0.002 -19"><span class='ocrx_word' id='word_1_457' title='bbox 1959 3057 2245 3116; x_wconf 87' lang='lat' dir='ltr'><strong>aediﬁcabo</strong></span> <span class='ocrx_word' id='word_1_458' title='bbox 2277 3058 2583 3115; x_wconf 90' lang='lat' dir='ltr'><strong>Ecclesiam</strong></span> <span class='ocrx_word' id='word_1_459' title='bbox 2629 3075 2805 3116; x_wconf 90' lang='lat' dir='ltr'><strong>meam</strong></span> <span class='ocrx_word' id='word_1_460' title='bbox 2840 3060 3177 3131; x_wconf 79' lang='lat' dir='ltr'><strong>(Matth.xvr,</strong></span> <span class='ocrx_word' id='word_1_461' title='bbox 3211 3059 3325 3133; x_wconf 90' lang='lat'><strong>18.)</strong></span> <span class='ocrx_word' id='word_1_462' title='bbox 3358 3085 3376 3108; x_wconf 78' lang='grc' dir='ltr'><strong>ι</strong></span> <span class='ocrx_word' id='word_1_463' title='bbox 3418 3060 3563 3118; x_wconf 88' lang='lat' dir='ltr'><strong>Sed-</strong></span> 
     </span>
    </p>
   </div>
   <div class='ocr_carea' id='block_1_63' title="bbox 234 3149 3567 3230">
    <p class='ocr_par' dir='ltr' id='par_1_63' title="bbox 234 3149 3567 3230">
     <span class='ocr_line' id='line_1_63' title="bbox 234 3149 3567 3230; baseline 0.001 -24"><span class='ocrx_word' id='word_1_464' title='bbox 234 3157 445 3215; x_wconf 74' lang='lat' dir='ltr'><strong>ostium</strong></span> <span class='ocrx_word' id='word_1_465' title='bbox 502 3162 745 3228; x_wconf 77' lang='lat' dir='ltr'><strong>apertum</strong></span> <span class='ocrx_word' id='word_1_466' title='bbox 798 3157 940 3227; x_wconf 83' lang='lat' dir='ltr'><strong>quod</strong></span> <span class='ocrx_word' id='word_1_467' title='bbox 992 3174 1141 3214; x_wconf 77' lang='lat' dir='ltr'><strong>nemo</strong></span> <span class='ocrx_word' id='word_1_468' title='bbox 1187 3164 1355 3230; x_wconf 64' lang='lat' dir='ltr'><strong>potest</strong></span> <span class='ocrx_word' id='word_1_469' title='bbox 1407 3158 1670 3224; x_wconf 66' lang='lat' dir='ltr'><strong>claudere,</strong></span> <span class='ocrx_word' id='word_1_470' title='bbox 1725 3158 1852 3229; x_wconf 80' lang='lat' dir='ltr'><strong>quia</strong></span> <span class='ocrx_word' id='word_1_471' title='bbox 1880 3158 1930 3222; x_wconf 73' lang='grc' dir='ltr'>α</span> <span class='ocrx_word' id='word_1_472' title='bbox 1961 3149 2183 3206; x_wconf 88' lang='lat' dir='ltr'><strong>videtur</strong></span> <span class='ocrx_word' id='word_1_473' title='bbox 2228 3159 2456 3223; x_wconf 90' lang='lat' dir='ltr'><strong>propter</strong></span> <span class='ocrx_word' id='word_1_474' title='bbox 2502 3152 2627 3221; x_wconf 92' lang='lat' dir='ltr'><strong>hoc,</strong></span> <span class='ocrx_word' id='word_1_475' title='bbox 2658 3154 2805 3227; x_wconf 89' lang='lat' dir='ltr'><strong>quod</strong></span> <span class='ocrx_word' id='word_1_476' title='bbox 2853 3155 3136 3227; x_wconf 89' lang='lat' dir='ltr'><strong>sequitur:</strong></span> <span class='ocrx_word' id='word_1_477' title='bbox 3170 3156 3246 3211; x_wconf 91' lang='lat' dir='ltr'><strong>Et</strong></span> <span class='ocrx_word' id='word_1_478' title='bbox 3271 3154 3423 3225; x_wconf 82' lang='lat' dir='ltr'><strong>foras</strong></span> <span class='ocrx_word' id='word_1_479' title='bbox 3458 3171 3567 3210; x_wconf 87' lang='lat' dir='ltr'><strong>non</strong></span> 
     </span>
    </p>
   </div>
   <div class='ocr_carea' id='block_1_64' title="bbox 242 3246 1851 3315">
    <p class='ocr_par' dir='ltr' id='par_1_64' title="bbox 242 3246 1851 3315">
     <span class='ocr_line' id='line_1_64' title="bbox 242 3246 1851 3315; baseline -0.002 -12"><span class='ocrx_word' id='word_1_480' title='bbox 242 3246 520 3303; x_wconf 79' lang='lat' dir='ltr'><strong>modicam</strong></span> <span class='ocrx_word' id='word_1_481' title='bbox 578 3247 738 3302; x_wconf 81' lang='lat' dir='ltr'><strong>habes</strong></span> <span class='ocrx_word' id='word_1_482' title='bbox 786 3246 1053 3315; x_wconf 86' lang='lat' dir='ltr'><strong>virtutem,</strong></span> <span class='ocrx_word' id='word_1_483' title='bbox 1095 3254 1142 3302; x_wconf 88' lang='lat' dir='ltr'><strong>et</strong></span> <span class='ocrx_word' id='word_1_484' title='bbox 1181 3247 1401 3302; x_wconf 84' lang='lat' dir='ltr'><strong>servasti</strong></span> <span class='ocrx_word' id='word_1_485' title='bbox 1426 3246 1637 3301; x_wconf 87' lang='lat' dir='ltr'><strong>verbum</strong></span> <span class='ocrx_word' id='word_1_486' title='bbox 1662 3263 1851 3314; x_wconf 87' lang='lat' dir='ltr'><strong>meum,</strong></span> 
     </span>
    </p>
   </div>
   <div class='ocr_carea' id='block_1_65' title="bbox 236 3324 1854 3408">
    <p class='ocr_par' dir='ltr' id='par_1_65' title="bbox 236 3324 1854 3408">
     <span class='ocr_line' id='line_1_65' title="bbox 236 3324 1854 3408; baseline -0.003 -14"><span class='ocrx_word' id='word_1_487' title='bbox 236 3343 301 3394; x_wconf 81' lang='lat' dir='ltr'><strong>et</strong></span> <span class='ocrx_word' id='word_1_488' title='bbox 339 3353 447 3391; x_wconf 88' lang='lat' dir='ltr'><strong>non</strong></span> <span class='ocrx_word' id='word_1_489' title='bbox 474 3335 673 3407; x_wconf 85' lang='lat' dir='ltr'><strong>negasti</strong></span> <span class='ocrx_word' id='word_1_490' title='bbox 700 3324 888 3391; x_wconf 80' lang='lat' dir='ltr'><strong>nomen</strong></span> <span class='ocrx_word' id='word_1_491' title='bbox 914 3353 1105 3391; x_wconf 87' lang='lat' dir='ltr'><strong>meum.</strong></span> <span class='ocrx_word' id='word_1_492' title='bbox 1139 3336 1373 3393; x_wconf 87' lang='lat' dir='ltr'><strong>Videtur</strong></span> <span class='ocrx_word' id='word_1_493' title='bbox 1406 3336 1547 3391; x_wconf 91' lang='lat' dir='ltr'><strong>mihi</strong></span> <span class='ocrx_word' id='word_1_494' title='bbox 1577 3335 1722 3408; x_wconf 91' lang='lat' dir='ltr'><strong>quod</strong></span> <span class='ocrx_word' id='word_1_495' title='bbox 1752 3336 1854 3389; x_wconf 92' lang='lat' dir='ltr'><strong>iste</strong></span> 
     </span>
    </p>
   </div>
   <div class='ocr_carea' id='block_1_66' title="bbox 237 3424 1855 3498">
    <p class='ocr_par' dir='ltr' id='par_1_66' title="bbox 237 3424 1855 3498">
     <span class='ocr_line' id='line_1_66' title="bbox 237 3424 1855 3498; baseline 0 -16"><span class='ocrx_word' id='word_1_496' title='bbox 237 3425 491 3497; x_wconf 82' lang='lat' dir='ltr'><strong>angelus</strong></span> <span class='ocrx_word' id='word_1_497' title='bbox 515 3424 778 3481; x_wconf 66' lang='lat' dir='ltr'><strong>Ecclesiae</strong></span> <span class='ocrx_word' id='word_1_498' title='bbox 807 3424 1207 3498; x_wconf 66' lang='lat' dir='ltr'><strong>Philadelphia:</strong></span> <span class='ocrx_word' id='word_1_499' title='bbox 1238 3442 1351 3481; x_wconf 88' lang='lat' dir='ltr'><strong>non</strong></span> <span class='ocrx_word' id='word_1_500' title='bbox 1389 3426 1521 3482; x_wconf 90' lang='lat' dir='ltr'><strong>satis</strong></span> <span class='ocrx_word' id='word_1_501' title='bbox 1552 3426 1609 3480; x_wconf 91' lang='lat' dir='ltr'><strong>in</strong></span> <span class='ocrx_word' id='word_1_502' title='bbox 1646 3424 1855 3482; x_wconf 89' lang='lat' dir='ltr'><strong>divinis</strong></span> 
     </span>
    </p>
   </div>
   <div class='ocr_carea' id='block_1_67' title="bbox 236 3512 1855 3584">
    <p class='ocr_par' dir='ltr' id='par_1_67' title="bbox 236 3512 1855 3584">
     <span class='ocr_line' id='line_1_67' title="bbox 236 3512 1855 3584; baseline -0.001 -13"><span class='ocrx_word' id='word_1_503' title='bbox 236 3512 558 3584; x_wconf 86' lang='lat' dir='ltr'><strong>Scripturis</strong></span> <span class='ocrx_word' id='word_1_504' title='bbox 594 3512 761 3569; x_wconf 83' lang='lat' dir='ltr'><strong>fuerit</strong></span> <span class='ocrx_word' id='word_1_505' title='bbox 776 3513 1059 3583; x_wconf 77' lang='lat' dir='ltr'><strong>eruditus,</strong></span> <span class='ocrx_word' id='word_1_506' title='bbox 1097 3522 1151 3570; x_wconf 91' lang='lat' dir='ltr'><strong>et</strong></span> <span class='ocrx_word' id='word_1_507' title='bbox 1180 3513 1306 3577; x_wconf 86' lang='lat' dir='ltr'><strong>ideo</strong></span> <span class='ocrx_word' id='word_1_508' title='bbox 1333 3514 1541 3571; x_wconf 85' lang='lat' dir='ltr'><strong>dixerit</strong></span> <span class='ocrx_word' id='word_1_509' title='bbox 1569 3531 1694 3570; x_wconf 91' lang='lat' dir='ltr'><strong>eum</strong></span> <span class='ocrx_word' id='word_1_510' title='bbox 1727 3531 1855 3569; x_wconf 92' lang='lat' dir='ltr'><strong>mo-</strong></span> 
     </span>
    </p>
   </div>
   <div class='ocr_carea' id='block_1_68' title="bbox 238 3600 1858 3660">
    <p class='ocr_par' dir='ltr' id='par_1_68' title="bbox 238 3600 1858 3660">
     <span class='ocr_line' id='line_1_68' title="bbox 238 3600 1858 3660; baseline -0.002 0"><span class='ocrx_word' id='word_1_511' title='bbox 238 3601 442 3660; x_wconf 87' lang='lat' dir='ltr'><strong>dicam</strong></span> <span class='ocrx_word' id='word_1_512' title='bbox 492 3600 750 3657; x_wconf 87' lang='lat' dir='ltr'><strong>habuisse</strong></span> <span class='ocrx_word' id='word_1_513' title='bbox 801 3602 1065 3658; x_wconf 88' lang='lat' dir='ltr'><strong>virtutem</strong></span> <span class='ocrx_word' id='word_1_514' title='bbox 1110 3601 1179 3658; x_wconf 91' lang='lat' dir='ltr'><strong>ad</strong></span> <span class='ocrx_word' id='word_1_515' title='bbox 1214 3604 1578 3659; x_wconf 89' lang='lat' dir='ltr'><strong>revincendos</strong></span> <span class='ocrx_word' id='word_1_516' title='bbox 1601 3601 1858 3659; x_wconf 89' lang='lat' dir='ltr'><strong>videlicet</strong></span> 
     </span>
    </p>
   </div>
   <div class='ocr_carea' id='block_1_69' title="bbox 242 3688 1860 3764">
    <p class='ocr_par' dir='ltr' id='par_1_69' title="bbox 242 3688 1860 3764">
     <span class='ocr_line' id='line_1_69' title="bbox 242 3688 1860 3764; baseline -0.001 -16"><span class='ocrx_word' id='word_1_517' title='bbox 242 3689 521 3748; x_wconf 86' lang='lat' dir='ltr'><strong>inimicos</strong></span> <span class='ocrx_word' id='word_1_518' title='bbox 548 3688 677 3746; x_wconf 90' lang='lat' dir='ltr'><strong>ﬁdei</strong></span> <span class='ocrx_word' id='word_1_519' title='bbox 709 3689 977 3746; x_wconf 89' lang='lat' dir='ltr'><strong>veritatis.</strong></span> <span class='ocrx_word' id='word_1_520' title='bbox 1009 3691 1082 3748; x_wconf 90' lang='lat' dir='ltr'><strong>Et</strong></span> <span class='ocrx_word' id='word_1_521' title='bbox 1124 3698 1205 3747; x_wconf 90' lang='lat' dir='ltr'><strong>est</strong></span> <span class='ocrx_word' id='word_1_522' title='bbox 1232 3707 1441 3748; x_wconf 89' lang='lat' dir='ltr'><strong>sensus:</strong></span> <span class='ocrx_word' id='word_1_523' title='bbox 1474 3691 1616 3760; x_wconf 87' lang='lat' dir='ltr'><strong>Quia</strong></span> <span class='ocrx_word' id='word_1_524' title='bbox 1640 3691 1699 3746; x_wconf 92' lang='lat' dir='ltr'><strong>in</strong></span> <span class='ocrx_word' id='word_1_525' title='bbox 1726 3707 1860 3764; x_wconf 89' lang='lat' dir='ltr'><strong>per-</strong></span> 
     </span>
    </p>
   </div>
   <div class='ocr_carea' id='block_1_70' title="bbox 242 3777 1858 3847">
    <p class='ocr_par' dir='ltr' id='par_1_70' title="bbox 242 3777 1858 3847">
     <span class='ocr_line' id='line_1_70' title="bbox 242 3777 1858 3847; baseline -0.002 -10"><span class='ocrx_word' id='word_1_526' title='bbox 242 3777 544 3837; x_wconf 79' lang='lat' dir='ltr'><strong>secutione</strong></span> <span class='ocrx_word' id='word_1_527' title='bbox 574 3785 832 3834; x_wconf 88' lang='lat' dir='ltr'><strong>constans</strong></span> <span class='ocrx_word' id='word_1_528' title='bbox 851 3778 1101 3847; x_wconf 83' lang='lat' dir='ltr'><strong>fuisti,et</strong></span> <span class='ocrx_word' id='word_1_529' title='bbox 1129 3781 1358 3836; x_wconf 88' lang='lat' dir='ltr'><strong>servasti</strong></span> <span class='ocrx_word' id='word_1_530' title='bbox 1388 3780 1619 3835; x_wconf 83' lang='lat' dir='ltr'><strong>verbum</strong></span> <span class='ocrx_word' id='word_1_531' title='bbox 1651 3795 1858 3845; x_wconf 88' lang='lat' dir='ltr'><strong>meum,</strong></span> 
     </span>
    </p>
   </div>
   <div class='ocr_carea' id='block_1_71' title="bbox 248 3868 1860 3943">
    <p class='ocr_par' dir='ltr' id='par_1_71' title="bbox 248 3868 1860 3943">
     <span class='ocr_line' id='line_1_71' title="bbox 248 3868 1860 3943; baseline -0.001 -16"><span class='ocrx_word' id='word_1_532' title='bbox 248 3869 321 3927; x_wconf 87' lang='lat' dir='ltr'><strong>id</strong></span> <span class='ocrx_word' id='word_1_533' title='bbox 349 3878 454 3936; x_wconf 88' lang='lat' dir='ltr'><strong>est,</strong></span> <span class='ocrx_word' id='word_1_534' title='bbox 488 3885 520 3923; x_wconf 96' lang='lat' dir='ltr'><strong>a</strong></span> <span class='ocrx_word' id='word_1_535' title='bbox 546 3868 937 3942; x_wconf 67' lang='lat' dir='ltr'><strong>praedicatione</strong></span> <span class='ocrx_word' id='word_1_536' title='bbox 964 3870 1119 3926; x_wconf 88' lang='lat' dir='ltr'><strong>verbi</strong></span> <span class='ocrx_word' id='word_1_537' title='bbox 1151 3871 1255 3927; x_wconf 90' lang='lat' dir='ltr'><strong>mei</strong></span> <span class='ocrx_word' id='word_1_538' title='bbox 1281 3887 1391 3927; x_wconf 90' lang='lat' dir='ltr'><strong>non</strong></span> <span class='ocrx_word' id='word_1_539' title='bbox 1421 3871 1738 3943; x_wconf 76' lang='lat' dir='ltr'><strong>cessasti,[et</strong></span> <span class='ocrx_word' id='word_1_540' title='bbox 1766 3886 1860 3926; x_wconf 93' lang='lat' dir='ltr'><strong>no-</strong></span> 
     </span>
    </p>
   </div>
   <div class='ocr_carea' id='block_1_72' title="bbox 252 3958 1862 4032">
    <p class='ocr_par' dir='ltr' id='par_1_72' title="bbox 252 3958 1862 4032">
     <span class='ocr_line' id='line_1_72' title="bbox 252 3958 1862 4032; baseline 0 -17"><span class='ocrx_word' id='word_1_541' title='bbox 252 3975 398 4015; x_wconf 89' lang='lat' dir='ltr'><strong>men</strong></span> <span class='ocrx_word' id='word_1_542' title='bbox 431 3974 612 4014; x_wconf 91' lang='lat' dir='ltr'><strong>meum</strong></span> <span class='ocrx_word' id='word_1_543' title='bbox 664 3973 775 4012; x_wconf 90' lang='lat' dir='ltr'><strong>non</strong></span> <span class='ocrx_word' id='word_1_544' title='bbox 814 3958 1046 4031; x_wconf 87' lang='lat' dir='ltr'><strong>negasti;</strong></span> <span class='ocrx_word' id='word_1_545' title='bbox 1080 3959 1203 4015; x_wconf 90' lang='lat' dir='ltr'><strong>ideo</strong></span> <span class='ocrx_word' id='word_1_546' title='bbox 1234 3960 1365 4032; x_wconf 89' lang='lat' dir='ltr'><strong>quia</strong></span> <span class='ocrx_word' id='word_1_547' title='bbox 1391 3959 1664 4016; x_wconf 89' lang='lat' dir='ltr'><strong>modicam</strong></span> <span class='ocrx_word' id='word_1_548' title='bbox 1696 3960 1862 4016; x_wconf 90' lang='lat' dir='ltr'><strong>habes</strong></span> 
     </span>
    </p>
   </div>
   <div class='ocr_carea' id='block_1_73' title="bbox 251 4047 1864 4123">
    <p class='ocr_par' dir='ltr' id='par_1_73' title="bbox 251 4047 1864 4123">
     <span class='ocr_line' id='line_1_73' title="bbox 251 4047 1864 4123; baseline 0.001 -18"><span class='ocrx_word' id='word_1_549' title='bbox 251 4049 558 4117; x_wconf 79' lang='lat' dir='ltr'><strong>virtutem,</strong></span> <span class='ocrx_word' id='word_1_550' title='bbox 588 4047 714 4105; x_wconf 88' lang='lat' dir='ltr'><strong>dedi</strong></span> <span class='ocrx_word' id='word_1_551' title='bbox 756 4065 940 4106; x_wconf 91' lang='lat' dir='ltr'><strong>coram</strong></span> <span class='ocrx_word' id='word_1_552' title='bbox 971 4057 1025 4106; x_wconf 92' lang='lat' dir='ltr'><strong>te</strong></span> <span class='ocrx_word' id='word_1_553' title='bbox 1055 4052 1258 4107; x_wconf 87' lang='lat' dir='ltr'><strong>ostium</strong></span> <span class='ocrx_word' id='word_1_554' title='bbox 1288 4060 1536 4123; x_wconf 89' lang='lat' dir='ltr'><strong>apertum</strong></span> <span class='ocrx_word' id='word_1_555' title='bbox 1566 4051 1623 4106; x_wconf 90' lang='lat' dir='ltr'><strong>in</strong></span> <span class='ocrx_word' id='word_1_556' title='bbox 1654 4050 1864 4107; x_wconf 88' lang='lat' dir='ltr'><strong>divinis</strong></span> 
     </span>
    </p>
   </div>
   <div class='ocr_carea' id='block_1_74' title="bbox 250 4140 1865 4214">
    <p class='ocr_par' dir='ltr' id='par_1_74' title="bbox 250 4140 1865 4214">
     <span class='ocr_line' id='line_1_74' title="bbox 250 4140 1865 4214; baseline -0.001 -17"><span class='ocrx_word' id='word_1_557' title='bbox 250 4140 587 4211; x_wconf 87' lang='lat' dir='ltr'><strong>Scripturis,</strong></span> <span class='ocrx_word' id='word_1_558' title='bbox 638 4149 701 4197; x_wconf 91' lang='lat' dir='ltr'><strong>ut</strong></span> <span class='ocrx_word' id='word_1_559' title='bbox 757 4140 1037 4214; x_wconf 83' lang='lat' dir='ltr'><strong>intelligas</strong></span> <span class='ocrx_word' id='word_1_560' title='bbox 1066 4142 1331 4214; x_wconf 88' lang='lat' dir='ltr'><strong>mysteria</strong></span> <span class='ocrx_word' id='word_1_561' title='bbox 1358 4143 1676 4198; x_wconf 89' lang='lat' dir='ltr'><strong>divinarum</strong></span> <span class='ocrx_word' id='word_1_562' title='bbox 1707 4141 1865 4199; x_wconf 91' lang='lat' dir='ltr'><strong>Scri-</strong></span> 
     </span>
    </p>
   </div>
   <div class='ocr_carea' id='block_1_75' title="bbox 252 4229 1866 4305">
    <p class='ocr_par' dir='ltr' id='par_1_75' title="bbox 252 4229 1866 4305">
     <span class='ocr_line' id='line_1_75' title="bbox 252 4229 1866 4305; baseline 0.002 -19"><span class='ocrx_word' id='word_1_563' title='bbox 252 4238 559 4305; x_wconf 86' lang='lat' dir='ltr'><strong>pturarum</strong></span> <span class='ocrx_word' id='word_1_564' title='bbox 586 4249 598 4287; x_wconf 91' lang='lat'><strong>:</strong></span> <span class='ocrx_word' id='word_1_565' title='bbox 632 4229 780 4303; x_wconf 91' lang='lat' dir='ltr'><strong>quod</strong></span> <span class='ocrx_word' id='word_1_566' title='bbox 811 4248 975 4288; x_wconf 90' lang='lat' dir='ltr'><strong>nemo</strong></span> <span class='ocrx_word' id='word_1_567' title='bbox 1003 4234 1206 4305; x_wconf 89' lang='lat' dir='ltr'><strong>poterit</strong></span> <span class='ocrx_word' id='word_1_568' title='bbox 1241 4231 1515 4302; x_wconf 88' lang='lat' dir='ltr'><strong>claudere,</strong></span> <span class='ocrx_word' id='word_1_569' title='bbox 1548 4234 1604 4289; x_wconf 91' lang='lat' dir='ltr'><strong>id</strong></span> <span class='ocrx_word' id='word_1_570' title='bbox 1634 4238 1733 4301; x_wconf 90' lang='lat' dir='ltr'><strong>est,</strong></span> <span class='ocrx_word' id='word_1_571' title='bbox 1764 4249 1866 4289; x_wconf 85' lang='lat' dir='ltr'><strong>sa-</strong></span> 
     </span>
    </p>
   </div>
   <div class='ocr_carea' id='block_1_76' title="bbox 255 4318 1867 4394">
    <p class='ocr_par' dir='ltr' id='par_1_76' title="bbox 255 4318 1867 4394">
     <span class='ocr_line' id='line_1_76' title="bbox 255 4318 1867 4394; baseline 0.002 -19"><span class='ocrx_word' id='word_1_572' title='bbox 255 4318 496 4394; x_wconf 72' lang='lat' dir='ltr'><strong>pientiae</strong></span> <span class='ocrx_word' id='word_1_573' title='bbox 554 4334 674 4391; x_wconf 69' lang='lat' dir='ltr'><strong>quae</strong></span> <span class='ocrx_word' id='word_1_574' title='bbox 728 4319 831 4377; x_wconf 88' lang='lat' dir='ltr'><strong>tibi</strong></span> <span class='ocrx_word' id='word_1_575' title='bbox 869 4320 1113 4391; x_wconf 88' lang='lat' dir='ltr'><strong>dabitur,</strong></span> <span class='ocrx_word' id='word_1_576' title='bbox 1158 4323 1347 4378; x_wconf 90' lang='lat' dir='ltr'><strong>nullus</strong></span> <span class='ocrx_word' id='word_1_577' title='bbox 1385 4322 1587 4394; x_wconf 89' lang='lat' dir='ltr'><strong>poterit</strong></span> <span class='ocrx_word' id='word_1_578' title='bbox 1616 4323 1867 4378; x_wconf 87' lang='lat' dir='ltr'><strong>resistere</strong></span> 
     </span>
    </p>
   </div>
   <div class='ocr_carea' id='block_1_77' title="bbox 255 4424 648 4468">
    <p class='ocr_par' dir='ltr' id='par_1_77' title="bbox 255 4424 648 4468">
     <span class='ocr_line' id='line_1_77' title="bbox 255 4424 648 4468; baseline -0.01 0"><span class='ocrx_word' id='word_1_579' title='bbox 255 4424 625 4468; x_wconf 59' lang='lat'><strong>&quot;11111100111111</strong></span> <span class='ocrx_word' id='word_1_580' title='bbox 637 4451 648 4464; x_wconf 88' lang='lat'><strong>.</strong></span> 
     </span>
    </p>
   </div>
   <div class='ocr_carea' id='block_1_78' title="bbox 1960 3240 3564 3315">
    <p class='ocr_par' dir='ltr' id='par_1_78' title="bbox 1960 3240 3564 3315">
     <span class='ocr_line' id='line_1_78' title="bbox 1960 3240 3564 3315; baseline 0.003 -21"><span class='ocrx_word' id='word_1_581' title='bbox 1960 3240 2255 3310; x_wconf 83' lang='lat' dir='ltr'><strong>egredietur</strong></span> <span class='ocrx_word' id='word_1_582' title='bbox 2289 3240 2558 3313; x_wconf 85' lang='lat' dir='ltr'><strong>amplius;</strong></span> <span class='ocrx_word' id='word_1_583' title='bbox 2607 3258 2719 3298; x_wconf 90' lang='lat' dir='ltr'><strong>non</strong></span> <span class='ocrx_word' id='word_1_584' title='bbox 2757 3241 2826 3298; x_wconf 90' lang='lat' dir='ltr'><strong>ad</strong></span> <span class='ocrx_word' id='word_1_585' title='bbox 2864 3250 3187 3315; x_wconf 63' lang='lat' dir='ltr'><strong>praesentem</strong></span> <span class='ocrx_word' id='word_1_586' title='bbox 3235 3244 3564 3309; x_wconf 87' lang='lat' dir='ltr'><strong>Ecclesiam,</strong></span> 
     </span>
    </p>
   </div>
   <div class='ocr_carea' id='block_1_79' title="bbox 1962 3328 3558 3403">
    <p class='ocr_par' dir='ltr' id='par_1_79' title="bbox 1962 3328 3558 3403">
     <span class='ocr_line' id='line_1_79' title="bbox 1962 3328 3558 3403; baseline 0.002 -19"><span class='ocrx_word' id='word_1_587' title='bbox 1962 3329 2057 3385; x_wconf 89' lang='lat' dir='ltr'><strong>sed</strong></span> <span class='ocrx_word' id='word_1_588' title='bbox 2095 3328 2163 3385; x_wconf 90' lang='lat' dir='ltr'><strong>ad</strong></span> <span class='ocrx_word' id='word_1_589' title='bbox 2193 3330 2470 3387; x_wconf 80' lang='lat' dir='ltr'><strong>caelestem</strong></span> <span class='ocrx_word' id='word_1_590' title='bbox 2516 3330 2790 3403; x_wconf 89' lang='lat' dir='ltr'><strong>pertinere</strong></span> <span class='ocrx_word' id='word_1_591' title='bbox 2833 3330 2977 3389; x_wconf 90' lang='lat' dir='ltr'><strong>hanc</strong></span> <span class='ocrx_word' id='word_1_592' title='bbox 3022 3333 3374 3389; x_wconf 91' lang='lat' dir='ltr'><strong>sententiam.</strong></span> <span class='ocrx_word' id='word_1_593' title='bbox 3419 3332 3558 3388; x_wconf 91' lang='lat' dir='ltr'><strong>Nam</strong></span> 
     </span>
    </p>
   </div>
   <div class='ocr_carea' id='block_1_80' title="bbox 1964 3418 3563 3494">
    <p class='ocr_par' dir='ltr' id='par_1_80' title="bbox 1964 3418 3563 3494">
     <span class='ocr_line' id='line_1_80' title="bbox 1964 3418 3563 3494; baseline 0.004 -19"><span class='ocrx_word' id='word_1_594' title='bbox 1964 3418 2123 3475; x_wconf 90' lang='lat' dir='ltr'><strong>multi</strong></span> <span class='ocrx_word' id='word_1_595' title='bbox 2152 3419 2398 3490; x_wconf 85' lang='lat' dir='ltr'><strong>fuerunt,</strong></span> <span class='ocrx_word' id='word_1_596' title='bbox 2434 3422 2530 3494; x_wconf 91' lang='lat' dir='ltr'><strong>qui</strong></span> <span class='ocrx_word' id='word_1_597' title='bbox 2578 3423 2854 3479; x_wconf 61' lang='lat' dir='ltr'><strong>columnae</strong></span> <span class='ocrx_word' id='word_1_598' title='bbox 2902 3422 3162 3479; x_wconf 63' lang='lat' dir='ltr'><strong>Ecclesia:</strong></span> <span class='ocrx_word' id='word_1_599' title='bbox 3198 3421 3563 3481; x_wconf 90' lang='lat' dir='ltr'><strong>dicebantur:</strong></span> 
     </span>
    </p>
   </div>
   <div class='ocr_carea' id='block_1_81' title="bbox 1964 3508 3567 3582">
    <p class='ocr_par' dir='ltr' id='par_1_81' title="bbox 1964 3508 3567 3582">
     <span class='ocr_line' id='line_1_81' title="bbox 1964 3508 3567 3582; baseline 0.004 -20"><span class='ocrx_word' id='word_1_600' title='bbox 1964 3508 2057 3563; x_wconf 90' lang='lat' dir='ltr'><strong>sed</strong></span> <span class='ocrx_word' id='word_1_601' title='bbox 2089 3516 2313 3581; x_wconf 86' lang='lat' dir='ltr'><strong>propter</strong></span> <span class='ocrx_word' id='word_1_602' title='bbox 2366 3526 2588 3582; x_wconf 90' lang='lat' dir='ltr'><strong>pravam</strong></span> <span class='ocrx_word' id='word_1_603' title='bbox 2627 3510 2936 3568; x_wconf 90' lang='lat' dir='ltr'><strong>doctrinam</strong></span> <span class='ocrx_word' id='word_1_604' title='bbox 2975 3528 3187 3581; x_wconf 89' lang='lat' dir='ltr'><strong>eorum,</strong></span> <span class='ocrx_word' id='word_1_605' title='bbox 3222 3512 3291 3569; x_wconf 89' lang='lat' dir='ltr'><strong>ab</strong></span> <span class='ocrx_word' id='word_1_606' title='bbox 3318 3529 3382 3569; x_wconf 91' lang='lat' dir='ltr'><strong>ea</strong></span> <span class='ocrx_word' id='word_1_607' title='bbox 3402 3513 3567 3570; x_wconf 83' lang='lat' dir='ltr'><strong>exie-</strong></span> 
     </span>
    </p>
   </div>
   <div class='ocr_carea' id='block_1_82' title="bbox 1966 3601 3567 3675">
    <p class='ocr_par' dir='ltr' id='par_1_82' title="bbox 1966 3601 3567 3675">
     <span class='ocr_line' id='line_1_82' title="bbox 1966 3601 3567 3675; baseline 0.001 -18"><span class='ocrx_word' id='word_1_608' title='bbox 1966 3608 2118 3668; x_wconf 89' lang='lat' dir='ltr'><strong>runt,</strong></span> <span class='ocrx_word' id='word_1_609' title='bbox 2168 3602 2312 3659; x_wconf 90' lang='lat' dir='ltr'><strong>sicut</strong></span> <span class='ocrx_word' id='word_1_610' title='bbox 2353 3602 2462 3659; x_wconf 88' lang='lat' dir='ltr'><strong>fuit</strong></span> <span class='ocrx_word' id='word_1_611' title='bbox 2490 3601 2779 3675; x_wconf 88' lang='lat' dir='ltr'><strong>Origenes,</strong></span> <span class='ocrx_word' id='word_1_612' title='bbox 2830 3612 2883 3660; x_wconf 88' lang='lat' dir='ltr'><strong>et</strong></span> <span class='ocrx_word' id='word_1_613' title='bbox 2917 3602 3013 3659; x_wconf 89' lang='lat' dir='ltr'><strong>alii</strong></span> <span class='ocrx_word' id='word_1_614' title='bbox 3040 3603 3223 3659; x_wconf 90' lang='lat' dir='ltr'><strong>multi.</strong></span> <span class='ocrx_word' id='word_1_615' title='bbox 3272 3603 3375 3659; x_wconf 91' lang='lat' dir='ltr'><strong>Per</strong></span> <span class='ocrx_word' id='word_1_616' title='bbox 3413 3610 3567 3659; x_wconf 89' lang='lat' dir='ltr'><strong>tem-</strong></span> 
     </span>
    </p>
   </div>
   <div class='ocr_carea' id='block_1_83' title="bbox 1967 3694 3571 3769">
    <p class='ocr_par' dir='ltr' id='par_1_83' title="bbox 1967 3694 3571 3769">
     <span class='ocr_line' id='line_1_83' title="bbox 1967 3694 3571 3769; baseline 0.001 -20"><span class='ocrx_word' id='word_1_617' title='bbox 1967 3694 2119 3766; x_wconf 93' lang='lat' dir='ltr'><strong>plum</strong></span> <span class='ocrx_word' id='word_1_618' title='bbox 2161 3711 2289 3767; x_wconf 90' lang='lat' dir='ltr'><strong>ergo</strong></span> <span class='ocrx_word' id='word_1_619' title='bbox 2319 3694 2559 3752; x_wconf 72' lang='lat' dir='ltr'><strong>caelestis</strong></span> <span class='ocrx_word' id='word_1_620' title='bbox 2606 3694 2897 3765; x_wconf 90' lang='lat' dir='ltr'><strong>habitatio,</strong></span> <span class='ocrx_word' id='word_1_621' title='bbox 2938 3712 3037 3769; x_wconf 92' lang='lat' dir='ltr'><strong>per</strong></span> <span class='ocrx_word' id='word_1_622' title='bbox 3075 3697 3390 3754; x_wconf 91' lang='lat' dir='ltr'><strong>columnam</strong></span> <span class='ocrx_word' id='word_1_623' title='bbox 3440 3711 3571 3752; x_wconf 91' lang='lat' dir='ltr'><strong>vero</strong></span> 
     </span>
    </p>
   </div>
   <div class='ocr_carea' id='block_1_84' title="bbox 1969 3784 3573 3860">
    <p class='ocr_par' dir='ltr' id='par_1_84' title="bbox 1969 3784 3573 3860">
     <span class='ocr_line' id='line_1_84' title="bbox 1969 3784 3573 3860; baseline 0.001 -21"><span class='ocrx_word' id='word_1_624' title='bbox 1969 3784 2347 3858; x_wconf 88' lang='lat' dir='ltr'><strong>unusquisque</strong></span> <span class='ocrx_word' id='word_1_625' title='bbox 2380 3786 2588 3841; x_wconf 90' lang='lat' dir='ltr'><strong>electus</strong></span> <span class='ocrx_word' id='word_1_626' title='bbox 2621 3794 2800 3856; x_wconf 88' lang='lat' dir='ltr'><strong>potest</strong></span> <span class='ocrx_word' id='word_1_627' title='bbox 2836 3786 3134 3859; x_wconf 87' lang='lat' dir='ltr'><strong>designari.</strong></span> <span class='ocrx_word' id='word_1_628' title='bbox 3174 3788 3320 3860; x_wconf 89' lang='lat' dir='ltr'><strong>Ergo</strong></span> <span class='ocrx_word' id='word_1_629' title='bbox 3350 3788 3446 3860; x_wconf 92' lang='lat' dir='ltr'><strong>qui</strong></span> <span class='ocrx_word' id='word_1_630' title='bbox 3475 3787 3573 3841; x_wconf 90' lang='lat' dir='ltr'><strong>vi-</strong></span> 
     </span>
    </p>
   </div>
   <div class='ocr_carea' id='block_1_85' title="bbox 1969 3876 3572 3949">
    <p class='ocr_par' dir='ltr' id='par_1_85' title="bbox 1969 3876 3572 3949">
     <span class='ocr_line' id='line_1_85' title="bbox 1969 3876 3572 3949; baseline 0.001 -18"><span class='ocrx_word' id='word_1_631' title='bbox 1969 3876 2106 3931; x_wconf 90' lang='lat' dir='ltr'><strong>cerit</strong></span> <span class='ocrx_word' id='word_1_632' title='bbox 2152 3877 2338 3932; x_wconf 89' lang='lat' dir='ltr'><strong>omnia</strong></span> <span class='ocrx_word' id='word_1_633' title='bbox 2366 3883 2707 3933; x_wconf 89' lang='lat' dir='ltr'><strong>tentamenta</strong></span> <span class='ocrx_word' id='word_1_634' title='bbox 2742 3876 3018 3933; x_wconf 89' lang='lat' dir='ltr'><strong>diabolica</strong></span> <span class='ocrx_word' id='word_1_635' title='bbox 3045 3893 3344 3949; x_wconf 89' lang='lat' dir='ltr'><strong>omnesque</strong></span> <span class='ocrx_word' id='word_1_636' title='bbox 3370 3893 3572 3934; x_wconf 89' lang='lat' dir='ltr'><strong>carna-</strong></span> 
     </span>
    </p>
   </div>
   <div class='ocr_carea' id='block_1_86' title="bbox 1970 3963 3571 4038">
    <p class='ocr_par' dir='ltr' id='par_1_86' title="bbox 1970 3963 3571 4038">
     <span class='ocr_line' id='line_1_86' title="bbox 1970 3963 3571 4038; baseline 0.001 -20"><span class='ocrx_word' id='word_1_637' title='bbox 1970 3963 2049 4019; x_wconf 90' lang='lat' dir='ltr'><strong>les</strong></span> <span class='ocrx_word' id='word_1_638' title='bbox 2079 3965 2407 4036; x_wconf 85' lang='lat' dir='ltr'><strong>voluptates,</strong></span> <span class='ocrx_word' id='word_1_639' title='bbox 2452 3965 2718 4021; x_wconf 88' lang='lat' dir='ltr'><strong>columna</strong></span> <span class='ocrx_word' id='word_1_640' title='bbox 2755 3966 2814 4020; x_wconf 91' lang='lat' dir='ltr'><strong>in</strong></span> <span class='ocrx_word' id='word_1_641' title='bbox 2857 3966 3062 4038; x_wconf 91' lang='lat' dir='ltr'><strong>templo</strong></span> <span class='ocrx_word' id='word_1_642' title='bbox 3090 3966 3188 4021; x_wconf 90' lang='lat' dir='ltr'><strong>Dei</strong></span> <span class='ocrx_word' id='word_1_643' title='bbox 3226 3965 3481 4033; x_wconf 85' lang='lat' dir='ltr'><strong>eﬂicitur,</strong></span> <span class='ocrx_word' id='word_1_644' title='bbox 3514 3964 3571 4020; x_wconf 90' lang='lat' dir='ltr'><strong>id</strong></span> 
     </span>
    </p>
   </div>
   <div class='ocr_carea' id='block_1_87' title="bbox 1972 4053 3570 4121">
    <p class='ocr_par' dir='ltr' id='par_1_87' title="bbox 1972 4053 3570 4121">
     <span class='ocr_line' id='line_1_87' title="bbox 1972 4053 3570 4121; baseline -0.001 -14"><span class='ocrx_word' id='word_1_645' title='bbox 1972 4062 2082 4121; x_wconf 90' lang='lat' dir='ltr'><strong>est,</strong></span> <span class='ocrx_word' id='word_1_646' title='bbox 2123 4053 2182 4108; x_wconf 89' lang='lat' dir='ltr'><strong>in</strong></span> <span class='ocrx_word' id='word_1_647' title='bbox 2228 4054 2440 4111; x_wconf 77' lang='lat' dir='ltr'><strong>caelesti</strong></span> <span class='ocrx_word' id='word_1_648' title='bbox 2484 4053 2867 4110; x_wconf 86' lang='lat' dir='ltr'><strong>beatitudine:</strong></span> <span class='ocrx_word' id='word_1_649' title='bbox 2917 4062 2972 4110; x_wconf 90' lang='lat' dir='ltr'><strong>et</strong></span> <span class='ocrx_word' id='word_1_650' title='bbox 3017 4055 3160 4109; x_wconf 88' lang='lat' dir='ltr'><strong>sicut</strong></span> <span class='ocrx_word' id='word_1_651' title='bbox 3207 4054 3465 4108; x_wconf 89' lang='lat' dir='ltr'><strong>columna</strong></span> <span class='ocrx_word' id='word_1_652' title='bbox 3512 4053 3570 4107; x_wconf 90' lang='lat' dir='ltr'><strong>in</strong></span> 
     </span>
    </p>
   </div>
   <div class='ocr_carea' id='block_1_88' title="bbox 1973 4142 3569 4215">
    <p class='ocr_par' dir='ltr' id='par_1_88' title="bbox 1973 4142 3569 4215">
     <span class='ocr_line' id='line_1_88' title="bbox 1973 4142 3569 4215; baseline 0 -18"><span class='ocrx_word' id='word_1_653' title='bbox 1973 4142 2112 4210; x_wconf 89' lang='lat' dir='ltr'><strong>loco,</strong></span> <span class='ocrx_word' id='word_1_654' title='bbox 2144 4143 2202 4198; x_wconf 91' lang='lat' dir='ltr'><strong>in</strong></span> <span class='ocrx_word' id='word_1_655' title='bbox 2230 4159 2339 4215; x_wconf 92' lang='lat' dir='ltr'><strong>quo</strong></span> <span class='ocrx_word' id='word_1_656' title='bbox 2363 4144 2969 4212; x_wconf 87' lang='lat' dir='ltr'><strong>statuitur,ﬁrmissima</strong></span> <span class='ocrx_word' id='word_1_657' title='bbox 2988 4142 3286 4198; x_wconf 89' lang='lat' dir='ltr'><strong>stabilitate</strong></span> <span class='ocrx_word' id='word_1_658' title='bbox 3317 4142 3434 4213; x_wconf 78' lang='grc'><strong>(21)</strong></span> <span class='ocrx_word' id='word_1_659' title='bbox 3453 4157 3569 4213; x_wconf 87' lang='lat' dir='ltr'><strong>per-</strong></span> 
     </span>
    </p>
   </div>
   <div class='ocr_carea' id='block_1_89' title="bbox 1973 4232 3573 4307">
    <p class='ocr_par' dir='ltr' id='par_1_89' title="bbox 1973 4232 3573 4307">
     <span class='ocr_line' id='line_1_89' title="bbox 1973 4232 3573 4307; baseline -0.001 -18"><span class='ocrx_word' id='word_1_660' title='bbox 1973 4241 2205 4303; x_wconf 89' lang='lat' dir='ltr'><strong>severat,</strong></span> <span class='ocrx_word' id='word_1_661' title='bbox 2242 4235 2318 4289; x_wconf 90' lang='lat' dir='ltr'><strong>ita</strong></span> <span class='ocrx_word' id='word_1_662' title='bbox 2355 4242 2410 4290; x_wconf 89' lang='lat' dir='ltr'><strong>et</strong></span> <span class='ocrx_word' id='word_1_663' title='bbox 2438 4233 2822 4307; x_wconf 90' lang='lat' dir='ltr'><strong>unusquisque</strong></span> <span class='ocrx_word' id='word_1_664' title='bbox 2863 4233 3072 4289; x_wconf 90' lang='lat' dir='ltr'><strong>electus</strong></span> <span class='ocrx_word' id='word_1_665' title='bbox 3105 4232 3161 4287; x_wconf 91' lang='lat' dir='ltr'><strong>in</strong></span> <span class='ocrx_word' id='word_1_666' title='bbox 3188 4232 3396 4288; x_wconf 69' lang='lat' dir='ltr'><strong>caelesti</strong></span> <span class='ocrx_word' id='word_1_667' title='bbox 3434 4233 3573 4288; x_wconf 89' lang='lat' dir='ltr'><strong>bea—</strong></span> 
     </span>
    </p>
   </div>
   <div class='ocr_carea' id='block_1_90' title="bbox 1973 4321 3570 4379">
    <p class='ocr_par' dir='ltr' id='par_1_90' title="bbox 1973 4321 3570 4379">
     <span class='ocr_line' id='line_1_90' title="bbox 1973 4321 3570 4379; baseline -0.001 -1"><span class='ocrx_word' id='word_1_668' title='bbox 1973 4321 2213 4379; x_wconf 89' lang='lat' dir='ltr'><strong>titudine</strong></span> <span class='ocrx_word' id='word_1_669' title='bbox 2258 4330 2369 4378; x_wconf 90' lang='lat' dir='ltr'><strong>tam</strong></span> <span class='ocrx_word' id='word_1_670' title='bbox 2410 4323 2788 4378; x_wconf 88' lang='lat' dir='ltr'><strong>ﬁrmissimam</strong></span> <span class='ocrx_word' id='word_1_671' title='bbox 2834 4321 3193 4378; x_wconf 88' lang='lat' dir='ltr'><strong>stabilitatem</strong></span> <span class='ocrx_word' id='word_1_672' title='bbox 3244 4338 3276 4376; x_wconf 94' lang='lat' dir='ltr'><strong>a</strong></span> <span class='ocrx_word' id='word_1_673' title='bbox 3325 4328 3570 4378; x_wconf 88' lang='lat' dir='ltr'><strong>creatore</strong></span> 
     </span>
    </p>
   </div>
   <div class='ocr_carea' id='block_1_91' title="bbox 1975 4409 3569 4485">
    <p class='ocr_par' dir='ltr' id='par_1_91' title="bbox 1975 4409 3569 4485">
     <span class='ocr_line' id='line_1_91' title="bbox 1975 4409 3569 4485; baseline -0.003 -15"><span class='ocrx_word' id='word_1_674' title='bbox 1975 4431 2074 4471; x_wconf 91' lang='lat' dir='ltr'><strong>suo</strong></span> <span class='ocrx_word' id='word_1_675' title='bbox 2120 4411 2497 4485; x_wconf 89' lang='lat' dir='ltr'><strong>consequitur,</strong></span> <span class='ocrx_word' id='word_1_676' title='bbox 2562 4417 2623 4466; x_wconf 89' lang='lat' dir='ltr'><strong>ut</strong></span> <span class='ocrx_word' id='word_1_677' title='bbox 2668 4426 2949 4482; x_wconf 87' lang='lat' dir='ltr'><strong>nunquam</strong></span> <span class='ocrx_word' id='word_1_678' title='bbox 3011 4410 3079 4465; x_wconf 92' lang='lat' dir='ltr'><strong>ab</strong></span> <span class='ocrx_word' id='word_1_679' title='bbox 3125 4426 3188 4465; x_wconf 90' lang='lat' dir='ltr'><strong>ea</strong></span> <span class='ocrx_word' id='word_1_680' title='bbox 3233 4409 3569 4477; x_wconf 90' lang='lat' dir='ltr'><strong>divellatur;</strong></span> 
     </span>
    </p>
   </div>
   <div class='ocr_carea' id='block_1_92' title="bbox 337 4500 3578 4589">
    <p class='ocr_par' dir='ltr' id='par_1_92' title="bbox 337 4500 3578 4589">
     <span class='ocr_line' id='line_1_92' title="bbox 337 4500 3578 4589; baseline -0.003 -21"><span class='ocrx_word' id='word_1_681' title='bbox 337 4514 525 4582; x_wconf 72' lang='lat' dir='ltr'><strong>(Vers.</strong></span> <span class='ocrx_word' id='word_1_682' title='bbox 558 4515 641 4585; x_wconf 89' lang='lat'><strong>9.)</strong></span> <span class='ocrx_word' id='word_1_683' title='bbox 682 4516 816 4571; x_wconf 83' lang='lat' dir='ltr'><strong>Ecce</strong></span> <span class='ocrx_word' id='word_1_684' title='bbox 851 4514 985 4571; x_wconf 80' lang='lat' dir='ltr'><strong>dabo</strong></span> <span class='ocrx_word' id='word_1_685' title='bbox 1015 4515 1077 4572; x_wconf 81' lang='lat' dir='ltr'><strong>de</strong></span> <span class='ocrx_word' id='word_1_686' title='bbox 1103 4532 1365 4589; x_wconf 72' lang='lat' dir='ltr'><strong>synagoga</strong></span> <span class='ocrx_word' id='word_1_687' title='bbox 1397 4517 1628 4587; x_wconf 67' lang='grc' dir='ltr'><strong>εαιαηω,</strong></span> <span class='ocrx_word' id='word_1_688' title='bbox 1656 4518 1749 4589; x_wconf 70' lang='lat' dir='ltr'><strong>qui</strong></span> <span class='ocrx_word' id='word_1_689' title='bbox 1775 4519 1870 4574; x_wconf 73' lang='grc' dir='ltr'><strong>ἀί..</strong></span> <span class='ocrx_word' id='word_1_690' title='bbox 1896 4517 1946 4576; x_wconf 86' lang='lat'><strong>1)</strong></span> <span class='ocrx_word' id='word_1_691' title='bbox 1976 4504 2438 4580; x_wconf 89' lang='lat' dir='ltr'><strong>quemadmodum</strong></span> <span class='ocrx_word' id='word_1_692' title='bbox 2468 4504 2696 4559; x_wconf 89' lang='lat' dir='ltr'><strong>avulsus</strong></span> <span class='ocrx_word' id='word_1_693' title='bbox 2724 4510 2806 4559; x_wconf 90' lang='lat' dir='ltr'><strong>est</strong></span> <span class='ocrx_word' id='word_1_694' title='bbox 2835 4501 3109 4570; x_wconf 89' lang='lat' dir='ltr'><strong>diabolus,</strong></span> <span class='ocrx_word' id='word_1_695' title='bbox 3142 4500 3239 4575; x_wconf 89' lang='lat' dir='ltr'><strong>qui</strong></span> <span class='ocrx_word' id='word_1_696' title='bbox 3270 4502 3339 4559; x_wconf 91' lang='lat' dir='ltr'><strong>de</strong></span> <span class='ocrx_word' id='word_1_697' title='bbox 3368 4501 3578 4559; x_wconf 73' lang='lat' dir='ltr'><strong>caelesti</strong></span> 
     </span>
    </p>
   </div>
   <div class='ocr_carea' id='block_1_93' title="bbox 253 4603 1866 4676">
    <p class='ocr_par' dir='ltr' id='par_1_93' title="bbox 253 4603 1866 4676">
     <span class='ocr_line' id='line_1_93' title="bbox 253 4603 1866 4676; baseline 0.003 -17"><span class='ocrx_word' id='word_1_698' title='bbox 253 4609 394 4659; x_wconf 85' lang='lat' dir='ltr'><strong>cunt</strong></span> <span class='ocrx_word' id='word_1_699' title='bbox 426 4620 479 4658; x_wconf 90' lang='lat' dir='ltr'><strong>se</strong></span> <span class='ocrx_word' id='word_1_700' title='bbox 539 4603 750 4659; x_wconf 66' lang='lat' dir='ltr'><strong>Iudaeos</strong></span> <span class='ocrx_word' id='word_1_701' title='bbox 803 4621 927 4674; x_wconf 88' lang='lat' dir='ltr'><strong>esse,</strong></span> <span class='ocrx_word' id='word_1_702' title='bbox 987 4612 1036 4661; x_wconf 87' lang='lat' dir='ltr'><strong>et</strong></span> <span class='ocrx_word' id='word_1_703' title='bbox 1085 4624 1189 4661; x_wconf 87' lang='lat' dir='ltr'><strong>non</strong></span> <span class='ocrx_word' id='word_1_704' title='bbox 1236 4614 1377 4676; x_wconf 88' lang='lat' dir='ltr'><strong>sunt,</strong></span> <span class='ocrx_word' id='word_1_705' title='bbox 1410 4609 1499 4663; x_wconf 90' lang='lat' dir='ltr'><strong>sed</strong></span> <span class='ocrx_word' id='word_1_706' title='bbox 1522 4610 1866 4666; x_wconf 87' lang='lat' dir='ltr'><strong>mentiuntur.</strong></span> 
     </span>
    </p>
   </div>
   <div class='ocr_carea' id='block_1_94' title="bbox 257 4693 1872 4772">
    <p class='ocr_par' dir='ltr' id='par_1_94' title="bbox 257 4693 1872 4772">
     <span class='ocr_line' id='line_1_94' title="bbox 257 4693 1872 4772; baseline 0.002 -20"><span class='ocrx_word' id='word_1_707' title='bbox 257 4697 407 4752; x_wconf 81' lang='lat' dir='ltr'><strong>Ecce</strong></span> <span class='ocrx_word' id='word_1_708' title='bbox 446 4693 580 4749; x_wconf 86' lang='lat' dir='ltr'><strong>dabo</strong></span> <span class='ocrx_word' id='word_1_709' title='bbox 627 4694 690 4749; x_wconf 90' lang='lat' dir='ltr'><strong>de</strong></span> <span class='ocrx_word' id='word_1_710' title='bbox 738 4712 1001 4767; x_wconf 85' lang='lat' dir='ltr'><strong>synagoga</strong></span> <span class='ocrx_word' id='word_1_711' title='bbox 1047 4697 1275 4766; x_wconf 73' lang='lat' dir='ltr'><strong>Satanw,</strong></span> <span class='ocrx_word' id='word_1_712' title='bbox 1325 4698 1652 4755; x_wconf 88' lang='lat' dir='ltr'><strong>subauditur</strong></span> <span class='ocrx_word' id='word_1_713' title='bbox 1697 4716 1872 4772; x_wconf 90' lang='lat' dir='ltr'><strong>quos-</strong></span> 
     </span>
    </p>
   </div>
   <div class='ocr_carea' id='block_1_95' title="bbox 258 4782 1869 4864">
    <p class='ocr_par' dir='ltr' id='par_1_95' title="bbox 258 4782 1869 4864">
     <span class='ocr_line' id='line_1_95' title="bbox 258 4782 1869 4864; baseline 0.003 -22"><span class='ocrx_word' id='word_1_714' title='bbox 258 4785 425 4851; x_wconf 86' lang='lat' dir='ltr'><strong>dam,</strong></span> <span class='ocrx_word' id='word_1_715' title='bbox 460 4782 517 4839; x_wconf 91' lang='lat' dir='ltr'><strong>id</strong></span> <span class='ocrx_word' id='word_1_716' title='bbox 559 4793 659 4853; x_wconf 89' lang='lat' dir='ltr'><strong>est,</strong></span> <span class='ocrx_word' id='word_1_717' title='bbox 688 4801 757 4840; x_wconf 84' lang='lat' dir='ltr'><strong>ex</strong></span> <span class='ocrx_word' id='word_1_718' title='bbox 787 4784 1010 4853; x_wconf 72' lang='lat' dir='ltr'><strong>Iudaeis,</strong></span> <span class='ocrx_word' id='word_1_719' title='bbox 1043 4788 1138 4859; x_wconf 91' lang='lat' dir='ltr'><strong>qui</strong></span> <span class='ocrx_word' id='word_1_720' title='bbox 1177 4795 1305 4844; x_wconf 88' lang='lat' dir='ltr'><strong>sunt</strong></span> <span class='ocrx_word' id='word_1_721' title='bbox 1340 4806 1614 4864; x_wconf 86' lang='lat' dir='ltr'><strong>synagoga</strong></span> <span class='ocrx_word' id='word_1_722' title='bbox 1636 4790 1869 4861; x_wconf 74' lang='lat' dir='ltr'><strong>Satanae,</strong></span> 
     </span>
    </p>
   </div>
   <div class='ocr_carea' id='block_1_96' title="bbox 261 4872 1873 4952">
    <p class='ocr_par' dir='ltr' id='par_1_96' title="bbox 261 4872 1873 4952">
     <span class='ocr_line' id='line_1_96' title="bbox 261 4872 1873 4952; baseline 0.006 -24"><span class='ocrx_word' id='word_1_723' title='bbox 261 4872 367 4948; x_wconf 88' lang='lat' dir='ltr'><strong>qui</strong></span> <span class='ocrx_word' id='word_1_724' title='bbox 406 4873 509 4929; x_wconf 89' lang='lat' dir='ltr'><strong>tibi</strong></span> <span class='ocrx_word' id='word_1_725' title='bbox 530 4874 1277 4951; x_wconf 80' lang='lat' dir='ltr'><strong>adversabantur(13—19),et</strong></span> <span class='ocrx_word' id='word_1_726' title='bbox 1292 4896 1525 4952; x_wconf 89' lang='lat' dir='ltr'><strong>quorum</strong></span> <span class='ocrx_word' id='word_1_727' title='bbox 1549 4882 1873 4939; x_wconf 88' lang='lat' dir='ltr'><strong>infestatio-</strong></span> 
     </span>
    </p>
   </div>
   <div class='ocr_carea' id='block_1_97' title="bbox 263 4962 1874 5040">
    <p class='ocr_par' dir='ltr' id='par_1_97' title="bbox 263 4962 1874 5040">
     <span class='ocr_line' id='line_1_97' title="bbox 263 4962 1874 5040; baseline 0.002 -20"><span class='ocrx_word' id='word_1_728' title='bbox 263 4980 404 5020; x_wconf 90' lang='lat' dir='ltr'><strong>nem</strong></span> <span class='ocrx_word' id='word_1_729' title='bbox 446 4963 665 5022; x_wconf 88' lang='lat' dir='ltr'><strong>assidue</strong></span> <span class='ocrx_word' id='word_1_730' title='bbox 694 4962 985 5034; x_wconf 87' lang='lat' dir='ltr'><strong>tolerabas,</strong></span> <span class='ocrx_word' id='word_1_731' title='bbox 1021 4974 1079 5022; x_wconf 90' lang='lat' dir='ltr'><strong>ut</strong></span> <span class='ocrx_word' id='word_1_732' title='bbox 1106 4966 1331 5024; x_wconf 88' lang='lat' dir='ltr'><strong>credant</strong></span> <span class='ocrx_word' id='word_1_733' title='bbox 1360 4984 1456 5040; x_wconf 90' lang='lat' dir='ltr'><strong>per</strong></span> <span class='ocrx_word' id='word_1_734' title='bbox 1482 4968 1648 5026; x_wconf 88' lang='lat' dir='ltr'><strong>verba</strong></span> <span class='ocrx_word' id='word_1_735' title='bbox 1677 4979 1770 5026; x_wconf 90' lang='lat' dir='ltr'><strong>tua</strong></span> <span class='ocrx_word' id='word_1_736' title='bbox 1814 4969 1874 5025; x_wconf 91' lang='lat' dir='ltr'><strong>in</strong></span> 
     </span>
    </p>
   </div>
   <div class='ocr_carea' id='block_1_98' title="bbox 263 5068 386 5108">
    <p class='ocr_par' dir='ltr' id='par_1_98' title="bbox 263 5068 386 5108">
     <span class='ocr_line' id='line_1_98' title="bbox 263 5068 386 5108; baseline 0.016 -2"><span class='ocrx_word' id='word_1_737' title='bbox 263 5068 386 5108; x_wconf 88' lang='lat' dir='ltr'><strong>me.</strong></span> 
     </span>
    </p>
   </div>
   <div class='ocr_carea' id='block_1_99' title="bbox 349 5145 1878 5223">
    <p class='ocr_par' dir='ltr' id='par_1_99' title="bbox 349 5145 1878 5223">
     <span class='ocr_line' id='line_1_99' title="bbox 349 5145 1878 5223; baseline 0.003 -18"><span class='ocrx_word' id='word_1_738' title='bbox 349 5145 535 5220; x_wconf 79' lang='lat' dir='ltr'><strong>(Vera.</strong></span> <span class='ocrx_word' id='word_1_739' title='bbox 586 5149 691 5223; x_wconf 91' lang='grc'><strong>10.)</strong></span> <span class='ocrx_word' id='word_1_740' title='bbox 734 5148 868 5206; x_wconf 85' lang='lat' dir='ltr'><strong>Ecce</strong></span> <span class='ocrx_word' id='word_1_741' title='bbox 916 5147 1113 5207; x_wconf 68' lang='lat' dir='ltr'><strong>faciam</strong></span> <span class='ocrx_word' id='word_1_742' title='bbox 1142 5148 1266 5208; x_wconf 88' lang='lat' dir='ltr'><strong>illos</strong></span> <span class='ocrx_word' id='word_1_743' title='bbox 1295 5157 1354 5207; x_wconf 88' lang='lat' dir='ltr'><strong>ut</strong></span> <span class='ocrx_word' id='word_1_744' title='bbox 1380 5152 1614 5221; x_wconf 86' lang='lat' dir='ltr'><strong>veniant,</strong></span> <span class='ocrx_word' id='word_1_745' title='bbox 1654 5160 1705 5209; x_wconf 89' lang='lat' dir='ltr'><strong>et</strong></span> <span class='ocrx_word' id='word_1_746' title='bbox 1730 5152 1878 5210; x_wconf 90' lang='lat' dir='ltr'><strong>ado-</strong></span> 
     </span>
    </p>
   </div>
   <div class='ocr_carea' id='block_1_100' title="bbox 264 5240 1880 5315">
    <p class='ocr_par' dir='ltr' id='par_1_100' title="bbox 264 5240 1880 5315">
     <span class='ocr_line' id='line_1_100' title="bbox 264 5240 1880 5315; baseline 0.004 -21"><span class='ocrx_word' id='word_1_747' title='bbox 264 5244 399 5294; x_wconf 81' lang='lat' dir='ltr'><strong>rent</strong></span> <span class='ocrx_word' id='word_1_748' title='bbox 452 5245 573 5293; x_wconf 83' lang='lat' dir='ltr'><strong>ante</strong></span> <span class='ocrx_word' id='word_1_749' title='bbox 610 5240 766 5311; x_wconf 83' lang='lat' dir='ltr'><strong>pedes</strong></span> <span class='ocrx_word' id='word_1_750' title='bbox 823 5246 959 5310; x_wconf 89' lang='lat' dir='ltr'><strong>tuos,</strong></span> <span class='ocrx_word' id='word_1_751' title='bbox 1007 5248 1055 5297; x_wconf 89' lang='lat' dir='ltr'><strong>et</strong></span> <span class='ocrx_word' id='word_1_752' title='bbox 1092 5242 1252 5297; x_wconf 86' lang='lat' dir='ltr'><strong>scient</strong></span> <span class='ocrx_word' id='word_1_753' title='bbox 1279 5242 1408 5313; x_wconf 87' lang='lat' dir='ltr'><strong>quia</strong></span> <span class='ocrx_word' id='word_1_754' title='bbox 1436 5243 1605 5299; x_wconf 69' lang='lat' dir='ltr'><strong>dilexi</strong></span> <span class='ocrx_word' id='word_1_755' title='bbox 1643 5249 1705 5311; x_wconf 87' lang='lat' dir='ltr'><strong>te,</strong></span> <span class='ocrx_word' id='word_1_756' title='bbox 1737 5261 1880 5315; x_wconf 86' lang='lat' dir='ltr'><strong>quo—</strong></span> 
     </span>
    </p>
   </div>
   <div class='ocr_carea' id='block_1_101' title="bbox 265 5327 1877 5403">
    <p class='ocr_par' dir='ltr' id='par_1_101' title="bbox 265 5327 1877 5403">
     <span class='ocr_line' id='line_1_101' title="bbox 265 5327 1877 5403; baseline 0.004 -20"><span class='ocrx_word' id='word_1_757' title='bbox 265 5327 429 5383; x_wconf 77' lang='lat' dir='ltr'><strong>niam</strong></span> <span class='ocrx_word' id='word_1_758' title='bbox 474 5329 701 5384; x_wconf 76' lang='lat' dir='ltr'><strong>servasti</strong></span> <span class='ocrx_word' id='word_1_759' title='bbox 750 5330 962 5385; x_wconf 85' lang='lat' dir='ltr'><strong>verbum</strong></span> <span class='ocrx_word' id='word_1_760' title='bbox 1005 5330 1276 5403; x_wconf 75' lang='lat' dir='ltr'><strong>patientiae</strong></span> <span class='ocrx_word' id='word_1_761' title='bbox 1306 5348 1429 5386; x_wconf 76' lang='lat' dir='ltr'><strong>mea:</strong></span> <span class='ocrx_word' id='word_1_762' title='bbox 1457 5350 1478 5398; x_wconf 89' lang='lat'><em>;</em></span> <span class='ocrx_word' id='word_1_763' title='bbox 1507 5331 1563 5388; x_wconf 91' lang='lat' dir='ltr'><strong>id</strong></span> <span class='ocrx_word' id='word_1_764' title='bbox 1593 5340 1696 5401; x_wconf 91' lang='lat' dir='ltr'><strong>est,</strong></span> <span class='ocrx_word' id='word_1_765' title='bbox 1748 5350 1877 5391; x_wconf 90' lang='lat' dir='ltr'><strong>cum</strong></span> 
     </span>
    </p>
   </div>
   <div class='ocr_carea' id='block_1_102' title="bbox 354 5433 1875 5517">
    <p class='ocr_par' dir='ltr' id='par_1_102' title="bbox 354 5433 1875 5517">
     <span class='ocr_line' id='line_1_102' title="bbox 354 5433 1875 5517; baseline 0.002 -28"><span class='ocrx_word' id='word_1_766' title='bbox 354 5433 570 5517; x_wconf 71' lang='lat'><strong>(13-19)</strong></span> <span class='ocrx_word' id='word_1_767' title='bbox 628 5434 807 5517; x_wconf 48' lang='lat' dir='ltr'><strong>Edit?</strong></span> <span class='ocrx_word' id='word_1_768' title='bbox 862 5437 1092 5517; x_wconf 73' lang='lat' dir='ltr'><strong>Satanw,</strong></span> <span class='ocrx_word' id='word_1_769' title='bbox 1141 5437 1234 5508; x_wconf 88' lang='lat' dir='ltr'><strong>qui</strong></span> <span class='ocrx_word' id='word_1_770' title='bbox 1291 5436 1385 5492; x_wconf 86' lang='lat' dir='ltr'><strong>tibi</strong></span> <span class='ocrx_word' id='word_1_771' title='bbox 1410 5437 1875 5495; x_wconf 82' lang='lat' dir='ltr'><strong>adversabantur:</strong></span> 
     </span>
    </p>
   </div>
   <div class='ocr_carea' id='block_1_103' title="bbox 272 5514 1148 5574">
    <p class='ocr_par' dir='ltr' id='par_1_103' title="bbox 272 5514 1148 5574">
     <span class='ocr_line' id='line_1_103' title="bbox 272 5514 1148 5574; baseline 0.003 -14"><span class='ocrx_word' id='word_1_772' title='bbox 272 5520 415 5561; x_wconf 85' lang='lat' dir='ltr'><strong>mss.</strong></span> <span class='ocrx_word' id='word_1_773' title='bbox 446 5514 652 5574; x_wconf 90' lang='lat' dir='ltr'><strong>autem,</strong></span> <span class='ocrx_word' id='word_1_774' title='bbox 684 5515 747 5562; x_wconf 90' lang='lat' dir='ltr'><strong>ut</strong></span> <span class='ocrx_word' id='word_1_775' title='bbox 776 5514 835 5562; x_wconf 89' lang='lat' dir='ltr'><strong>in</strong></span> <span class='ocrx_word' id='word_1_776' title='bbox 863 5515 1148 5565; x_wconf 82' lang='lat' dir='ltr'><strong>contextu.</strong></span> 
     </span>
    </p>
   </div>
   <div class='ocr_carea' id='block_1_104' title="bbox 358 5574 1880 5652">
    <p class='ocr_par' dir='ltr' id='par_1_104' title="bbox 358 5574 1880 5652">
     <span class='ocr_line' id='line_1_104' title="bbox 358 5574 1880 5652; baseline 0.005 -21"><span class='ocrx_word' id='word_1_777' title='bbox 358 5574 477 5647; x_wconf 77' lang='lat'><strong>(20)</strong></span> <span class='ocrx_word' id='word_1_778' title='bbox 519 5577 620 5652; x_wconf 84' lang='lat' dir='ltr'><strong>Sic</strong></span> <span class='ocrx_word' id='word_1_779' title='bbox 628 5594 826 5652; x_wconf 80' lang='lat' dir='ltr'><strong>omnes</strong></span> <span class='ocrx_word' id='word_1_780' title='bbox 856 5596 1008 5652; x_wconf 64' lang='lat' dir='ltr'><strong>mss;</strong></span> <span class='ocrx_word' id='word_1_781' title='bbox 1040 5579 1173 5652; x_wconf 89' lang='lat' dir='ltr'><strong>edit.</strong></span> <span class='ocrx_word' id='word_1_782' title='bbox 1206 5596 1357 5649; x_wconf 87' lang='lat' dir='ltr'><strong>vero,</strong></span> <span class='ocrx_word' id='word_1_783' title='bbox 1391 5578 1518 5651; x_wconf 86' lang='lat' dir='ltr'><strong>quia</strong></span> <span class='ocrx_word' id='word_1_784' title='bbox 1546 5580 1880 5652; x_wconf 83' lang='lat' dir='ltr'><strong>singulorum</strong></span> 
     </span>
    </p>
   </div>
   <div class='ocr_carea' id='block_1_105' title="bbox 273 5644 1881 5724">
    <p class='ocr_par' dir='ltr' id='par_1_105' title="bbox 273 5644 1881 5724">
     <span class='ocr_line' id='line_1_105' title="bbox 273 5644 1881 5724; baseline 0.007 -23"><span class='ocrx_word' id='word_1_785' title='bbox 273 5644 429 5719; x_wconf 86' lang='lat' dir='ltr'><strong>facta</strong></span> <span class='ocrx_word' id='word_1_786' title='bbox 456 5644 716 5705; x_wconf 82' lang='lat' dir='ltr'><strong>omnibus</strong></span> <span class='ocrx_word' id='word_1_787' title='bbox 762 5644 1262 5723; x_wconf 80' lang='lat' dir='ltr'><strong>manifestabuntur.</strong></span> <span class='ocrx_word' id='word_1_788' title='bbox 1303 5644 1353 5708; x_wconf 49' lang='lat' dir='ltr'><strong>A&#39;</strong></span> <span class='ocrx_word' id='word_1_789' title='bbox 1397 5644 1503 5724; x_wconf 71' lang='lat' dir='ltr'><strong>qua</strong></span> <span class='ocrx_word' id='word_1_790' title='bbox 1540 5644 1675 5711; x_wconf 69' lang='lat' dir='ltr'><strong>hora</strong></span> <span class='ocrx_word' id='word_1_791' title='bbox 1702 5658 1881 5712; x_wconf 86' lang='lat' dir='ltr'><strong>tenta-</strong></span> 
     </span>
    </p>
   </div>
   <div class='ocr_carea' id='block_1_106' title="bbox 1975 4592 3580 4667">
    <p class='ocr_par' dir='ltr' id='par_1_106' title="bbox 1975 4592 3580 4667">
     <span class='ocr_line' id='line_1_106' title="bbox 1975 4592 3580 4667; baseline -0.002 -16"><span class='ocrx_word' id='word_1_792' title='bbox 1975 4595 2321 4651; x_wconf 87' lang='lat' dir='ltr'><strong>beatitudine</strong></span> <span class='ocrx_word' id='word_1_793' title='bbox 2359 4593 2724 4667; x_wconf 88' lang='lat' dir='ltr'><strong>superbiendo</strong></span> <span class='ocrx_word' id='word_1_794' title='bbox 2769 4592 2986 4650; x_wconf 88' lang='lat' dir='ltr'><strong>cecidit.</strong></span> <span class='ocrx_word' id='word_1_795' title='bbox 3031 4595 3105 4649; x_wconf 89' lang='lat' dir='ltr'><strong>Et</strong></span> <span class='ocrx_word' id='word_1_796' title='bbox 3148 4592 3376 4647; x_wconf 85' lang='lat' dir='ltr'><strong>scribam</strong></span> <span class='ocrx_word' id='word_1_797' title='bbox 3418 4609 3580 4665; x_wconf 85' lang='lat' dir='ltr'><strong>super</strong></span> 
     </span>
    </p>
   </div>
   <div class='ocr_carea' id='block_1_107' title="bbox 1976 4684 3574 4749">
    <p class='ocr_par' dir='ltr' id='par_1_107' title="bbox 1976 4684 3574 4749">
     <span class='ocr_line' id='line_1_107' title="bbox 1976 4684 3574 4749; baseline 0 -8"><span class='ocrx_word' id='word_1_798' title='bbox 1976 4700 2090 4741; x_wconf 88' lang='lat' dir='ltr'><strong>eum</strong></span> <span class='ocrx_word' id='word_1_799' title='bbox 2128 4704 2315 4741; x_wconf 84' lang='lat' dir='ltr'><strong>nomen</strong></span> <span class='ocrx_word' id='word_1_800' title='bbox 2344 4687 2442 4743; x_wconf 87' lang='lat' dir='ltr'><strong>Dei</strong></span> <span class='ocrx_word' id='word_1_801' title='bbox 2471 4685 2590 4741; x_wconf 83' lang='lat' dir='ltr'><strong>mei.</strong></span> <span class='ocrx_word' id='word_1_802' title='bbox 2637 4687 2849 4743; x_wconf 73' lang='lat' dir='ltr'><strong>Nomen</strong></span> <span class='ocrx_word' id='word_1_803' title='bbox 2879 4684 2984 4743; x_wconf 90' lang='lat' dir='ltr'><strong>hoc</strong></span> <span class='ocrx_word' id='word_1_804' title='bbox 3029 4684 3129 4741; x_wconf 88' lang='lat' dir='ltr'><strong>Dei</strong></span> <span class='ocrx_word' id='word_1_805' title='bbox 3158 4693 3240 4742; x_wconf 92' lang='lat' dir='ltr'><strong>est</strong></span> <span class='ocrx_word' id='word_1_806' title='bbox 3268 4695 3536 4743; x_wconf 62' lang='lat' dir='ltr'><strong>aeternum</strong></span> <span class='ocrx_word' id='word_1_807' title='bbox 3562 4704 3574 4749; x_wconf 86' lang='lat'><strong>;</strong></span> 
     </span>
    </p>
   </div>
   <div class='ocr_carea' id='block_1_108' title="bbox 1980 4779 3581 4855">
    <p class='ocr_par' dir='ltr' id='par_1_108' title="bbox 1980 4779 3581 4855">
     <span class='ocr_line' id='line_1_108' title="bbox 1980 4779 3581 4855; baseline -0.001 -15"><span class='ocrx_word' id='word_1_808' title='bbox 1980 4799 2180 4840; x_wconf 89' lang='lat' dir='ltr'><strong>nomen</strong></span> <span class='ocrx_word' id='word_1_809' title='bbox 2209 4798 2335 4855; x_wconf 88' lang='lat' dir='ltr'><strong>ergo</strong></span> <span class='ocrx_word' id='word_1_810' title='bbox 2378 4781 2501 4850; x_wconf 90' lang='lat' dir='ltr'><strong>Dei,</strong></span> <span class='ocrx_word' id='word_1_811' title='bbox 2544 4779 2691 4854; x_wconf 91' lang='lat' dir='ltr'><strong>quod</strong></span> <span class='ocrx_word' id='word_1_812' title='bbox 2718 4787 2800 4836; x_wconf 88' lang='lat' dir='ltr'><strong>est</strong></span> <span class='ocrx_word' id='word_1_813' title='bbox 2837 4789 3127 4850; x_wconf 59' lang='lat' dir='ltr'><strong>aeternum,</strong></span> <span class='ocrx_word' id='word_1_814' title='bbox 3171 4798 3336 4853; x_wconf 89' lang='lat' dir='ltr'><strong>super</strong></span> <span class='ocrx_word' id='word_1_815' title='bbox 3366 4797 3581 4842; x_wconf 87' lang='lat' dir='ltr'><strong>unum-</strong></span> 
     </span>
    </p>
   </div>
   <div class='ocr_carea' id='block_1_109' title="bbox 1978 4869 3578 4948">
    <p class='ocr_par' dir='ltr' id='par_1_109' title="bbox 1978 4869 3578 4948">
     <span class='ocr_line' id='line_1_109' title="bbox 1978 4869 3578 4948; baseline -0.001 -19"><span class='ocrx_word' id='word_1_816' title='bbox 1978 4888 2249 4948; x_wconf 90' lang='lat' dir='ltr'><strong>quemque</strong></span> <span class='ocrx_word' id='word_1_817' title='bbox 2272 4871 2484 4943; x_wconf 86' lang='lat' dir='ltr'><strong>justum</strong></span> <span class='ocrx_word' id='word_1_818' title='bbox 2518 4869 2803 4939; x_wconf 91' lang='lat' dir='ltr'><strong>scribitur,</strong></span> <span class='ocrx_word' id='word_1_819' title='bbox 2828 4869 3052 4943; x_wconf 91' lang='lat' dir='ltr'><strong>quando</strong></span> <span class='ocrx_word' id='word_1_820' title='bbox 3072 4870 3349 4928; x_wconf 64' lang='lat' dir='ltr'><strong>asternitas</strong></span> <span class='ocrx_word' id='word_1_821' title='bbox 3376 4870 3426 4926; x_wconf 92' lang='lat' dir='ltr'><strong>ei</strong></span> <span class='ocrx_word' id='word_1_822' title='bbox 3450 4885 3578 4928; x_wconf 87' lang='lat' dir='ltr'><strong>cum</strong></span> 
     </span>
    </p>
   </div>
   <div class='ocr_carea' id='block_1_110' title="bbox 1979 4961 3583 5037">
    <p class='ocr_par' dir='ltr' id='par_1_110' title="bbox 1979 4961 3583 5037">
     <span class='ocr_line' id='line_1_110' title="bbox 1979 4961 3583 5037; baseline -0.003 -15"><span class='ocrx_word' id='word_1_823' title='bbox 1979 4964 2217 5022; x_wconf 90' lang='lat' dir='ltr'><strong>Domino</strong></span> <span class='ocrx_word' id='word_1_824' title='bbox 2242 4961 2596 5037; x_wconf 87' lang='lat' dir='ltr'><strong>permanendi</strong></span> <span class='ocrx_word' id='word_1_825' title='bbox 2629 4962 2882 5034; x_wconf 88' lang='lat' dir='ltr'><strong>largitur.</strong></span> <span class='ocrx_word' id='word_1_826' title='bbox 2914 4964 2987 5018; x_wconf 88' lang='lat' dir='ltr'><strong>Et</strong></span> <span class='ocrx_word' id='word_1_827' title='bbox 3013 4980 3199 5019; x_wconf 86' lang='lat' dir='ltr'><strong>nomen</strong></span> <span class='ocrx_word' id='word_1_828' title='bbox 3228 4963 3456 5019; x_wconf 83' lang='lat' dir='ltr'><strong>civitatis</strong></span> <span class='ocrx_word' id='word_1_829' title='bbox 3483 4962 3583 5018; x_wconf 89' lang='lat' dir='ltr'><strong>Dei</strong></span> 
     </span>
    </p>
   </div>
   <div class='ocr_carea' id='block_1_111' title="bbox 1980 5054 3582 5125">
    <p class='ocr_par' dir='ltr' id='par_1_111' title="bbox 1980 5054 3582 5125">
     <span class='ocr_line' id='line_1_111' title="bbox 1980 5054 3582 5125; baseline -0.002 -14"><span class='ocrx_word' id='word_1_830' title='bbox 1980 5055 2081 5111; x_wconf 86' lang='lat' dir='ltr'><strong>mei</strong></span> <span class='ocrx_word' id='word_1_831' title='bbox 2125 5071 2273 5111; x_wconf 74' lang='lat' dir='ltr'><strong>nova!</strong></span> <span class='ocrx_word' id='word_1_832' title='bbox 2316 5054 2632 5118; x_wconf 86' lang='lat' dir='ltr'><strong>Jerusalem,</strong></span> <span class='ocrx_word' id='word_1_833' title='bbox 2676 5071 2793 5125; x_wconf 68' lang='lat' dir='ltr'><strong>qua:</strong></span> <span class='ocrx_word' id='word_1_834' title='bbox 2833 5054 3092 5111; x_wconf 81' lang='lat' dir='ltr'><strong>descendit</strong></span> <span class='ocrx_word' id='word_1_835' title='bbox 3128 5055 3192 5111; x_wconf 73' lang='lat' dir='ltr'><strong>de</strong></span> <span class='ocrx_word' id='word_1_836' title='bbox 3226 5056 3354 5110; x_wconf 71' lang='lat' dir='ltr'><strong>coelo</strong></span> <span class='ocrx_word' id='word_1_837' title='bbox 3396 5073 3430 5110; x_wconf 89' lang='lat' dir='ltr'><strong>a</strong></span> <span class='ocrx_word' id='word_1_838' title='bbox 3473 5054 3582 5109; x_wconf 90' lang='lat' dir='ltr'><strong>Deo</strong></span> 
     </span>
    </p>
   </div>
   <div class='ocr_carea' id='block_1_112' title="bbox 1982 5144 3582 5221">
    <p class='ocr_par' dir='ltr' id='par_1_112' title="bbox 1982 5144 3582 5221">
     <span class='ocr_line' id='line_1_112' title="bbox 1982 5144 3582 5221; baseline -0.001 -19"><span class='ocrx_word' id='word_1_839' title='bbox 1982 5164 2112 5203; x_wconf 89' lang='lat' dir='ltr'><strong>meo.</strong></span> <span class='ocrx_word' id='word_1_840' title='bbox 2164 5148 2315 5204; x_wconf 86' lang='lat' dir='ltr'><strong>Nova</strong></span> <span class='ocrx_word' id='word_1_841' title='bbox 2363 5147 2664 5204; x_wconf 85' lang='lat' dir='ltr'><strong>Jerusalem</strong></span> <span class='ocrx_word' id='word_1_842' title='bbox 2714 5146 2811 5203; x_wconf 89' lang='lat' dir='ltr'><strong>illa</strong></span> <span class='ocrx_word' id='word_1_843' title='bbox 2867 5154 2949 5203; x_wconf 91' lang='lat' dir='ltr'><strong>est</strong></span> <span class='ocrx_word' id='word_1_844' title='bbox 2990 5144 3271 5217; x_wconf 63' lang='lat' dir='ltr'><strong>caelestis,</strong></span> <span class='ocrx_word' id='word_1_845' title='bbox 3307 5165 3428 5221; x_wconf 70' lang='lat' dir='ltr'><strong>quae</strong></span> <span class='ocrx_word' id='word_1_846' title='bbox 3468 5162 3582 5201; x_wconf 92' lang='lat' dir='ltr'><strong>non</strong></span> 
     </span>
    </p>
   </div>
   <div class='ocr_carea' id='block_1_113' title="bbox 1984 5237 3584 5311">
    <p class='ocr_par' dir='ltr' id='par_1_113' title="bbox 1984 5237 3584 5311">
     <span class='ocr_line' id='line_1_113' title="bbox 1984 5237 3584 5311; baseline -0.002 -16"><span class='ocrx_word' id='word_1_847' title='bbox 1984 5255 2052 5295; x_wconf 86' lang='lat' dir='ltr'><strong>ex</strong></span> <span class='ocrx_word' id='word_1_848' title='bbox 2080 5238 2378 5311; x_wconf 90' lang='lat' dir='ltr'><strong>lapidibus,</strong></span> <span class='ocrx_word' id='word_1_849' title='bbox 2410 5237 2553 5295; x_wconf 90' lang='lat' dir='ltr'><strong>sicut</strong></span> <span class='ocrx_word' id='word_1_850' title='bbox 2584 5246 2766 5307; x_wconf 91' lang='lat' dir='ltr'><strong>vetus,</strong></span> <span class='ocrx_word' id='word_1_851' title='bbox 2805 5238 2900 5295; x_wconf 91' lang='lat' dir='ltr'><strong>sed</strong></span> <span class='ocrx_word' id='word_1_852' title='bbox 2929 5255 3000 5295; x_wconf 83' lang='lat' dir='ltr'><strong>ex</strong></span> <span class='ocrx_word' id='word_1_853' title='bbox 3028 5239 3231 5296; x_wconf 89' lang='lat' dir='ltr'><strong>sanctis</strong></span> <span class='ocrx_word' id='word_1_854' title='bbox 3263 5237 3584 5294; x_wconf 88' lang='lat' dir='ltr'><strong>hominibus</strong></span> 
     </span>
    </p>
   </div>
   <div class='ocr_carea' id='block_1_114' title="bbox 1984 5326 3585 5400">
    <p class='ocr_par' dir='ltr' id='par_1_114' title="bbox 1984 5326 3585 5400">
     <span class='ocr_line' id='line_1_114' title="bbox 1984 5326 3585 5400; baseline -0.001 -17"><span class='ocrx_word' id='word_1_855' title='bbox 1984 5326 2232 5400; x_wconf 89' lang='lat' dir='ltr'><strong>quotidie</strong></span> <span class='ocrx_word' id='word_1_856' title='bbox 2277 5327 2603 5384; x_wconf 67' lang='lat' dir='ltr'><strong>aediﬁcatur.</strong></span> <span class='ocrx_word' id='word_1_857' title='bbox 2634 5327 2936 5386; x_wconf 83' lang='lat' dir='ltr'><strong>Jerusalem</strong></span> <span class='ocrx_word' id='word_1_858' title='bbox 2979 5338 3160 5385; x_wconf 91' lang='lat' dir='ltr'><strong>autem</strong></span> <span class='ocrx_word' id='word_1_859' title='bbox 3192 5327 3585 5399; x_wconf 88' lang='lat' dir='ltr'><strong>interpretatur</strong></span> 
     </span>
    </p>
   </div>
   <div class='ocr_carea' id='block_1_115' title="bbox 1988 5436 2304 5504">
    <p class='ocr_par' dir='ltr' id='par_1_115' title="bbox 1988 5436 2304 5504">
     <span class='ocr_line' id='line_1_115' title="bbox 1988 5436 2304 5504; baseline 0.006 -13"><span class='ocrx_word' id='word_1_860' title='bbox 1988 5436 2167 5504; x_wconf 84' lang='lat' dir='ltr'><strong>tionis,</strong></span> <span class='ocrx_word' id='word_1_861' title='bbox 2199 5444 2304 5493; x_wconf 90' lang='lat' dir='ltr'><strong>etc.</strong></span> 
     </span>
    </p>
   </div>
   <div class='ocr_carea' id='block_1_116' title="bbox 2059 5505 3585 5580">
    <p class='ocr_par' dir='ltr' id='par_1_116' title="bbox 2059 5505 3585 5580">
     <span class='ocr_line' id='line_1_116' title="bbox 2059 5505 3585 5580; baseline 0.001 -17"><span class='ocrx_word' id='word_1_862' title='bbox 2059 5506 2414 5580; x_wconf 13' lang='lat' dir='ltr'><strong>(2,1),Voces,</strong></span> <span class='ocrx_word' id='word_1_863' title='bbox 2465 5508 2777 5580; x_wconf 77' lang='lat' dir='ltr'><strong>ﬁrmissima</strong></span> <span class='ocrx_word' id='word_1_864' title='bbox 2818 5508 3123 5580; x_wconf 82' lang='lat' dir='ltr'><strong>stabilitate,</strong></span> <span class='ocrx_word' id='word_1_865' title='bbox 3166 5521 3339 5577; x_wconf 87' lang='lat' dir='ltr'><strong>usque</strong></span> <span class='ocrx_word' id='word_1_866' title='bbox 3366 5505 3435 5563; x_wconf 91' lang='lat' dir='ltr'><strong>ad</strong></span> <span class='ocrx_word' id='word_1_867' title='bbox 3477 5512 3585 5564; x_wconf 84' lang='lat' dir='ltr'><strong>tam</strong></span> 
     </span>
    </p>
   </div>
   <div class='ocr_carea' id='block_1_117' title="bbox 1986 5579 3368 5651">
    <p class='ocr_par' dir='ltr' id='par_1_117' title="bbox 1986 5579 3368 5651">
     <span class='ocr_line' id='line_1_117' title="bbox 1986 5579 3368 5651; baseline -0.001 -17"><span class='ocrx_word' id='word_1_868' title='bbox 1986 5579 2349 5651; x_wconf 76' lang='lat' dir='ltr'><strong>ﬁrmissimam</strong></span> <span class='ocrx_word' id='word_1_869' title='bbox 2374 5579 2737 5649; x_wconf 81' lang='lat' dir='ltr'><strong>stabilitatem,</strong></span> <span class='ocrx_word' id='word_1_870' title='bbox 2765 5595 2795 5635; x_wconf 94' lang='lat' dir='ltr'><strong>e</strong></span> <span class='ocrx_word' id='word_1_871' title='bbox 2820 5597 2950 5637; x_wconf 89' lang='lat' dir='ltr'><strong>mss.</strong></span> <span class='ocrx_word' id='word_1_872' title='bbox 2981 5579 3368 5635; x_wconf 90' lang='lat' dir='ltr'><strong>restituuntur.</strong></span> 
     </span>
    </p>
   </div>
  </div>
