4068 6182
588 247 689 306 871

1596 245 1693 305 AD
1731 245 1967 306 OPERA
2004 248 2060 305 S.
2104 245 2436 308 AMBROSII
2465 249 2844 308 APPENDIX.
3706 271 3784 332 872

588 375 732 432 visio
765 375 932 447 pacis,
960 373 1018 429 id
1046 380 1128 428 est
1152 371 1294 426 visio
1330 371 1451 426 Dei.
1480 372 1692 427 Nomen
1717 388 1846 443 ergo
1876 372 2178 429 Jerusalem
2207 375 2260 434 A
2288 376 2507 432 culmen
2548 375 2902 448 perfectionis
2926 376 3177 433 excrevit
3205 376 3342 452 (23).
3377 381 3474 439 Iste
3496 393 3652 444 autem
3675 408 3788 463 pm-

590 483 753 539 super
798 477 1245 535 unumquemque
1286 461 1518 518 electum
1567 462 1851 531 scribitur,
1894 464 2028 521 dum
2078 465 2183 524 hoc

590 554 888 625 unicuique
935 552 1292 618 conceditur,
1342 560 1402 607 ut
1447 553 1622 608 Deum
1671 553 1789 608 sine
1835 552 1944 609 ﬁne
1994 555 2183 613 videre

591 650 878 698 mereatur.
920 641 1132 697 Aliter:
1181 641 1391 696 Nomen
1435 640 1730 697 Jerusalem
1764 660 1926 715 super
1970 661 2182 701 unum-

588 756 857 813 quemque
880 739 1115 795 electum
1145 738 1424 806 scribitur,
1452 754 1516 794 eo
1542 739 1690 811 quod
1716 738 1828 809 ipse
1857 740 2179 809 Jerusalem,

588 832 644 887 in
677 847 835 902 quem
868 832 1013 886 Deus
1059 845 1281 901 regnare
1312 830 1590 903 dignetur,
1622 830 1679 886 in
1732 832 1988 889 societate
2016 834 2183 889 vide-

589 927 714 982 licet
742 926 1058 996 angelorum
1108 925 1467 997 omniumque
1509 926 1836 995 electorum,
1868 929 1962 999 qui
2013 929 2182 984 Jeru-

585 1017 750 1071 salem
781 1017 1019 1073 cmlestis
1046 1023 1335 1072 vocantur.
1369 1015 1473 1072 Sed
1506 1017 1730 1085 mirum,
1762 1034 1861 1073 cur
1880 1020 2180 1076 Jerusalem

583 1104 651 1161 de
696 1106 850 1162 caelis
896 1106 1240 1163 descendisse
1281 1107 1506 1178 dicitur,
1555 1127 1680 1167 cum
1715 1113 1952 1170 sciamus
1982 1117 2182 1172 electos

583 1209 773 1250 omnes
805 1211 836 1250 a
864 1197 1027 1252 terris
1055 1197 1121 1253 ad
1153 1199 1320 1254 caelos
1363 1202 1728 1259 conscendere
1768 1205 2037 1277 quotidie,
2070 1224 2181 1263 non

582 1287 651 1344 de
691 1290 1006 1347 coelestibus
1053 1290 1120 1346 ad
1176 1300 1393 1348 terrena
1440 1295 1636 1352 relabi.
1686 1297 1794 1355 Sed
1837 1301 2073 1359 Domino
2114 1303 2182 1359 de

582 1380 738 1438 caelis
793 1382 861 1438 ad
906 1384 1345 1456 redemptionem
1398 1389 1613 1458 generis
1666 1391 1892 1449 humani
1945 1395 2183 1453 descen-

582 1469 767 1539 dente,
809 1475 974 1531 simul
1020 1476 1182 1533 etiam
1217 1480 1391 1535 sancti
1436 1481 1871 1554 descenderunt;
1908 1490 2036 1561 quia
2064 1490 2179 1562 jam

582 1577 680 1633 per
726 1565 1224 1635 praedestinationis
1268 1574 1496 1641 gratiam
1544 1575 1624 1633 illi
1674 1580 1955 1653 conjuncti
2003 1593 2178 1655 erant,

584 1665 721 1722 quos
751 1670 847 1725 per
873 1657 1307 1717 misericordiam
1336 1680 1488 1721 suam
1520 1667 1789 1728 redimere
1810 1679 1948 1736 511
1982 1676 2180 1733 venie-

582 1746 694 1805 bat.
727 1752 800 1807 Et
843 1771 1029 1810 nomen
1067 1774 1234 1813 meum
1261 1777 1490 1829 novum;
1543 1766 1805 1826 videlicet
1846 1778 1911 1827 ut
1954 1782 2182 1830 vocetur
2208 1739 2254 1799 B

582 1841 731 1901 ﬁlius
758 1848 877 1916 Dei,
911 1850 1055 1909 sicut
1083 1864 1137 1911 et
1161 1872 1258 1928 ego
1287 1874 1408 1915 sum
1440 1862 1618 1920 Filius
1642 1866 1763 1924 Dei.

655 1935 836 2005 (Vers.
888 1940 1002 2013 14.)
1052 1945 1127 1999 Et
1164 1949 1348 2018 angelo
1394 1949 1663 2007 Laodicea:
1707 1956 1954 2013 Ecclesia:
1982 1961 2174 2017 scribe:

580 2023 703 2118 ῌιεσ
732 2027 892 2118 dicit:
934 2032 1120 2104 Amen,
1156 2039 1295 2092 testis
1327 2039 1496 2111 ﬁdelis
1532 2049 1580 2097 et
1605 2061 1779 2102 verus.
1812 2048 2010 2118 Amen,
2052 2067 2179 2108 vere

581 2111 702 2207 sive
727 2114 964 2207 ﬁdeliter
990 2121 1414 2196 interpretatur:
1457 2133 1716 2207 quodest
1743 2152 1929 2206 amen,
1962 2111 2067 2196 hoc
2097 2147 2178 2196 est

579 2204 941 2297 testisﬁdelis
985 2219 1038 2267 et
1079 2230 1261 2271 verus.
1300 2219 1402 2285 Qui
1446 2227 1523 2276 est
1555 2206 1884 2297 principium
1915 2204 2179 2284 creatura:

579 2292 869 2389 Dei.-I‘ion
918 2300 1042 2359 ideo
1090 2322 1146 2361 se
1182 2306 1514 2381 principium
1555 2292 1820 2372 creatura:
1871 2318 1971 2373 Dei
2017 2318 2172 2389 dicit,

580 2382 729 2453 quod
772 2384 885 2456 ipse
914 2389 986 2446 sit
1016 2403 1249 2464 creatus,
1283 2398 1373 2454 sed
1411 2401 1557 2473 quod
1601 2404 1669 2460 ab
1698 2406 1823 2478 ipso
1851 2410 2038 2466 omnia
2065 2382 2177 2468 sint

578 2478 778 2540 creata,
817 2483 878 2531 ut
907 2487 1039 2549 puta
1083 2484 1415 2544 architectus
1446 2490 1575 2546 fecit
1619 2492 1844 2551 domum
1873 2516 1883 2553 :
1935 2499 1982 2555 si
2011 2498 2176 2556 inter-

578 2564 857 2653 rogaveris
873 2569 997 2641 quis
1018 2571 1185 2628 fuerit
1204 2575 1535 2650 principium
1563 2580 1783 2653 domus,
1802 2585 2020 2644 dicetur
2040 2590 2170 2646 tibi:

576 2648 944 2749 Artifex,‘qui
988 2674 1106 2714 eam
1154 2664 1307 2734 prius
1350 2648 1532 2724 mente
1589 2648 1862 2745 concepit,
1903 2683 1957 2731 et
1991 2687 2177 2749 postea

576 2737 872 2836 aediﬁcavit
894 2763 907 2813 ;
933 2749 1062 2821 quia
1086 2751 1285 2810 domus
1304 2755 1526 2814 sibimet
1543 2758 1649 2833 ipsi
1678 2737 2016 2836 principium
2046 2766 2175 2824 dare

577 2843 687 2884 non
718 2833 917 2901 potuit.

653 2927 833 2997 (Vers.
870 2932 983 3004 15.)
1016 2936 1131 2991 Scio
1170 2956 1331 3009 opera
1362 2948 1472 3011 tua,
1503 2945 1628 3015 quia
1658 2965 1819 3019 neque
1837 2949 2071 3022 frigidus
2101 2969 2171 3022 es,

574 3033 739 3089 neque
779 3025 1003 3120 calidus.
1049 3031 1304 3104 Frigidus
1350 3053 1461 3094 non
1509 3048 1660 3111 erat;
1710 3044 1872 3117 quia,
1923 3049 2174 3120 quamvis

576 3124 741 3205 opera
779 3110 906 3170 ﬁdei
937 3132 1049 3174 non
1079 3100 1323 3194 haberet,
1352 3129 1467 3185 sola
1497 3129 1605 3187 ﬁde
1635 3100 1691 3189 se
1722 3100 2171 3205 justumjeuisti-
2203 3100 2247 3161 Ο

576 3198 790 3290 ruebat:
824 3205 1036 3263 calidus
1073 3226 1183 3267 non
1212 3222 1346 3283 erat,
1388 3217 1517 3290 quia
1562 3198 1800 3279 charitas
1846 3224 1931 3280 illi
1962 3224 2167 3284 deerat.

580 3289 789 3385 Utinam
836 3294 1069 3370 frigidus
1103 3319 1254 3374 esses,
1303 3289 1668 3369 autcalidus:
1717 3312 1773 3369 id
1822 3323 1922 3385 est,
1957 3317 2169 3374 utinam

572 3389 668 3437 aut
715 3382 983 3444 charitate
1029 3389 1292 3463 ferveres,
1349 3407 1446 3454 aut
1500 3408 1552 3455 te
1597 3382 1932 3473 peccatorem
1956 3450 1971 3475 ,
2030 3408 2172 3465 sicut

572 3487 649 3540 es,
705 3476 1035 3549 aestimares;
1093 3493 1155 3539 ut
1199 3501 1297 3557 per
1351 3489 1606 3547 timorem
1666 3493 1811 3564 ignis
1868 3499 2059 3553 mterni
2116 3507 2170 3555 et

575 3562 953 3659 paenitentiam
1012 3570 1082 3626 ad
1136 3572 1282 3631 bona
1356 3594 1521 3650 opera
1585 3562 1795 3654 agenda
1851 3584 2172 3659 impellere-

571 3664 667 3706 1‘18.

646 3741 830 3810 (Vers.
865 3746 979 3821 16.)
1023 3750 1125 3807 Sed
1168 3755 1293 3825 quia
1324 3758 1528 3831 tepidus
1567 3780 1637 3833 es,
1678 3763 1928 3836 incipiam
1970 3776 2015 3824 te
2041 3786 2170 3825 evo-

573 3845 712 3928 ntere
762 3851 829 3889 ea;
881 3855 973 3894 ore
1016 3858 1145 3899 meo.
1198 3846 1357 3921 Aqua
1398 3851 1582 3923 tepida
1628 3853 1674 3909 si
1725 3854 1921 3913 hausta
1979 3857 2167 3928 fuerit,

575 3921 858 3983 fastidium
911 3942 1176 4003 generat:
1218 3921 1639 4012 ideoque—facile
1685 3943 1951 4016 rejicitur.
1999 3948 2061 4003 In
2108 3921 2169 4005 os

575 4030 708 4074 vero
747 4020 971 4078 Domini
1020 4030 1152 4082 tunc
1180 4027 1541 4102 ingredimur,
1581 4036 1799 4107 quando
1841 4054 1936 4109 per
1980 4037 2171 4111 bapti-

573 4133 750 4174 smum
780 4135 813 4175 a
842 4117 996 4174 vitiis
1025 4117 1284 4177 omnibus
1313 4125 1618 4195 emundati,
1641 4126 1886 4183 membra
1913 4126 2030 4199 ejus
2057 4127 2168 4184 eﬂi-

569 4206 769 4263 cimur.
802 4208 978 4281 Igitur
1000 4209 1045 4266 si
1074 4210 1236 4267 ﬁdem
1266 4230 1387 4287 qure
1416 4232 1512 4288 per
1542 4215 1864 4274 charitatem
1889 4224 2170 4289 operatur,

569 4304 623 4351 et
674 4314 834 4369 quam
893 4301 951 4355 in
1010 4300 1337 4374 baptismate
1395 4307 1768 4379 promisimus,
1827 4325 1857 4364 a
1903 4307 2168 4365 charitate

571 4399 908 4464 tepescentes
955 4400 1166 4469 operari
1218 4402 1645 4473 neglexerimus,
1687 4403 1754 4459 ab
1784 4420 1876 4460 ore
1922 4405 2166 4474 Domini,

2293 466 2378 519 sul
2436 466 2697 522 Ecclesiae
2726 466 3008 523 Laodiceae
3036 476 3258 539 propter
3286 470 3443 527 solam
3470 471 3610 531 ﬁdem
3642 483 3788 537 omni-

2291 552 2395 608 bus
2443 553 2748 610 virtutibus
2774 555 3005 611 divitem
3035 571 3092 611 se
3120 564 3175 611 et
3203 557 3510 629 locupletem
3534 565 3790 638 aestimabat,

2293 649 2349 697 et
2392 642 2537 697 nihil
2586 660 2644 699 se
2668 644 2735 699 ad
2765 645 2996 701 salutem
3025 654 3283 702 aeternam
3312 651 3653 720 acquirendam
3679 658 3790 715 aliud

2293 747 2470 803 egere,
2521 748 2632 788 non
2690 734 2999 806 recogitans
3028 735 3169 792 illud
3198 736 3343 808 quod
3387 739 3514 796 dicit
3538 746 3792 813 apostolus:

2290 820 2422 893 quia
2492 845 2511 869 ‹
2565 822 2700 879 ﬁdes
2748 823 2867 879 sine
2917 824 3175 896 operibus
3227 825 3399 884 otiosa
3442 836 3516 885 est
3558 831 3723 901 (Jaeob.
3750 853 3794 900 ιι,

2289 909 2405 975 26).
2431 934 2448 955 ι

2360 1042 2433 1096 Et
2461 1042 2627 1097 nescis
2651 1046 2781 1114 quia
2808 1051 2862 1099 tu
2893 1062 2944 1101 es
2966 1047 3198 1116 miser,et
3225 1050 3542 1120 miserabilis,
3563 1060 3603 1107 et
3623 1072 3796 1127 pauper,

2289 1133 2338 1182 et
2377 1146 2559 1198 caecus,
2591 1137 2639 1185 et
2669 1134 2863 1189 nudus.
2895 1135 3155 1193 Miserum
3185 1155 3310 1194 eum
3339 1139 3579 1209 dicimus,
3606 1143 3801 1214 quicum

2291 1226 2607 1289 paupertate
2638 1228 2691 1276 et
2720 1223 2969 1279 nuditate
2998 1226 3161 1282 etiam
3186 1227 3369 1300 aliqua
3390 1228 3677 1287 inﬁrmitate
3704 1250 3802 1304 pre-

2290 1306 2481 1363 mitur.
2545 1309 2814 1366 Similiter
2868 1320 2921 1367 et
2959 1313 3061 1370 iste
3116 1314 3283 1371 miser
3319 1324 3371 1372 et
3401 1316 3694 1375 miserabilis
3713 1320 3804 1377 ideo

2289 1394 2517 1465 dicitur,
2560 1400 2705 1471 quod
2755 1417 2959 1475 pauper
2986 1410 3102 1458 erat
3143 1404 3460 1475 virtutibus,
3486 1415 3649 1463 mente
3672 1425 3804 1465 caicus

2292 1483 2434 1559 (24),
2462 1488 2721 1560 operibus
2748 1489 2910 1546 bonis
2939 1492 3142 1548 nudus.

2362 1621 2543 1693 (Vers.
2593 1622 2706 1695 18.)
2749 1624 2952 1680 Suadeo
2985 1625 3076 1680 tibi
3103 1642 3268 1683 emere
3294 1646 3330 1682 a
3355 1644 3433 1683 me
3458 1644 3637 1684 aurum
3651 1630 3809 1701 proba-

2291 1714 2419 1777 tum,
2487 1710 2728 1781 ignitum.
2775 1711 2877 1767 Per
2926 1729 3121 1769 aurum
3174 1713 3447 1788 sapientia
3498 1716 3811 1790 intelligitur,

2289 1796 2433 1853 sicut
2489 1798 2755 1871 scriptum
2795 1809 2874 1856 est
2906 1818 2917 1855 :
2972 1826 2990 1848 ε
3040 1802 3354 1861 Thesaurus
3381 1803 3723 1861 desiderabilis
3745 1822 3812 1861 re-

2288 1886 2523 1958 quiescit
2565 1887 2624 1942 in
2686 1904 2782 1944 ore
2835 1889 3098 1963 sapientis
3143 1893 3337 1964 (Prov.
3367 1909 3488 1961 1x1,
3519 1893 3661 1965 20).-
3697 1893 3813 1962 Quod

2288 1974 2575 2046 probatum
2624 1976 2851 2046 dicitur,
2881 1979 3010 2051 quia
3037 1980 3296 2052 probatos
3326 1991 3381 2039 et
3409 1982 3660 2055 perfectos
3683 1982 3816 2038 reddit

2286 2079 2476 2120 omnes
2527 2081 2664 2137 quos
2716 2066 2977 2138 possidet.
3042 2068 3289 2141 Ignitum
3347 2086 3477 2126 vero
3506 2070 3617 2127 ideo
3641 2070 3818 2137 dicitur,

2286 2152 2415 2222 quia
2462 2169 2650 2209 eorum
2703 2162 2913 2212 mentes
2964 2154 3024 2211 in
3057 2157 3261 2229 quibus
3292 2157 3524 2229 habitat,
3555 2159 3609 2215 in
3631 2175 3818 2215 amorem

2284 2240 2383 2296 Dei
2437 2249 2599 2315 atque
2627 2243 2869 2315 proximi
2901 2246 3169 2303 accendit.
3204 2249 3279 2304 Et
3306 2247 3436 2321 quia
3465 2265 3585 2305 vera
3610 2248 3820 2322 sapientia

2283 2348 2353 2387 ex
2408 2329 2616 2387 divinis
2671 2332 2972 2406 Scripturis
3032 2337 3323 2404 accrescit,
3381 2338 3657 2395 Psalmista
3692 2337 3821 2393 mani-

2291 2419 2471 2488 festat,
2503 2436 2629 2476 cum
2659 2420 2823 2477 dicit:
2870 2446 2889 2469 ι
2918 2424 3155 2498 Eloquia
3202 2427 3436 2483 Domini
3463 2428 3665 2501 eloquia
3692 2434 3820 2492 casta,

2286 2519 2574 2584 argentum
2620 2512 2745 2585 igne
2786 2516 3182 2588 examinatum,
3214 2519 3516 2592 probatum
3535 2530 3696 2586 terrae,
3722 2534 3826 2591 pur-

2282 2608 2467 2673 gatum
2516 2604 2826 2676 septuplum
2877 2606 3052 2679 (Psal.
3102 2624 3184 2677 x1,
3217 2610 3304 2681 7).
3339 2635 3359 2658 ι
3401 2609 3628 2682 Eloquia
3650 2606 3822 2665 Domini

2282 2695 2500 2767 eloquia
2551 2705 2702 2753 casta
2756 2704 2921 2764 sunt;
2965 2698 3098 2772 quia
3147 2708 3333 2758 castas
3392 2709 3598 2758 mentes
3646 2717 3673 2755 a
3712 2698 3828 2755 vitiis

2282 2782 2539 2840 reddunt.
2594 2784 2699 2841 Sed
2749 2802 2873 2842 cum
2920 2786 3061 2843 nihil
3113 2791 3345 2863 purgari
3380 2792 3568 2863 possit,
3597 2789 3692 2847 nisi
3716 2785 3828 2860 quod

2281 2873 2567 2930 sordidum
2635 2882 2765 2944 est,
2832 2876 3189 2948 quaerendum
3255 2880 3422 2936 nobis
3476 2889 3557 2937 est
3607 2874 3831 2951 quomodo

2280 2962 2498 3034 eloquia
2556 2962 2780 3019 Domini
2829 2965 3048 3037 purgari
3098 2966 3391 3037 dicantur,
3424 2968 3484 3024 in
3514 2967 3698 3040 quibus
3721 2963 3828 3019 nihil

2281 3050 2565 3109 sordidum
2615 3067 2731 3107 esse
2782 3061 2977 3125 potest.
3022 3054 3267 3128 Eloquia
3322 3073 3453 3130 ergo
3486 3053 3696 3113 Domini
3725 3052 3833 3109 sicut

2282 3147 2568 3211 argentum
2595 3139 2721 3211 igne
2749 3142 3060 3198 examinata
3088 3160 3203 3201 esse
3235 3145 3541 3213 dicuntur;
3572 3144 3690 3217 quia
3720 3156 3831 3198 meu-

2282 3234 2365 3285 tes
2402 3228 2650 3285 ﬁdelium
2709 3230 3005 3304 aliquando
3033 3233 3156 3305 igne
3185 3235 3560 3307 paenitentiae,
3591 3228 3833 3306 aliquando

2284 3320 2408 3391 igne
2433 3320 2719 3378 charitatis
2744 3322 2812 3377 ab
2855 3324 3114 3380 omnibus
3151 3326 3424 3382 sordibus
3458 3325 3706 3381 vitiorum
3731 3336 3834 3376 exa-

2282 3408 2498 3465 minant
2548 3412 2687 3483 (25).
2721 3410 2877 3479 Quod
2903 3421 3085 3470 autem
3111 3413 3188 3471 ait
3225 3432 3239 3471 :
3294 3416 3585 3472 Probatum
3623 3420 3770 3477 terra,
3792 3407 3833 3462 in

2283 3497 2511 3555 Hebraeo
2567 3499 2774 3556 habet:
2836 3502 3151 3573 Separatum
3204 3522 3245 3560 a
3304 3512 3477 3560 terra.
3522 3501 3669 3570 Quod
3710 3498 3834 3553 etiam

2285 3590 2599 3661 septuplum
2648 3600 2937 3665 purgatum
2989 3592 3223 3661 dicitur,
3256 3603 3492 3667 propter
3528 3598 3718 3665 septem
3743 3602 3833 3660 pc:-

2282 3676 2526 3749 gationes
2586 3695 2719 3751 quas
2773 3679 2965 3737 divina
2992 3681 3285 3754 Scriptura
3318 3684 3379 3739 in
3411 3700 3470 3739 se
3498 3680 3744 3745 continet,
3769 3690 3838 3730 se-

2281 3773 2428 3837 ptem
2455 3767 2718 3825 videlicet
2746 3768 3000 3838 virtutes,
3030 3771 3237 3844 quibus
3270 3772 3470 3829 omnia
3498 3770 3631 3826 vitia
3654 3777 3834 3841 purgan'

2281 3862 2416 3912 tur:
2484 3857 2945 3929 quemadmodum
2995 3861 3133 3933 gulae
3196 3858 3417 3918 vitium
3481 3864 3731 3934 purgatur
3770 3865 3840 3924 Ρθῖ

2281 3943 2696 4016 abstinentiam,
2727 3948 2983 4020 superbia
3009 3965 3106 4021 per
3134 3948 3561 4014 humilitatem,
3596 3943 3748 4037 libido
3770 3952 3838 4037 per

2281 4033 2641 4106 pudicitiam;
2677 4035 2886 4106 odium,
2920 4039 3171 4108 avaritia,
3192 4040 3448 4110 invidia,
3481 4048 3536 4095 et
3562 4036 3721 4093 multa
3742 4030 3837 4090 alia,

2280 4139 2376 4195 per
2418 4122 2760 4182 charitatem.
2820 4126 3090 4183 Similiter
3143 4134 3199 4183 et
3248 4138 3457 4186 caetera
3513 4125 3646 4182 vitia
3681 4118 3837 4176 habent

2279 4210 2461 4268 hostes
2510 4229 2655 4281 suos,
2713 4230 2743 4269 a
2768 4214 2997 4287 fquibus
3023 4225 3118 4273 aut
3141 4216 3487 4286 vincuntur,
3516 4222 3609 4271 aut
3635 4210 3836 4267 vincunt-

2280 4303 2351 4357 Et
2405 4302 2534 4377 quia
2585 4305 2835 4378 superius
2879 4307 3146 4363 Dominus
3170 4306 3344 4376 dicit,
3374 4316 3441 4364 ut
3477 4321 3687 4371 aurum,
3711 4298 3758 4355 id
3779 4301 3837 4348 θεῖ

2284 4392 2576 4463 sapientia,
2631 4410 2663 4449 a
2712 4410 2769 4451 se
2797 4402 3027 4463 ematur;
3059 4397 3437 4469 quaerendum
3467 4394 3628 4454 nobis
3655 4397 3743 4458 est,
3759 4397 3837 4458 quo

575 4457 746 4536 veluti
780 4457 1052 4555 quoddam
1084 4457 1342 4543 nocivum
1373 4457 1436 4547 ac
1826 4457 2168 4565 fetidumque
2199 4457 2245 4515 Β
2276 4481 2454 4552 Pretio
2505 4481 2793 4565 sapientia_
2822 4493 3055 4553 ematur.
3099 4502 3233 4542 cum
3290 4487 3401 4543 10h
3459 4486 3643 4543 dicati
3701 4504 3715 4526 ‘
3749 4475 3837 4530 N0"

573 4572 876 4644 rejicimur,
902 4576 1045 4632 sicut
1072 4577 1188 4650 ipse
1220 4578 1366 4636 dixit
1394 4581 1460 4637 de
1483 4599 1538 4638 se
1555 4582 1672 4654 ipso
1703 4582 1992 4655 discipulis
2020 4584 2162 4639 suis:

584 4687 603 4708 ι
641 4662 757 4734 Ego
805 4681 923 4720 sum
975 4667 1129 4737 vitis,
1163 4675 1217 4725 et
1265 4687 1362 4727 vos
1390 4673 1679 4744 palmites;
1714 4680 1767 4729 et
1808 4675 1967 4729 Pater
2014 4690 2168 4729 meus

569 4754 811 4826 agricola
838 4764 939 4813 est.
971 4759 1201 4816 Omnem
1233 4763 1515 4834 palmitem
1558 4779 1669 4821 non
1697 4765 1958 4822 ferentem
1993 4766 2048 4821 in
2080 4781 2166 4820 me

569 4843 839 4912 fructum,
862 4846 1122 4916 praecidet
1147 4864 1293 4918 eum,
1322 4858 1375 4905 et
1400 4868 1617 4908 omnem
1649 4853 1741 4927 qui
1767 4854 1870 4909 fert
1899 4855 2165 4922 fructum,

569 4932 826 5004 purgabit
871 4950 994 4991 eum
1039 4937 1180 5010 (22),
1222 4948 1285 4996 ut
1320 4939 1534 4998 fructus
1581 4943 1705 5014 plus
1754 4944 1943 5001 afferat
1983 4944 2162 5016 (Joan.

566 5037 665 5091 xv,
699 5022 752 5089 1,
782 5022 834 5093 2,
865 5024 945 5096 5).
979 5048 997 5072 ι

641 5113 824 5185 (Vere.
861 5116 973 5188 17.)
1009 5117 1146 5185 Quia
1174 5117 1304 5174 dicis
1345 5120 1485 5190 quod
1520 5120 1660 5176 dives
1690 5136 1826 5191 sum,
1857 5128 1903 5177 et
1930 5123 2166 5195 locuple-

567 5207 729 5271 tatus,
770 5210 817 5259 et
856 5205 1063 5262 nullius
1103 5224 1237 5279 egeo.
1286 5207 1454 5264 Dives
1494 5217 1548 5264 et
1601 5211 1964 5281 locupletatus
2021 5221 2165 5269 recte

564 5293 771 5351 dicitur
818 5296 914 5368 qui
963 5297 1222 5353 omnibus
1272 5297 1576 5355 virtutibus
1624 5299 1838 5371 plenus,
1885 5317 2056 5375 usque
2094 5302 2165 5359 ad

637 5393 756 5469 (22)
798 5395 973 5463 Edit.,
1006 5395 1063 5451 in
1094 5414 1174 5452 me
1202 5395 1435 5467 fructum
1458 5398 1711 5468 purgabit
1747 5416 1884 5469 eum,
1915 5399 2011 5457 sed
2048 5400 2163 5457 bia-

566 5464 689 5539 tum
703 5464 866 5539 hunc
896 5484 1039 5539 mss.
1056 5464 1249 5524 omnes
1269 5464 1683 5539 suppleverunt.

637 5535 753 5660 (ἐξ)
799 5537 984 5595 Codex
1012 5537 1168 5595 Gem.
1176 5582 1193 5610 ,
1211 5535 1587 5611 persecutionis
1610 5540 1856 5597 excrevit.
1887 5542 2008 5600 Non
2033 5543 2164 5601 satis

564 5619 727 5660 recte.

2277 4568 2501 4627 dabitur
2526 4588 2721 4628 aurum
2753 4558 2999 4631 obrizum
3042 4593 3140 4648 pro
3167 4594 3237 4633 ea
3269 4578 3400 4649 (Job
3453 4591 3655 4642 xxvm,
3685 4568 3758 4639 15)
3781 4582 3827 4632 ;’

2274 4677 2375 4718 nec
2428 4661 2581 4718 aliud
2625 4662 2779 4736 quid,
2826 4665 2972 4737 quod
2998 4665 3143 4722 inter
3169 4666 3449 4724 homines
3478 4663 3750 4739 pretiosius
3771 4657 3838 4712 ha-

2273 4752 2456 4809 betur.
2514 4752 2618 4810 Sed
2678 4770 2787 4827 quo
2838 4757 3015 4828 pretio
3067 4766 3317 4828 ematur,
3380 4760 3502 4833 ipse
3544 4758 3723 4815 beatus
3765 4743 3839 4805 Job

2275 4844 2607 4914 manifestat,
2659 4862 2784 4901 cum
2833 4844 3016 4903 dicit:
3070 4872 3089 4892 ι
3145 4848 3354 4904 Timor
3413 4847 3636 4905 Domini
3664 4845 3759 4915 ipsa
3783 4842 3842 4892 est

2276 4932 2563 5005 sapientia,
2623 4943 2678 4990 et
2737 4936 2989 4992 recedere
3042 4952 3073 4991 a
3118 4938 3275 4993 malo
3318 4933 3688 5010 intelligentia
3714 4923 3837 5001 (Ibid.

2272 5022 2413 5095 28).»
2473 5022 2594 5078 Non
2626 5024 2773 5096 quod
2805 5024 2917 5094 ille,
2954 5024 3048 5098 qui
3080 5025 3269 5095 timet,
3300 5028 3584 5100 perfectus
3609 5023 3676 5080 sit
3701 5021 3750 5075 in
3770 5030 3840 5071 sa—

2272 5111 2502 5186 pientia,
2534 5129 2659 5169 cum
2689 5115 2967 5186 apostolus
2995 5114 3178 5173 dicat:
3254 5141 3277 5164 ι
3338 5117 3453 5185 Qui
3481 5123 3657 5173 autem
3699 5108 3837 5168 timet,

2273 5219 2383 5259 non
2430 5210 2513 5259 est
2562 5203 2834 5281 perfectus
2873 5204 2930 5260 in
2973 5204 3247 5262 charitate
3287 5208 3352 5279 (Ι
3374 5209 3540 5263 Joan.
3585 5198 3831 5271 1v,18):'

2271 5293 2366 5351 sed
2395 5292 2541 5365 quod
2580 5292 2901 5365 sapientiam
2928 5291 3045 5365 jam
3082 5294 3381 5365 possidere
3412 5293 3633 5365 incipit,
3664 5285 3743 5362 qui
3765 5294 3838 5354 Ρτο

2370 5398 2461 5477 2b)
2494 5399 2917 5477 Desiderabatur
2937 5401 2994 5457 in
3023 5400 3153 5477 edit.
3189 5409 3375 5477 mente
3391 5419 3586 5477 aecus.
3656 5467 3685 5477 ,Α
3723 5462 3753 5477 _,

2370 5399 2437 5455 24
2494 5399 2917 5458 Desiderabatur
2937 5401 2994 5457 in
3023 5400 3153 5459 edit.
3189 5409 3375 5458 mente
3402 5419 3586 5458 aecus.
3656 5467 3667 5477 ,
3742 5462 3753 5471 ,

2344 5399 2461 5546 issi
2512 5473 2981 5546 Edit._hFidelium
3016 5473 3342 5546 aliquando
3378 5476 3499 5546 igne
3525 5455 3836 5546 ειωηςᾳιιεαᾷ

2268 5537 2509 5670 gmnib'us
2552 5543 2796 5601 sordibus
2850 5537 3183 5611 examinant;
3244 5537 3574 5604 mssfvero
3598 5537 3834 5599 uobiscum

2292 5622 2496 5670 acrunt.

2292 5622 2496 5671 'aciunt.
