4068 6182
255 295 362 353 873

1137 293 1593 351 BEBENGAUDI
1630 291 2004 350 EXPOSITIO
2043 292 2113 349 IN
2146 290 2653 351 .APOCALYPSIN.

3462 294 3568 350 874

255 438 319 478 ea
341 419 581 492 pretium
613 417 744 474 dare
788 405 1032 475 inchoat.
1085 418 1327 475 Pretium
1377 426 1562 474 autem
1611 416 1729 489 ejus
1775 424 1857 472 est
1887 420 1936 478 A
1969 416 2065 472 sed
2094 432 2190 488 per
2219 416 2574 488 adoptionem
2604 425 2734 473 sunt
2767 414 2908 483 ﬁlii;
2957 415 3081 471 ideo
3127 414 3373 472 diversas
3418 416 3572 474 sedes

256 511 426 567 timor
449 508 697 576 Domini,
742 507 1148 565 abrenuntiatio
1194 508 1481 575 vitiorum,
1514 507 1858 580 paenitentia,

255 600 535 671 lacrymae,
568 612 732 669 opera
761 595 1171 653 misericordiae.
1216 597 1288 652 Et
1338 595 1465 651 ideo
1512 613 1624 651 non
1656 597 1862 652 incon-

256 689 543 745 venienter
570 687 820 759 sequitur
854 705 866 742 :
908 687 971 743 Ut
1003 687 1231 756 locuples
1258 687 1376 757 ﬁas.
1420 686 1563 753 Quia
1606 686 1726 742 sine
1756 686 1863 742 hoc

256 778 435 850 pretio
479 775 549 831 ad
597 776 1083 848 locupletationem
1131 774 1425 843 virtutum,
1472 775 1619 848 quod
1647 783 1729 831 est
1766 792 1862 831 sa—

255 866 487 940 pientia,
520 881 685 920 nemo
716 865 1002 936 pervenire
1044 872 1243 936 potest.
1282 867 1356 920 Et
1384 865 1701 921 vestimentis
1727 865 1864 920 albis

251 957 526 1013 induaris.
562 957 907 1013 Vestimenta
931 956 1055 1012 alba
1085 965 1215 1013 sunt
1243 973 1410 1028 Opera
1440 956 1605 1012 bona.
1653 958 1728 1012 Et
1758 973 1864 1011 non

250 1052 515 1119 appareat
541 1044 783 1115 confusio
828 1046 1088 1101 nuditatis
1138 1052 1259 1101 tum.
1295 1044 1567 1102 Confusio
1597 1044 1866 1101 nuditatis

255 1136 354 1191 illa
400 1144 506 1202 est,
555 1134 621 1189 de
665 1151 772 1207 qua
814 1134 952 1191 dicit
983 1134 1309 1192 Psalmista:
1370 1161 1389 1183 ι
1417 1137 1565 1192 Ecce
1611 1135 1757 1191 enim
1806 1135 1865 1190 in

254 1223 648 1299 iniquitatibus
690 1231 987 1295 conceptus
1016 1241 1158 1291 sum,
1215 1233 1267 1280 et
1298 1224 1354 1280 in
1385 1224 1624 1297 peccatis
1656 1224 1865 1297 peperit

254 1331 345 1371 me
382 1322 555 1370 mater
598 1330 717 1369 mea
763 1314 938 1385 (Psal.
972 1332 1024 1382 ι,
1069 1313 1146 1384 7).
1174 1340 1193 1362 ι
1240 1314 1391 1370 Hanc
1431 1323 1612 1370 autem
1657 1312 1864 1370 confu—

252 1407 469 1462 sionem
512 1403 783 1461 nuditatis
810 1404 973 1460 bonis
1001 1403 1260 1476 operibus
1294 1403 1506 1476 operire
1553 1403 1816 1459 debemus
1846 1421 1860 1471 ;

254 1513 387 1552 nam
427 1495 680 1569 quamvis
716 1494 817 1550 iste
869 1494 1158 1567 episcopus
1204 1494 1370 1550 ﬁdem
1403 1493 1650 1559 haberet,
1682 1493 1865 1550 nudus

254 1593 445 1641 tamen
480 1583 724 1651 dicitur;
776 1599 841 1639 eo
881 1582 1029 1655 quod
1058 1583 1125 1638 ab
1157 1582 1416 1655 operibus
1454 1582 1585 1638 ﬁdei
1622 1591 1862 1640 vacaret.

254 1677 334 1731 Et
362 1673 586 1744 collyrio
614 1674 805 1743 inunge
835 1673 1013 1727 oculos
1045 1678 1181 1737 tuos,
1233 1677 1291 1726 ut
1317 1672 1517 1727 videas.
1548 1672 1651 1727 Per
1678 1674 1867 1745 colly—

1975 505 2285 562 sortiuntur
2311 506 2614 562 secundum
2640 505 2965 560 meritorum
2998 503 3396 560 diversitatem.
3432 505 3571 561 Prae-

1969 604 2076 652 stet
2115 597 2219 654 hoc
2247 596 2433 666 nobis,
2472 597 2540 653 de
2566 613 2675 669 quo
2712 594 2991 669 loquimur
3024 613 3036 662 ;
3070 601 3132 649 ut
3161 593 3221 649 in
3258 610 3445 649 earum
3492 610 3572 650 se-

1971 689 2123 745 dium
2156 688 2554 745 distributione
2598 704 2697 743 nos
2737 687 2923 743 miseri
2966 694 3176 758 partem
3231 685 3432 741 habere
3462 702 3572 741 me-

1972 792 2207 843 reamur,
2257 777 2411 832 Jesus
2457 776 2710 832 Christus
2756 775 3027 831 Dominus
3071 781 3275 843 noster,
3310 773 3404 846 qui
3444 790 3570 830 cum

1971 865 2128 920 Patre
2161 873 2214 921 et
2255 865 2465 937 Spiritu
2502 873 2691 921 sancto
2749 863 2893 921 vivit
2923 871 2976 920 et
3020 872 3211 935 regnat
3256 862 3315 918 in
3371 864 3574 919 saecula

1972 958 2325 1025 saeculorum,
2356 973 2538 1013 amen.

2356 1061 2449 1115 DE
2498 1059 2573 1116 VI
2583 1058 2786 1116 SIONE
2833 1058 3177 1116 SECUNDA.

2042 1150 2202 1206 Ratio
2258 1148 2506 1222 deposcit
2563 1146 2689 1220 (26)
2746 1155 2809 1203 ut
2853 1155 2976 1220 post
3029 1155 3236 1218 septem
3290 1146 3569 1221 epistolas,

1973 1256 2108 1313 quas
2153 1241 2221 1296 ad
2258 1249 2465 1312 septem
2508 1238 2814 1306 Ecclesias,
2862 1254 2982 1311 quae
3021 1253 3187 1293 unam
3241 1237 3570 1295 catholicam

1972 1329 2279 1401 designant,
2318 1329 2551 1385 Joannes
2580 1326 2808 1395 direxit,
2854 1326 2911 1381 in
2947 1326 3149 1398 quibus
3197 1326 3389 1383 ﬁdeles
3417 1327 3571 1384 insti-

1974 1426 2225 1487 tuuntur,
2277 1417 2515 1491 qualiter
2559 1417 2628 1472 ad
2684 1416 2956 1473 virtutum
3003 1415 3387 1473 celsitudinem
3446 1432 3573 1473 con-

1974 1510 2233 1567 scendere
2275 1508 2530 1576 debeant,
2588 1508 2834 1579 ejusdem
2890 1510 3150 1567 Ecclesiae
3201 1519 3376 1568 status
3408 1519 3573 1586 atque

1974 1600 2294 1659 sublimitas
2325 1598 2669 1656 manifestius
2696 1598 3057 1661 describatur.

2047 1690 2276 1748 CAPUT
2303 1690 2400 1748 IV.
2431 1723 2502 1732 —
2533 1691 2714 1763 (Vers.
2772 1692 2849 1764 1.)
2892 1692 3021 1749 Post
3066 1693 3171 1748 hac
3212 1693 3325 1749 vidi
3379 1694 3574 1750 ostium

256 1763 433 1831 rium,
474 1762 620 1836 quod
648 1761 948 1833 caliginem
978 1761 1047 1818 ab
1078 1762 1254 1818 oculis
1273 1761 1523 1833 detergit,
1556 1763 1865 1835 lacrymas—

1980 1794 2213 1858 apertum
2242 1785 2297 1840 in
2327 1787 2473 1841 cado.
2524 1761 2626 1839 Per
2673 1761 2902 1852 ostium,
2935 1782 3189 1841 Christus
3219 1784 3572 1858 intelligitur,

260 1869 372 1925 que
423 1850 631 1917 educit,
711 1849 1044 1922 poenitentia
1089 1857 1252 1923 atque
1296 1850 1650 1922 compunctio
1684 1853 1867 1910 cordis

257 1950 444 2016 potest
492 1941 765 2014 intelligi;
817 1940 933 2012 ipsa
985 1948 1067 1997 est
1111 1957 1349 2014 namque
1398 1957 1518 2015 quae
1566 1942 1635 1999 ab
1686 1943 1863 1999 oculis

256 2031 467 2087 mentis
493 2031 783 2102 caliginem
810 2029 1072 2086 caecitatis
1096 2029 1349 2103 detergit,
1386 2024 1548 2103 atque
1577 2031 1647 2088 ad
1673 2030 1863 2087 viden-

255 2123 396 2179 dum
436 2138 560 2195 quae
590 2120 663 2177 sit
692 2119 987 2177 retributio
1004 2118 1283 2192 justorum
1315 2128 1368 2175 et
1416 2136 1578 2193 paena
1605 2128 1865 2194 peccato-

254 2228 387 2269 rum
415 2210 582 2268 acuit.

333 2301 521 2369 (Vers.
546 2301 660 2373 19.)
692 2302 806 2372 Ego
835 2316 964 2371 quos
991 2316 1135 2364 amo,
1169 2316 1340 2369 arguo
1370 2303 1423 2353 et
1454 2299 1672 2371 castigo.
1710 2300 1867 2357 Sicut

257 2395 405 2453 dicit
456 2394 788 2466 Scriptura:
839 2417 858 2440 ι
896 2393 1070 2461 Quem
1119 2395 1270 2450 enim
1320 2393 1531 2467 diligit,
1594 2395 1866 2453 Dominus

257 2484 497 2556 corripit
526 2502 538 2540 :
574 2483 814 2554 ﬂagellat
831 2490 1013 2540 autem
1035 2500 1255 2540 omnem
1271 2482 1451 2539 ﬁlium
1482 2500 1643 2557 quem
1669 2485 1866 2558 recipit

256 2573 459 2647 (Hebr.
489 2590 592 2640 xu,
614 2573 695 2643 6).
724 2598 744 2619 ι
1836 2580 1839 2583 ‘

337 2662 522 2734 (Vers.
555 2660 671 2731 20.)
699 2661 985 2716 zEmuiare
1038 2677 1179 2731 ergo,
1232 2668 1283 2716 et
1330 2661 1686 2732 paenitentiam
1725 2677 1818 2731 age
1850 2678 1862 2717 :

256 2752 322 2809 id
362 2761 467 2818 est,
511 2752 770 2807 mmulare
816 2751 1011 2821 bonos,
1071 2759 1124 2807 et
1176 2751 1553 2823 pceuitentiam
1593 2768 1689 2825 age
1730 2770 1744 2819 ;
1805 2769 1868 2808 eo

255 2842 413 2915 quod
443 2858 474 2895 a
502 2841 662 2897 bonis
688 2842 949 2913 operibus
980 2857 1153 2913 usque
1200 2842 1364 2898 modo
1408 2844 1702 2914 torpueris.
1736 2843 1870 2897 Ecce

253 2931 431 2986 stoad
460 2931 674 2999 ostium,
704 2937 752 2985 et
773 2932 930 3001 pulso
964 2949 975 2986 ε
1005 2930 1051 2984 si
1070 2931 1187 3000 quis
1215 2931 1450 2985 audierit
1480 2948 1648 2985 vocem
1676 2948 1868 3000 meam,

252 3029 310 3077 et
354 3021 629 3091 aperuerit
670 3019 923 3088 januam,
968 3020 1179 3075 intrabo
1221 3021 1292 3075 ad
1340 3021 1516 3089 illum,
1566 3026 1614 3075 et
1661 3021 1868 3076 ccenabo

1970 1876 2065 1950 qui
2096 1876 2272 1933 dicit:
2315 1898 2334 1922 ι
2364 1875 2481 1946 Ego
2510 1891 2632 1930 sum
2664 1873 2902 1931 ostium:
2949 1890 3047 1946 per
3096 1891 3183 1931 me
3227 1874 3275 1931 si
3326 1876 3450 1948 quis
3477 1876 3576 1932 in-

1971 1965 2207 2034 troierit,
2256 1964 2561 2021 salvabitur
2620 1964 2802 2034 (Joan.
2848 1980 2907 2033 x,
2963 1963 3045 2034 9).
3077 1988 3096 2012 ι
3159 1963 3318 2031 Quod
3371 1964 3574 2021 ostium

1971 2062 2221 2127 apertum
2263 2069 2379 2109 esse
2409 2051 2660 2119 dicitur;
2705 2051 2835 2124 quia
2880 2051 3144 2108 omnibus
3185 2052 3254 2109 ad
3298 2070 3355 2109 se
3384 2053 3591 2127 venire,

1973 2142 2431 2210 desiderantibus,
2490 2139 2743 2214 quamvis
2796 2140 2990 2195 multis
3045 2140 3343 2197 sceleribus
3395 2140 3577 2215 depri-

1973 2240 2217 2301 mantur,
2249 2230 2451 2286 ostium
2500 2227 2891 2284 misericordiae
2923 2244 3036 2284 suae
3075 2229 3288 2301 aperire
3334 2247 3446 2286 non
3483 2230 3575 2287 de-

1974 2321 2257 2395 dignatur,
2289 2320 2432 2377 sicut
2462 2333 2575 2391 ipse
2620 2316 2758 2374 dicit
2804 2316 2862 2372 in
2909 2317 3214 2390 Evangelio
3246 2333 3258 2372 :
3325 2343 3344 2366 ι
3371 2320 3575 2377 Venite

1972 2410 2042 2467 ad
2073 2427 2181 2480 me,
2213 2426 2405 2466 omnes
2435 2409 2531 2482 qui
2560 2406 2820 2464 laboratis
2856 2414 2910 2463 et
2954 2406 3166 2463 onerati
3207 2406 3361 2477 estis,
3392 2416 3446 2464 et
3475 2425 3575 2482 ego

1973 2499 2216 2557 reﬁciam
2269 2515 2368 2555 vos
2415 2498 2630 2571 (Matth.
2664 2513 2747 2561 x1,
2778 2495 2895 2566 28).
2930 2522 2949 2545 ι
2990 2497 3092 2551 Per
3142 2498 3341 2552 coelum
3390 2505 3573 2552 autem

1973 2589 2222 2646 Ecclesia
2246 2588 2581 2660 designatur.
2615 2586 2720 2642 Sed
2750 2586 2795 2641 si
2830 2586 3013 2641 omnis
3034 2586 3129 2657 qui
3158 2601 3255 2656 per
3279 2584 3482 2641 ostium
3512 2585 3572 2641 in

1975 2680 2123 2737 ovile
2151 2679 2363 2745 ovium,
2388 2677 2447 2732 id
2475 2684 2577 2743 est,
2596 2676 2653 2731 in
2683 2684 2923 2730 sanctam
2945 2674 3249 2729 Ecclesiam
3272 2673 3569 2745 introierit,

1950 2767 2319 2824 'salvabitur:
2375 2762 2614 2835 reprobi,
2663 2778 2895 2835 quorum
2945 2761 3377 2818 innumerabiles
3423 2762 3571 2818 intra

1977 2866 2220 2915 sanctam
2261 2854 2562 2911 Ecclesiam
2602 2852 2979 2920 continentur,
3026 2869 3136 2925 quo
3183 2852 3340 2908 aditu
3396 2853 3566 2908 intro-

1978 2948 2163 3005 ierunt
2191 2946 2219 3002 ?
2251 2948 2327 3002 De
2358 2945 2463 3000 hoc
2487 2942 2785 2999 Dominum
2804 2943 3239 3014 interrogemus;
3270 2943 3347 2998 ait
3378 2943 3526 2998 enim
3551 2959 3564 2999 :

1993 3064 2011 3087 ι
2040 3037 2143 3105 Qui
2196 3052 2307 3092 non
2343 3036 2513 3091 intrat
2553 3049 2650 3107 per
2696 3033 2898 3090 ostium
2932 3032 2992 3088 in
3036 3034 3185 3088 ovile
3231 3033 3442 3102 ovium,
3472 3031 3569 3089 sed

253 3128 384 3166 cum
412 3112 529 3178 illo,
557 3117 606 3164 et
634 3109 744 3181 ipse
770 3127 988 3165 mecum.
1020 3110 1208 3166 Pulsat
1239 3111 1512 3167 Dominus
1564 3110 1633 3167 ad
1661 3111 1864 3167 ostium
1897 3140 1941 3201 α
1974 3126 2219 3184 ascendit
2245 3124 2491 3191 aliunde,
2521 3124 2613 3179 ille
2644 3121 2733 3178 fur
2766 3132 2847 3178 est
2879 3129 2933 3178 et
2952 3123 3092 3177 latro
3127 3123 3307 3195 (Joan.
3340 3139 3400 3188 Χ,
3437 3123 3552 3193 1).»

253 3211 545 3270 nostrum,
605 3218 731 3257 cum
786 3217 880 3273 per
928 3201 1266 3273 Scripturam
1314 3202 1562 3257 divinam
1617 3202 1864 3274 quotidie

254 3310 368 3350 nos
412 3292 691 3362 admonet,
726 3302 789 3348 ut
833 3293 972 3349 vitia
1013 3294 1405 3365 reiinquentes,
1435 3293 1502 3349 ad
1532 3292 1674 3349 bona
1702 3310 1866 3366 opera

252 3383 481 3455 agenda
528 3392 938 3439 convertamur.
982 3383 1187 3441 Vocem
1219 3382 1336 3455 ejus
1385 3383 1661 3452 audimus,
1693 3391 1747 3438 et
1771 3382 1867 3454 ja—

254 3488 437 3530 nuam
492 3473 785 3545 aperimus,
860 3488 985 3527 cum
1060 3470 1316 3527 mandata
1370 3476 1515 3534 512
1584 3469 1701 3542 ejus
1753 3479 1867 3528 tota

256 3569 473 3627 mentis
522 3570 828 3625 intentione
875 3568 1226 3640 suscipimus.
1282 3569 1370 3626 Ad
1423 3585 1525 3625 nos
1573 3585 1704 3625 vero
1752 3568 1867 3641 ipse

257 3660 464 3725 intrat,
507 3673 631 3713 cum
678 3657 1003 3713 charitatem
1052 3674 1205 3713 suam
1250 3658 1308 3713 in
1363 3658 1621 3715 cordibus
1666 3659 1869 3715 nostris

255 3749 504 3821 plantat.
538 3747 733 3803 Creuat
754 3762 887 3801 vero
918 3745 1228 3815 nobiscum,
1259 3764 1384 3803 cum
1419 3746 1486 3803 de
1514 3748 1718 3803 nostris
1746 3765 1868 3820 pro-

258 3837 509 3894 fectibus
540 3836 737 3907 gaudet
767 3836 907 3909 (25).
941 3834 1236 3893 Cmnamus
1272 3852 1373 3892 nos
1408 3853 1537 3893 cum
1585 3837 1705 3905 illo,
1739 3853 1867 3892 cum

258 3929 337 3986 de
368 3945 463 4000 spe
492 3927 731 3985 caelestis
761 3925 950 3999 gloriae
981 3926 1136 3982 exsul
1149 3933 1344 3983 tamus.

344 4018 531 4090 (Vers.
563 4017 680 4085 21.)
734 4016 839 4084 Qui
865 4016 1068 4083 vicerit,
1101 4015 1234 4071 dabo
1270 4022 1319 4071 et
1355 4020 1660 4086 potestatem
1695 4014 1871 4070 sedere

262 4125 472 4165 mecum
501 4107 559 4161 in
590 4108 774 4161 throno
801 4122 912 4160 meo
939 4122 959 4170 ;
1001 4104 1136 4160 sicut
1172 4111 1217 4159 et
1258 4122 1346 4176 ego
1381 4106 1500 4173 vici,
1528 4112 1576 4160 et
1619 4105 1728 4160 sedi
1753 4121 1870 4159 cum

260 4200 438 4257 Patre
462 4215 572 4253 meo
599 4196 653 4251 in
684 4197 869 4251 throno
911 4193 1042 4264 ejus.
1086 4194 1235 4250 Vicit
1285 4193 1538 4251 Christus
1564 4193 1868 4262 diabolum,

262 4290 513 4347 vincunt
540 4296 595 4343 et
623 4287 798 4343 sancti
819 4286 937 4358 ejus
958 4305 969 4342 :
994 4284 1089 4342 sed
1116 4285 1369 4344 Christus
1386 4301 1482 4357 per
1495 4286 1870 4356 semetipsum,

257 4379 450 4437 sancti
481 4395 612 4435 vero
641 4378 760 4450 ejus
792 4394 901 4433 non
932 4393 1029 4449 per
1058 4375 1399 4447 semetipsos,
1432 4374 1525 4430 sed
1555 4392 1649 4446 per
1670 4376 1869 4447 ipsum.

1977 3218 2301 3288 Quicunque
2347 3229 2474 3285 ergo
2536 3212 2640 3268 hoc
2681 3211 2827 3284 quod
2876 3210 2935 3266 in
2987 3210 3261 3283 baptismo
3307 3210 3570 3284 promise-

1979 3317 2127 3376 runt,
2170 3306 2461 3362 observare
2508 3304 2724 3371 nolunt,
2776 3319 2888 3358 non
2933 3318 3028 3374 per
3072 3303 3275 3359 ostium
3314 3303 3374 3358 in
3423 3301 3571 3358 ovile

1979 3398 2190 3466 ovium,
2236 3394 2331 3451 sed
2379 3394 2603 3450 aliunde
2650 3392 3032 3449 ascenderunt.
3091 3394 3166 3448 Et
3222 3408 3327 3446 vos:
3365 3390 3570 3463 prima,

1979 3504 2138 3559 quam
2166 3485 2374 3553 audivi,
2396 3490 2650 3553 tanquam
2680 3482 2812 3536 tubae
2844 3480 3098 3552 loquentis
3126 3497 3343 3547 mecum,
3374 3480 3569 3535 dicens.

1980 3577 2185 3635 Vocem
2216 3574 2449 3647 primam
2482 3574 2653 3631 Vetus
2681 3572 3088 3628 Testamentum
3111 3571 3355 3643 accipere
3384 3589 3571 3645 possu-

1981 3681 2103 3722 mus
2134 3684 2146 3722 :
2178 3664 2274 3721 sed
2304 3664 2502 3720 melius
2535 3663 2675 3718 mihi
2708 3660 2950 3730 videtur,
2995 3667 3057 3716 ut
3086 3677 3182 3733 per
3224 3677 3415 3718 vocem
3446 3663 3571 3735 pri-

1982 3773 2128 3812 mam
2187 3757 2452 3812 Joannem
2527 3754 2828 3826 Baptistam
2889 3753 3279 3825 intelligamus,
3347 3752 3415 3809 de
3465 3770 3576 3827 quo

1984 3847 2253 3918 scriptum
2290 3852 2372 3901 est
2407 3862 2418 3901 :
2468 3868 2486 3891 ι
2524 3845 2596 3899 Et
2654 3851 2736 3908 tu,
2795 3840 2950 3915 puer,
3004 3842 3269 3914 propheta
3297 3841 3575 3899 Altissimi

1981 3935 2264 3994 vocaberis
2296 3952 2310 4003 ;
2341 3934 2562 4007 praeibis
2592 3934 2741 3990 enim
2770 3941 2895 3989 ante
2923 3934 3222 3989 Dominum
3248 3949 3438 4004 parare
3455 3934 3575 3989 vias

1981 4024 2100 4099 ejus
2127 4025 2198 4081 ad
2226 4024 2461 4081 dandam
2508 4024 2795 4080 scientiam
2824 4024 3019 4079 salutis
3046 4022 3193 4094 plebi
3241 4020 3360 4092 ejus
3389 4023 3449 4077 in
3476 4038 3574 4077 re-

1984 4115 2299 4171 missionem
2345 4120 2689 4185 peccatorum
2733 4128 2922 4168 eorum
2972 4111 3122 4182 (Luc.
3176 4127 3214 4177 ι,
3261 4109 3348 4178 76,
3393 4111 3505 4183 77).
3541 4137 3560 4160 ι

1982 4204 2087 4260 Sed
2116 4214 2170 4260 et
2199 4205 2313 4275 ipse
2341 4204 2577 4259 Joannes
2618 4219 2674 4257 se
2701 4217 2893 4256 vocem
2926 4205 3104 4266 vocat,
3136 4196 3359 4254 dicens:
3405 4222 3424 4244 «
3456 4199 3572 4271 Ego

1983 4310 2096 4350 vox
2135 4292 2425 4350 clamantis
2473 4292 2531 4346 in
2560 4291 2811 4346 deserto:
2860 4286 3093 4359 Dirigite
3130 4286 3277 4342 viam
3323 4287 3569 4356 Domini,

1984 4384 2128 4440 sicut
2155 4382 2303 4439 dixit
2332 4382 2499 4437 Isaias
2548 4380 2813 4452 propheta
2866 4379 3046 4450 (Joan.
3081 4395 3120 4445 1,
3151 4377 3220 4432 23
3252 4396 3266 4445 ;
3316 4379 3427 4434 Isa.
3476 4394 3570 4448 XL,

256 4472 439 4532 Dedit
464 4471 621 4526 Pater
652 4469 795 4525 Filio
836 4476 1163 4540 potestatem
1194 4464 1499 4522 secundum
1530 4465 1676 4537 quod
1706 4464 1872 4520 homo
1904 4492 1952 4551 Β
1985 4472 2064 4543 3),
2098 4498 2116 4521 ι
2158 4472 2229 4527 Et
2259 4472 2387 4543 quia
2412 4468 2729 4542 praedicatio
2759 4465 2876 4538 ejus
2905 4466 3332 4539 circumquaque
3364 4483 3573 4539 pel-cm.

255 4567 377 4628 est,
411 4566 472 4614 ut
499 4558 683 4614 sedeat
711 4557 768 4612 in
798 4556 998 4613 throno
1025 4555 1142 4627 ejus
1168 4573 1179 4611 :
1231 4554 1383 4611 dedit
1420 4561 1474 4609 et
1504 4553 1682 4609 Filius
1711 4561 1876 4626 pote—

256 4657 471 4707 statem
504 4645 708 4704 sanctis
752 4647 886 4714 suis,
927 4653 990 4702 ut
1036 4645 1259 4702 sedeant
1322 4651 1377 4699 et
1424 4642 1530 4715 ipsi
1568 4643 1625 4698 in
1671 4643 1874 4699 throno

257 4736 413 4810 ejus.
455 4736 562 4792 Sed
594 4736 847 4793 Christus
896 4735 961 4791 ad
1010 4734 1293 4791 dexteram
1323 4732 1501 4789 Patris
1530 4732 1703 4802 sedet,
1731 4731 1877 4787 sicut

257 4828 416 4886 dicit
438 4825 731 4882 Psalmista
756 4844 766 4881 :
805 4850 823 4873 ι
852 4824 1008 4881 Dixit
1029 4824 1297 4881 Dominus
1320 4823 1555 4879 Domino
1586 4838 1729 4891 meo,
1747 4820 1876 4877 sede

256 4933 304 4975 τι
333 4913 550 4971 dextris
591 4914 727 4970 meis
761 4914 937 4985 (Psal.
987 4929 1101 4980 crx,
1132 4913 1227 4985 1);
1280 4938 1298 4961 ι
1358 4913 1487 4985 quia
1535 4912 1761 4985 aequalis
1796 4919 1875 4968 est

255 5012 427 5071 Patri
461 5031 473 5068 :
508 5012 683 5068 sancti
715 5017 897 5067 autem
942 5026 1053 5066 non
1083 5004 1153 5065 ad
1200 5008 1482 5064 dexteram
1526 5007 1657 5064 Filii
1689 5008 1879 5065 sedere

256 5102 564 5169 dicuntur,
601 5100 697 5157 sed
725 5100 784 5156 in
811 5099 1036 5156 sedibus
1063 5098 1197 5167 suis,
1229 5098 1374 5154 sicut
1418 5097 1565 5154 dixit
1608 5098 1880 5155 Dominus

258 5194 333 5250 in
364 5191 674 5264 Evangelio
707 5210 719 5247 :
777 5216 795 5239 ι
825 5187 1096 5247 Sedebitis
1123 5195 1178 5244 et
1206 5204 1305 5244 vos
1332 5202 1496 5259 super
1526 5187 1681 5244 sedes
1730 5186 1879 5243 duo—

255 5280 481 5350 decim,
517 5279 831 5353 judicantes
886 5278 1179 5336 duodecim
1236 5277 1412 5335 tribus
1462 5276 1624 5332 Israel
1665 5276 1877 5347 (Matth.

256 5389 402 5439 xxx,
437 5370 555 5442 28).
586 5396 605 5418 ι
646 5372 756 5445 Ipsi
799 5371 945 5428 enim
976 5387 1089 5428 non
1140 5370 1469 5428 naturaliter
1497 5377 1559 5425 ut
1607 5366 1877 5436 Christus,

352 5495 477 5568 (25)
512 5494 591 5553 Ila
622 5514 753 5555 mss.
788 5517 802 5565 ;
838 5498 973 5555 edit.
1019 5499 1203 5554 autem
1234 5514 1246 5553 :
1281 5495 1371 5552 Ad
1415 5511 1512 5550 nos
1537 5510 1659 5549 vero
1688 5489 1877 5561 intrat,

268 5569 1204 5651 curitabat-risprofectibusgaudet.
1282 5638 1324 5651 ,Δ
1380 5637 1414 5651 ι.
1552 5636 1567 5651 ἱ
1671 5636 1700 5651 Δ·

348 5640 473 5712 (26)
529 5636 689 5697 Ratio
752 5636 1079 5713 'deposcitln
1141 5637 1478 5710 manifestius
1532 5636 1879 5705 describatur,

564 5738 806 5797 Paruoa.
845 5740 1022 5798 XVII.

1983 4561 2123 4617 buit.
2163 4577 2275 4615 vox
2302 4558 2709 4632 praedicationis
2754 4556 2872 4629 ejus
2911 4562 3056 4612 tubas
3103 4555 3302 4612 similis
3346 4554 3570 4613 dicitur.

1982 4649 2087 4706 Sed
2135 4648 2269 4722 quid
2321 4665 2432 4704 vox
2479 4649 2584 4703 ista
2629 4647 2795 4714 dicat,
2828 4645 3117 4702 audiamus
3150 4645 3418 4701 :Ascende
3454 4647 3572 4715 huc,

1983 4745 2032 4795 et
2077 4738 2345 4793 ostendam
2385 4737 2479 4792 tibi
2530 4754 2646 4809 qua:
2673 4741 2875 4808 oportet
2921 4736 3043 4807 fieri
3069 4736 3339 4806 posthac;
3385 4733 3442 4789 id
3472 4744 3574 4805 est,

1984 4836 2201 4884 terrena
2228 4827 2412 4883 desere
2448 4827 2588 4900 (27),
2648 4834 2703 4882 et
2738 4825 2808 4881 ad
2852 4825 3093 4881 caelestia
3129 4822 3377 4879 animum
3406 4825 3573 4896 erige.

1984 4916 2162 4973 Aliter
2191 4934 2203 4971 :
2234 4916 2470 4971 Joannes
2496 4915 2829 4987 evangelista
2849 4930 3137 4987 personam
3165 4930 3355 4971 eorum
3390 4914 3447 4970 in
3472 4914 3578 4971 hoc

1986 5005 2107 5061 loco
2141 5004 2301 5076 gerit,
2335 5002 2429 5077 qui
2460 5020 2555 5076 per
2577 5004 2840 5060 Joannem
2870 5004 3172 5075 Baptistam
3203 5003 3261 5059 in
3293 5002 3577 5062 Christum

1985 5093 2364 5161 crediderunt,
2415 5102 2470 5149 et
2502 5091 2661 5148 multi
2698 5109 2762 5149 eo
2809 5101 3053 5165 tempore
3095 5094 3448 5160 exstiterunt,
3480 5089 3577 5163 qui

1986 5184 2257 5240 Joannem
2289 5182 2574 5240 Christum
2597 5181 2974 5240 mstimabaut:
3023 5183 3260 5239 Joannes
3287 5198 3418 5237 iero
3446 5196 3578 5236 sur-

1987 5290 2109 5330 sum
2155 5272 2433 5330 auditores
2473 5288 2601 5328 suos
2648 5278 2856 5327 mentes
2904 5270 3111 5343 erigere
3141 5270 3421 5338 suadebat,
3449 5283 3576 5323 cum

1988 5379 2045 5419 se
2069 5378 2180 5419 non
2210 5361 2493 5419 Christum
2524 5377 2640 5418 esse
2667 5360 2902 5429 dicebat,
2945 5358 3039 5416 sed
3065 5361 3298 5415 alterum
3330 5356 3422 5430 qui
3454 5362 3579 5429 post

1990 5489 2124 5546 edit.
2156 5489 2314 5545 Rom.
2341 5504 2371 5545 e
2400 5486 2583 5544 medio
2612 5488 2831 5543 tulerat.

2065 5561 2180 5632 (27)
2235 5561 2392 5616 Rom.
2446 5559 2604 5627 edit.,
2654 5557 2884 5613 Ascende
2938 5556 3056 5621 huc,
3106 5553 3162 5609 id
3213 5558 3309 5618 est,
3371 5558 3579 5609 terrena

1990 5633 2185 5688 desere.

3224 5723 3297 5782 28
