4020 6200
557 245 665 303 87ὅ

1561 248 1658 304 AD
1697 247 1932 306 OPERA
1969 247 2026 305 S.
2066 248 2400 308 AMBROSII
2437 249 2826 308 APPENDIX.
3693 260 3771 317 876

555 385 614 425 se
634 375 902 427 venturus
929 376 1064 438 erat,
1112 368 1300 427 dicens
1325 387 1337 427 :
1385 371 1506 428 Non
1562 388 1683 429 sum
1714 389 1813 446 ego
1842 371 2097 430 Christus
2126 391 2138 429 :
2173 379 2222 439 Α
2251 373 2629 445 Redemptoris
2658 374 2836 430 nostri
2878 375 3039 431 nulla
3078 391 3256 445 mens,
3284 376 3424 435 sicut
3459 390 3551 448 est,
3574 397 3777 457 compre-

556 459 744 516 veniet
796 474 925 515 vero
957 459 1156 516 fortior
1193 477 1279 516 me
1324 470 1447 534 post
1479 478 1588 532 me,
1637 487 1655 511 ε
1698 462 1857 535 cujus
1886 479 1997 520 non
2028 480 2151 519 sum

556 548 756 621 dignus
793 557 854 605 ut
893 550 1102 606 solvam
1151 552 1444 625 corrigiam
1482 556 1858 611 calceamenti.
1902 558 2022 629 Ipse
2051 573 2151 612 vos

554 637 855 710 baptizabit
885 639 944 694 in
990 641 1201 712 Spiritu
1243 653 1431 700 sancto
1460 653 1514 701 et
1569 644 1693 717 igne
1748 646 1932 717 (Joan.
1966 664 2005 714 1,
2058 645 2149 712 27,

556 727 648 799 33)
676 745 688 793 ;
713 752 730 773 ι
766 728 1077 784 etiterum:
1116 753 1134 776 ι
1165 731 1329 785 Illum
1374 741 1589 803 oportet
1626 750 1887 802 crescere,
1934 750 2021 790 me
2058 750 2149 789 au-

556 825 664 872 tem
695 815 873 871 minui
906 817 1086 887 (Joan.
1118 836 1202 887 IlI,
1236 818 1350 891 30).
1384 846 1401 869 ι
1444 820 1549 877 Sed
1579 831 1631 879 et
1676 822 1979 895 discipulos
2018 839 2146 878 suos

553 904 917 962 conscendere
945 923 1161 962 sursum
1195 909 1469 978 monebat,
1508 928 1631 966 cum
1668 929 1724 968 se
1763 911 2145 981 deserendum,

554 1000 607 1049 et
636 992 914 1050 Christum
946 1012 1063 1053 esse
1094 998 1432 1070 sequendum
1465 999 1755 1057 manifesta
1784 1001 1999 1057 ratione
2028 1018 2147 1074 per-

553 1083 803 1141 docebat.
850 1084 1061 1141 Deinde
1099 1085 1393 1159 sequitur:
1433 1090 1504 1144 Et
1545 1090 1815 1145 ostendam
1866 1091 1980 1159 tibi,
2030 1108 2146 1162 qua:

553 1180 756 1246 oportet
773 1175 890 1247 ﬁeri
913 1182 1036 1246 post
1061 1177 1165 1232 haec
1191 1195 1204 1243 ;
1258 1193 1321 1234 ac
1349 1179 1394 1234 si
1426 1178 1630 1235 diceret
1662 1199 1673 1236 :
1711 1180 1767 1236 Si
1807 1199 2024 1238 sursum
2054 1198 2148 1238 cor

553 1264 813 1334 erexeris,
846 1264 901 1321 id
930 1273 1031 1333 est,
1072 1265 1117 1320 si
1149 1264 1430 1323 Christum
1461 1267 1569 1324 ﬁde
1600 1279 1819 1327 secutus
1864 1271 2054 1340 fueris,
2087 1287 2149 1327 ea

553 1369 673 1426 quae
702 1352 890 1421 doceo,
913 1362 967 1410 et
996 1370 1116 1427 qum
1145 1362 1381 1412 ventura
1396 1365 1544 1427 sunt,
1569 1359 1731 1416 etiam
1755 1360 1874 1434 ipso
1894 1362 2146 1429 docente,

554 1442 713 1498 facile
744 1460 1069 1515 cognoscere
1097 1445 1319 1516 poteris.

626 1530 806 1602 (Vers.
836 1532 916 1603 2.)
948 1534 1021 1589 Ει
1061 1535 1241 1590 statim
1279 1534 1366 1605 fui
1425 1536 1483 1591 in
1522 1537 1718 1612 spiritu
1750 1557 1764 1605 ;
1800 1539 1856 1595 id
1885 1548 1986 1604 est,
2019 1556 2147 1596 cum

551 1618 609 1675 in
635 1619 914 1677 Christum
951 1622 1169 1679 credere
1201 1622 1363 1696 coepi,
1388 1641 1457 1681 ex
1488 1627 1695 1682 carnali
1752 1628 2020 1701 spiritalis
2053 1627 2147 1684 ef-

2261 463 2499 521 hendere
2541 471 2720 536 potest
2753 484 2765 520 :
2798 474 2853 522 et
2897 471 3105 538 quanto
3145 466 3309 523 altius
3337 485 3391 524 se
3432 485 3570 527 mens
3593 472 3649 528 ad
3678 491 3776 546 per-

2260 553 2616 610 scrutandum
2641 554 2900 623 erexerit,
2929 562 3090 612 tanto
3118 556 3350 628 amplior
3376 559 3536 630 caligo
3561 561 3605 616 ei
3628 563 3777 635 objici-

2263 650 2369 698 tur.
2403 643 2504 698 Per
2550 643 2892 699 viriditatem
2926 660 3059 700 vero
3103 645 3391 717 smaragdi,
3414 662 3526 718 quae
3548 652 3773 722 perspicua

2260 743 2361 803 est,
2395 736 2777 793 misericordia
2804 738 3030 794 Domini
3060 746 3213 795 recte
3240 739 3543 812 designatur
3567 760 3579 809 ;
3614 746 3777 803 miseri-

2260 824 2447 880 cordia
2473 842 2710 898 namque
2734 827 2961 882 Domini
2988 835 3099 883 tam
3130 830 3411 901 perspicua
3435 838 3526 897 est,
3554 839 3607 886 ut
3630 833 3772 886 nullus

2260 912 2426 970 homo
2455 932 2645 972 sanam
2682 924 2923 972 mentem
2955 918 3260 988 possidens,
3292 918 3429 975 hanc
3453 919 3667 992 ignorare
3697 938 3773 975 va-

2260 1002 2388 1058 leat.
2456 1003 2592 1071 Quis
2657 1005 2809 1060 enim
2863 1005 3190 1085 immensam
3239 1007 3643 1065 misericordiam
3690 1009 3779 1077 Dei,

2260 1107 2427 1163 quam
2473 1108 2601 1164 erga
2642 1093 2947 1150 humanum
2993 1111 3163 1167 genus
3212 1096 3481 1165 exhibuit,
3521 1104 3569 1153 et
3605 1097 3780 1154 exhibet

2260 1179 2531 1253 quotidie,
2565 1180 2817 1253 ignorare
2864 1190 3065 1254 potest,
3105 1186 3359 1257 quamvis
3384 1185 3552 1241 verbis
3582 1187 3777 1258 perfecte,

2259 1268 2527 1341 explicari
2580 1287 2690 1326 non
2736 1272 2909 1343 possit
2952 1271 2981 1328 (ι’
3023 1273 3128 1328 Sed
3168 1281 3223 1329 et
3260 1273 3365 1330 hoc
3411 1274 3545 1348 quod
3587 1274 3781 1332 viriditas

2259 1357 2426 1429 hujus
2468 1357 2670 1431 lapidis
2701 1360 2985 1418 hebetatos
3013 1363 3226 1431 oculos,
3264 1363 3311 1420 si
3339 1363 3625 1436 inspicitur,
3652 1364 3705 1420 ad
3725 1364 3781 1419 vi-

2258 1446 2502 1503 dendum
2528 1449 2701 1518 acuit,
2734 1458 2911 1521 potest
2940 1450 3334 1508 misericordiae
3373 1453 3469 1508 Dei
3511 1454 3777 1510 convenire:

2258 1537 2480 1609 quando
2510 1539 2659 1594 enim
2705 1539 2761 1594 in
2792 1540 3029 1611 peccatis
3052 1538 3321 1611 jacemus,
3369 1549 3422 1597 et
3449 1542 3627 1598 scelera
3648 1551 3781 1598 nostra

2257 1640 2358 1682 nos
2405 1626 2746 1698 deprimunt,
2780 1628 3066 1686 hebetatos
3094 1620 3287 1687 oculos
3324 1630 3523 1687 mentis
3560 1630 3775 1688 habemus.

549 1709 727 1767 fectus
756 1715 1004 1789 sum.lEt
1032 1730 1137 1768 ecce
1166 1713 1306 1768 sedes
1329 1715 1507 1786 posita
1552 1723 1668 1771 erat
1701 1716 1756 1772 in
1800 1720 1948 1784 ecelo,
1979 1724 2027 1772 et
2049 1734 2151 1772 su-
2179 1739 2223 1798 Β
2258 1715 2396 1774 Cum
2426 1732 2559 1771 vero
2601 1717 3015 1774 consideramus
3059 1718 3491 1776 misericordiam
3516 1721 3622 1788 Dei,
3646 1720 3781 1792 quali-

543 1815 654 1871 pra
685 1801 883 1858 sedens.
915 1802 1016 1859 Per
1043 1803 1265 1872 coelum,
1301 1811 1362 1859 ut
1413 1820 1578 1878 supra
1605 1806 1871 1877 diximus,
1901 1806 2151 1866 Ecclesia

549 1888 868 1961 designatur
901 1908 912 1946 :
950 1891 1106 1947 sedes
1135 1907 1268 1948 vero
1301 1892 1481 1964 posita
1526 1893 1584 1950 in
1632 1896 1793 1966 coelo,
1830 1896 1999 1954 corda
2027 1913 2147 1954 san-

550 1985 766 2034 ctorum
816 1979 875 2035 in
922 1980 1169 2038 Ecclesia
1209 1984 1675 2040 commorantium
1724 1985 1993 2060 designat.
2044 1986 2147 2055 Qui

553 2081 683 2122 vero
714 2084 878 2140 supra
906 2070 1090 2127 sedem
1124 2070 1278 2128 visus
1316 2080 1398 2128 est
1448 2072 1656 2144 sedere,
1709 2076 1855 2133 Deus
1904 2084 2006 2146 est,
2051 2075 2150 2150 qui

551 2154 609 2210 in
639 2156 898 2215 cordibus
939 2169 1256 2218 sanctorum
1306 2179 1532 2219 suorum
1568 2163 1847 2222 inhabitat
1873 2174 2037 2238 atque
2065 2180 2145 2221 se-

552 2242 664 2312 det,
697 2243 839 2302 sicut
879 2250 1176 2320 Apostolus
1220 2250 1359 2306 dicit
1393 2270 1405 2308 :
1468 2276 1487 2299 ι
1519 2253 1807 2326 Templum
1855 2255 2004 2312 enim
2048 2256 2147 2312 Dei

550 2341 801 2389 sanctum
829 2342 930 2404 est,
962 2337 1108 2408 quod
1139 2339 1270 2394 estis
1288 2355 1388 2395 vos
1421 2341 1475 2412 (1
1508 2341 1631 2398 Cor.
1666 2360 1749 2411 nr,
1786 2344 1897 2416 17).
1927 2368 1945 2391 ι

625 2421 807 2496 (Vers.
831 2422 912 2496 3.)
944 2426 1021 2480 Et
1046 2426 1140 2496 qui
1165 2426 1389 2496 sedebat,
1418 2429 1611 2486 similis
1648 2438 1765 2487 erat
1792 2433 2027 2506 aspectui
2058 2434 2151 2489 la-

543 2510 691 2584 pidis
727 2512 966 2586 juspidis
998 2522 1045 2569 et
1075 2517 1266 2573 sardii.
1323 2518 1500 2592 Jaspis
1551 2520 1750 2578 viridis
1798 2523 1999 2580 coloris
2045 2532 2146 2593 est,

552 2601 767 2659 sardius
796 2611 977 2660 autem
1010 2605 1169 2662 rubei
1201 2625 1213 2663 :
1246 2623 1343 2680 per
1387 2610 1728 2668 viriditatem
1759 2630 1887 2686 ergo
1911 2613 2145 2688 jaspidis

549 2691 815 2749 divinitas
863 2694 1039 2751 nostri
1093 2695 1394 2754 Salvatoris
1445 2716 1457 2752 :
1508 2717 1604 2772 per
1649 2701 1908 2759 ruborem
1965 2712 2147 2761 autem

549 2780 719 2837 sardii
772 2780 890 2852 ejus
942 2782 1259 2842 humanitas
1316 2787 1653 2862 designatur.
1699 2791 1952 2848 Salvator
1980 2793 2150 2866 igitur

549 2880 735 2929 noster
762 2878 819 2928 et
854 2872 1191 2930 viriditatem
1232 2874 1465 2949 jaspidis
1495 2879 1553 2935 in
1599 2898 1656 2937 se
1701 2883 1987 2952 continet;
2019 2883 2151 2956 quia

548 2959 850 3016 secundum
883 2959 1231 3020 divinitatem
1263 2980 1359 3035 per
1387 2968 1573 3023 omnia
1602 2971 1828 3042 aequalis
1857 2981 1939 3028 est
1957 2972 2141 3030 Patri:

549 3056 604 3105 et
653 3048 910 3103 ruborem
959 3050 1152 3120 sardii,
1206 3053 1334 3125 quia
1384 3057 1685 3115 secundum
1738 3059 2140 3119 humanitatem
2177 3099 2221 3159 Ο

549 3135 712 3159 ιΑ-.Α
749 3137 1020 3159 _-_£--n___
1061 3140 1266 3159 -___°,.°.
1364 3144 1375 3155 ι
1457 3153 1468 3159 -
1596 3148 1607 3159 .
1658 3158 1665 3159 ,
2020 3154 2055 3159 _

549 3135 717 3195 homo
749 3137 1023 3209 perfectus
1053 3140 1292 3208 exsistit,
1332 3144 1475 3202 sicut
1503 3148 1768 3220 scriptum
1799 3159 1919 3207 est:
1966 3176 1985 3199 ι
2020 3154 2142 3208 Per-

550 3226 728 3282 fectus
750 3226 916 3296 Deus,
958 3229 1234 3301 perfectus
1275 3232 1463 3304 homo,
1495 3252 1563 3292 ex
1593 3238 1777 3295 anima
1806 3240 2063 3298 rationali
2093 3249 2147 3299 et

548 3313 791 3371 humana
836 3332 999 3374 carne
1057 3318 1360 3379 subsistens
1416 3325 1672 3398 (Symbol.
1723 3328 1819 3383 sub
1860 3331 2148 3388 Athanasii

545 3405 804 3478 nomine).
839 3431 858 3454 ιι

616 3496 689 3549 Ει
725 3494 825 3549 iris
853 3503 969 3551 erat
1002 3497 1058 3552 in
1100 3499 1327 3556 circuitu
1361 3505 1518 3571 sedis,
1548 3506 1740 3563 similis
1774 3508 1971 3564 visioni
1994 3526 2147 3566 sma-

546 3583 800 3654 ragdina.
833 3586 896 3640 In
927 3585 1125 3643 Genesi
1148 3589 1404 3661 legimus,
1426 3595 1554 3666 quia
1574 3595 1882 3654 dixitDeus
1897 3599 1966 3655 ad
1992 3600 2141 3657 Noe:

562 3695 580 3719 ι
601 3671 804 3727 Arcum
826 3688 1006 3728 meum
1021 3690 1219 3746 ponam
1241 3677 1299 3733 in
1316 3679 1559 3737 nubibus
1579 3683 1724 3753 coeli,
1744 3693 1798 3741 et
1819 3687 2147 3745 recordabar

547 3759 769 3817 foederis
800 3759 905 3817 mei
932 3764 1274 3837 sempiterni,
1300 3770 1449 3842 quod
1465 3782 1685 3844 pactum
1704 3784 1784 3833 est
1807 3777 1952 3834 inter
1970 3780 2144 3836 Deum

547 3856 601 3905 et
629 3865 848 3905 omnem
878 3850 1120 3909 animam
1152 3855 1431 3916 viventem
1457 3862 1611 3934 (Gen.
1644 3881 1723 3933 1x,
1750 3865 1837 3931 13,
1866 3867 2011 3940 15).»
2046 3868 2148 3925 Per

545 3955 732 3997 arcum
760 3940 949 4013 igitur,
980 3942 1074 4017 qui
1105 3944 1164 4000 in
1205 3946 1422 4020 signum
1468 3951 1777 4011 clementiae
1823 3956 1921 4012 Dei
1969 3956 2145 4013 homi-

545 4029 709 4087 nibus
738 4030 797 4086 in
826 4038 971 4089 terra
1000 4035 1434 4095 consistentibus
1482 4052 1725 4114 apparet,
1770 4046 2149 4104 misericordia

542 4120 644 4175 Dei
672 4136 782 4176 non
814 4120 1271 4182 inconvenienter
1300 4128 1587 4201 accipitur.
1639 4133 1744 4190 Iris
1782 4150 1931 4205 ergo,
1981 4135 2040 4191 id
2066 4146 2148 4194 est

543 4226 724 4280 arcus,
751 4211 934 4268 sedem
964 4214 1085 4283 Dei,
1137 4215 1193 4271 id
1242 4224 1324 4274 est
1364 4218 1690 4292 Ecclesiam,
1723 4225 2098 4284 circumdabat
2129 4246 2143 4296 ;

546 4300 675 4370 quia
705 4299 824 4371 ejus
872 4301 1267 4389 misericordia,
1302 4323 1404 4364 nos
1458 4311 1881 4383 circumdando,
1911 4317 2148 4389 protegit

545 4388 938 4479 etAgub‘ernat,
970 4400 1132 4463 atque
1179 4386 1660 4457 ab'invisibilibus
1717 4386 1970 4461 hostibus
2021 4386 2144 4479 (2'8)

545 4474 839 4533 defendit:
887 4479 990 4533 «In
1044 4480 1163 4550 ipso
1216 4483 1390 4553 enim,
1445 4488 1588 4544 sicut
1635 4490 1771 4548 dicit
1826 4474 2147 4566 Apostolus,

548 4563 808 4633 vivimus,
842 4581 1133 4622 movemur
1161 4577 1213 4624 et
1253 4589 1445 4629 sumus
1477 4577 1618 4647 (Act.
1663 4596 1804 4650 xvn,
1836 4563 1952 4654 2S).
1978 4607 1996 4630 ι
2040 4563 2148 4651 Qui

545 4669 702 4711 arcus
731 4654 1155 4714 similitudinem
1211 4665 1484 4737 smaragdi
1529 4667 1785 4726 habuisse
1827 4672 2013 4730 dictus
2041 4682 2142 4745 est,

547 4743 642 4815 qui
672 4742 859 4836 nimias
901 4752 1064 4819 atque
1116 4750 1438 4821 gratissima)
1474 4756 1776 4817 viriditatis
1800 4769 1882 4818 est
1916 4781 1928 4818 :
1972 4742 2145 4836 jaspis

546 4846 699 4899 vero,
729 4831 797 4887 de
828 4848 937 4905 quo
967 4837 1220 4908 superius
1246 4839 1513 4913 diximus,
1548 4847 1749 4905 viridis
1769 4831 2144 4918 coloris'5i3

546 4942 648 5002 est,
701 4932 845 4990 sicut
874 4939 1211 5011 smaragdus.
1246 4941 1351 4999 Sed
1381 4944 1498 5017 ejus
1525 4948 1782 5007 viriditas
1810 4952 2006 5009 obtusa
2019 4958 2138 5007 est:

546 5023 801 5081 viriditas
823 5042 952 5083 vero
1000 5032 1273 5104 smaragdi
1294 5038 1583 5108 perspicua
1602 5046 1702 5109 est,
1726 5040 1885 5113 cujus
1900 5042 2141 5114 pulchri-

545 5111 680 5201 tudo
704 5115 893 5171 oculos
923 5114 1261 5177 intuentium
1295 5122 1363 5179 ad
1419 5140 1476 5181 se
1507 5111 1814 5184 mirandam
1848 5111 2137 5201 pertrahit.

546 5196 648 5256 Per
674 5201 1011 5261 viriditatem
1055 5223 1184 5281 ergo
1205 5207 1460 5282 jaspidis,
1505 5213 1649 5271 sicut
1697 5196 1966 5287 diximus,
1998 5217 2141 5274 divi-

547 5290 690 5348 nitas
717 5294 895 5350 nostri
948 5294 1250 5353 Salvatoris
1303 5301 1606 5373 accipitur;
1640 5320 1761 5378 qua;
1808 5306 2041 5364 obscura
2086 5316 2140 5365 et

547 5381 875 5453 quibusdam
906 5385 1128 5443 nebulis
1166 5387 1383 5447 obtecta
1422 5399 1542 5461 est;
1603 5396 1734 5469 quia
1786 5394 2137 5457 divinitatem

2258 1813 2343 1861 ter
2392 1806 2707 1863 meretrices
2752 1816 2806 1863 et
2856 1808 3116 1877 latrones,
3185 1810 3535 1883 omniumque
3575 1810 3780 1865 scelerum

2260 1894 2555 1967 generibus
2584 1896 2888 1968 depressos,
2921 1898 3086 1954 etiam
3124 1907 3179 1955 et
3215 1908 3574 1970 persecutores
3597 1912 3780 1968 suosper

2260 1981 2642 2054 paenitentiam
2683 1984 2753 2041 ad
2794 1984 3024 2041 salutem
3065 1984 3319 2054 reduxit,
3364 1985 3435 2042 ad
3482 2001 3615 2058 spem
3651 1983 3779 2039 venite

2260 2069 2608 2128 reformatur.
2639 2072 2712 2127 Et
2742 2073 2872 2145 quia
2893 2071 3010 2145 jam
3042 2074 3455 2154 ia'perditionis
3494 2076 3632 2132 fovea
3668 2073 3779 2131 deti-

2258 2168 2549 2234 nebamur,
2595 2168 3034 2226 misericordiam
3080 2172 3309 2227 Domini
3355 2171 3625 2239 intuentes,
3663 2176 3780 2241 atque

2260 2256 2327 2313 de
2375 2273 2438 2313 ea
2481 2266 2894 2330 praesumentes,
2944 2259 3015 2316 ad
3061 2277 3188 2317 eum
3239 2277 3399 2334 quem
3439 2260 3780 2324 oﬁ‘e’nderamus,

2259 2345 2632 2418 confugimus,
2672 2354 2735 2402 ut
2762 2346 2881 2419 ejus
2909 2349 3295 2407 misericordia
3330 2368 3361 2406 a
3400 2357 3563 2406 morte
3587 2353 3782 2421 perpetua

2259 2434 2575 2490 liberemur.
2620 2435 2794 2503 Quam
2826 2436 3264 2517 misericordiam
3314 2440 3413 2496 Dei
3456 2436 3780 2496 Psalmistaiu-

2258 2531 2439 2591 tuens,
2467 2539 2568 2580 nec
2587 2540 2706 2580 eam
2737 2525 2922 2582 verbis
2940 2528 3221 2600 explicare
3244 2530 3444 2598 valens,
3465 2529 3626 2601 ipsum
3650 2527 3779 2581 Deum

2259 2614 2695 2672 misericordiam
2727 2634 2883 2673 suam
2912 2620 3152 2688 vocavit,
3192 2620 3385 2678 dicens
3422 2638 3435 2676 ε
3485 2643 3502 2668 ι
3525 2620 3649 2675 Deus
3672 2629 3781 2671 meus

2260 2701 2643 2760 misericordia
2673 2721 2794 2761 mea
2823 2707 3006 2771 (Psal.
3034 2724 3194 2776 Lvm,
3236 2709 3353 2782 18).
3386 2733 3404 2759 ι

2333 2792 2515 2865 (Vers.
2543 2793 2625 2866 4.)
2655 2797 2731 2852 Et
2754 2796 2813 2850 in
2843 2796 3069 2851 circuitu
3104 2798 3249 2853 sedis
3290 2798 3471 2854 sedilia
3497 2794 3659 2868 viginti
3677 2810 3784 2864 qua-

2258 2886 2401 2950 tuor,
2431 2889 2479 2937 et
2505 2900 2670 2955 supra
2702 2886 2916 2940 thronos
2942 2885 3129 2957 viginti
3155 2894 3394 2957 quatuor
3417 2886 3622 2942 seniores
3645 2883 3783 2938 seden-

2259 2976 2351 3039 tes,
2402 2972 2782 3029 circumamieti
2828 2975 3143 3031 vestimentis
3190 2978 3352 3046 albis,
3399 2982 3445 3031 et
3493 2976 3544 3030 in
3585 2973 3782 3045 capitibus

2255 3080 2437 3119 eorum
2482 3082 2688 3122 corona
2732 3084 2926 3123 aurem.
2976 3067 3191 3140 Viginti
3244 3078 3473 3141 quatuor
3507 3066 3710 3123 seniores
3741 3061 3781 3115 in

2257 3150 2366 3208 hoc
2393 3152 2538 3209 libro
2565 3155 2863 3228 aliquando
2893 3156 3082 3213 Patres
3111 3158 3335 3215 Veteris
3367 3152 3680 3221 Testamenti,
3702 3149 3783 3205 ali—

2259 3242 2479 3315 quando
2502 3245 2670 3311 Novi,
2702 3245 3001 3319 aliquando
3028 3247 3197 3303 simul
3231 3259 3486 3321 utrosque
3504 3242 3780 3318 signiﬁcant;

2257 3330 2354 3389 sed
2401 3330 2461 3387 in
2506 3332 2613 3390 hoc
2658 3335 2781 3392 loco
2826 3336 3021 3391 Patres
3064 3336 3287 3394 Veteris
3332 3332 3636 3394 Testamenti
3675 3326 3782 3386 desi-

2257 3420 2445 3491 gnant,
2478 3421 2573 3493 qui
2602 3420 2804 3494 viginti
2847 3432 3085 3496 quatuor
3123 3426 3396 3484 se'dilibus
3423 3424 3608 3481 sedisse
3638 3418 3782 3474 dicun-

2256 3524 2390 3585 tur;
2425 3517 2646 3590 quando
2691 3519 2839 3575 enim
2882 3521 3156 3592 sedemus,
3203 3540 3239 3579 a
3283 3525 3462 3582 labore
3491 3518 3780 3596 quiescimus-

2256 3608 2359 3664 Per
2385 3608 2581 3673 sedilia
2608 3611 2777 3683 igitur
2797 3612 3005 3685 viginti
3027 3622 3268 3687 quatuor
3293 3618 3420 3674 libri
3440 3613 3632 3673 Veteris
3648 3610 3781 3665 Testa-

2256 3699 2431 3756 menti
2460 3699 2841 3773 designantur.
2886 3704 3061 3775 Super
3101 3706 3308 3777 viginti
3347 3714 3567 3781 quatuor
3605 3702 3783 3759 thronos

2258 3787 2461 3860 viginti
2481 3791 2971 3861 quatuorseniores
2989 3792 3195 3851 sedisse
3214 3797 3323 3853 visi
3340 3804 3492 3863 sunt;
3514 3793 3625 3867 quia
3643 3791 3782 3845 Patres

2258 3877 2480 3935 Veteris
2500 3880 2835 3938 Testamenti
2859 3900 2891 3938 a
2905 3883 3187 3941 laboribus
3209 3895 3266 3943 et
3283 3887 3430 3943 curis
3454 3884 3604 3956 hujus
3624 3872 3780 3939 saeculi,

2262 3967 2321 4023 in
2342 3968 2576 4025 lectione
2595 3978 2650 4025 et
2670 3971 3028 4029 meditatione
3057 3974 3381 4034 divinorum
3414 3976 3652 4032 librorum
3675 3980 3782 4039 quo-

2256 4060 2551 4118 dammodo
2579 4063 2953 4137 quiescebant.
3006 4066 3115 4125 Sed
3160 4068 3511 4142 quaerendum
3554 4063 3687 4123 nobis
3708 4068 3780 4123 est,

2258 4166 2380 4206 cum
2404 4150 2556 4208 sedes
2582 4153 2886 4210 Ecclesiam
2911 4155 3210 4228 signiﬁcet,
3241 4176 3341 4216 cur
3364 4159 3421 4214 in
3445 4154 3654 4215 circuitu
3676 4145 3781 4243 sedis

2257 4238 2376 4296 hac
2402 4241 2596 4297 sedilia
2636 4242 2903 4316 disposita
2940 4262 3057 4303 esse
3085 4246 3365 4307 dicantur.
3408 4247 3653 4307 Nimirum
3689 4238 3781 4310 quia

2259 4329 2508 4403 quisquis
2537 4333 2932 4403 paterfamilias
2961 4335 3188 4393 domum
3225 4357 3377 4395 suam
3414 4345 3573 4395 tutam
3599 4350 3626 4388 a
3649 4331 3781 4385 Ιδιτο·

2257 4419 2423 4476 nibus
2450 4428 2503 4476 et
2524 4422 2773 4479 inimicis
2804 4440 2918 4481 esse
2938 4426 3236 4496 desiderat,
3274 4428 3413 4484 hanc
3440 4434 3529 4483 aut
3547 4437 3693 4487 muro,
3713 4420 3780 4471 alii

2258 4527 2402 4582 sepe,
2450 4520 2543 4568 aut
2584 4514 2790 4584 pariete
2832 4516 3163 4574 circumdat.
3214 4519 3478 4575 Similiter
3524 4509 3779 4600 Ecclesia?t

2255 4607 2449 4656 contra
2479 4599 2765 4658 haereticos
2791 4612 2845 4660 et
2876 4613 3069 4662 contra
3094 4624 3354 4679 paganos,
3375 4607 3467 4680 qui
3487 4605 3634 4661 ﬁdem

2258 4689 2330 4744 sti
2363 4688 2420 4743 in
2464 4705 2529 4745 ea
2572 4689 2807 4761 dejicere
2837 4695 3053 4764 volunt,
3085 4696 3301 4754 Veteris
3328 4690 3632 4752 Testamenti
3665 4686 3780 4741 libris

2254 4777 2528 4845 munitur;
2549 4778 2680 4849 quia
2699 4781 2922 4852 quando
2940 4799 3003 4839 ea
3023 4799 3142 4856 quae
3163 4784 3321 4852 colit,
3340 4785 3492 4855 longe
3505 4788 3614 4837 ante
3628 4774 3777 4830 adven-

2253 4872 2371 4920 tum
2412 4866 2619 4923 Christi
2652 4868 2820 4926 fuisse
2850 4871 3113 4943 praedicta
3141 4874 3356 4945 probat,
3382 4871 3553 4943 jacula
3583 4860 3776 4922 inimico-

2252 4969 2375 5008 rum
2408 4952 2571 5010 fidem
2619 4956 2826 5015 Christi
2859 4968 3104 5017 evertere
3142 4962 3499 5034 oppigntium,
3539 4957 3672 5024 lonBe
3694 4955 3777 5039 ᾖξε

2252 5044 2487 5115 repellit.
2540 5046 2644 5114 Qui
2685 5064 2840 5104 senes
2884 5049 3287 5107 circumamicti
3318 5043 3635 5106 vestimentis
3672 5034 3776 5092 albis

2251 5132 2420 5189 fuisse
2436 5134 2722 5205 dicuntur,
2746 5138 2875 5193 etin
2896 5139 3170 5212 capitibus
3189 5155 3377 5197 eorum
3396 5150 3594 5194 corona:
3611 5135 3773 5185 δαῖθκὲ

2249 5237 2346 5295 per
2373 5223 2497 5278 alba
2522 5224 2854 5281 vestimenta
2881 5227 3008 5283 vitae
3038 5229 3268 5302 puritas,
3289 5244 3385 5301 per
3410 5237 3619 5284 coronas
3638 5219 3772 5273 autem

2248 5328 2439 5369 aureas
2463 5330 2628 5387 opera
2656 5314 2802 5373 bona
2828 5315 3203 5391 designantur.

2322 5403 2504 5474 (Vers.
2537 5404 2620 5477 5.)
2647 5406 2723 5461 Et
2752 5406 2815 5463 de
2851 5409 3044 5466 throno
3076 5409 3157 5482 (id
3178 5416 3264 5466 est
3288 5407 3357 5465 de
3381 5399 3622 5466 Ecclesia)
3645 5398 3773 5467 W

621 5578 740 5652 (28)
763 5583 844 5641 Ita
873 5602 1001 5643 mss.
1032 5605 1046 5655 ;
1081 5587 1216 5645 edit.
1242 5606 1399 5659 vero,
1429 5599 1586 5665 atque
1613 5614 1649 5652 a
1675 5595 1972 5658 visibilibus
1995 5607 2046 5657 et
2073 5600 2423 5661 inuisibilibus
2450 5604 2700 5665 hostibus.
