4068 6182
272 270 377 327 877

273 396 409 452 dunt
433 392 681 465 fulgura,
728 399 777 449 et
804 410 970 463 uoces,
1001 402 1051 451 et
1079 396 1335 453 tonitrua.
1384 397 1488 453 Per
1515 396 1735 470 fulgura
1762 396 1881 453 mi-
1916 401 1966 460 Α

274 486 481 553 racula,
532 501 654 558 qua
685 500 781 558 per
814 494 1038 542 sanctos
1088 503 1220 543 suos
1264 495 1525 559 operatur
1560 490 1706 545 Deus
1738 506 1750 544 :
1796 505 1893 561 per

274 590 438 631 voces
457 574 778 647 praedicatio
805 592 817 630 :
876 591 973 647 per
998 576 1247 632 tonitrua
1274 592 1405 631 vero
1434 584 1610 633 terror
1630 576 1891 649 gehennae

268 664 415 737 ignis
444 662 778 735 designatur
802 682 816 732 ;
848 663 979 736 quia
1007 665 1184 720 sancti
1214 664 1594 736 pradicatores
1622 682 1732 735 eos,
1756 683 1893 740 quos

270 769 458 809 amore
495 752 737 809 caelestis
785 752 976 824 patria
1007 772 1039 810 a
1074 754 1233 812 vitiis
1283 772 1540 813 revocare
1590 767 1889 830 nequeunt,

271 846 353 903 eis
380 854 662 903 tormenta
705 854 935 915 aterna,
984 863 1109 920 qua
1159 848 1347 920 impiis
1396 858 1697 920 praeparata
1740 858 1888 917 sunt,

273 945 597 1009 opponunt;
632 943 693 991 ut
720 952 859 1008 quos
888 935 1183 992 blanditiis
1213 945 1514 1010 nequeunt,
1551 939 1742 994 saltem
1772 947 1892 995 ter—

274 1026 496 1082 roribus
521 1042 552 1080 a
581 1024 738 1081 vitiis
768 1031 1141 1096 compescant.
1173 1026 1247 1080 Et
1275 1032 1466 1096 septem
1498 1027 1765 1099 lampades
1803 1045 1891 1083 ar-

270 1116 449 1170 dentes
476 1120 598 1169 ante
627 1114 870 1168 thronum
905 1113 1050 1185 (29).
1114 1113 1262 1181 Quid
1292 1114 1406 1171 sint
1434 1123 1644 1187 septem
1676 1117 1893 1191 lampa—

272 1202 391 1271 des,
421 1204 540 1275 ipse
574 1202 825 1275 exponit,
854 1219 982 1260 cum
1012 1202 1159 1258 dicit
1194 1220 1205 1258 :
1252 1203 1380 1270 Qua:
1408 1211 1533 1259 sunt
1559 1212 1747 1276 septem
1771 1206 1894 1277 spi-

272 1294 414 1350 ritus
440 1292 560 1349 Dei.
588 1292 692 1348 Per
719 1298 932 1363 septem
967 1291 1204 1363 spiritus
1232 1292 1334 1349 Dei
1364 1301 1569 1366 septem
1601 1294 1747 1350 dona
1774 1294 1891 1367 Spi-

274 1383 419 1439 ritus
447 1381 625 1437 sancti
672 1380 939 1437 debemus
977 1380 1316 1453 intelligere,
1348 1397 1468 1454 qua
1499 1381 1557 1437 in
1592 1382 1891 1438 Dominum

273 1470 616 1545 requievisse
646 1469 914 1543 propheta
944 1470 1110 1527 Isaias
1146 1471 1465 1527 manifestat
1493 1471 1682 1529 dicens
1714 1490 1726 1528 :
1776 1496 1795 1520 ι
1822 1473 1896 1529 Et

274 1560 587 1634 requiescet
615 1574 784 1631 super
816 1576 944 1615 eum
977 1559 1209 1632 spiritus
1229 1560 1477 1628 Domini,
1500 1560 1728 1634 spiritus
1752 1561 1893 1634 sapi-

275 1651 444 1708 entia
473 1660 528 1708 et
561 1650 906 1718 intellectus,
938 1650 1168 1722 spiritus
1196 1650 1416 1707 consilii
1448 1658 1501 1707 et
1525 1650 1889 1720 fortitudinis,

1156 273 1615 330 BERENGAUDI
1653 269 2030 329 EXPOSITIO
2068 270 2139 326 IN
2179 268 2679 327 APOCALYPSIN.

3481 272 3587 331 878

1996 394 2290 452 consilium
2324 395 2644 469 quarimus,
2692 393 2930 468 qualiter
2957 393 3025 450 ad
3053 393 3110 449 id
3144 393 3292 467 quod
3321 393 3587 451 desidera-

2000 501 2143 553 mus,
2176 484 2462 556 pervenire
2494 485 2792 540 valeamus.
2843 482 3096 541 Christus
3137 483 3306 555 igitur
3346 492 3428 539 est
3463 499 3589 539 con-

2000 574 2215 631 siliator
2246 582 2449 643 noster,
2488 575 2582 647 qui
2624 574 2918 631 consilium
2964 573 3055 631 dat
3086 574 3322 646 qualiter
3351 574 3593 648 pericula

1998 673 2201 722 aterna
2228 665 2551 733 evadamus;
2587 673 2641 721 et
2669 665 2964 722 consilium
2995 664 3141 737 quod
3171 665 3281 733 dat,
3315 666 3429 736 ipse
3459 681 3591 737 per-

2000 754 2136 823 ﬁcit,
2178 772 2303 811 cum
2332 772 2365 811 a
2393 753 2652 828 periculis
2681 752 2899 809 aternis
2928 770 3029 808 nos
3059 752 3273 808 liberat.
3323 751 3593 808 Similiter

1999 852 2053 900 et
2081 845 2373 901 consilium
2425 844 2518 901 dat
2555 844 2791 917 qualiter
2832 843 2899 899 ad
2950 842 3323 899 hareditatem
3353 842 3593 915 paradisi

2000 933 2287 1004 pervenire
2349 931 2641 1005 possimus,
2692 939 2745 987 et
2793 931 2861 987 ad
2913 931 3031 1003 ipsa
3084 931 3280 1003 gaudia
3330 932 3445 1003 ipse
3491 948 3592 987 nos

2000 1022 2273 1093 perducit.
2324 1022 2562 1093 Spiritus
2605 1023 2789 1094 itaque
2821 1027 2969 1083 514
3003 1020 3223 1076 consilii
3262 1019 3321 1075 in
3368 1019 3592 1076 homine

2001 1119 2225 1177 Christo
2271 1118 2577 1187 descendit,
2625 1117 2756 1174 dum
2788 1135 2819 1173 a
2865 1116 3075 1189 Spiritu
3123 1124 3313 1172 sancto
3351 1115 3592 1188 percepit

2002 1207 2310 1265 doctrinam
2371 1207 2681 1280 Evangelii,
2736 1207 2795 1262 in
2844 1222 2949 1278 qua
2997 1204 3293 1261 consilium
3342 1204 3595 1262 consistit

2000 1298 2248 1354 omnium
2282 1296 2571 1352 hominum
2602 1294 2805 1351 salvari
2834 1295 3197 1367 cupientium.

2073 1397 2311 1469 Spiritus
2366 1396 2529 1452 etiam
2578 1394 2926 1451 fortitudinis
2971 1409 3134 1466 super
3180 1391 3463 1450 Christum
3514 1409 3592 1449 re-

2002 1488 2234 1561 quievit,
2272 1487 2490 1560 quando
2525 1486 2595 1542 ad
2623 1485 3012 1543 debellandum
3058 1484 3272 1540 hostem
3302 1483 3591 1556 antiquum

2003 1577 2161 1633 fortis
2194 1576 2339 1632 inter
2387 1576 2639 1632 homines
2681 1574 2953 1647 apparuit.
3000 1575 3078 1630 De
3117 1573 3222 1630 hac
3248 1589 3347 1629 sua
3374 1573 3591 1630 fortitu-

2002 1668 2133 1725 dine
2162 1668 2277 1741 ipse
2303 1667 2450 1725 dixit
2492 1668 2547 1723 in
2582 1666 2886 1739 Evangelio
2921 1684 2933 1723 :
2980 1690 2999 1715 ‹
3028 1667 3173 1722 Dum
3204 1665 3362 1723 fortis
3404 1682 3594 1722 arma-

274 1740 515 1813 spiritus
539 1739 782 1796 scientia
810 1748 865 1795 et
910 1739 1142 1812 pietatis
1178 1757 1190 1795 :
1226 1748 1281 1796 et
1305 1739 1539 1812 replebit
1565 1757 1690 1797 eum
1722 1739 1888 1812 spiri—
1922 1754 1969 1815 Β
2001 1767 2090 1816 ms
2139 1739 2382 1817 οάειοάίι
2440 1758 2643 1816 atrium
2699 1774 2881 1827 suum,
2927 1759 2985 1815 in
3025 1775 3155 1831 pace
3201 1768 3332 1816 sum
3375 1776 3437 1816 ea
3472 1776 3593 1832 qua,

277 1844 370 1892 tus
401 1834 620 1891 timoris
648 1832 873 1891 Domini
905 1834 1040 1905 (Isa.
1072 1850 1153 1902 xx,
1189 1834 1243 1903 2,
1280 1833 1360 1906 3).
1390 1858 1409 1882 ι
1466 1835 1561 1890 Ha
1615 1834 1785 1906 igitur
1812 1850 1889 1891 se-

277 1934 429 2000 ptem
463 1923 759 1996 lampades,
802 1923 860 1980 id
886 1932 969 1980 est
999 1931 1216 1995 septem
1250 1923 1397 1980 dona
1425 1923 1665 1996 Spiritus
1691 1923 1890 1990 sancti,

277 2023 412 2073 ante
439 2013 647 2080 sedem,
696 2012 867 2071 idest
892 2020 1019 2069 ante
1067 2020 1422 2085 conspectum
1467 2014 1726 2071 Ecclesia
1755 2030 1889 2082 sua,

274 2104 474 2162 ardere
499 2103 785 2172 dicuntur,
844 2102 976 2176 quia
1002 2103 1121 2160 sine
1153 2103 1364 2159 lumine
1394 2103 1589 2165 harum
1620 2102 1889 2159 virtutum

278 2196 340 2252 in
370 2201 534 2251 nocte
580 2192 747 2265 hujus
787 2193 978 2250 saculi
1010 2192 1204 2265 positi,
1247 2209 1343 2265 per
1370 2192 1500 2250 vita
1530 2192 1646 2249 vias
1674 2193 1743 2249 ad
1772 2209 1893 2250 coe-

276 2285 476 2342 lestem
526 2278 760 2356 patriam
805 2280 960 2354 gradi
1010 2298 1121 2338 non
1153 2299 1463 2355 possumus.
1509 2281 1667 2351 Quod
1707 2292 1890 2340 autem

278 2372 569 2431 Christum
602 2371 721 2427 hac
752 2379 961 2443 septem
1008 2370 1154 2428 dona
1196 2388 1227 2427 a
1267 2371 1477 2444 Spiritu
1518 2379 1708 2429 sancto
1745 2388 1890 2429 acce-

276 2463 430 2536 pisse
456 2462 615 2531 dicit,
644 2461 712 2518 ad
743 2461 1106 2518 humanitatis
1131 2459 1249 2532 ejus
1276 2461 1603 2535 mysterium
1633 2460 1890 2535 pertinet;

275 2568 413 2607 nam
446 2550 751 2608 secundum
783 2550 1140 2607 divinitatem
1177 2550 1234 2606 in
1265 2552 1425 2607 nullo
1472 2551 1658 2624 augeri
1690 2551 1890 2624 potuit,

274 2640 405 2697 sine
433 2656 545 2714 quo
574 2639 719 2695 nihil
750 2656 865 2696 esse
892 2639 1093 2711 potuit.

354 2737 568 2794 Verum
611 2736 781 2810 quari
813 2744 993 2809 potest
1039 2753 1139 2793 cur
1171 2735 1457 2809 propheta,
1505 2753 1631 2792 cum
1671 2735 1788 2792 hac
1813 2752 1893 2793 se-

276 2834 435 2902 ptem
467 2825 612 2887 dona
643 2826 700 2881 in
753 2824 1048 2883 Christum
1095 2824 1421 2881 descensura
1465 2840 1579 2880 esse
1606 2823 1833 2893 diceret,
1863 2842 1895 2881 a

280 2916 594 2990 majoribus
617 2915 801 2987 capit,
849 2922 905 2970 et
951 2914 1332 2972 descendendo
1360 2914 1428 2970 ad
1464 2916 1678 2970 minora
1707 2931 1892 2987 perve-

278 3006 395 3063 nit.
446 3004 551 3060 Sed
580 3020 693 3059 non
725 3003 821 3059 abs
850 3019 908 3059 re
941 3019 1060 3059 esse
1104 3002 1310 3060 factum
1339 3001 1638 3070 videbitur,
1688 3001 1735 3057 si
1768 3001 1892 3058 dili-

2002 1848 2247 1921 possidet
2276 1867 2287 1905 :
2332 1848 2378 1905 si
2407 1856 2592 1905 autem
2626 1848 2824 1906 fortior
2852 1849 2953 1904 illo
2983 1847 3373 1920 superveniens
3398 1848 3596 1904 vicerit

1999 1953 2147 2005 eum,
2180 1937 2442 1995 universa
2486 1954 2640 1993 arma
2670 1937 2788 2010 ejus
2816 1938 3049 2006 auferet,
3096 1936 3155 1992 in
3184 1936 3387 2010 quibus
3427 1935 3592 1993 conﬁ-

1999 2026 2183 2097 debat,
2214 2035 2269 2084 et
2296 2028 2472 2100 spolia
2499 2028 2620 2100 ejus
2647 2027 2948 2085 distribuet
2983 2028 3135 2101 (Luc.
3168 2045 3250 2097 χι,
3280 2027 3370 2094 21,
3404 2028 3521 2101 22).
3562 2052 3581 2076 ι

2071 2117 2201 2174 Pest
2245 2116 2632 2174 fortitudinem
2681 2116 2934 2191 sequitur
2981 2116 3230 2174 scientia.
3273 2116 3439 2190 Apud
3484 2117 3597 2174 ho~

2001 2208 2177 2265 mines
2222 2209 2409 2265 multa
2439 2208 2684 2266 scientia
2714 2215 2882 2277 sunt;
2928 2215 3059 2266 sunt
3086 2224 3326 2281 namque
3355 2208 3594 2265 diversa-

1999 2314 2125 2354 rum
2177 2298 2377 2355 artium
2422 2298 2655 2355 diversa
2698 2298 2964 2355 scientia.
3022 2298 3121 2354 Est
3167 2298 3396 2356 scientia
3450 2297 3596 2356 littec

2001 2386 2096 2456 ris,
2129 2396 2211 2445 est
2238 2390 2296 2443 in
2325 2387 2629 2451 mundanis
2668 2388 2899 2460 legibus,
2929 2397 3010 2445 est
3039 2388 3096 2444 in
3125 2388 3390 2461 augendis
3434 2387 3597 2445 rebus

2000 2476 2415 2547 temporalibus,
2474 2484 2556 2533 est
2606 2477 2793 2553 etiam;
2822 2477 3055 2534 scientia
3109 2477 3167 2532 in
3225 2475 3597 2549 pracavendis

2000 2565 2295 2639 periculis;
2344 2574 2475 2621 sunt
2521 2567 2688 2621 etiam
2728 2566 2913 2634 multi,
2959 2565 3054 2637 qui
3090 2580 3186 2637 per
3228 2562 3593 2619 subtilitatem

2001 2671 2194 2711 sensus
2231 2653 2479 2727 quadam
2506 2654 2693 2710 futura
2720 2652 3043 2725 pravident.
3075 2652 3179 2709 Sed
3210 2652 3308 2707 has
3334 2653 3594 2708 scientias

1966 2786 1971 2792 -
2001 2744 2300 2817 aliquando
2331 2744 2487 2812 boni,
2539 2743 2835 2815 aliquando
2863 2742 2994 2798 mali
3040 2740 3320 2814 possident
3356 2760 3367 2797 :
3420 2742 3593 2798 scien-

2003 2834 2135 2890 tiam
2179 2849 2310 2889 vero
2339 2849 2459 2906 qua
2492 2832 2549 2887 in
2591 2832 2872 2889 Christum
2902 2830 3205 2899 descendit,
3250 2832 3440 2888 nullus
3483 2832 3593 2888 nisi

2000 2923 2180 2979 bonus
2212 2922 2412 2978 habere
2441 2929 2638 2993 potest.
2662 2921 2792 2988 Qua
2822 2929 2972 2977 tanta
2999 2920 3125 2989 fuit,
3149 2929 3409 2994 quantam
3440 2922 3597 2978 nulla

2003 3028 2157 3067 mens
2186 3010 2655 3082 comprehendere
2684 3011 2866 3082 potuit
2899 3030 2910 3067 :
2975 3036 2992 3059 ι
3038 3011 3100 3066 In
3141 3009 3261 3082 ipso
3288 3011 3435 3066 enim
3466 3019 3596 3067 sunt

288 3102 489 3167 gemet
517 3093 865 3166 ίηερὶοίᾶῐυΐο
905 3092 1042 3148 Nam
1073 3092 1203 3164 quia
1226 3091 1497 3147 Dominus
1526 3100 1709 3147 Ποδῐθι·
1736 3090 1891 3147 188118
1924 3119 1973 3181 ρ
2003 3116 2195 3156 omnes
2249 3100 2494 3155 thesauri
2545 3100 2827 3172 sapientia
2882 3107 2937 3155 et
2986 3100 3228 3157 scientia
3283 3100 3594 3157 absconditi

281 3183 547 3242 Christus
584 3183 651 3238 de
685 3182 781 3237 illa
807 3181 1017 3237 calesti
1046 3180 1409 3249 beatitudine,
1440 3179 1499 3234 in
1529 3196 1636 3252 qua
1666 3181 1890 3253 aqualis

278 3285 409 3335 erat
432 3292 527 3349 per
565 3277 752 3332 omnia
780 3276 953 3341 Patri,
992 3274 1061 3331 ad
1090 3283 1262 3331 terras
1286 3273 1612 3331 descendere
1640 3283 1693 3330 et
1723 3275 1889 3331 homo

277 3368 413 3426 ﬁeri
434 3367 689 3439 dignatus
709 3373 810 3433 est,
839 3374 892 3422 et
912 3364 985 3432 ab
1008 3364 1218 3438 angelis
1244 3363 1509 3420 minorari
1539 3364 1737 3432 voluit,
1753 3380 1889 3437 quos

282 3458 408 3529 ipse
465 3462 783 3522 creaverat;
836 3470 949 3510 non
1003 3452 1456 3510 inconvenienter
1510 3451 1629 3509 hac
1681 3461 1886 3525 septem

275 3544 438 3602 dona
476 3542 859 3600 descendendo
891 3541 1123 3615 accepit,
1176 3541 1306 3614 quia
1340 3541 1683 3598 voluntatem
1712 3541 1888 3598 Patris

277 3632 676 3691 descendendo
722 3642 778 3689 et
828 3631 1179 3688 humiliando
1215 3649 1273 3688 se
1315 3647 1487 3703 usque
1535 3631 1603 3686 ad
1655 3638 1886 3688 mortem

278 3724 641 3797 adimplevit,
674 3723 818 3780 sicut
842 3724 983 3779 dicit
1005 3724 1303 3795 Apostolus
1336 3741 1348 3780 :
1405 3748 1425 3773 ι
1452 3723 1781 3779 Humiliauit
1809 3740 1887 3779 se-

280 3814 596 3890 metipsum
628 3830 802 3887 usque
839 3812 909 3869 ad
940 3821 1198 3882 mortem,
1237 3822 1471 3869 mortem
1502 3822 1683 3869 autem
1711 3812 1891 3869 crucis

284 3903 715 3976 (Philipp.n,8).
738 3927 758 3951 ι
790 3904 900 3960 Nos
920 3910 1101 3959 autem
1123 3901 1218 3974 qui
1240 3901 1308 3959 ab
1328 3902 1445 3974 ipsa
1466 3902 1790 3974 perditionis
1808 3902 1887 3957 fo-

288 4009 401 4048 vea
426 3992 495 4049 ad
515 3992 758 4049 calestia
776 3991 1152 4060 sublevamur,
1176 4008 1208 4047 a
1230 3992 1540 4048 minoribus
1567 3991 1884 4064 incipimus,

278 4089 352 4138 ut
381 4081 452 4138 ad
480 4079 688 4154 majora
714 4079 1007 4139 crescendo
1038 4082 1439 4153 perveniamus.

359 4179 651 4248 Quomodo
676 4189 859 4237 autem
882 4179 999 4236 hac
1022 4188 1228 4253 septem
1250 4181 1394 4238 dona
1414 4198 1576 4254 super
1604 4181 1885 4240 Christum

274 4268 698 4337 descenderint,
747 4278 911 4340 prout
951 4269 1223 4326 Dominus
1251 4269 1483 4339 dederit,
1525 4270 1766 4328 breviter
1791 4271 1887 4329 di-

277 4374 505 4418 camus.
528 4356 765 4430 Spiritus
795 4359 1075 4431 sapientia
1104 4375 1268 4431 super
1296 4358 1576 4416 hominem
1606 4360 1886 4418 Christum

272 4449 588 4525 requievit,
620 4450 840 4524 quando
869 4450 1049 4507 Filius
1071 4449 1169 4506 Dei
1190 4450 1492 4506 secundum
1514 4450 1885 4521 divinitatem,
1917 4480 1966 4538 ι)

271 4540 384 4617 qui
415 4539 686 4613 sapientia
712 4540 890 4595 Patris
918 4539 1147 4608 dicitur,
1184 4537 1243 4594 in
1271 4554 1397 4594 eum
1426 4537 1728 4595 descendit.

358 4637 607 4711 Spiritus
647 4637 1027 4710 intelligentia
1062 4636 1121 4692 in
1166 4652 1293 4693 eum
1332 4635 1625 4708 requievit,
1670 4635 1889 4709 quando

270 4728 553 4787 omnibus
582 4728 887 4785 virtutibus
916 4734 1017 4797 est,
1047 4727 1273 4797 ditatus,
1323 4727 1466 4784 sicut
1499 4727 1557 4782 in
1586 4726 1888 4799 Evangelio

269 4816 558 4889 scriptum
588 4824 670 4873 est
697 4836 708 4874 :
747 4841 766 4864 ι
788 4817 952 4874 Iesus
972 4816 1295 4889 proﬁciebat
1318 4816 1604 4888 sapientia,
1632 4824 1685 4872 et
1707 4823 1884 4884 atate,

269 4916 341 4967 et
371 4906 553 4980 gratia
592 4924 777 4964 coram
825 4910 939 4964 Deo
968 4915 1023 4963 et
1056 4905 1377 4963 hominibus
1425 4907 1576 4978 (Luc.
1612 4924 1671 4975 ιι,
1705 4906 1821 4978 52).
1855 4932 1873 4955 ι

357 4996 495 5053 Post
534 4994 877 5054 intellectum
924 4995 1220 5053 consilium
1264 4995 1528 5068 sequitur.
1580 4995 1885 5053 Consilium

266 5107 313 5148 ει
349 5086 704 5144 consulendo
751 5084 990 5153 dicitur;
1043 5100 1171 5140 nam
1215 5084 1263 5142 si
1309 5083 1535 5156 aliquod
1581 5084 1886 5156 periculum

267 5174 459 5236 nobis
506 5175 788 5245 imminet,
837 5175 1134 5234 consilium
1164 5190 1197 5230 a
1222 5164 1465 5246 sapiente
1490 5173 1883 5246 perquirimus,

264 5266 536 5344 qualiter
578 5265 885 5341 periculum
915 5265 1232 5323 evadamus.
1278 5262 1546 5322 Similiter
1582 5271 1636 5320 et
1664 5279 1790 5320 cum
1817 5264 1888 5321 ad

263 5356 536 5430 aliquam
590 5355 916 5428 dignitatem
966 5356 1154 5415 saculi
1193 5353 1559 5413 conscendere
1610 5353 1885 5426 cupimus,

2005 3192 2239 3263 (Coloss.
2274 3208 2336 3258 ιι,
2367 3191 2446 3263 3).
2480 3215 2498 3238 ι
2555 3190 2789 3247 Videtur
2817 3190 3005 3263 itaque
3034 3190 3172 3246 mihi
3202 3207 3299 3262 per
3335 3192 3594 3264 spiritum

2000 3282 2247 3339 scientia
2295 3283 2521 3355 aliquod
2568 3283 2774 3339 factum
2822 3280 2939 3353 ejus
2986 3298 3096 3337 non
3148 3283 3345 3338 debere
3390 3283 3592 3339 intelli-

2003 3390 2166 3446 gere;
2200 3372 2510 3445 praevidens
2552 3389 2787 3445 namque
2815 3372 3065 3432 Salvator
3090 3379 3296 3440 noster,
3342 3372 3388 3428 si
3415 3388 3590 3429 acces-

2001 3478 2122 3519 sum
2170 3461 2460 3518 hominum
2505 3471 2849 3534 peccatorum
2898 3461 3187 3527 devitaret,
3236 3462 3441 3517 multos
3481 3479 3591 3519 sce-

2001 3553 2200 3609 leratos
2248 3552 2307 3608 in
2362 3552 2760 3626 desperationis
2816 3552 3031 3609 foveam
3077 3568 3192 3608 esse
3238 3550 3591 3621 decidendos,

2002 3643 2379 3717 peccatoribus
2411 3661 2507 3717 per
2542 3643 2857 3700 societatem
2893 3643 3137 3716 corporis
3163 3660 3220 3700 se
3258 3644 3594 3700 conformari

1999 3735 2200 3803 voluit,
2258 3734 2595 3791 manducans
2656 3732 2916 3789 videlicet
2965 3740 3019 3789 et
3070 3732 3264 3789 bibens
3320 3751 3445 3790 cum
3490 3733 3589 3802 eis,

1999 3831 2179 3881 tactus
2208 3824 2372 3881 etiam
2409 3823 2760 3880 meretricum
2802 3839 2911 3879 non
2944 3839 3202 3895 respuens
3236 3841 3247 3879 :
3297 3824 3391 3896 qui
3426 3823 3590 3879 etiam

1999 3921 2055 3970 et
2083 3915 2283 3971 latroni
2328 3915 2386 3969 in
2415 3913 2578 3968 initio
2614 3912 2980 3969 confessionis
3008 3912 3127 3983 ejus
3161 3911 3476 3984 paradisum
3512 3928 3589 3967 re-

2000 4005 2254 4076 promisit
2286 4004 2437 4076 (Luc.
2471 4020 2634 4069 xxm,
2667 4002 2784 4076 43),
2825 4012 2886 4060 ut
2911 4003 3169 4060 omnibus
3210 4001 3590 4083 peccatoribus

2000 4093 2200 4149 salvari
2228 4092 2580 4166 cupientibus
2618 4108 2767 4165 spem
2799 4093 2974 4147 venia
3005 4092 3290 4147 tribueret.
3326 4088 3586 4147 Pharisai

1998 4201 2151 4254 vero,
2180 4183 2438 4256 spiritum
2473 4182 2716 4239 scientia
2744 4199 2854 4237 non
2898 4181 3178 4249 habentes,
3230 4179 3585 4251 reprehende-

1996 4275 2130 4333 bant
2157 4290 2316 4343 eum;
2366 4289 2431 4329 eo
2461 4272 2608 4346 quod
2635 4290 2759 4329 cum
2792 4271 3101 4343 publicanis
3129 4279 3182 4326 et
3210 4269 3590 4343 peccatoribus

1999 4363 2371 4420 manducaret.
2420 4361 2525 4417 Sed
2556 4362 2692 4433 ipse,
2723 4360 2979 4432 spiritum
3010 4359 3251 4415 scientia
3284 4358 3585 4431 possidens,

1997 4452 2144 4508 dixit
2169 4451 2248 4507 eis
2282 4468 2293 4506 :
2359 4477 2377 4498 ι
2406 4450 2524 4506 Non
2555 4458 2635 4506 est
2664 4465 2801 4521 opus
2832 4447 2980 4504 sanis
3009 4447 3273 4515 medicus,
3323 4446 3417 4503 sed
3446 4447 3588 4503 male

1998 4542 2331 4599 habentibus
2366 4559 2378 4595 :
2413 4558 2524 4597 non
2559 4540 2682 4597 veni
2710 4555 2906 4596 vocare
2929 4538 3127 4621 justos,
3156 4536 3250 4593 sed
3279 4545 3588 4610 peccatores

2003 4632 2070 4691 ad
2107 4631 2491 4704 paenitentiam
2524 4629 2736 4702 (Matth.
2771 4645 2849 4697 ix,
2885 4626 2969 4693 12,
3010 4626 3123 4699 13).
3157 4650 3176 4674 ι

2068 4723 2147 4777 De
2184 4720 2385 4793 spiritu
2432 4736 2564 4776 vero
2619 4718 2838 4791 pietatis
2883 4732 2992 4772 non
3040 4723 3122 4772 est
3165 4731 3382 4772 necesse
3428 4714 3588 4772 nobis

1997 4810 2298 4884 quidquam
2329 4808 2530 4864 dicere.
2578 4806 2723 4875 Quid
2751 4806 2900 4863 enim
2930 4813 3039 4861 tam
3071 4804 3246 4877 pium,
3292 4821 3453 4877 quam
3495 4805 3588 4861 ille

1996 4900 2091 4974 qui
2127 4909 2408 4973 peccatum
2443 4915 2557 4954 non
2598 4897 2750 4964 fecit,
2797 4912 2899 4953 nec
2931 4896 3189 4952 inventus
3218 4904 3301 4952 est
3328 4894 3489 4952 dolus
3529 4896 3587 4951 in

1995 5005 2089 5046 ore
2133 4989 2251 5062 ejus
2301 4991 2359 5062 (Ι
2383 4990 2527 5045 Petr.
2564 5005 2624 5056 ιι,
2665 4986 2795 5059 22);
2845 4993 2900 5042 et
2943 5001 3070 5042 cum
3114 4993 3295 5057 posset
3339 5002 3371 5041 a
3413 4993 3589 5041 morte

1995 5087 2265 5154 potestate
2303 5097 2403 5136 sua
2431 5079 2672 5147 liberari;
2714 5094 2772 5134 se
2791 5094 2890 5150 pro
2910 5077 3087 5133 salute
3116 5076 3329 5149 generis
3357 5073 3587 5131 humani

1994 5181 2049 5231 et
2073 5169 2270 5240 teneri,
2319 5177 2373 5226 et
2402 5169 2580 5242 ligari,
2633 5176 2686 5225 et
2716 5167 2968 5239 conspui,
3017 5173 3072 5222 et
3126 5164 3299 5237 alapis
3344 5162 3500 5231 cadi,
3532 5170 3587 5218 et

1995 5261 2279 5335 ﬂagellari,
2310 5267 2365 5317 et
2393 5257 2640 5331 crucifigi
2672 5256 2925 5330 permisit
2952 5256 2981 5313 Ῡ

2064 5351 2301 5424 Spiritus
2330 5365 2460 5406 vero
2488 5347 2708 5405 timoris
2748 5344 2995 5412 Domini,
3024 5344 3120 5417 qui
3149 5342 3379 5399 ultimus
3415 5339 3581 5414 poni-

358 5579 485 5652 (29)
515 5577 915 5655 Fragmentum
968 5581 1095 5641 cod.
1149 5580 1206 5639 S.
1262 5577 1565 5638 Audoeni:
1623 5576 1821 5638 Beatus
1873 5576 2102 5638 Joannes
2156 5575 2426 5653 apostolus
2483 5580 2535 5634 et
2594 5574 2909 5648 evangelista
2966 5573 3024 5627 in
3072 5567 3391 5641 Apocalypsi
3456 5567 3589 5623 vidit

265 5659 478 5725 septem
510 5653 798 5726 lampada,
829 5661 936 5711 etc.
