4020 6200
547 308 653 365 879

1572 294 1668 350 AD
1707 290 1943 348 OPEBA
1978 287 2034 344 S.
2076 283 2408 345 AMBROSII
2446 279 2828 339 APPENDIX.
3697 273 3774 329 880

546 445 658 503 tur,
695 433 763 490 ad
791 431 1099 505 passionem
1128 426 1398 499 pertinet;
1452 440 1564 481 non
1609 422 1758 496 quod
1794 421 1994 477 timore
2040 434 2146 475 co—
2171 421 2222 481 Α
2250 413 2387 470 vitia
2415 410 2761 482 derelinquat
2784 427 2796 465 :
2819 414 2874 464 et
2901 405 3215 480 quicunque
3242 403 3376 460 vitia
3396 402 3615 460 deserere
3634 401 3773 473 cupit,

557 534 712 587 actus
741 527 813 582 sit
855 531 917 580 ut
946 540 1046 596 pro
1075 522 1250 578 salute
1280 520 1495 595 generis
1532 517 1760 574 humani
1794 522 2098 572 moreretur
2130 529 2142 568 :

553 616 648 674 sed
676 615 930 671 timorem
974 629 1072 684 pro
1113 611 1426 668 obedientia
1470 609 1714 680 accipere
1751 605 2032 671 debemus,
2082 601 2148 656 de

557 724 665 781 qua
694 707 809 777 ipse
829 704 1001 760 dicit:
1040 727 1057 748 ι
1079 702 1199 758 Non
1229 703 1354 758 veni
1379 701 1555 757 facere
1575 700 1918 755 voluntatem
1947 708 2145 759 meam,

551 798 648 856 sed
678 798 1016 853 voluntatem
1048 793 1166 866 ejus
1195 794 1290 866 qui
1320 794 1470 849 misit
1502 809 1607 861 me,
1648 792 1823 847 Patris
1857 790 2037 862 (Joan.
2066 802 2145 851 vr,

551 887 672 959 36).
698 912 716 936 ι
751 886 888 942 Nam
913 893 967 939 et
995 883 1195 951 filium,
1218 882 1311 956 qui
1336 883 1476 954 patri
1508 880 1714 937 carnali
1739 887 1820 934 est
1839 893 1935 949 per
1963 874 2150 930 omnia

550 974 835 1041 obediens,
869 980 1079 1044 patrem
1106 972 1300 1026 timere
1329 970 1588 1037 dicimus,
1619 985 1747 1027 cum
1771 968 1867 1022 illa
1893 963 2149 1020 obedien-

548 1063 629 1120 tia
658 1079 771 1120 non
801 1063 872 1119 sit
904 1061 1141 1129 timoris,
1172 1060 1267 1116 sed
1296 1058 1517 1115 amoris.
1539 1060 1616 1113 De
1647 1072 1755 1128 quo
1782 1055 1979 1110 timore
2006 1049 2149 1105 Psal-

551 1153 715 1209 mista
744 1150 915 1207 dicit:
964 1174 983 1196 ‹
1021 1149 1210 1205 Timor
1234 1146 1460 1205 Domini
1488 1154 1710 1201 sanctus
1740 1156 2063 1215 permanens
2092 1138 2149 1193 in

550 1242 812 1299 saeculum
857 1239 1043 1296 saeculi
1096 1239 1269 1309 (Psat.
1316 1253 1482 1304 xvrn,
1536 1235 1666 1305 l0);
1718 1259 1736 1281 ι
1798 1247 1911 1287 non
1970 1237 2151 1285 autem

552 1332 738 1398 timor,
782 1328 877 1386 sed
905 1327 1143 1387 charitas
1172 1327 1273 1383 Dei
1302 1326 1360 1381 in
1390 1324 1652 1382 saeculum
1696 1322 1884 1379 saeculi
1930 1334 2153 1392 perma-

552 1420 727 1476 nebit.

620 1513 781 1568 Nunc
809 1511 1045 1583 qualiter
1087 1506 1205 1564 haec
1243 1513 1450 1579 septem
1497 1505 1642 1561 dona
1694 1499 1932 1572 Spiritus
1976 1495 2152 1554 sancti

553 1599 854 1672 unicuique
883 1597 1134 1655 ﬁdelium
1177 1594 1532 1660 conveniant,
1584 1590 1826 1647 breviter
1852 1585 2153 1643 dicendum

552 1697 654 1747 est.
703 1691 775 1745 Et
824 1688 954 1761 quia
1000 1704 1100 1742 nos
1146 1683 1239 1756 qui
1292 1698 1388 1754 per
1441 1681 1631 1753 primae
1685 1674 2154 1750 praevaricationis

2255 519 2473 560 necesse
2509 508 2591 558 est
2624 499 2740 572 (31)
2790 506 2853 554 ut
2880 514 2978 571 per
3005 495 3314 552 doctrinam
3344 492 3629 549 divinarum
3654 491 3773 547 Scri-

2255 601 2566 664 pturarum,
2598 589 2717 645 sive
2745 604 2841 660 per
2870 583 3315 659 przedicationem
3345 589 3629 636 sanctorum
3651 580 3773 635 viro-

2257 698 2403 749 rum,
2463 681 2640 737 discat
2696 693 2817 751 quae
2872 676 2985 731 sint
3040 687 3236 746 genera
3280 670 3549 734 vitiorum,
3587 669 3774 740 qualiter

2259 769 2515 825 homines
2546 769 2863 840 illaqneent,
2896 771 2950 819 et
2978 762 3180 836 quibus
3210 757 3387 814 modis
3409 757 3653 829 exstingui
3676 774 3776 829 pos-

2259 860 2404 925 sint;
2468 874 2589 929 quae
2640 855 2752 911 sint
2795 852 2962 908 etiam
3013 849 3361 921 deceptiones
3413 840 3702 913 dxemonum,
3737 855 3776 901 et

2260 947 2499 1021 qualiter
2541 952 2733 1003 contra
2777 959 2868 997 eos
2898 939 3253 1013 pugnandum
3284 938 3356 993 sit
3388 954 3399 991 :
3431 935 3530 991 hoc
3552 942 3623 990 est
3654 934 3778 1006 igitur

2261 1035 2504 1091 scientiae
2534 1032 2792 1104 spiritum
2823 1028 3118 1102 possidere.

2331 1134 2403 1187 Et
2430 1131 2559 1203 quia
2589 1130 2849 1186 Salomon
2881 1127 3019 1183 dicit
3038 1125 3167 1199 quia
3201 1151 3218 1171 -
3243 1124 3337 1196 qui
3366 1121 3512 1179 addit
3535 1120 3780 1185 scientiam,

2260 1221 2413 1277 addit
2459 1230 2513 1277 et
2569 1220 2812 1275 laborem
2866 1219 3136 1290 (Eccle.1,
3186 1215 3319 1286 18);
3361 1238 3379 1262 ›
3437 1230 3467 1267 a
3507 1211 3698 1267 scientia
3735 1210 3783 1265 ad

2261 1311 2611 1368 fortitudinis
2641 1312 2900 1384 spiritum
2930 1306 3340 1365 conscenditur.
3381 1303 3510 1359 Nam
3540 1302 3661 1358 sicut
3687 1299 3782 1372 qui-

2263 1401 2398 1458 libet
2440 1390 2717 1475 praeliator
2762 1416 2872 1456 non
2915 1406 3111 1455 contra
3157 1412 3284 1451 eum
3325 1409 3482 1467 quem
3527 1391 3579 1446 in
3604 1388 3784 1444 vinculis

2261 1504 2430 1565 tenet,
2460 1505 2687 1569 pugnat,
2737 1491 2830 1548 sed
2858 1490 3042 1563 potius
3085 1495 3281 1543 contra
3323 1501 3444 1540 eum
3476 1483 3561 1556 qui
3595 1478 3784 1535 resistere

2263 1587 2313 1642 ei
2343 1567 2510 1641 vultv:
2546 1567 2636 1639 ita
2667 1592 2720 1639 et
2753 1580 3005 1637 diabolus
3032 1592 3143 1632 non
3173 1582 3369 1632 contra
3396 1588 3512 1628 eum
3541 1585 3677 1642 quem
3699 1567 3783 1621 vin-

2263 1675 2403 1731 culis
2449 1679 2799 1746 peccatorum
2841 1667 3202 1725 constrictum
3245 1668 3416 1730 tenet,
3459 1659 3683 1723 dimicat;
3719 1655 3783 1712 sed

552 1782 770 1853 culpam
799 1777 859 1832 in
888 1774 1216 1848 perditionis
1243 1773 1439 1844 laqueo
1463 1768 1803 1841 jacebamus,
1846 1766 2150 1822 misericor-
2184 1779 2230 1839 Β
2265 1763 2449 1836 potius
2475 1769 2670 1819 contra
2698 1776 2820 1816 eum
2858 1757 2954 1831 qui
2983 1771 3208 1829 peccare
3238 1753 3473 1819 desistit,
3508 1757 3557 1806 et
3580 1748 3638 1804 ad
3660 1749 3783 1802 Deum

555 1867 647 1924 dia
674 1865 777 1923 Dei
807 1865 876 1920 ad
915 1878 1151 1935 superna
1198 1859 1518 1917 reducimur
1561 1858 1629 1914 ab
1678 1856 2057 1924 inferioribus,
2096 1854 2154 1910 id

555 1966 656 2026 est,
684 1972 716 2011 a
742 1956 944 2011 timore
978 1953 1080 2009 Dei
1108 1951 1428 2023 incipimus,
1454 1956 1516 2005 ut
1542 1948 1611 2004 ad
1640 1946 1946 2020 superiora,
1987 1945 2045 2001 id
2075 1951 2157 1999 est

554 2048 623 2105 ad
669 2045 1019 2119 sapientiam,
1070 2040 1409 2115 proﬁciendo
1462 2055 1789 2096 crescamus.
1833 2039 1907 2094 Et
1953 2037 2156 2111 quibus

556 2134 823 2210 gradibus
867 2133 1120 2192 Christus
1157 2128 1505 2186 humiliando
1535 2145 1591 2185 se
1619 2127 1688 2183 ad
1717 2144 1819 2184 nos
1845 2124 2152 2193 descendit,

554 2228 900 2298 salutemque
964 2230 1207 2280 nostram
1274 2218 1562 2276 moriendo
1623 2217 1876 2290 perfecit,
1947 2213 2155 2271 eisdem

554 2314 815 2389 gradibus
843 2323 896 2369 et
925 2329 1026 2368 nos
1054 2310 1121 2366 ad
1163 2326 1288 2366 eum
1319 2306 1685 2365 conscendere
1717 2305 1983 2362 debemus
2015 2321 2027 2358 :
2063 2302 2157 2359 fa—

553 2405 752 2463 ciendo
772 2403 1034 2459 videlicet
1053 2408 1323 2474 praecepta
1351 2398 1490 2471 ejus,
1524 2414 1645 2470 quae
1676 2396 1734 2451 in
1763 2394 1925 2451 donis
1949 2400 2154 2465 septem

555 2495 798 2569 Spiritus
841 2493 1017 2550 sancti
1047 2492 1421 2549 continentur.
1473 2488 1712 2561 Spiritus
1742 2487 1910 2559 igitur
1938 2484 2157 2542 timoris

517 2590 521 2593 ’
554 2585 781 2643 Domini
808 2599 973 2655 super
993 2596 1442 2654 unumquemque
1472 2585 1807 2652 peccatorem
1839 2574 2153 2649 requiescit,

551 2694 678 2736 cum
708 2674 1068 2734 considerans
1108 2680 1332 2746 peccata
1376 2687 1493 2740 sua,
1522 2670 1842 2743 justumque
1880 2667 2154 2739 judicium

554 2767 655 2825 Dei
675 2765 1085 2839 pertimescens.
1113 2776 1411 2834 poenasque
1432 2759 1575 2832 ignis
1594 2759 1805 2826 aeterni,
1830 2773 1950 2829 quae
1971 2754 2157 2828 impiis

557 2865 872 2930 praeparatae
908 2864 1059 2924 sunt,
1092 2854 1161 2910 ad
1189 2850 1569 2926 pmnitentiam
1601 2849 1982 2920 lacrymasque
2012 2860 2155 2902 con-

559 2946 817 3014 vertitur,
852 2953 907 3001 et
934 2942 1275 2999 amarissime
1308 2940 1438 2996 ﬂere
1482 2937 1699 3009 incipit,
1733 2935 1881 3009 quod
1909 2934 2157 2991 delecta—

559 3036 750 3093 biliter
779 3034 962 3107 gessit.

2266 1833 2381 1907 tota
2426 1859 2611 1907 mente
2655 1847 2968 1904 revertitur.
3019 1844 3350 1915 Quicunque
3389 1856 3509 1912 ergo
3551 1852 3635 1909 per
3665 1833 3786 1908 pinni-

2265 1938 2495 1995 tentiam
2526 1936 2859 2010 pietatisque
2890 1948 3054 2005 opera
3088 1947 3119 1985 a
3146 1928 3357 1985 diaboli
3387 1925 3608 1981 vinculis
3630 1919 3784 1977 absolvi

2265 2036 2534 2096 meretur,
2589 2035 2753 2099 atque
2788 2031 2981 2082 contra
3010 2037 3136 2077 eum
3180 2035 3281 2092 per
3323 2014 3556 2073 scientiae
3596 2010 3784 2085 spiritum

2263 2125 2470 2181 bellum
2502 2122 2655 2195 cupit
2685 2122 2990 2187 instruere;
3044 2132 3271 2174 necesse
3307 2114 3471 2170 habet
3503 2117 3612 2167 uta
3635 2106 3785 2179 Spiritu

2264 2221 2454 2271 sancto
2481 2208 2830 2268 fortitudinis
2857 2207 3067 2264 donum
3098 2204 3372 2277 accipiat:
3406 2216 3508 2274 quo
3535 2199 3783 2259 instructus,

2264 2315 2317 2364 et
2362 2303 2652 2361 interiores
2706 2301 2911 2369 hostes,
2963 2298 3021 2355 id
3067 2303 3149 2354 est
3202 2295 3360 2362 vitia,
3401 2291 3628 2348 funditus
3666 2285 3785 2361 possit

2256 2395 2640 2467 exstinguere,
2697 2397 2751 2447 et
2781 2388 3101 2454 exteriores,
3152 2384 3416 2441 videlicet
3443 2379 3680 2443 homines,
3723 2389 3786 2446 per

2266 2485 2584 2561 patientiam
2642 2500 2917 2557 superare,
2973 2481 3276 2554 omniaque
3320 2477 3499 2551 jacula
3546 2474 3783 2530 daemonum

2265 2584 2421 2633 scuto
2446 2574 2576 2630 ﬁdei
2604 2591 2636 2630 a
2670 2590 2727 2629 se
2758 2571 3040 2643 repellere.
3741 2609 3753 2621 .

2336 2667 2385 2722 A
2410 2664 2741 2723 fortitudine
2783 2665 2852 2722 ad
2881 2662 3178 2719 consilium
3217 2656 3623 2718 conscenditur:
3659 2649 3785 2708 consi-

2266 2758 2404 2813 lium
2450 2763 2634 2813 autem
2688 2754 2888 2810 salutis
2935 2759 3135 2808 nostra
3182 2749 3247 2806 in
3292 2746 3560 2823 praeceptis
3598 2737 3786 2800 consistit

2265 2844 2620 2917 evangelicis.
2654 2842 2918 2916 Quisquis
2960 2841 3132 2913 igitur
3173 2839 3319 2895 vitia
3354 2838 3413 2894 in
3438 2853 3490 2892 se
3514 2833 3786 2917 exstinguere

2265 2947 2363 3005 per
2391 2908 2749 2986 fortitudinis
2782 2908 3039 3001 spiritum
3081 2927 3291 2999 potuit,
3337 2938 3541 2981 necesse
3566 2926 3635 2975 est
3666 2922 3713 2970 ut
3740 2908 3787 2966 ad

2266 3022 2525 3079 mandata
2556 3029 2703 3086 515
2732 3020 3024 3094 Evangelii
3074 3019 3198 3092 (32)
3254 3011 3629 3092 perscrutanda,
3671 3015 3787 3076 atque

630 3131 867 3203 Spiritus
886 3146 1019 3186 vero
1038 3126 1259 3201 pietatis
1286 3142 1448 3199 super
1476 3124 1779 3199 quemlibet
1806 3129 2150 3196 peccatorum
2191 3138 2234 3198 ο
2269 3124 2328 3178 in
2361 3121 2526 3179 corde
2555 3138 2656 3177 suo
2699 3117 3048 3177 recondenda
3092 3124 3379 3184 transeat;
3428 3113 3518 3169 ubi
3562 3102 3786 3166 consilium

563 3219 876 3294 requiescit,
943 3218 1075 3275 dum
1138 3216 1368 3273 audiens
1430 3215 1767 3286 Scripturam
1834 3211 2156 3268 dicentem:

574 3338 593 3361 ε
631 3311 786 3369 Sicut
838 3325 978 3383 aqua
1034 3306 1342 3380 exstinguit
1395 3302 1612 3378 ignem,
1683 3304 1762 3359 ita
1813 3301 2164 3372 eleemosyna

560 3401 867 3474 exstinguit
897 3405 1180 3472 peccatum
1217 3396 1412 3470 (Eccli,
1444 3412 1529 3463 III,
1560 3393 1651 3465 33)
1679 3410 1735 3460 ;›
1778 3398 1833 3447 et
1859 3389 2163 3446 Dominum

561 3491 888 3548 dicentem:
950 3515 968 3537 ι
1017 3491 1154 3545 Date
1211 3486 1637 3555 eleemosynam,
1695 3488 1749 3536 et
1797 3495 1921 3535 ecce
1977 3476 2165 3532 omnia

564 3579 775 3633 munda
818 3587 947 3634 sunt
988 3575 1149 3631 vobis
1190 3574 1343 3641 (Luc.
1369 3588 1449 3637 x1,
1490 3570 1608 3640 41),
1650 3591 1668 3615 ›
1730 3567 1875 3622 alere
1922 3571 2162 3637 egentes,

565 3666 767 3723 vestire
795 3665 994 3732 nudos,
1036 3671 1089 3719 et
1118 3671 1314 3719 caetera
1342 3659 1562 3733 pietatis
1597 3672 1760 3729 opera
1788 3654 1985 3726 incipit
2012 3670 2166 3709 exer-

565 3773 731 3825 cere;
788 3765 852 3813 ut
906 3758 1080 3811 Deum
1139 3755 1277 3810 alios
1335 3748 1646 3806 miserando
1698 3746 1999 3820 propitium
2057 3745 2164 3801 sibi

567 3846 753 3915 faciat,
795 3861 959 3919 quem
1004 3841 1283 3916 peccando
1328 3838 1649 3896 offenderat.
1695 3835 1850 3892 Unde
1889 3843 1943 3891 et
1970 3833 2163 3890 Daniel

565 3935 834 4009 propheta
866 3950 1051 4006 regem
1099 3931 1515 4004 impiissimum,
1565 3935 1626 3983 ut
1655 3932 1876 3999 peccata
1903 3941 2002 3980 sua
2028 3924 2163 3979 elee-

565 4024 816 4098 mosynis
861 4023 1159 4080 redimeret
1201 4028 1256 4077 et
1302 4016 1698 4076 misericordiis
1740 4029 2043 4088 pauperum
2073 4012 2166 4070 ad-

567 4131 792 4173 monere
822 4110 1056 4170 studuit.

639 4216 690 4271 A
743 4213 944 4286 pietate
998 4210 1067 4267 ad
1120 4208 1364 4266 scientias
1428 4205 1684 4279 spiritum
1737 4202 2162 4271 conscenditur;

570 4320 718 4372 nam,
754 4300 1009 4376 quamvis
1039 4298 1294 4355 videatur
1323 4296 1523 4368 aliquis
1549 4292 1835 4350 scientiam
1866 4290 2163 4364 possidere,

570 4395 772 4451 stultus
801 4401 900 4459 est,
933 4391 979 4447 si
1011 4390 1152 4446 male
1181 4387 1343 4443 vivit.
1375 4384 1519 4453 Quid
1548 4383 1697 4440 enim
1728 4382 1971 4449 stultius,
2002 4396 2166 4453 quam

2272 3212 2526 3283 reperiet,
2575 3210 2818 3283 qualiter
2843 3207 2912 3264 ad
2954 3206 3315 3281 perfectionis
3356 3203 3559 3262 culmen
3596 3203 3787 3254 conscen-

2273 3302 2401 3359 dere
2430 3302 2630 3357 valeat.

2340 3392 2412 3449 Et
2444 3390 2586 3464 quia
2615 3388 2873 3446 mandata
2901 3384 3189 3458 Evangelii
3224 3385 3341 3442 sine
3366 3379 3638 3439 virtutibus
3657 3376 3788 3429 custo

2272 3482 2380 3539 diri
2412 3498 2523 3538 non
2557 3486 2811 3553 possunt,
2853 3495 2885 3534 a
2928 3476 3128 3550 spiritu
3165 3474 3390 3532 consilii
3433 3471 3496 3528 ad
3523 3466 3788 3525 intellectum

2271 3571 2692 3638 conscenditur,
2746 3569 2803 3624 in
2836 3584 2945 3641 quo
2972 3564 3242 3639 perfectio
3287 3565 3543 3620 virtutum
3569 3565 3664 3613 tota
3699 3564 3789 3641 con-

2271 3663 2436 3720 sistit.
2468 3662 2786 3718 Intellectus
2816 3640 2947 3715 vero
2966 3657 3173 3713 donum
3199 3674 3233 3712 a
3253 3654 3455 3728 Spiritu
3468 3657 3634 3708 sancto
3653 3640 3791 3700 ﬁdeles

2273 3753 2583 3826 accipiunt,
2613 3770 2738 3810 cum
2763 3748 3022 3808 omnibus
3042 3748 3350 3806 virtutibus
3375 3745 3529 3804 ditari
3549 3742 3788 3826 merentur;

2274 3844 2368 3899 ille
2390 3816 2540 3899 enim
2560 3816 2752 3898 verum
2772 3840 3111 3897 intellectum
3139 3837 3401 3910 possidet,
3424 3834 3513 3908 qui
3532 3830 3625 3887 fide
3643 3816 3790 3881 illumi.

2274 3941 2458 3999 natur,
2487 3932 2581 4005 qui
2608 3931 2742 4003 pudi
2771 3931 2908 3986 citia
2929 3927 3259 3997 mundatur,
3290 3924 3539 4000 patientia
3553 3918 3789 3976 decoratur.

2274 4022 2369 4095 qui
2396 4021 2714 4077 humilitate
2744 4020 3018 4086 munitur,
3063 4017 3160 4091 qui
3187 4016 3452 4075 charitate
3480 4008 3692 4079 refulget,
3722 4010 3791 4053 ω·

2273 4116 2515 4188 terisque
2543 4114 2846 4171 virtutibus
2880 4121 3320 4170 consummatur.

2346 4212 2417 4266 Et
2436 4209 2566 4283 quia
2593 4225 2689 4281 per
2718 4207 3091 4280 operationem
3116 4205 3237 4279 (33)
3261 4205 3520 4262 virtutum
3548 4193 3605 4252 ad
3627 4189 3789 4283 culmen

2275 4280 2633 4372 perfectionis
2662 4296 3057 4355 conscenditur
3093 4295 3369 4367 sapientia
3396 4280 3665 4348 intellectui
3697 4288 3789 4372 ΡΨ

2276 4363 2526 4463 ponitur,
2583 4388 2640 4443 in
2689 4404 2796 4461 qua
2844 4394 2957 4442 tota
3005 4363 3275 4458 perfectio
3317 4379 3571 4439 consistit.
3621 4363 3791 4463 Deum}3

571 4482 829 4538 timorem
860 4479 959 4536 Dei
988 4495 1020 4534 a
1048 4485 1230 4533 mente
1258 4473 1515 4546 abjicere,
1547 4472 1702 4528 vitiis
1730 4470 2007 4527 deservire
2025 4469 2167 4540 (30),
2197 4497 2246 4556 D
2276 4447 2613 4551 berfectibne
2659 4447 2928 4532 D‘ominus
2969 4447 3106 4530 ἀῖοίι
3154 4474 3212 4529 in
3243 4467 3531 4541 Evangelio
3561 4483 3571 4519 ε
3623 4484 3639 4504 ι
3669 4454 3711 4510 Si
3735 4447 3791 4501 vis

578 4570 881 4643 rapidoque
915 4582 1080 4623 cursu
1108 4564 1178 4621 ad
1204 4563 1489 4620 interitum
1527 4560 1861 4631 prOperare?
1901 4558 1958 4615 Si
2003 4558 2172 4629 igitur

575 4659 814 4715 stultitia
841 4664 924 4712 est
952 4654 1108 4711 vitiis
1156 4651 1453 4719 deservire,
1504 4658 1557 4705 et
1588 4648 1819 4704 scientia
1854 4647 2064 4719 optima
2090 4653 2173 4703 est

578 4750 717 4807 vitia
744 4748 1009 4815 deserere,
1040 4754 1200 4819 atque
1229 4745 1297 4803 ad
1324 4747 1501 4802 Deum
1530 4750 1646 4799 tota
1675 4750 1856 4799 mente
1888 4741 2169 4808 converti;

579 4841 899 4916 quicunque
918 4856 1014 4911 per
1037 4839 1255 4896 timoris
1275 4838 1531 4911 spiritum
1552 4844 1767 4909 peccata
1800 4851 1897 4891 sua
1920 4834 2174 4907 plangere

582 4931 803 5004 incipit,
826 4939 882 4987 et
907 4948 1003 5005 per
1030 4932 1250 5004 pietatis
1270 4930 1529 5002 spiritum
1552 4927 1862 4984 misericors
1886 4941 2011 4997 erga
2032 4922 2174 4979 indi-

584 5029 771 5094 gentes
800 5035 914 5076 esse
956 5018 1158 5088 studet,
1204 5026 1267 5074 ut
1294 5020 1469 5073 Deum
1501 5016 1638 5072 alios
1668 5013 1981 5071 miserando
2015 5011 2177 5067 mise-

584 5109 857 5168 ricordem
880 5107 986 5164 sibi
1028 5106 1214 5173 faciat,
1246 5121 1464 5163 necesse
1489 5112 1571 5160 est
1608 5113 1669 5160 ut
1697 5120 1794 5176 per
1823 5102 2031 5158 donum
2057 5100 2178 5155 san;

586 5206 663 5259 cti
691 5197 928 5272 Spiritus
957 5195 1199 5254 scientiae
1228 5194 1486 5267 spiritum
1521 5191 1816 5265 possideat.
1857 5190 2182 5261 Quicunque

589 5293 739 5349 enim
788 5288 1038 5347 converti
1086 5286 1153 5343 ad
1186 5288 1362 5342 Deum
1411 5283 1704 5352 desiderat,
1747 5296 1967 5337 necesse
2013 5287 2096 5336 est
2121 5285 2185 5334 ut

662 5451 780 5525 (30)
819 5450 995 5519 Edit.,
1026 5446 1170 5525 vitiis
1198 5445 1458 5503 deservire
1477 5447 1505 5501 ?
1535 5440 1762 5501 Scientia
1794 5457 1918 5499 vero
1946 5439 2184 5498 maxima

595 5521 690 5592 est,
722 5521 825 5580 etc.
852 5542 867 5585 ;
902 5540 1032 5578 mss.
1063 5530 1126 5577 ut
1152 5521 1208 5575 in
1241 5525 1524 5592 contextu.

669 5584 785 5665 (31)
832 5596 910 5677 Ut.
930 5594 1062 5649 vitia
1107 5591 1548 5673 derel_inquat.....
1590 5605 1788 5646 necesse
1827 5592 1921 5653 est,
1968 5602 2040 5643 ex
2077 5584 2185 5642 ﬁde

601 5680 730 5720 mss.
763 5682 1012 5722 omnium
1041 5678 1409 5737 reposuimus.

2284 4568 2556 4640 perfectus
2598 4583 2733 4635 esse,
2776 4566 2937 4633 vade,
2973 4563 3154 4620 vende
3192 4564 3382 4619 omnia
3410 4540 3534 4630 qua:
3576 4547 3725 4640 habes,
3755 4540 3791 4640 εξ

2280 4629 2350 4714 da
2380 4629 2735 4729 pauperibus,
2780 4663 2834 4710 et
2877 4629 3105 4709 habebis
3154 4629 3465 4707 thesaurum
3507 4643 3558 4698 in
3583 4635 3721 4694 c0310;

2281 4723 2428 4813 veni,
2461 4723 2685 4816 sequere
2716 4760 2802 4799 me
2849 4743 3065 4814 (Matth.
3097 4758 3218 4809 xxx,
3250 4740 3367 4810 2i).
3398 4761 3416 4785 ι
3471 4733 3594 4788 Sunt
3618 4723 3792 4816 namil'ie

2284 4834 2469 4901 multi,
2510 4814 2606 4905 qui
2635 4831 2703 4888 ad
2751 4830 3105 4904 perfectionis
3147 4828 3365 4885 culmen
3397 4819 3564 4879 subito
3599 4814 3793 4905 conﬁce":

2284 4922 2411 4979 dere
2439 4928 2708 4977 conantur
2741 4939 2752 4977 :
2805 4920 2899 4977 sed
2929 4919 3058 4993 quia
3089 4935 3183 4990 per
3229 4915 3422 4990 gradus
3458 4910 3687 4964 virtutum
3713 4900 3790 4993 ιξοξ

2286 5010 2679 5079 conscendunt,
2728 5009 2889 5065 facile
2938 5014 3224 5064 corruunt.
3279 5001 3418 5072 Quid
3462 4977 3790 5058 enimpwm‘

2287 5101 2648 5159 substantiam
2678 5099 3009 5171 relinquere,
3036 5098 3081 5153 si
3114 5097 3271 5163 iram,
3303 5092 3501 5156 odium,
3523 5078 3787 5171 ebrietate"):

2289 5190 2581 5260 invidiam,
2634 5188 2966 5262 superbiam,
3023 5202 3221 5243 vanam
3272 5181 3511 5257 gloriam,
3559 5163 3789 5262 οωῐθΐλίξῗθ

2291 5239 2581 5260 -...-_-_.--,
2634 5239 2966 5262 --πηῷ-ὼ,
3039 5239 3219 5243 mm",
3272 5239 3301 5257 υ
3497 5239 3507 5244 _

2291 5281 2449 5349 vitia,
2489 5296 2609 5353 quae
2640 5276 2905 5335 occidunt
2949 5275 3212 5343 animam,
3259 5289 3289 5328 a
3317 5275 3487 5326 mente
3513 5276 3598 5319 sua
3617 5264 3705 5310 non
3726 5239 3788 5296 ὼ

2367 5438 2484 5522 (32)
2525 5439 2919 5522 Fragmentum
2950 5436 3075 5496 cod.
3109 5432 3354 5502 Aud.,ut
3380 5426 3447 5485 ad.
3473 5415 3685 5478 mndata
3704 5395 3790 5470 ιιςίε

2293 5514 2373 5568 vel
2401 5514 2696 5582 Evangelii.

2370 5554 2770 5655 ’ᾖεν
2788 5582 3078 5639 orationem
3107 5580 3405 5655 virtutum;
3430 5564 3696 5655 3911-1?”
3715 5554 3798 5599 om.

2299 5633 2500 5710 ιίοὶῖιῖύι
2525 5633 2774 5710 sane»:
2790 5633 3129 5720 institas
3145 5633 3325 5709 nobis
3350 5633 3641 5711 congruum-
