4068 6182
343 381 444 438 881

1244 382 1703 439 BERENGAUDI
1742 383 2115 440 EXPOSITIO
2154 385 2225 442 IN
2263 384 2765 444 APOCALYPSIN.

3554 393 3659 449 882

339 505 548 579 jiciat?
578 505 698 562 Non
743 505 888 561 enim
923 505 1141 578 prodest
1167 507 1415 564 arborem
1446 508 1830 576 conscendere,
1876 516 1938 563 ut
1966 511 2017 570 A
2053 519 2159 566 tem
2218 510 2532 567 intellectus
2581 512 2826 569 ﬁdelium
2885 514 3196 571 intellectui
3258 516 3485 586 Christi,
3530 535 3658 575 cum

348 598 564 652 leonem
597 594 816 665 evadat,
847 596 893 652 si
923 605 1230 667 serpentem
1267 598 1326 653 in
1373 598 1499 654 sinu
1555 607 1745 671 gestet,
1792 597 1950 669 cujus

347 705 563 744 veneno
596 696 799 760 pereat.
834 689 943 744 Nec
969 686 1104 746 dicit
1138 689 1410 745 Dominus
1448 689 1612 745 illum
1645 689 1946 761 perfectum

346 794 484 847 esse,
536 779 631 850 qui
680 777 1043 834 substantiam
1087 779 1468 835 tantummodo
1497 779 1808 846 dimiserit;
1851 779 1948 836 sed

347 884 474 923 eum
506 867 599 941 qui
632 875 686 922 et
717 867 1078 923 substantiam
1101 868 1394 937 dimiserit,
1430 879 1484 926 et
1512 869 1691 941 ipsum
1724 878 1946 926 secutus

344 956 535 1011 fuerit.
587 957 880 1029 Sequimur
931 966 1111 1013 autem
1151 958 1334 1023 illum,
1382 959 1604 1032 quando
1635 959 1940 1016 imitamur.

344 1048 431 1104 Ad
462 1048 568 1104 hoc
599 1047 766 1118 igitur
814 1047 1168 1119 perfectionis
1202 1049 1419 1103 culmen
1471 1048 1567 1104 ille
1609 1049 1942 1122 competenti

343 1137 516 1209 gradu
545 1136 882 1204 conscendit,
916 1137 1010 1209 qui
1041 1137 1193 1208 prius
1217 1137 1370 1193 vitiis
1397 1137 1822 1206 abrenuntiatis,
1847 1154 1942 1210 per

340 1225 611 1282 actualem
661 1225 829 1280 vitam
880 1242 1000 1298 quas
1048 1226 1350 1283 virtutibus
1386 1226 1668 1299 perﬁcitur
1700 1227 1840 1298 (34),
1872 1227 1940 1283 ad

340 1315 825 1388 contemplativam
882 1316 1236 1384 conscendit,
1286 1317 1345 1371 in
1400 1333 1508 1390 qua
1559 1316 1660 1372 soli
1719 1315 1938 1372 Christo

338 1408 717 1480 conjungitur,
749 1407 843 1480 qui
873 1416 954 1464 est
979 1409 1243 1481 sapientia
1266 1410 1462 1478 Patris,
1502 1410 1784 1484 Filiusque
1815 1411 1934 1481 Dei,

337 1504 391 1552 et
421 1497 560 1553 civis
585 1497 883 1553 Jerusalem
915 1498 1150 1554 coelestia
1179 1499 1436 1555 efﬁcitur.

407 1590 566 1645 Nunc
616 1589 852 1660 qualiter
923 1589 1269 1645 descensioni
1323 1589 1531 1647 Christi
1589 1608 1684 1664 per
1739 1592 1936 1663 gradus

333 1685 539 1750 septem
586 1677 858 1733 donorum
904 1678 1142 1750 Spiritus
1189 1679 1365 1734 sancti
1404 1679 1655 1735 ascensio
1687 1678 1934 1736 ﬁdelium

333 1767 649 1834 conveniat,
701 1767 944 1822 breviter
1005 1767 1484 1823 demonstremus.
1536 1769 1776 1825 Ultimus
1830 1771 1936 1826 de-

2061 601 2274 656 easdem
2315 602 2549 657 virtutes
2582 619 2714 674 quas
2762 603 2874 674 ipse
2907 619 2938 657 a
2981 603 3189 675 Spiritu
3243 622 3342 660 suo
3392 608 3658 681 percepit,

2060 689 2272 745 easdem
2296 698 2348 746 et
2374 691 2548 747 sancti
2579 692 2694 764 ejus
2721 693 2788 747 ab
2826 693 2942 764 ipso
2971 693 3247 765 percipere
3279 704 3578 754 merentur.

2129 777 2345 834 Primus
2387 780 2756 835 descensionis
2806 781 3013 838 Christi
3057 781 3254 852 gradus
3302 793 3382 839 est
3426 786 3656 856 sapien-

2056 867 2152 935 tia,
2213 876 2264 922 et
2310 869 2576 939 septimus
2619 870 2955 925 ascensionis
3011 871 3298 938 ﬁdelium;
3331 875 3459 946 quia
3498 875 3653 932 Chri-

2056 963 2171 1010 stus
2223 965 2304 1012 est
2359 957 2627 1028 sapientia
2657 958 2853 1025 Patris,
2891 966 2945 1014 et
2984 958 3049 1014 ab
3079 959 3199 1030 ipso
3231 961 3410 1017 omnis
3441 963 3652 1034 sapien-

2054 1045 2127 1100 tia
2160 1045 2355 1101 oritur.
2387 1046 2571 1101 Sancti
2603 1046 2774 1118 igitur
2812 1048 2904 1118 qui
2939 1064 3036 1118 per
3063 1049 3435 1119 operationem
3478 1051 3652 1108 virtu-

2053 1124 2172 1187 tum
2219 1134 2458 1189 Domino
2515 1137 2866 1206 copulantur,
2911 1137 2978 1191 ab
3026 1137 3145 1208 ipso
3192 1139 3538 1209 sapientiam,
3591 1141 3650 1196 in

2053 1239 2160 1295 qua
2214 1224 2385 1280 totius
2415 1224 2682 1281 bonitatis
2728 1242 2944 1281 summa
2995 1228 3268 1295 consistit,
3316 1229 3645 1302 percipiunt.

2050 1312 2264 1380 Quibus
2321 1315 2434 1385 ipse
2484 1331 2580 1386 per
2626 1316 2972 1372 Salomonem
3022 1317 3286 1389 loquitur,
3332 1319 3556 1376 dicens:
3591 1323 3646 1378 Si

2050 1404 2173 1474 quis
2218 1403 2402 1475 diligit
2449 1405 2795 1477 sapientiam,
2829 1406 2896 1462 ad
2923 1423 3009 1461 me
3041 1407 3299 1476 declinet,
3339 1418 3393 1465 et
3417 1427 3533 1466 eam
3566 1411 3646 1466 in-

2051 1492 2268 1549 veniet:
2305 1500 2356 1548 et
2385 1511 2502 1550 eam
2537 1513 2661 1551 cum
2693 1496 2985 1566 invenerit,
3022 1496 3213 1553 beatus
3252 1505 3353 1568 est,
3385 1499 3430 1555 si
3457 1509 3646 1559 tenue-

2048 1581 2120 1637 rit
2151 1598 2268 1637 eam
2303 1583 2489 1654 (Prov.
2523 1601 2604 1653 in,
2644 1586 2756 1657 13).

2121 1673 2302 1743 (Vers.
2336 1673 2416 1744 6.)
2470 1674 2760 1747 Sequitur:
2810 1678 2882 1732 Et
2936 1676 2992 1731 in
3031 1685 3302 1749 conspectu
3346 1679 3481 1734 sedis
3528 1687 3642 1735 tan-

2045 1777 2205 1832 quam
2236 1779 2382 1816 mare
2410 1762 2656 1830 vitreum,
2707 1763 2875 1818 simile
2903 1766 3174 1834 crystallo.
3226 1766 3286 1820 In
3317 1767 3520 1837 templo
3551 1767 3641 1822 Sa-

329 1855 636 1912 scensionis
678 1854 884 1912 Christi
934 1856 1132 1928 gradus
1161 1865 1242 1912 est
1285 1856 1451 1911 timor
1498 1856 1619 1924 Dei,
1651 1874 1746 1928 per
1771 1875 1933 1930 quem
1968 1871 2015 1931 Β
2047 1849 2286 1907 lomonis
2340 1867 2487 1905 mare
2523 1867 2735 1906 meum
2765 1852 2932 1907 fuisse
2967 1853 3219 1923 legimus,
3259 1853 3316 1908 in
3347 1871 3453 1926 quo
3483 1856 3643 1910 lava-

332 1946 641 2018 passionem
673 1953 727 2000 et
759 1953 991 2000 mortem
1025 1943 1142 2016 ejus
1169 1945 1420 2000 diximus
1458 1945 1628 2000 fuisse
1670 1946 1933 2018 designa—

331 2045 467 2102 tam,
497 2043 551 2089 et
581 2034 1145 2106 primusascensionis
1173 2035 1240 2090 ad
1268 2037 1437 2090 Deum
1461 2036 1927 2094 convertentium.

328 2125 601 2196 Congruit
630 2132 811 2180 autem
847 2141 991 2180 mors
1031 2124 1256 2180 Domini
1283 2123 1374 2191 iis,
1409 2125 1503 2198 qui
1535 2141 1629 2196 per
1671 2124 1929 2197 spiritum

325 2215 549 2272 timoris
581 2214 801 2272 Domini
846 2221 1065 2286 peccata
1094 2229 1193 2269 sua
1221 2212 1425 2269 deﬂent
1449 2231 1469 2276 ;
1497 2213 1626 2286 quia
1654 2213 1711 2267 in
1753 2222 1930 2270 morte

324 2305 553 2360 Domini
615 2303 864 2359 remissio
918 2302 1171 2360 consistit
1226 2302 1474 2358 omnium
1528 2310 1923 2374 peccatorum;

323 2411 429 2452 nec
456 2395 695 2467 perfecta
724 2394 972 2450 remissio
999 2401 1342 2466 peccatorum
1375 2410 1491 2450 esse
1520 2401 1722 2466 posset,
1754 2393 1802 2449 si
1831 2393 1926 2449 ille

323 2501 426 2556 pro
460 2485 620 2540 nobis
655 2491 906 2539 mortuus
934 2499 1046 2538 non
1078 2482 1289 2537 fuisset.

397 2573 598 2629 Sextus
651 2572 1023 2630 descensionis
1062 2571 1267 2629 Christi
1300 2569 1498 2642 gradus
1541 2576 1621 2626 est
1651 2570 1842 2641 pietas,
1871 2580 1925 2628 et

319 2667 599 2724 secundus
625 2667 960 2723 ascensionis
989 2665 1400 2738 pmnitentium.
1444 2665 1710 2738 Congruit
1740 2671 1920 2720 autem

314 2758 497 2831 pietas
529 2757 772 2814 ﬁdelium
799 2775 922 2814 cum
958 2759 1156 2830 pietate
1175 2757 1396 2812 Domini
1424 2775 1436 2824 ;
1467 2757 1595 2829 quia
1618 2757 1711 2812 ille
1738 2755 1806 2811 iis
1826 2755 1922 2828 qui
1972 2829 1977 2833 Ι

315 2849 626 2906 secundum
649 2851 886 2905 animam
906 2859 1063 2905 erant
1081 2848 1288 2916 miseri,
1308 2847 1741 2904 misericordiam
1765 2864 1918 2902 suam

314 2945 612 3018 impendit,
664 2945 730 3000 ab
774 2955 979 3002 aeterna
1009 2953 1183 3002 morte
1211 2963 1309 3001 sua
1343 2954 1517 3001 morte
1540 2961 1632 3000 eos
1657 2945 1914 3012 liberans,

309 3048 368 3094 et
399 3038 493 3093 isti
529 3037 596 3092 iis
631 3039 722 3110 qui
751 3037 1053 3094 secundum
1095 3054 1292 3109 corpus
1333 3045 1462 3092 sunt
1501 3036 1711 3104 miseri,
1743 3036 1919 3091 mise-

312 3125 612 3182 ricordiam
663 3127 780 3198 (35)
810 3127 1157 3199 impendunt,
1202 3126 1480 3198 largiendo
1509 3126 1588 3182 eis
1620 3141 1914 3196 corporum

309 3218 642 3285 necessaria,
696 3217 895 3289 quibus
951 3218 1006 3273 in
1050 3217 1262 3288 judicio
1312 3217 1427 3288 ipse
1495 3217 1745 3273 dicturus
1792 3223 1910 3272 est:
1953 3232 1994 3291 ο

323 3333 341 3355 ι
382 3307 542 3375 Quod
569 3308 665 3364 uni
697 3325 765 3363 ex
812 3309 1059 3364 minimis
1088 3307 1223 3363 meis
1257 3305 1484 3372 fecistis,
1522 3305 1662 3362 mihi
1704 3306 1912 3363 fecistis

310 3401 532 3470 (Matth.
565 3417 697 3468 xxv,
728 3399 843 3471 40).
875 3423 894 3446 ι

385 3490 628 3558 Quintus
675 3487 1049 3546 descensionis
1076 3487 1282 3547 Christi
1326 3487 1524 3560 gradus
1551 3495 1632 3543 est
1660 3486 1908 3553 scientia,

307 3590 365 3637 et
428 3580 622 3636 tertius
682 3579 1019 3636 ascensionis
1084 3578 1351 3634 ﬁdelium.
1407 3577 1678 3633 Convenit
1729 3587 1907 3634 autem

307 3666 548 3739 spiritus
598 3666 842 3722 scientiae
896 3666 990 3738 qui
1047 3665 1304 3722 ﬁdelibus
1339 3664 1521 3732 datur,
1557 3681 1680 3721 cum
1713 3664 1912 3737 spiritu

306 3754 585 3824 scientiae,
618 3755 716 3828 qui
746 3753 959 3811 homini
999 3755 1219 3812 Christo
1248 3753 1464 3811 oblatus
1495 3762 1605 3822 est;
1647 3754 1778 3825 quia
1819 3755 1911 3810 ille

307 3853 371 3900 ut
406 3853 720 3915 peccatores
754 3846 937 3900 salvos
967 3844 1188 3911 faceret,
1226 3844 1578 3916 semetipsum
1620 3843 1734 3898 illis
1768 3859 1911 3899 con-

307 3932 555 3988 formare
610 3949 721 3989 non
781 3941 861 3989 est
915 3931 1276 4004 dedignatus:
1334 3941 1387 3989 et
1442 3932 1556 3999 isti,
1599 3941 1658 3988 ut
1695 3939 1912 4004 peccata

306 4022 572 4090 evadant,
605 4024 672 4079 ad
699 4041 823 4080 eum
856 4039 952 4095 per
997 4023 1251 4094 spiritum
1285 4022 1527 4079 scientiae
1557 4022 1909 4094 confugiunt,

307 4111 410 4184 qui
440 4119 761 4183 potestatem
793 4111 959 4167 habet
988 4111 1303 4167 dimittendi
1341 4118 1576 4182 peccata.

383 4200 626 4266 Quartus
671 4200 1043 4257 descensionis
1090 4200 1295 4256 Christi
1334 4198 1532 4272 gradus
1569 4205 1650 4253 est
1677 4197 1911 4254 fortitu-

304 4293 408 4360 do,
450 4300 505 4347 et
534 4302 762 4365 quartus
791 4291 1056 4347 similiter
1093 4290 1427 4347 ascensionis
1456 4289 1722 4345 ﬁdelium.
1756 4288 1912 4344 Con-

304 4382 462 4456 gruit
490 4390 670 4438 autem
711 4382 984 4437 fortitudo
1026 4381 1272 4436 ﬁdelium
1321 4378 1636 4434 fortitudini
1666 4377 1905 4444 Christi;

304 4471 444 4545 quia
477 4487 542 4526 ea
576 4472 900 4528 fortitudine
948 4471 1038 4526 isti
1090 4470 1323 4526 vincunt
1369 4468 1672 4533 diabolum,
1723 4483 1828 4540 qua
1857 4473 1911 4522 et

2045 1939 2248 1995 bantur
2285 1939 2613 2006 sacerdotes,
2664 1947 2958 2013 antequam
3003 1943 3324 1999 accederent
3353 1943 3421 1998 ad
3447 1945 3637 2013 altare,

2039 2029 2109 2084 ad
2161 2028 2368 2085 hostias
2415 2030 2719 2085 offerendas
2770 2032 2860 2101 (II
2894 2032 3086 2087 Paral.
3120 2049 3196 2101 IV,
3229 2034 3322 2104 6):
3357 2034 3480 2090 aeris
3509 2051 3640 2090 vero

2039 2117 2298 2188 splendor
2347 2117 2579 2190 quadam
2621 2118 2906 2190 nigredine
2951 2120 3060 2176 cito
3104 2120 3481 2178 obnubilatur.
3537 2125 3643 2180 Per

2039 2223 2188 2263 mare
2240 2208 2424 2281 itaque
2479 2217 2690 2264 aeneum
2743 2211 2833 2265 lex
2891 2211 3070 2282 Moysi
3127 2211 3466 2285 designatur,
3516 2231 3638 2287 quae

2036 2298 2300 2371 fulgerem
2353 2298 2618 2370 spiritalis
2667 2299 3048 2372 intelligentiae
3106 2299 3294 2357 littero
3347 2302 3636 2374 nigredine

2039 2387 2318 2443 obscurat.
2348 2389 2419 2443 Et
2440 2389 2582 2446 sicut
2611 2407 2705 2458 aes,
2738 2390 2784 2445 si
2807 2390 2940 2446 lima
2968 2399 3197 2456 teratur,
3229 2391 3490 2464 splendor
3517 2392 3634 2464 ejus

2035 2479 2316 2550 aperitur;
2369 2478 2444 2533 ita
2473 2487 2527 2534 et
2552 2481 2817 2552 spiritalis
2846 2481 3234 2553 intelligentia,
3271 2499 3390 2555 quae
3437 2483 3632 2538 litterae

2033 2569 2320 2641 superficie
2361 2570 2685 2627 obscuratur
2734 2572 2792 2627 in
2841 2573 2974 2644 lege,
3025 2573 3070 2628 si
3117 2590 3147 2627 a
3181 2573 3436 2629 ﬁdelibus
3493 2574 3629 2630 viris

2033 2657 2328 2730 diligenter
2373 2659 2721 2728 discutiatur,
2767 2676 2863 2732 per
2904 2662 3130 2732 gratiam
3171 2663 3267 2718 Dei
3301 2663 3628 2719 manifesta-

2030 2753 2140 2801 tur.
2174 2749 2234 2802 In
2266 2747 2371 2804 hoc
2401 2748 2570 2820 igitur
2600 2749 2735 2803 mari
2767 2749 3074 2806 sacerdotes
3101 2750 3463 2820 lavabantur;
3495 2753 3627 2825 quia

2029 2852 2126 2907 per
2147 2836 2415 2892 sacriﬁcia
2455 2845 2507 2892 et
2537 2853 2633 2909 per
2661 2837 2919 2910 quasdam
2967 2838 3376 2896 observationes
3429 2841 3624 2914 legales

2029 2927 2275 2999 quaedam
2299 2935 2516 2998 peccata
2540 2929 2740 2984 veteris
2761 2929 2949 3000 populi
2980 2929 3207 2986 deleban
3217 2937 3322 2987 tur.
3355 2932 3455 2987 Per
3475 2948 3623 2988 mare

2027 3031 2153 3088 ergo
2197 3016 2435 3073 vitreum
2467 3025 2629 3091 atque
2660 3020 2982 3091 crystallum
3016 3038 3126 3076 non
3171 3021 3626 3080 inconvenienter

2023 3105 2240 3160 Novum
2258 3105 2666 3163 Testamentum
2694 3108 3042 3180 intelligitur.
3064 3111 3124 3165 In
3155 3109 3260 3167 hoc
3281 3119 3462 3168 autem
3487 3113 3622 3170 mari

2024 3202 2129 3257 tria
2172 3202 2510 3271 invenimus,
2563 3221 2734 3273 mare,
2783 3207 3012 3273 vitrum,
3065 3215 3226 3281 atque
3271 3211 3616 3282 crystallum,

2022 3309 2118 3365 per
2146 3309 2293 3349 mare
2322 3294 2492 3366 igitur
2522 3295 2773 3364 historia,
2815 3315 2911 3370 per
2941 3301 3150 3355 vitrum
3185 3303 3409 3358 moralis
3448 3304 3621 3360 intel-

2022 3384 2269 3455 ligentia,
2299 3401 2395 3457 per
2424 3387 2746 3458 crystallum
2788 3397 2968 3445 autem
3009 3389 3276 3462 spiritalis
3304 3391 3621 3464 intelligen-

2021 3472 2096 3526 tia
2144 3473 2478 3545 designatur.
2525 3477 2629 3532 Per
2683 3479 2891 3533 vitrum
2941 3495 3091 3551 ergo,
3135 3496 3205 3536 ex
3243 3496 3352 3552 quo
3399 3483 3620 3554 specula

2022 3561 2184 3630 ﬁunt,
2216 3579 2328 3618 non
2359 3565 2659 3638 incongrue
2692 3568 2917 3625 moralis
2939 3569 3306 3643 intelligentia
3327 3571 3616 3644 accipitur;

2020 3654 2150 3726 quia
2184 3654 2328 3711 sicut
2366 3655 2534 3712 homo
2572 3657 2844 3731 quidquid
2893 3668 3051 3732 turpe
3089 3661 3148 3716 in
3188 3661 3328 3718 facie
3371 3661 3530 3734 gerit,
3561 3663 3620 3719 in

2020 3743 2243 3815 speculo
2277 3743 2685 3816 deprehendere
2722 3757 2932 3820 potest:
2977 3749 3054 3806 ita
3075 3758 3128 3806 et
3157 3749 3428 3824 quidquid
3457 3751 3620 3807 vitio-

2020 3850 2140 3889 sum
2173 3835 2228 3890 in
2252 3837 2540 3894 animabus
2579 3838 2868 3895 hominum
2899 3855 3015 3896 esse
3053 3849 3258 3912 potest,
3287 3840 3620 3899 moralis'in-

2019 3923 2324 3995 telligentia
2371 3927 2649 3998 patefacit.
2711 3929 2812 3984 Per
2868 3930 3192 4001 crystallum
3241 3938 3448 3998 autem,
3497 3946 3619 4003 quae

2019 4011 2221 4068 clarior
2251 4021 2331 4069 est
2373 4016 2634 4071 omnibus
2663 4017 2911 4088 gemmis,
2945 4025 2999 4074 et
3025 4036 3144 4091 quae
3174 4019 3421 4076 ﬂammas
3439 4021 3616 4092 splen-

2020 4099 2188 4170 doris,
2220 4119 2359 4174 saepe
2376 4104 2541 4160 etiam
2580 4113 2634 4161 et
2662 4106 2842 4178 ignem
2875 4107 2942 4162 de
2962 4123 3019 4163 se
3049 4107 3298 4163 emittere
3327 4109 3486 4175 solet,
3509 4107 3616 4179 spi-

2019 4188 2196 4247 ritalis
2247 4193 2613 4266 intelligentia
2648 4197 3001 4268 exprimitur,
3046 4213 3166 4270 qum
3191 4195 3425 4252 obscura
3457 4213 3618 4270 quac-

2020 4298 2124 4353 que
2172 4281 2228 4336 in
2277 4282 2484 4338 divinis
2515 4283 2811 4359 scripturis
2841 4285 3102 4351 elucidat,
3149 4295 3358 4342 mentes
3387 4287 3617 4360 spirita-

2022 4369 2157 4426 lium
2189 4386 2447 4426 sensuum
2469 4371 2708 4427 ﬂammis
2739 4373 3039 4443 illuminat,
3073 4374 3338 4448 quosdam
3360 4377 3525 4433 etiam
3558 4377 3617 4434 in

2018 4477 2259 4517 amorem
2283 4460 2382 4515 Dei
2413 4476 2764 4534 amoremque
2808 4464 3044 4520 caelestis
3099 4465 3287 4538 patriae
3344 4467 3613 4525 accendit.

305 4561 572 4619 Christus
591 4561 747 4628 vicit,
771 4561 1096 4618 fortitudine
1119 4559 1376 4615 videlicet
1398 4557 1623 4625 Christi,
1651 4573 1759 4612 non
1787 4573 1903 4624 sua;
1939 4591 1987 4649 D
2088 4563 2159 4615 Et
2213 4560 2268 4614 in
2325 4561 2494 4616 medio
2545 4562 2679 4618 sedis
2722 4570 2768 4618 et
2813 4563 2870 4618 in
2917 4563 3141 4620 circuitu
3197 4565 3332 4621 sedis
3386 4573 3619 4638 quatuor

303 4650 458 4706 sicut
516 4653 630 4722 ipse
675 4650 851 4708 dicit:
918 4676 934 4696 ι
969 4649 1098 4705 Sine
1128 4665 1214 4704 me
1262 4647 1402 4703 nihil
1458 4645 1684 4719 potestis
1733 4646 1907 4702 facere

306 4727 499 4811 (Joan.
540 4757 637 4808 xv,
669 4741 750 4811 5).
793 4765 811 4789 ›

381 4838 601 4893 Tertius
643 4838 1017 4896 descensionis
1063 4837 1270 4895 Christi
1324 4837 1520 4910 gradus
1561 4845 1644 4894 est
1686 4836 1913 4909 spiritus

301 4928 556 4995 consilii,
607 4937 661 4985 et
712 4929 941 5002 quintus
986 4928 1323 4985 ascensionis
1367 4921 1636 4985 ﬁdelium.
1672 4927 1912 5000 Conjun-

302 5019 460 5090 gitur
517 5027 697 5076 autem
751 5019 1046 5076 consilium
1111 5019 1356 5074 ﬁdelium
1407 5018 1640 5074 consilio
1683 5018 1910 5087 Christi,

301 5127 438 5166 cum
489 5111 554 5166 ad
604 5119 874 5183 praecepta
922 5110 1210 5182 Evangelii
1257 5109 1523 5166 servanda
1583 5127 1639 5166 se
1684 5112 1911 5166 transfe-

303 5206 468 5266 runt,
517 5199 573 5254 in
605 5199 806 5271 quibus
854 5199 1158 5272 perfectum
1191 5199 1487 5255 consilium
1517 5196 1770 5255 consistit
1798 5215 1910 5254 om-

301 5289 466 5345 nium
493 5297 827 5344 sanctorum.

383 5385 673 5440 Secundus
697 5385 1069 5442 descensionis
1099 5385 1307 5442 Christi
1339 5384 1538 5456 gradus
1567 5391 1649 5440 est
1683 5384 1915 5440 intelle-

301 5482 451 5541 ctus,
497 5481 551 5530 et
591 5483 781 5531 sextus
841 5475 1180 5532 ascensionis
1223 5473 1492 5531 ﬁdelium.
1524 5473 1796 5546 Congruit
1819 5490 1912 5530 au-

380 5674 521 5750 (34)
543 5676 931 5750 Fragmentum
962 5675 1131 5750 Aud.,
1164 5693 1281 5748 quas
1309 5675 1598 5732 virtutibus
1623 5677 1909 5750 proﬁcit...

298 5748 606 5807 Jerusalem
629 5749 842 5805 caelestis
865 5749 1165 5824 perficitur.

2016 4651 2278 4706 animalia
2316 4652 2478 4723 plena
2521 4653 2685 4708 oculis
2730 4659 2853 4709 ante
2898 4660 2947 4709 et
2973 4661 3138 4712 retro.
3169 4655 3286 4712 Hoc
3313 4656 3616 4714 secundum

2021 4747 2310 4805 historiam
2359 4759 2501 4806 stare
2546 4766 2654 4805 non
2705 4758 2920 4824 potest;
2953 4769 3128 4824 neque
3156 4753 3303 4811 enim
3331 4752 3476 4810 516
3503 4764 3617 4812 tam

2021 4856 2224 4910 parvus
2254 4858 2515 4899 numerus
2558 4852 2610 4899 et
2647 4843 2916 4899 ambitum
2960 4844 3126 4912 sedis,
3172 4852 3225 4901 et
3271 4846 3616 4904 medietatem

2022 4929 2270 4986 obtinere
2311 4939 2558 5004 poterat:
2591 4933 2685 4988 sed
2725 4933 3484 5009 spiritaliterintelligendum
3515 4945 3616 4994 est.

2024 5019 2269 5086 Quatuor
2309 5021 2477 5094 igitur
2519 5023 2783 5079 animalia
2814 5041 2924 5080 non
2962 5026 3140 5082 solum
3186 5035 3421 5100 quatuor
3457 5044 3619 5084 evan-

2022 5111 2260 5181 gelistas,
2297 5111 2391 5166 sed
2421 5121 2475 5168 et
2501 5129 2694 5168 omnes
2723 5113 2977 5169 doctores
3005 5115 3283 5184 Ecclesia,
3313 5118 3406 5189 qui
3429 5133 3618 5174 eorum

2024 5199 2333 5255 doctrinam
2382 5210 2708 5274 sequuntur,
2752 5202 3057 5275 designant.
3117 5207 3179 5261 In
3215 5205 3452 5263 circuitu
3489 5221 3620 5262 vero

2023 5293 2169 5349 sedis
2200 5301 2436 5366 quatuor
2476 5294 2741 5350 animalia
2777 5303 2960 5364 stant;
2997 5297 3126 5370 quia
3155 5297 3405 5355 doctores
3434 5297 3620 5352 Eccle-

2023 5383 2115 5440 sise
2147 5385 2413 5456 populum
2443 5383 2550 5440 sibi
2582 5386 2938 5442 commissum
2969 5394 3021 5440 et
3058 5403 3090 5440 a
3119 5387 3432 5442 visibilibus
3469 5395 3524 5442 et
3551 5387 3620 5444 ab

2023 5472 2402 5531 invisibilibus
2439 5474 2713 5544 hostibus,
2759 5485 2964 5550 quanta
3005 5475 3211 5531 virtute
3238 5482 3489 5548 possunt,
3529 5474 3620 5532 de-

2063 5675 2224 5758 .(35).
2244 5675 2394 5732 Edit.
2427 5683 2473 5730 et
2508 5676 2710 5758 istiqui
2738 5675 3020 5754 secundum
3059 5689 3249 5747 corpus
3278 5680 3422 5744 sunt,
3453 5676 3618 5733 misc-

2023 5756 2312 5805 ricordiam
2333 5765 2354 5813 ;
2397 5764 2526 5804 mss.
2566 5756 2625 5803 ut
2653 5762 2753 5802 nos
2781 5761 2840 5800 in
2869 5759 3115 5818 corpore.
