4068 6182
578 351 682 408 883

1588 354 1684 409 AD
1722 353 1956 411 OPERA
1993 352 2050 409 S.
2090 352 2422 410 AMBROSII
2459 353 2838 410 APPENDIX.
3704 366 3782 423 88!,

577 479 830 536 tendunt.
890 479 952 533 In
1004 477 1185 533 medio
1226 476 1370 533 sedis
1424 480 1751 547 consistunt,
1804 478 1932 551 quia
1977 495 2175 534 unum-
2206 479 2253 539 A
2358 477 2538 548 (Vers.
2588 477 2670 550 8.)
2719 479 2794 534 Et
2847 484 3081 549 quatuor
3124 480 3398 546 animalia,
3437 483 3619 554 singula
3636 506 3785 546 eorum

578 584 849 642 quemque
870 583 1059 622 eorum
1097 575 1158 623 ut
1188 566 1247 622 in
1287 567 1589 624 virtutibus
1621 568 1987 641 omnibusque
2014 568 2176 624 bonis

579 658 837 732 Operibus
865 657 1176 729 proﬁciant,
1224 658 1518 714 admonere
1564 675 1676 714 non
1718 660 1999 715 desinunt.
2034 660 2173 727 Qua-

578 757 705 805 tuor
751 766 878 820 ergo
924 749 1041 805 haec
1086 750 1347 806 animalia
1387 759 1513 807 ante
1567 759 1621 806 et
1658 759 1803 806 retro
1833 753 2025 807 oculos
2081 752 2174 808 ba-

577 840 760 896 buisse
799 840 917 897 visa
962 848 1109 909 sunt,
1169 841 1299 913 quia
1354 841 1735 913 prmdicatores
1777 843 1953 898 sancti
1998 850 2051 897 et
2084 843 2172 897 fu-

580 937 703 985 tura
746 937 800 985 et
845 930 1118 1002 praeterita
1166 928 1489 1001 inspiciunt.
1532 930 1675 985 Ante
1726 931 1916 987 oculos
1946 930 2170 998 habent,

580 1018 712 1090 quia
785 1017 931 1073 diem
1000 1017 1220 1089 judicii,
1275 1019 1794 1091 damnationemque
1848 1019 2170 1091 impiorum,

579 1106 919 1179 gloriamque
955 1106 1233 1179 justorum
1282 1107 1414 1163 dum
1451 1108 1772 1179 inspiciunt,
1827 1108 2176 1165 auditoribus

578 1197 692 1253 suis
736 1197 870 1270 quid
916 1212 1107 1252 cavere
1155 1204 1208 1252 et
1235 1196 1369 1270 quid
1407 1207 1659 1270 appetere
1702 1198 1955 1265 debeant,
1997 1207 2174 1255 osten-

578 1295 737 1351 dunt.
781 1296 946 1351 Retro
992 1296 1179 1350 oculos
1234 1294 1457 1364 habent,
1495 1296 1622 1368 quia
1651 1297 1822 1351 vitam
1866 1295 2175 1367 praeceden-

578 1387 718 1444 tium
744 1388 970 1443 Patrum
1011 1387 1143 1443 dum
1178 1387 1482 1455 intuentur,
1514 1395 1566 1442 et
1598 1386 1702 1459 ipsi
1733 1387 1792 1442 in
1830 1402 2021 1441 eorum
2054 1385 2176 1441 imi-

576 1477 785 1532 tatione
808 1476 1124 1549 proﬁciunt,
1157 1492 1455 1549 eorumque
1485 1476 1655 1531 vitam
1686 1482 1847 1546 atque
1868 1474 2174 1531 doctrinam

578 1567 923 1623 auditoribus
963 1567 1079 1623 suis
1119 1574 1500 1640 anteponunt;
1542 1575 1604 1622 ut
1649 1574 1704 1622 et
1742 1564 1846 1637 ipsi
1877 1564 1935 1620 in
1983 1580 2175 1621 eorum

578 1654 891 1715 imitatione
925 1656 1216 1728 proﬁciant
1249 1656 1388 1728 (36).

653 1756 835 1826 (Vers.
878 1756 957 1826 7.)
998 1757 1071 1810 Et
1101 1755 1305 1810 animal
1337 1754 1574 1826 primum
1604 1755 1774 1811 simile
1818 1755 1972 1825 leoni,
2021 1761 2068 1811 et
2087 1772 2177 1811 se-

2282 566 2539 622 habebant
2586 568 2705 623 alas
2756 584 2930 633 senas,
2972 574 3021 624 et
3072 567 3127 622 in
3178 567 3405 623 circuitu
3434 576 3479 625 et
3516 572 3635 628 intus
3668 579 3786 647 plena

2284 662 2405 710 sunt
2432 658 2616 713 oculis.
2664 657 2768 712 Per
2807 656 3084 713 senarium
3116 672 3401 713 numerum
3450 660 3534 732 qui
3576 666 3788 734 perfectus

2284 753 2384 800 est.
2426 746 2689 816 perfectio
2740 755 3054 803 sanctorum
3085 746 3411 818 designatur,
3454 748 3516 804 ad
3540 767 3675 823 quam
3698 757 3787 811 uul-

2286 838 2372 892 lus
2413 836 2518 892 nisi
2572 853 2667 908 per
2703 837 3010 894 doctrinam
3041 838 3328 909 Evangelii
3366 840 3503 896 valet
3535 857 3788 915 assurgere:

2299 952 2317 974 ι
2355 929 2469 983 Lex
2524 927 2670 983 enim
2714 928 2931 982 nullum
2965 927 3034 982 ad
3078 927 3373 999 perfectum
3414 929 3621 985 adduxit
3648 934 3789 999 (Hebr.

2284 1035 2386 1085 vn,
2421 1017 2531 1088 19).
2566 1042 2585 1065 ι
2646 1017 2813 1072 Senas
2859 1033 2990 1072 vero
3021 1018 3134 1071 alas
3183 1025 3413 1089 quatuor
3461 1018 3735 1076 animalium
3761 1021 3794 1078 si

2284 1108 2449 1163 simul
2474 1107 2751 1179 junxeris,
2781 1107 2978 1180 viginti
3026 1113 3262 1178 quatuor
3289 1106 3541 1163 invenies.
3580 1109 3795 1166 Videntur

2285 1212 2413 1268 ergo
2464 1196 2600 1253 mihi
2656 1195 2901 1251 eamdem
2944 1194 3402 1267 significationem
3453 1194 3652 1262 habere,
3677 1213 3798 1269 quam

2285 1296 2338 1344 et
2358 1288 2556 1360 viginti
2587 1295 2824 1361 quatuor
2850 1286 3066 1355 sedilia,
3084 1304 3205 1360 quae
3233 1286 3428 1358 viginti
3451 1294 3659 1359 quatuor
3674 1288 3800 1343 libros

2285 1378 2501 1434 Veteris
2529 1366 2862 1432 Testamenti
2890 1375 3227 1448 signiﬁcasse
3255 1374 3512 1431 diximus.
3542 1374 3717 1431 Sedilia
3738 1391 3800 1430 an‘

2285 1474 2523 1523 temcum
2564 1482 2778 1539 semper
2805 1473 2962 1521 terrae
3010 1464 3275 1529 haereant,
3321 1479 3412 1520 eos
3438 1464 3525 1536 qui
3552 1462 3601 1517 in
3634 1464 3699 1518 eis
3744 1480 3802 1519 re-

2286 1555 2597 1628 quiescunt,
2627 1554 2695 1610 ad
2724 1562 2923 1610 terram
2959 1554 3364 1625 aliquantulum
3411 1552 3706 1609 incurvant:
3733 1554 3803 1607 ala

2286 1661 2417 1701 vero
2449 1661 2540 1700 eos
2570 1644 2769 1718 quibus
2798 1644 3013 1699 innexae
3038 1649 3187 1709 sunt,
3218 1641 3288 1698 ad
3320 1643 3529 1699 excelsa
3554 1642 3803 1698 sublevant.

2286 1733 2434 1789 Libri
2487 1733 2655 1806 igitur
2700 1732 2900 1789 veteris
2941 1732 3277 1787 Testamenti
3332 1731 3566 1804 antiquis
3612 1729 3806 1802 patribus

578 1819 807 1899 cundum
852 1819 1058 1899 animal
1105 1844 1275 1898 simile
1304 1819 1495 1910 vitulo,
1525 1851 1572 1899 et
1603 1845 1809 1900 tertium
1838 1819 2043 1901 animal
2069 1848 2178 1902 ha-
2207 1829 2253 1890 Β
2290 1823 2487 1880 sedilia
2514 1823 2768 1889 fuerunt;
2820 1821 2949 1896 quia
2977 1838 3070 1877 eos
3100 1821 3404 1878 secundum
3435 1821 3658 1910 “ueram
3689 1819 3808 1910 imel'

580 1935 701 1989 bens
728 1933 917 2004 faciem
946 1934 1101 2004 quasi
1124 1933 1371 2007 hominis,
1403 1941 1451 1990 et
1477 1941 1728 2007 quartum
1755 1936 1961 1992 animal
2004 1937 2177 1992 simile

580 2024 777 2094 aquilae
806 2024 1023 2080 volanti.
1051 2024 1276 2097 Figuras
1306 2033 1540 2097 quatuor
1569 2026 1893 2081 animalium
1926 2043 2037 2083 non
2062 2043 2177 2082 om-

581 2129 679 2169 nes
698 2121 948 2169 auctores
976 2130 1087 2168 uno
1129 2112 1293 2168 modo
1338 2122 1750 2186 exposuerunt;
1802 2114 1896 2171 sed
1942 2115 2011 2172 ab
2039 2115 2179 2172 anti-

582 2203 868 2277 quioribus
904 2202 1065 2259 nobis
1106 2203 1373 2259 traditum
1411 2211 1511 2272 est,
1557 2212 1620 2260 ut
1648 2221 1743 2276 per
1781 2205 1993 2261 leonem
2022 2207 2180 2262 Mar-

582 2310 709 2349 cum
742 2293 1191 2365 intelligeremus,
1224 2311 1319 2365 per
1345 2294 1585 2349 vitulum
1614 2295 1842 2363 Lucam,
1876 2312 1970 2367 per
1998 2295 2175 2351 homi-

582 2399 707 2438 nem
737 2382 1077 2452 Matthaaum,
1106 2401 1202 2456 per
1230 2384 1472 2456 aquilam
1504 2385 1780 2440 volantem
1803 2382 2085 2451 Joannem;
2112 2402 2177 2442 eo

582 2471 730 2544 quod
763 2473 978 2529 Marcus
1013 2489 1045 2528 a
1072 2472 1303 2529 desertis
1332 2472 1581 2546 incipiat,
1614 2474 1786 2529 Lucas
1813 2492 1843 2529 a
1871 2474 2176 2530 sacerdotio

582 2561 921 2627 Judaeorum,
970 2561 1259 2617 Matthzeus
1309 2561 1377 2617 ab
1407 2561 1652 2630 homine,
1686 2561 1742 2617 id
1782 2570 1879 2627 est,
1914 2580 1945 2617 a
1968 2562 2173 2620 Christi

584 2652 951 2724 generatione,
981 2651 1216 2707 Joannes
1245 2667 1376 2707 vero
1405 2667 1435 2706 a
1462 2650 1754 2708 divinitate
1781 2652 2010 2709 Christi.
2045 2652 2175 2720 Qui-

582 2740 707 2796 dam
726 2757 857 2797 vero
876 2739 1045 2796 alium
1065 2738 1318 2797 ordinem
1346 2749 1653 2813 sequentes,
1685 2757 1781 2812 per
1808 2741 2019 2797 leonem
2043 2742 2175 2798 Mat-

582 2829 811 2898 thaaum,
853 2846 948 2902 per
970 2829 1209 2885 vitulum
1235 2830 1501 2895 Marcum,
1533 2846 1628 2901 per
1649 2829 1931 2885 hominem
1948 2831 2175 2900 Lucam,

585 2940 680 2996 per
707 2922 946 2995 aquilam
977 2938 1108 2977 vero
1123 2922 1388 2977 Joannem
1411 2920 1755 2992 designatum
1773 2922 1943 2979 fuisse
1959 2932 2172 2996 putant.

583 3014 722 3070 Nam
784 3028 881 3083 per
928 3011 1159 3079 leonem,
1220 3012 1315 3083 qui
1371 3028 1469 3067 rex
1520 3018 1601 3068 est
1663 3012 1986 3085 bestiarum,
2052 3014 2176 3071 ideo

583 3099 903 3157 Matthaeum
947 3097 1290 3171 designatum
1324 3098 1493 3156 fuisse
1530 3100 1745 3169 dicunt,
1781 3118 1845 3158 eo
1882 3102 2029 3176 quod
2061 3103 2176 3175 ipse

2287 1913 2534 1985 ligentes,
2572 1927 2915 1985 nequaquam
2961 1911 3028 1968 ad
3067 1926 3261 1967 eorum
3306 1909 3694 1982 intelligentiam
3731 1906 3807 1977 spi-

2287 2007 2503 2063 ritalem
2559 2022 2615 2062 se
2668 2006 2874 2077 erigere
2930 2006 3171 2077 perfecte
3231 2009 3555 2077 potuerunt:
3611 1998 3690 2055 sed
3727 1997 3813 2051 hac

2286 2096 2480 2152 sedilia
2534 2094 2789 2153 Patribus
2835 2095 2975 2150 Novi
3008 2092 3348 2152 Testamenti
3381 2092 3437 2146 in
3467 2091 3572 2146 alas
3606 2099 3810 2144 convena

2286 2192 2451 2251 sunt;
2503 2185 2632 2257 quia
2689 2184 2864 2240 libros
2920 2183 3140 2241 Veteris
3196 2179 3529 2238 Testamenti
3560 2174 3816 2250 spiritaliter

2286 2274 2676 2347 intelligentes,
2741 2289 2836 2346 per
2886 2289 3080 2330 eorum
3136 2270 3449 2329 doctrinam
3501 2267 3567 2324 ad
3631 2260 3815 2322 ccelestia

2285 2365 2532 2440 quotidie
2571 2365 2949 2421 sublevantur.

2344 2464 2546 2521 Verum
2579 2463 2709 2537 quia
2737 2463 2830 2519 hic
2857 2477 3141 2529 numerus,
3171 2459 3228 2517 id
3265 2467 3348 2516 est
3394 2456 3584 2531 viginti
3620 2461 3814 2527 quatuor,

2286 2563 2343 2619 in
2372 2553 2476 2609 hoc
2516 2553 2659 2609 libro
2697 2569 2839 2625 saepe
2875 2551 3183 2616 invenitur,
3223 2548 3437 2622 placuit
3482 2555 3541 2602 ut
3588 2543 3647 2599 de
3688 2554 3817 2597 sacra-

2286 2644 2485 2699 mentis
2525 2642 2690 2715 hujus
2733 2642 2947 2697 numeri
2977 2657 3151 2713 pauca
3187 2639 3463 2695 dicamus.
3512 2636 3680 2690 Partes
3702 2643 3816 2684 nam-

2285 2749 2389 2807 que
2418 2731 2583 2804 hujus
2622 2732 2838 2787 numeri
2876 2739 3025 2798 sunt,
3076 2746 3248 2797 unus,
3281 2728 3412 2796 duo,
3456 2734 3579 2792 tres,
3615 2727 3819 2794 quatuor,

2284 2838 2402 2890 sex,
2434 2829 2580 2890 octo,
2621 2820 2936 2877 duodecim.
2983 2821 3134 2877 Unus
3164 2818 3271 2891 qui
3304 2818 3364 2874 in
3415 2815 3584 2887 capite
3626 2807 3823 2883 ponitur.

2284 2927 2456 2966 unum
2488 2913 2661 2967 Deum
2703 2910 3015 2983 signiﬁcat:
3065 2909 3177 2965 duo
3231 2925 3373 2965 vero
3413 2905 3506 2980 qui
3557 2904 3822 2975 sequuntur.

2285 3000 2395 3057 duo
2421 3009 2743 3057 testamenta
2768 2999 3020 3057 indicant
3055 3016 3066 3054 :
3100 3007 3211 3055 tres
3246 2998 3314 3054 ad
3343 2994 3653 3052 Trinitatem
3687 2985 3822 3060 perti-

2284 3097 2453 3146 nent:
2508 3097 2631 3162 post
2685 3097 2796 3146 tres
2844 3105 2956 3144 non
3009 3087 3472 3144 inconvenienter
3523 3089 3726 3156 quatuor
3747 3088 3819 3130 se-

586 3188 869 3247 Christum
915 3187 1216 3244 secundum
1275 3188 1570 3245 humanam
1629 3197 1880 3247 naturam
1920 3208 1990 3247 ex
2028 3195 2173 3266 regia

2292 3188 2519 3251 quntur,
2551 3178 2679 3252 quia
2703 3194 2799 3250 per
2830 3177 3138 3234 doctrinam
3192 3185 3435 3249 quatuor
3463 3167 3819 3266 Evangeliorum

585 3278 754 3352 stirpe
794 3278 1141 3336 descendisse
1178 3281 1508 3337 narraverit:
1562 3280 1678 3354 ipse
1726 3283 1890 3339 etiam
1930 3292 2176 3357 tempore

585 3370 892 3427 nativitatis
931 3370 1049 3443 ejus
1085 3372 1299 3428 stellam
1329 3372 1642 3444 apparuisse
1690 3372 1827 3430 dicit
1867 3375 2080 3446 (Matth.
2113 3393 2175 3445 ιι,

584 3459 668 3531 2),
721 3476 841 3532 quin
894 3476 1020 3516 eum
1073 3461 1272 3532 Regem
1328 3461 1454 3517 coeli
1501 3469 1555 3517 et
1602 3469 1781 3531 terrai,
1834 3465 2173 3537 angelorum,

585 3548 986 3621 hominumque
1041 3549 1211 3606 fuisse
1265 3549 1711 3608 demonstravit:
1772 3555 1955 3625 Magos
2011 3557 2177 3612 etiam

587 3640 762 3695 veluti
800 3640 997 3711 Regem
1029 3640 1223 3696 mundi
1253 3642 1322 3697 ad
1351 3641 1690 3698 adorandum
1724 3660 1849 3700 eum
1880 3645 1947 3701 ab
1988 3646 2177 3702 Orien-

585 3735 671 3787 te.
692 3727 978 3801 perduxit:
1027 3728 1122 3785 sed
1170 3739 1224 3787 et
1268 3747 1449 3804 regem
1479 3740 1656 3800 terra,
1690 3731 1747 3788 id
1772 3742 1854 3789 est
1882 3733 2177 3804 Herodem,

584 3826 831 3891 tempore
883 3818 1191 3875 nativitatis
1247 3819 1365 3892 ejus
1410 3837 1537 3878 cum
1591 3821 1850 3879 omnibus
1906 3821 2179 3880 ministris

583 3908 698 3965 suis
720 3909 999 3965 turbatum
1028 3908 1198 3966 fuisse
1228 3908 1397 3977 dicit;
1441 3910 1570 3983 quia
1608 3911 1752 3967 sicut
1800 3911 2033 3984 quilibet
2082 3930 2179 3969 rex

583 3998 679 4072 qui
709 4014 889 4071 parva:
922 3998 1181 4071 potentia:
1225 4007 1326 4068 est,
1370 3999 1417 4055 si
1455 4000 1688 4056 alterum
1718 4017 1897 4073 regem
1926 4003 2021 4074 qui
2053 4019 2181 4058 ma-

582 4105 701 4162 gnae
749 4088 1007 4161 potentia:
1055 4096 1158 4155 est,
1198 4100 1390 4147 contra
1434 4106 1510 4159 se,
1573 4098 1634 4146 ut
1680 4108 1908 4163 regnum
1948 4091 2066 4164 ejus
2097 4093 2177 4149 in-

582 4179 765 4249 vadat,
798 4178 987 4235 venire
1016 4180 1359 4252 cognoverit,
1386 4181 1764 4238 contremiscit
1797 4188 1851 4237 et
1888 4182 2180 4240 conturba-

580 4276 673 4324 tur
703 4270 867 4341 (Ibid.
901 4270 992 4341 3):
1027 4270 1104 4326 ita
1131 4277 1184 4325 et
1214 4269 1433 4328 Christo
1462 4270 1522 4327 in
1564 4286 1726 4327 carne
1774 4270 2047 4338 veniente,
2082 4271 2177 4345 qui

581 4357 699 4413 Rex
728 4358 946 4414 futurus
974 4366 1091 4415 erat
1125 4359 1340 4428 mundi,
1385 4360 1626 4417 Herodes
1670 4359 1922 4416 turbatus
1974 4367 2077 4429 est,
2126 4369 2177 4417 et

582 4447 763 4503 omnis
805 4448 1188 4520 Hierosolyma
1230 4466 1356 4505 cum
1387 4448 1484 4505 illo
1518 4468 1530 4517 ;
1565 4465 1690 4504 nam
1720 4456 1773 4505 et
1803 4465 2029 4505 munera
2055 4465 2176 4521 quae

2286 3269 2422 3325 ﬁdes
2488 3269 2650 3326 nobis
2721 3276 2920 3325 sanctae
2985 3266 3282 3323 Trinitatis
3350 3262 3678 3320 manifestata
3714 3260 3818 3310 est:

2287 3366 2409 3431 post
2438 3366 2673 3431 quatuor
2702 3373 2831 3413 vero
2879 3373 2996 3424 sex,
3046 3355 3141 3428 qui
3176 3355 3455 3427 perfectus
3481 3358 3558 3406 est
3598 3356 3821 3431 numerus,

2286 3430 2618 3519 sequuntur;
2683 3446 2813 3519 quia
2874 3445 2994 3501 sine
3040 3443 3301 3500 doctrina
3357 3436 3635 3511 Evangelii
3679 3430 3822 3527 nullus

2285 3536 2352 3592 ad
2382 3535 2734 3608 perfectionis
2789 3534 3009 3592 culmen
3046 3532 3430 3591 conscendere
3488 3525 3685 3601 potuit;
3732 3525 3825 3591 quia

2300 3649 2318 3672 ι
2342 3626 2476 3691 Lex,
2498 3650 2516 3672 ι
2554 3626 2698 3682 sicut
2712 3624 2849 3681 dicit
2870 3624 3193 3696 Apostolus,
3234 3623 3483 3679 «nullum
3498 3616 3563 3673 ad
3582 3613 3820 3703 Ρθτίθοωῗῃ

2286 3713 2517 3772 adduxit
2551 3713 2743 3786 (Ibid)
2771 3731 2785 3781 ;
2816 3735 2835 3762 ι
2900 3722 3024 3786 post
3073 3729 3175 3768 sex
3224 3719 3354 3769 octo
3395 3714 3697 3781 sequuntur,
3729 3710 3824 3770 (111³³

2286 3814 2411 3862 octo
2439 3811 2569 3860 sunt
2606 3804 2862 3872 virtutes,
2894 3819 3016 3876 quae
3043 3802 3323 3860 dimicant
3351 3807 3540 3857 contra
3563 3792 3705 3854 vitia,
3723 3797 3822 3882 ante

2286 3911 2519 3968 quarum
2548 3893 2862 3966 operatione
2895 3893 3085 3948 nullus
3112 3892 3184 3948 ad
3217 3892 3505 3963 fastigium
3538 3879 3825 3975 perfectionis

2288 3985 2434 4040 valet
2460 3983 2860 4041 conscendere:
2895 3990 3017 4055 post
3054 3989 3183 4038 octo
3211 3986 3523 4054 sequuntur
3565 3969 3821 4030 duodecim,

2286 4074 2416 4146 quia
2443 4088 2539 4145 per
2566 4072 2876 4130 doctrinam
2919 4072 3305 4145 apostolorum
3359 4069 3431 4126 ad
3478 4065 3634 4123 ﬁdem
3679 4068 3821 4133 ρει-νεα

2286 4163 2491 4231 nimus,
2532 4179 2653 4236 quae
2697 4170 2871 4219 mater
2898 4170 2980 4220 est
3009 4162 3268 4218 omnium
3302 4160 3593 4215 virtutum.

2356 4274 2602 4341 Quatuor
2630 4287 2759 4344 ergo
2788 4270 3051 4327 animalia
3079 4270 3139 4326 in
3180 4270 3430 4328 circuitu
3458 4272 3512 4323 et
3538 4265 3674 4320 intus
3703 4254 3822 4329 plena

2285 4377 2401 4418 esse
2429 4361 2604 4419 oculis
2658 4361 2940 4417 dicuntur.
2969 4360 3072 4417 Per
3123 4358 3432 4417 circuitum
3468 4361 3635 4411 totum
3672 4351 3820 4444 ωζρω

2286 4452 2591 4525 intelligere
2604 4450 2886 4518 debemus;
2913 4467 3041 4507 nam
3070 4450 3338 4507 Ezechiel
3359 4463 3487 4505 cum
3512 4444 3577 4501 de
3591 4441 3653 4498 iis
3665 4441 3819 4493 anima-

582 4536 764 4606 Magos
784 4535 1002 4593 Christo
1032 4536 1295 4594 obtulisse
1338 4546 1542 4607 narrat,
1572 4556 1697 4595 eum
1724 4541 1944 4611 Regem,
1975 4541 2173 4607 Deum,
2208 4551 2257 4611 1)
2285 4542 2432 4599 libus
2459 4543 2794 4615 loqueretur,
2820 4540 2959 4597 dicit
2985 4547 3166 4597 totum
3209 4555 3417 4611 corpus
3442 4548 3623 4593 eorum
3648 4527 3817 4600 plenum

579 4633 635 4681 et
688 4626 987 4682 Dominum
1052 4644 1169 4683 esse
1225 4628 1474 4683 omnium
1527 4637 1900 4685 creaturarum
1947 4629 2171 4685 demon-

578 4725 774 4775 strant.
815 4719 1057 4775 Marcum
1085 4736 1215 4776 vero
1248 4728 1470 4793 propter
1497 4720 1907 4794 simplicitatem
1960 4723 2168 4796 eloquii

577 4823 675 4880 per
696 4807 935 4863 vitulum
965 4809 1238 4881 signatum
1267 4809 1436 4866 fuisse
1465 4810 1659 4867 dicunt
1683 4827 1694 4865 :
1729 4811 1931 4869 Lucam
1955 4829 2050 4885 per
2070 4812 2168 4868 ho-

575 4897 805 4966 minem,
845 4913 909 4953 eo
934 4899 1081 4971 quod
1120 4901 1234 4973 ipse
1281 4901 1687 4973 generationem
1719 4901 1928 4960 Christi
1975 4920 2168 4959 secun-

574 4986 708 5044 dum
746 4986 1145 5045 humanitatem
1175 4990 1391 5061 plenius
1419 5007 1582 5064 quam
1622 4992 1803 5048 caeteri
1837 5001 2165 5064 prosecutus

572 5088 679 5147 est;
731 5094 967 5152 namque
998 5079 1067 5135 ab
1115 5080 1233 5152 ipso
1282 5080 1516 5154 qualiter
1552 5081 1621 5137 ab
1649 5082 1844 5155 angelo
1871 5081 2166 5138 annuntia-

570 5177 663 5227 tus
707 5169 799 5239 sit,
850 5168 1168 5239 didicimus,
1220 5171 1454 5243 qualiter
1505 5179 1665 5228 natus
1714 5171 1857 5243 (37),
1927 5170 2166 5244 qualiter

568 5258 643 5316 sit
699 5258 755 5314 in
786 5258 1049 5333 praesepio
1088 5257 1318 5331 positus,
1350 5258 1586 5332 qualiter
1614 5259 1993 5327 circumcisus,
2032 5275 2163 5332 qua-

568 5348 695 5405 liter
746 5348 805 5404 in
851 5349 1057 5421 templo
1110 5354 1484 5420 praesentatus,
1554 5348 1791 5421 qualiter
1857 5363 2030 5421 usque
2087 5347 2156 5405 ad

567 5446 839 5495 maturam
867 5446 1085 5497 aetatem
1104 5436 1399 5495 crescendo
1417 5438 1749 5511 pervenerit.
1780 5438 2045 5496 Joannem
2068 5455 2163 5513 per

566 5528 806 5600 aquilam
835 5529 1180 5603 designatum
1219 5528 1389 5587 fuisse
1417 5529 1605 5585 nullus
1624 5536 1727 5597 est,
1754 5528 1849 5603 qui
1886 5538 2065 5603 neget.

569 5656 756 5783 mg?)
788 5657 975 5717 Codex
1002 5659 1183 5726 Gem.,
1211 5658 1504 5717 imitatione
1528 5665 1686 5735 atque
1712 5659 1956 5718 doctrina
1976 5661 2159 5735 proﬁ-

2279 4631 2450 4687 fuisse
2512 4631 2689 4688 oculis
2744 4630 2961 4704 (Ezech.
3024 4647 3062 4697 ι,
3114 4629 3235 4701 18).
3286 4626 3476 4685 Sancti
3533 4623 3685 4695 igitur
3713 4618 3819 4670 rem

2284 4721 2472 4777 oculos
2526 4719 2751 4788 habent,
2783 4717 3002 4793 quando
3049 4718 3350 4775 audientes
3399 4706 3817 4797 comminationem

2282 4810 2505 4865 Domini
2531 4809 2767 4867 dicentis
2798 4828 2809 4866 :
2859 4834 2877 4859 ι
2905 4809 3076 4866 Nemo
3105 4809 3348 4866 mittens
3370 4819 3586 4863 manum
3622 4800 3817 4886 suam}!

2281 4908 2542 4969 aratrum,
2596 4908 2650 4956 et
2704 4900 2977 4973 aspiciens
3028 4906 3198 4966 retro,
3255 4905 3422 4970 aptus
3463 4901 3542 4950 est
3578 4900 3720 4957 rei!no
3741 4882 3812 4973 θῗί

2281 4987 2434 5062 (Luc.
2469 4965 2549 5059 rx,
2576 4990 2708 5063 62);
2751 4965 2782 5039 ι’
2815 4996 2932 5046 tota
2975 4965 3190 5047 virtute
3235 4965 3508 5053 laborant,
3540 4997 3601 5039 ne
3627 4978 3676 5034 in
3711 4965 3817 5027 111³1³

2278 5095 2398 5153 quae
2434 5096 2491 5136 se
2519 5080 2814 5153 aliquando
2866 5081 3040 5151 egisse
3070 5080 3478 5144 meminerunt,
3518 5069 3811 5128 relabantur:

2277 5172 2530 5244 quamvis
2559 5187 2622 5228 ea
2650 5178 2776 5228 ante
2806 5171 3007 5227 mentis
3054 5172 3257 5227 oculos
3302 5168 3375 5227 ad
3402 5158 3709 5225 humilitatis
3730 5161 3812 5244 sila?

2276 5240 2579 5318 custodiam
2613 5276 2813 5334 ponere
2869 5277 2979 5317 non
3023 5259 3331 5317 desistunt.
3389 5261 3530 5316 Ante
3571 5268 3621 5309 se
3667 5240 3812 5339 οθιξιο⁸

2276 5351 2501 5418 habent,
2531 5351 2750 5425 quando
2788 5351 3075 5407 audientes
3099 5366 3306 5408 vocem
3337 5344 3555 5407 Domini
3582 5339 3806 5434 dicentis:

2288 5465 2309 5490 ι
2345 5442 2542 5498 Beatus
2590 5441 2685 5497 ille
2711 5457 2923 5509 servus,
2954 5455 3118 5513 quem
3174 5456 3310 5496 cum
3339 5436 3551 5494 venerit
3575 5432 3807 5488 Dominus:

2274 5533 2550 5591 invenerit
2576 5532 3141 5607 vigilantem,(Matth.
3176 5548 3346 5602 xxiv,
3376 5530 3444 5588 46
3465 5547 3477 5599 ;
3497 5526 3678 5599 »)Ι)οηι
3698 5526 3804 5589 qm"

2346 5658 2463 5733 (37)
2494 5662 2729 5718 Deerant
2758 5660 2823 5733 in
2860 5658 3018 5729 edit,
3064 5660 3312 5731 qualiter
3336 5659 3426 5733 ab
3459 5655 3683 5727 angelo...
3706 5657 3800 5716 W'

2274 5733 2395 5791 liter
2421 5732 2626 5801 natus;
2661 5748 2783 5809 quae
2811 5732 2871 5790 in
2908 5748 3037 5791 mss.
3068 5745 3191 5790 non
3231 5732 3578 5792 omittuntur.
