4068 6182
303 311 414 368 885

1193 314 1655 373 BERENGAUDI
1694 317 2070 375 EXPOSITIO
2109 319 2180 376 IN
2219 321 2724 380 APOCALYPSIN.

3505 331 3613 387 886

304 452 522 511 cunque
553 445 804 509 possunt,
847 438 1062 510 operari
1116 454 1228 494 non
1256 439 1535 509 desinunt,
1572 451 1628 498 ut
1659 452 1901 516 tempore
1928 445 1981 505 A
2013 445 2260 518 Cumque
2290 447 2383 503 ille
2419 449 2661 504 secundo
2708 449 2774 505 ad
2819 451 3122 506 eruendum
3157 467 3379 508 manum
3408 463 3612 510 exten—

304 527 502 584 mortis
550 544 681 596 suae,
733 528 972 583 Domino
1001 529 1276 596 veniente,
1319 531 1492 602 parati
1528 531 1900 592 inveniantur.

304 618 354 673 Α
401 616 643 672 sinistris
685 618 875 674 oculos
922 617 1143 686 habent,
1181 635 1306 674 cum
1356 620 1543 675 omnia
1576 629 1909 680 tentamenta

303 705 618 763 daemonum
657 715 815 763 scuto
847 707 974 763 ﬁdei
1009 724 1040 762 a
1070 709 1348 765 mentibus
1376 711 1489 766 suis
1517 713 1826 783 repellunt:
1879 731 1910 770 a

303 797 518 854 dextris
547 800 737 855 oculos
767 799 991 867 habent,
1019 815 1146 855 cum
1177 801 1414 858 sollicite
1467 811 1664 859 cavent
1704 821 1772 860 ne
1811 823 1908 877 pro

303 888 465 944 bonis
491 889 751 961 operibus
775 891 1136 946 extollantur.
1177 891 1304 947 Sive
1333 908 1364 947 a
1394 893 1606 949 dextris
1636 902 1689 950 et
1719 912 1748 950 a
1776 896 1906 952 sini-

301 978 433 1035 stris
462 979 654 1034 oculos
685 978 912 1046 habent,
953 996 1077 1034 cum
1127 996 1219 1035 eos
1253 996 1354 1037 nec
1384 998 1641 1054 prospera
1679 985 1902 1056 erigere,

303 1085 408 1125 nec
430 1067 661 1123 adversa
699 1074 926 1139 possunt
956 1068 1243 1125 inclinare.
1278 1070 1516 1126 Inferius
1545 1078 1690 1133 517
1716 1075 1904 1129 oculos

301 1165 528 1234 habent,
574 1183 698 1222 cum
750 1166 1021 1222 desideria
1073 1169 1313 1224 carnalia
1355 1170 1756 1240 exstinguendo
1783 1171 1905 1226 cal-

297 1265 460 1312 cant:
495 1256 747 1328 superius
776 1257 967 1312 oculos
997 1257 1218 1324 habent,
1243 1275 1369 1313 cum
1400 1258 1467 1313 ad
1497 1260 1773 1314 cmlestem
1801 1275 1906 1330 pa-

298 1346 463 1402 triam
497 1354 615 1402 toto
646 1345 844 1402 mentis
873 1345 1148 1401 desiderio
1177 1346 1440 1401 anhelant
1467 1365 1478 1401 :
1524 1347 1676 1402 intus
1714 1348 1903 1403 oculos

297 1434 525 1504 habent,
559 1435 692 1492 dum
724 1436 889 1493 corda
914 1452 1012 1492 sua
1035 1452 1064 1491 a
1085 1436 1323 1492 sordidis
1350 1436 1780 1508 cogitationibus
1809 1454 1903 1494 cu-

295 1527 570 1584 stodiunt.

368 1618 444 1672 Et
474 1615 704 1687 requiem
748 1633 853 1670 non
897 1615 1154 1677 habebant
1209 1616 1294 1671 die
1350 1635 1412 1672 ac
1448 1623 1592 1671 nocte
1638 1617 1902 1684 dicmuia:

297 1705 544 1773 Sanctus,
579 1710 809 1772 sanctus,
841 1710 1052 1759 sanctus
1081 1705 1340 1760 Dom-inus
1389 1707 1531 1761 Deus
1558 1707 1901 1777 omnipotens,

294 1794 546 1863 quierat,
579 1799 626 1847 et
666 1793 758 1863 qui
787 1799 878 1862 est,
905 1800 953 1847 et
990 1794 1082 1863 qui
1108 1798 1360 1847 venturus
1398 1801 1488 1849 est.
1521 1792 1659 1860 Quia
1689 1793 1902 1865 requies
1937 1811 1982 1871 Β

292 1883 680 1955 reproboruin,
705 1883 822 1937 vita
852 1897 1089 1953 praesens
1119 1890 1226 1949 est;
1261 1883 1510 1954 sequitur
1535 1898 1629 1937 eos
1659 1881 1900 1937 tribula—

291 1979 400 2048 tio,
431 1996 552 2051 quze
592 1978 757 2034 ﬁnem
806 1995 918 2033 non
946 1978 1144 2033 habet:
1174 1978 1310 2050 justi
1347 1985 1528 2033 autem
1554 1978 1627 2048 ,in
1657 1977 1762 2033 hoc
1790 1993 1900 2032 sae-

290 2069 422 2125 culo
465 2069 826 2136 tribulantur,
859 2077 920 2123 ut
967 2068 1210 2140 requiem
1253 2075 1512 2122 aeternam
1564 2065 1895 2138 possideant,

290 2157 513 2214 dicente
542 2158 711 2213 Paulo
739 2158 1026 2228 apostolo:
1078 2181 1094 2202 σ
1125 2158 1226 2212 Per
1273 2157 1476 2211 multas
1508 2155 1900 2211 tribulationes

290 2255 511 2320 oportet
543 2263 641 2302 nos
671 2246 902 2302 introire
932 2247 988 2300 in
1019 2263 1248 2318 regnum
1279 2247 1378 2302 Dei
1413 2245 1693 2317 (Act.x1v,
1725 2245 1839 2314 21).
1865 2269 1884 2292 ι

288 2338 509 2393 Aliter:
548 2337 723 2394 sancti
755 2337 1001 2410 requiem
1033 2352 1145 2390 non
1176 2335 1399 2402 habent,
1424 2334 1552 2406 quia
1582 2349 1615 2388 a
1646 2332 1900 2389 laudibus

287 2425 395 2482 Dei
443 2432 497 2480 et
542 2425 886 2480 orationibus
920 2441 1031 2480 non
1079 2431 1311 2491 cessant,
1353 2423 1568 2478 dicente
1619 2421 1893 2477 Domino:

303 2540 322 2561 ε
357 2515 590 2586 Oportet
618 2532 832 2587 semper
861 2530 1036 2582 orare,
1069 2520 1123 2569 et
1153 2530 1262 2568 non
1294 2513 1525 2569 deﬁcere
1549 2511 1699 2582 (Luc.
1733 2527 1894 2579 xvm,

293 2605 351 2675 1)
383 2622 398 2671 ;
430 2627 448 2650 ι
490 2612 543 2660 et
572 2605 773 2660 Paulus
796 2605 1077 2677 apostolus
1100 2604 1346 2676 loquitur
1376 2603 1600 2659 dicens:
1637 2599 1896 2655 -Sinein-

291 2695 648 2751 termissione
678 2702 848 2761 orate,
880 2696 938 2750 in
957 2694 1214 2751 omnibus
1236 2695 1435 2765 gratias
1465 2695 1606 2765 agite
1638 2695 1696 2765 (Ι
1720 2697 1894 2750 Thess.

303 2803 364 2852 v,
403 2786 513 2856 17).
546 2810 566 2835 ι
606 2786 708 2842 Sed
738 2785 1091 2858 quaerendum
1124 2783 1286 2840 nobis
1339 2793 1440 2852 est,
1472 2785 1747 2857 quomodo
1777 2785 1896 2840 sine

291 2875 708 2931 intermissione
735 2891 891 2930 orare
922 2875 1215 2946 possimus.
1247 2873 1407 2929 Multi
1437 2873 1584 2928 enim
1616 2881 1765 2941 sunt,
1801 2873 1895 2946 qui

283 2981 417 3022 cum
464 2964 575 3020 sint
621 2965 828 3021 assidui
879 2964 932 3018 in
965 2963 1327 3030 orationibus,
1363 2962 1418 3016 in
1452 2961 1794 3033 psalmodiis,
1837 2961 1896 3018 in

285 3057 585 3111 missarum
637 3053 1122 3122 celebrationibus,
1174 3061 1227 3108 et
1267 3053 1644 3124 eleemosynas
1697 3053 1896 3108 multas

283 3145 626 3216 largiantur;
701 3153 884 3200 tamen
960 3142 1214 3216 superbia
1288 3141 1573 3208 inﬂantur,
1650 3141 1894 3197 avaritiae

279 3233 513 3289 mstibus
554 3233 768 3301 ardent,
827 3233 1085 3305 pecunias
1131 3247 1460 3305 quacunque
1501 3238 1614 3286 arte
1662 3237 1892 3302 possunt

277 3331 655 3396 congregant;
702 3323 759 3377 in
814 3330 1024 3379 tantum
1084 3329 1146 3376 ut
1201 3321 1366 3375 etiam
1418 3319 1564 3391 ipsos
1604 3335 1886 3391 pauperes,

279 3428 523 3484 quorum
556 3412 801 3468 misereri
832 3411 1156 3474 debuerant,
1196 3409 1522 3482 quibusdam
1555 3409 1891 3481 argumentis

281 3502 650 3571 insectentur,
674 3511 734 3558 ut
763 3519 832 3557 ex
861 3518 1049 3558 eorum
1085 3516 1253 3572 parva
1283 3498 1587 3556 substantia
1617 3515 1746 3570 opes
1766 3514 1890 3554 suas

279 3602 546 3667 augeant,
581 3595 828 3651 dicentes
871 3593 977 3649 hoc
1021 3609 1078 3649 se
1129 3592 1376 3664 legaliter
1402 3591 1600 3657 facere,
1629 3606 1754 3646 cum
1787 3590 1892 3646 ista

282 3691 381 3746 lex
411 3706 522 3746 non
555 3691 626 3745 sit
650 3689 768 3756 Dei,
792 3687 887 3744 sed
917 3685 1144 3757 stropha
1169 3685 1398 3741 diaboli.
1423 3685 1528 3741 Sed
1551 3693 1605 3740 et
1629 3685 1685 3740 in
1706 3702 1892 3742 mona-

279 3777 473 3835 steriis
500 3778 659 3832 multi
693 3777 1080 3842 inveniuntur,
1105 3774 1200 3847 qui
1224 3773 1282 3829 in
1303 3773 1535 3845 vigiliis,
1554 3772 1613 3828 in
1643 3773 1887 3845 psalmis,

282 3867 343 3923 in
393 3867 767 3935 orationibus,
815 3875 868 3922 et
916 3865 1206 3920 missarum
1253 3863 1716 3919 celebrationibus
1763 3869 1893 3918 sunt

280 3955 486 4024 dediti,
516 3964 570 4012 et
599 3965 780 4011 tamen
808 3956 892 4010 ira
923 3955 1225 4026 saepissime
1254 3961 1308 4009 et
1337 3953 1498 4010 facile
1529 3951 1888 4007 inﬂamman-

281 4038 378 4102 tur
403 4063 414 4099 :
450 4045 674 4117 quidam
698 4061 828 4100 vero
858 4043 1112 4100 ebrietati
1134 4052 1187 4098 et
1207 4045 1346 4114 gulae
1369 4042 1688 4099 deserviunt
1713 4059 1724 4096 :
1754 4040 1892 4114 qui-

279 4135 411 4192 dam
445 4134 607 4189 etiam
637 4133 826 4189 odium
861 4134 919 4188 in
955 4133 1119 4189 corde
1150 4134 1312 4205 longo
1351 4140 1597 4204 tempore
1627 4137 1886 4203 portant:

280 4228 512 4303 quidam
567 4229 624 4284 in
667 4229 850 4296 bonis,
882 4244 1002 4300 quae
1046 4243 1202 4298 agere
1251 4225 1530 4294 videntur,
1579 4226 1793 4282 favores
1839 4234 1895 4282 et

284 4319 478 4375 laudes
507 4318 795 4374 hominum
828 4324 1119 4390 quaerunt:
1155 4314 1377 4387 quidam
1410 4313 1642 4380 invidia,
1667 4313 1891 4385 quidam

279 4409 748 4477 detractionibus,
797 4416 892 4464 aut
930 4405 1144 4462 caeteris
1168 4404 1323 4458 vitiis
1369 4403 1772 4475 deprimuntur.
1822 4404 1894 4458 Et

279 4499 423 4574 quid
458 4499 663 4571 plura?
711 4499 942 4555 Omnem
975 4495 1319 4552 sanctitatem
1352 4511 1514 4566 quam
1544 4493 1892 4550 sermonibus
1920 4526 1968 4585 D

278 4601 579 4664 usurpant,
611 4592 856 4665 indignis
887 4591 1136 4649 moribus
1165 4590 1461 4662 deturpant
1499 4598 1660 4661 atque
1717 4587 1893 4643 deve-

278 4689 536 4738 nustant.
1755 4677 1780 4747 ,'

358 4771 448 4827 Ad
471 4771 701 4828 istorum
722 4787 852 4842 ergo
863 4771 1164 4827 caecitatem
1188 4767 1676 4825 demonstrandam
1705 4783 1890 4840 quam-

278 4861 414 4918 dam
447 4859 873 4916 similitudinem
906 4875 1226 4932 proponam.
1250 4859 1426 4914 Homo
1456 4857 1684 4930 quidam
1721 4873 1892 4929 usque

279 4951 355 5008 ad
385 4951 590 5007 collum
621 4951 838 5008 deﬁxus
865 4950 922 5005 in
961 4950 1094 5004 limo
1125 4947 1446 5013 tenebatur;
1471 4963 1706 5018 cumque
1731 4945 1893 5003 vidis-

281 5049 373 5098 set
444 5040 736 5112 quemdam
779 5046 1221 5112 praetereuntem,
1287 5037 1588 5092 extendens
1643 5053 1889 5105 manum,

281 5131 562 5189 clamabat
577 5133 767 5189 dicens
792 5151 803 5188 :
837 5131 1095 5188 Miserere
1125 5129 1252 5197 mei,
1272 5137 1326 5185 et
1347 5127 1574 5184 extrahe
1593 5144 1677 5182 me
1697 5127 1765 5182 ab
1788 5127 1893 5184 hoc

285 5223 430 5279 luto.
477 5222 723 5296 Cumque
749 5238 973 5277 manum
1001 5220 1358 5287 extendisset,
1382 5226 1444 5272 ut
1471 5233 1596 5272 eum
1628 5216 1895 5272 extrahe-

283 5317 396 5377 ret,
427 5310 530 5366 iste
560 5328 783 5366 manum
817 5327 980 5384 quam
1009 5308 1351 5376 extenderat,
1383 5306 1484 5362 sub
1525 5306 1641 5361 luto
1670 5305 1896 5361 demer-

279 5402 381 5458 sit.
414 5399 662 5472 Cumque
693 5400 788 5456 ille
817 5399 913 5472 qui
941 5396 1010 5454 ad
1043 5396 1448 5454 extrahendum
1479 5402 1726 5462 venerat,
1750 5410 1896 5450 rece-

280 5491 418 5549 dere
464 5489 652 5559 vellet,
699 5489 801 5546 iste
846 5488 1047 5544 iterum
1094 5495 1156 5543 ut
1214 5492 1514 5554 erueretur,
1558 5483 1890 5557 postulabat.

2018 535 2188 604 deret,
2244 536 2345 592 iste
2395 537 2537 593 sicut
2583 538 2734 610 prius
2768 557 2988 596 nanum
3038 542 3288 598 subluto
3331 543 3609 602 demersit.

2019 622 2266 697 Cumque
2294 626 2538 682 crebrius
2566 626 2671 684 hoc
2713 629 2935 697 faceret,
2964 631 3057 686 ille
3089 632 3261 687 iratus
3289 632 3434 688 dixit
3458 652 3468 689 :
3503 634 3615 692 Cur

2018 715 2157 784 petis
2187 723 2247 770 ut
2273 717 2502 783 eruaris,
2529 734 2652 771 cum
2685 717 2742 772 in
2781 727 2874 774 tuo
2905 721 3149 790 periculo
3193 721 3480 792 persistere
3508 740 3614 778 ve-

2018 803 2087 859 lis
2108 804 2135 859 ?
2164 804 2235 858 Et
2264 805 2393 877 quia
2430 806 2714 863 interitum
2763 816 2916 864 tuum
2946 810 3151 881 diligis,
3204 811 3421 881 posside
3464 815 3611 884 quod

2016 893 2250 963 elegisti.
2284 895 2552 950 Similiter
2583 905 2638 952 et
2671 897 2762 952 isti
2788 899 2961 954 Deum
2987 900 3348 970 deprecantur
3373 900 3608 967 assidue,

2015 989 2078 1036 ut
2103 997 2134 1036 a
2164 982 2316 1038 vitiis
2345 992 2642 1050 eruantur;
2668 995 2721 1041 et
2751 993 2934 1041 tamen
2967 987 3084 1058 ipsa
3125 987 3261 1042 vitia
3290 988 3366 1043 ita
3394 990 3612 1060 ample-

2015 1080 2261 1139 ctuntur,
2293 1080 2353 1127 ut
2380 1073 2446 1128 ab
2473 1074 2552 1130 eis
2582 1076 2737 1131 nullo
2760 1077 2923 1132 modo
2943 1077 3134 1132 divelli
3165 1079 3395 1149 possint.
3423 1080 3609 1134 Pona-

2017 1178 2140 1216 mus
2169 1178 2295 1234 ergo
2325 1171 2450 1218 ante
2480 1165 2689 1233 oculos,
2721 1165 2891 1221 duos:
2937 1183 3111 1221 unum
3142 1167 3364 1224 doctum
3395 1169 3610 1226 assidue

2013 1260 2282 1322 orantem,
2314 1256 2660 1325 psallentem,
2694 1256 2887 1313 missas
2915 1257 3304 1325 celebrantem,
3337 1267 3391 1314 et
3421 1269 3604 1316 tamen

2014 1341 2342 1413 quibusdam
2374 1343 2526 1399 vitiis
2547 1344 2830 1400 subditum
2857 1363 2868 1400 :
2893 1347 3127 1402 alterum
3150 1363 3280 1402 vero
3301 1347 3608 1416 indoctum,

2013 1431 2264 1500 idiotam,
2321 1443 2563 1491 attamen
2611 1435 2854 1504 ﬁdelem,
2892 1437 3065 1491 Deum
3117 1437 3399 1492 timentem
3449 1445 3610 1510 atque

2013 1530 2306 1592 amantem,
2341 1525 2657 1596 proximum
2689 1525 3031 1597 diligentem,
3063 1526 3380 1598 patientem,
3415 1527 3611 1583 humi-

2014 1611 2142 1668 lem.
2189 1613 2324 1680 Quis
2370 1614 2570 1670 horum
2620 1615 2722 1670 tibi
2753 1615 2972 1671 videtur
3000 1616 3249 1687 Apostoli
3281 1617 3608 1672 sententiam

2012 1716 2277 1771 servasse,
2335 1718 2443 1774 qua
2499 1703 2672 1759 dicit:
2735 1727 2752 1749 ι
2806 1703 2934 1759 Sine
2990 1704 3395 1762 intermissione
3458 1715 3608 1763 orate

2019 1789 2209 1863 (lbid.)
2237 1811 2250 1861 ;
2284 1819 2302 1842 ι
2341 1792 2436 1849 ille
2464 1794 2557 1866 qui
2606 1793 2822 1849 assidue
2851 1802 2990 1863 orat,
3019 1803 3072 1850 et
3101 1795 3426 1868 quibusdam
3456 1798 3610 1854 vitiis

2012 1881 2289 1952 subjacet:
2321 1899 2391 1937 an
2415 1883 2517 1939 iste
2547 1884 2641 1956 qui
2672 1883 2848 1940 nescit
2877 1900 3052 1951 orare,
3079 1892 3132 1940 et
3161 1892 3341 1940 tamen
3371 1888 3612 1945 mundus

2009 1979 2090 2027 est
2136 1989 2168 2027 a
2205 1973 2385 2041 vitiis,
2411 1981 2465 2029 et
2513 1973 2772 2045 operibus
2819 1975 2981 2030 bonis
3037 1973 3294 2030 deditus?
3340 1975 3611 2034 Omnibus

2009 2059 2177 2116 claret
2211 2061 2373 2116 istius
2421 2062 2797 2118 innocentiam
2841 2071 3004 2135 atque
3049 2063 3195 2119 bona
3232 2080 3396 2136 opera
3439 2067 3616 2138 magis

2009 2150 2272 2206 exaudire
2319 2153 2515 2220 Deum,
2549 2169 2712 2224 quam
2745 2151 2898 2208 illius
2928 2169 3109 2221 voces,
3157 2153 3320 2226 cujus
3347 2154 3463 2211 vita
3491 2157 3609 2228 qui-

2009 2245 2241 2302 busdam
2279 2246 2436 2303 vitiis
2486 2245 2770 2304 sordescit.
2820 2248 2920 2304 Ille
2970 2247 3138 2320 igitur
3174 2248 3292 2304 sine
3334 2247 3608 2307 intermis-

2008 2334 2163 2390 sione
2205 2343 2342 2404 orat,
2377 2336 2471 2408 qui
2519 2336 2775 2408 congruis
2821 2336 3162 2410 temporibus
3201 2347 3383 2395 mente
3414 2348 3468 2395 et
3505 2339 3608 2396 lin-

2009 2443 2112 2499 gua
2141 2431 2316 2484 Deum
2347 2429 2688 2500 deprecatur,
2723 2436 2776 2485 et
2807 2429 2865 2484 in
2885 2428 3045 2484 bonis
3074 2429 3331 2500 operibus
3357 2431 3609 2487 assiduus

2008 2526 2110 2573 est.
2145 2517 2250 2584 Qui
2282 2518 2502 2591 quando
2530 2518 2756 2586 dormit,
2789 2526 2884 2574 aut
2912 2518 3190 2591 aliquibus
3219 2518 3475 2590 operibus
3507 2518 3606 2574 hu-

2008 2624 2183 2663 manae
2206 2608 2334 2664 vita}
2365 2607 2685 2664 necessariis
2715 2616 2795 2663 est
2819 2615 3136 2680 occupatus,
3183 2623 3344 2678 opera
3381 2605 3497 2678 ejus
3526 2623 3606 2663 re-

2007 2695 2221 2768 fulgent
2246 2697 2301 2750 in
2333 2704 2632 2767 conspectu
2663 2696 2783 2763 Dei,
2813 2704 2868 2751 et
2896 2696 3015 2766 ipsa
3063 2702 3191 2749 sunt
3220 2695 3606 2752 intercessores

1945 2794 1950 2799 '
2007 2782 2126 2854 ejus
2163 2783 2307 2854 apud
2335 2785 2531 2851 Deum,
2563 2784 2706 2839 sicut
2726 2783 2793 2838 ad
2826 2783 3143 2840 Cornelium
3175 2782 3419 2854 loquitur
3447 2799 3604 2855 ange-

2010 2871 2115 2940 lus,
2180 2872 2406 2928 dicens:
2456 2897 2474 2919 σ
2503 2872 2791 2929 Orationes
2837 2879 2945 2928 tuae
2985 2879 3038 2928 et
3081 2871 3443 2943 eleemosyna:
3496 2879 3604 2929 tuae

2006 2970 2451 3019 commemoratae
2483 2969 2613 3018 sunt
2648 2962 2704 3018 in
2735 2969 3031 3034 conspectu
3061 2960 3158 3016 Dei
3189 2959 3331 3029 (Act.
3365 2977 3422 3028 x,
3455 2960 3536 3032 4).
3569 2985 3587 3008 ι

2080 3051 2224 3118 Quid.
2244 3061 2426 3108 autem
2448 3060 2685 3125 quatuor
2705 3051 2966 3107 animalia
2995 3049 3369 3105 indesinenter
3389 3049 3595 3120 dicant,
3645 3099 3650 3102 .

1925 3173 1968 3234 C
2003 3141 2316 3197 audiamus:
2353 3142 2596 3208 Sanctus,
2640 3147 2872 3208 sanctus,
2903 3146 3134 3206 sanctus,
3169 3138 3422 3194 Dominus
3463 3141 3604 3196 Deus

1999 3234 2344 3304 omnipotens,
2383 3231 2475 3302 qui
2515 3236 2652 3298 erat,
2699 3236 2747 3284 et
2775 3227 2866 3299 qui
2895 3235 2989 3296 est,
3021 3235 3069 3282 et
3097 3229 3189 3299 qui
3225 3234 3474 3284 venturus
3503 3235 3597 3283 est.

2000 3324 2103 3378 Ter
2129 3331 2380 3378 sanctum
2425 3321 2600 3376 Deum
2631 3325 2890 3375 vocantes
2916 3317 3055 3388 (38),
3087 3315 3464 3373 demonstrant
3506 3318 3600 3372 Pa-

2003 3420 2140 3468 trem
2191 3420 2243 3467 et
2294 3409 2499 3466 Filium
2551 3417 2606 3465 et
2635 3407 2902 3479 Spiritum
2934 3413 3205 3461 sanctum.
3236 3405 3392 3472 Quod
3419 3413 3595 3461 autem

1999 3501 2230 3558 dicunt:
2288 3501 2551 3556 Dominus
2613 3501 2749 3553 Deus
2805 3497 3149 3568 omnipotens,
3201 3513 3231 3552 a
3286 3496 3601 3568 pluralitate

1998 3597 2345 3647 transeuntes
2389 3588 2459 3645 ad
2515 3587 2975 3660 singularitatem,
3035 3587 3335 3642 ostendunt
3383 3587 3600 3642 Patrem

2000 3689 2054 3737 et
2084 3680 2288 3736 Filium
2321 3688 2375 3736 et
2421 3679 2692 3752 Spiritum
2720 3686 2970 3734 sanctum
2996 3676 3166 3731 unius
3193 3691 3310 3732 esse
3352 3674 3601 3731 domina-

2000 3770 2193 3836 tionis,
2252 3769 2421 3824 unius
2471 3767 2713 3834 deitatis,
2779 3767 2945 3822 unius
3005 3765 3442 3838 omnipotentiae.
3497 3765 3602 3823 Sed

1999 3856 2359 3931 quaerendum
2391 3855 2552 3911 nobis
2579 3863 2684 3923 est,
2715 3855 2758 3909 si
2793 3863 3030 3928 quatuor
3060 3853 3321 3909 animalia
3359 3870 3471 3909 non
3519 3869 3601 3909 so-

2001 3948 2114 4003 lum
2160 3953 2396 4018 quatuor
2444 3944 2831 4017 evangelistas,
2876 3943 2968 4000 sed
3013 3952 3070 4000 et
3113 3959 3303 3998 omnes
3351 3942 3602 3998 doctores

1998 4036 2258 4092 Ecclesia;
2300 4034 2626 4105 designant;
2677 4049 2776 4088 cur
2804 4039 3048 4088 sanctam
3077 4031 3400 4086 Trinitatem
3432 4029 3600 4084 inde-

2001 4128 2247 4186 sinenter
2301 4125 2559 4180 invocare
2611 4121 2887 4190 dicantur,
2932 4136 3058 4178 cum
3103 4119 3280 4175 sancti
3338 4117 3439 4173 Dei
3488 4116 3601 4172 ali-

2002 4219 2224 4294 quando
2253 4219 2312 4273 in
2354 4214 2722 4282 orationibus,
2771 4211 3068 4286 aliquando
3097 4211 3155 4266 in
3185 4209 3438 4278 lectione,
3488 4208 3602 4264 ali-

2001 4307 2220 4381 quando
2255 4306 2314 4361 in
2341 4304 2754 4377 praedicatione,
2784 4310 2878 4357 aut
2920 4300 3153 4356 diversis
3183 4297 3602 4356 necessitatibus

2003 4404 2364 4469 occupentur.
2415 4393 2806 4449 Praedicatores
2857 4406 2984 4462 ergo
3019 4389 3194 4446 sancti
3250 4387 3382 4444 dum
3436 4387 3600 4443 ﬁdem

2001 4496 2200 4544 sancta;
2240 4485 2527 4542 Trinitatis
2574 4491 2628 4539 et
2676 4489 2858 4538 mente
2902 4480 3163 4549 retinent,
3210 4489 3265 4537 et
3317 4497 3409 4537 ore
3439 4479 3601 4552 proﬁ-

2002 4583 2211 4643 tentur,
2243 4574 2377 4630 dum
2409 4589 2575 4645 opera
2601 4571 2730 4629 ﬁdei
2759 4571 3086 4644 adimplent,
3107 4569 3241 4626 dum
3261 4568 3510 4626 eamdem
3540 4568 3601 4624 ﬁ-

2003 4667 2126 4723 dem
2157 4674 2210 4721 et
2226 4681 2390 4737 opera
2420 4663 2548 4720 ﬁdei
2570 4664 2992 4737 quibuscunque
3022 4667 3252 4733 possunt
3280 4659 3601 4732 praedicant,

2001 4757 2134 4814 dum
2168 4757 2328 4811 etiam
2353 4755 2412 4810 in
2442 4753 2788 4810 orationibus
2814 4761 2867 4808 et
2891 4753 2945 4808 in
2971 4752 3269 4823 gratiarum
3291 4751 3603 4809 actionibus

2002 4845 2181 4918 ipsum
2237 4845 2330 4916 qui
2381 4853 2463 4900 est
2505 4843 2688 4898 trinus
2747 4851 2800 4898 et
2852 4859 2996 4897 unus
3053 4844 3222 4907 Deus,
3271 4850 3502 4898 exorant
3549 4849 3605 4896 et

2003 4937 2252 5004 laudant,
2269 4935 2400 4991 dum
2421 4933 2722 4989 secundum
2746 4933 3090 5004 Apostolum,
3108 4932 3222 4987 sive
3246 4931 3599 4997 manducant;

2004 5026 2121 5083 sive
2155 5025 2372 5091 bibunt,
2421 5022 2606 5078 omnia
2647 5022 2705 5078 in
2737 5022 2961 5078 nomine
2989 5020 3212 5077 Domini
3241 5021 3368 5076 Jesu
3396 5018 3601 5077 Christi
3674 5046 3678 5048 -

2001 5116 2212 5172 faciunt
2261 5117 2318 5187 (Ι
2348 5115 2474 5171 Cor.
2505 5131 2562 5183 x,
2595 5115 2704 5182 3i;
2749 5115 2942 5171 Coloss.
2986 5129 3070 5176 Ili,
3113 5113 3224 5183 17),
3275 5110 3598 5166 Trinitatem

2002 5214 2246 5263 sanctam
2278 5203 2655 5260 indesinenter
2684 5203 2964 5259 invocant.
2999 5199 3155 5269 Quod
3183 5206 3363 5254 autem
3408 5195 3602 5268 sequi-

2005 5305 2132 5353 tur:
2171 5295 2272 5362 Qui
2317 5300 2454 5360 erat,
2503 5299 2549 5348 et
2575 5292 2668 5364 qui
2695 5298 2788 5362 est,
2831 5299 2879 5348 et
2921 5291 3014 5364 qui
3043 5295 3291 5344 venturus
3329 5291 3446 5350 est;
3483 5283 3598 5355 jam

2003 5386 2258 5457 superius
2283 5384 2498 5440 dictum
2529 5392 2627 5439 est.

2079 5483 2260 5554 (Vers.
2295 5483 2350 5551 9,
2386 5482 2499 5554 10.)
2548 5483 2623 5537 Et
2665 5497 2780 5536 cum
2822 5480 3011 5535 darent
3052 5477 3151 5532 illa
3177 5472 3439 5529 animalia
3475 5473 3602 5546 glo-

365 5707 485 5782 (38)
515 5709 690 5780 Edit.,
725 5709 826 5767 Ter
870 5706 1124 5782 spiritum
1160 5703 1380 5764 Domini
1417 5709 1653 5762 vocantes
1684 5720 1700 5774 ;
1735 5719 1888 5773 mss.,
1932 5704 2033 5762 Ter
2058 5708 2296 5760 sanctum
2323 5700 2492 5757 Deum
2520 5703 2776 5756 vocantes.
