4068 6182
537 279 644 339 887

1537 279 1633 335 ΑΙ)
1672 279 1907 335 ΟΡΕΒΑ
1943 276 1999 334 8.
2040 277 2374 336 AMBROSII
2410 277 2792 335 APPENDIX.

3672 292 3753 351 εεθ
3938 210 3943 409 l

538 408 681 463 riam
709 413 757 462 et
782 407 1029 462 honorem
1061 410 1109 458 et
1139 403 1539 459 benedictionem
1566 404 1761 459 sedenti
1793 421 1950 475 super
1977 404 2131 476 ',thro-
2159 406 2211 465 A
2244 401 2465 475 quando
2507 402 2564 459 in
2607 403 2866 459 omnibus
2904 418 3026 477 qua:
3054 412 3242 477 agunt,
3273 404 3510 465 honorem
3537 412 3621 468 Dei
3646 432 3757 488 qua)-

537 516 687 563 num,
732 495 925 553 viventi
976 495 1032 549 in
1065 496 1258 550 saecula
1288 495 1643 559 sis-culorum;
1674 494 2021 565 procedebant
2046 493 2140 548 vi—

536 588 670 659 ginti
697 592 928 658 quatuor
953 584 1182 639 seniores
1202 588 1322 639 ante
1340 581 1589 638 sedentem
1615 582 1673 636 in
1701 584 1907 650 throno,
1934 588 1983 637 et
2009 582 2136 637 ado-

537 682 733 737 rabant
762 680 1013 734 viventem
1033 678 1091 733 in
1115 678 1309 733 scecuIa
1334 678 1734 733 smculorumJn
1766 676 1871 732 hoc
1901 677 2021 732 loco
2042 692 2139 749 per

537 780 776 845 quatuor
832 770 1114 837 animalia,
1144 776 1381 842 quatuor
1410 768 1538 824 libri
1567 768 1995 841 Evangeliorum
2033 768 2137 824 de—

537 863 843 935 signantur:
888 878 984 934 per
1010 861 1093 930 vi,
1110 860 1214 917 inti
1245 868 1481 933 quatuor
1507 860 1767 927 seniores,
1801 861 1988 916 Patres
2017 860 2137 915 No-

535 952 593 1007 vi
623 942 957 1008 Testamenti
976 950 1148 1022 accipi
1181 957 1426 1023 possunt.
1460 949 1705 1016 Quatuor
1723 965 1850 1020 ergo
1877 949 2137 1004 animalia

537 1045 766 1116 gloriam
814 1052 868 1100 et
914 1042 1179 1099 honorem
1215 1051 1269 1099 et
1307 1043 1749 1099 benedictionem
1788 1041 2000 1097 sedenti
2032 1059 2135 1097 su-

536 1153 633 1210 per
682 1135 968 1203 thronum,
1028 1135 1240 1190 viventi
1284 1133 1340 1190 in
1371 1135 1569 1192 saecula
1594 1135 1920 1190 saculorum
1950 1134 2087 1190 dant
2117 1151 2130 1201 ;

538 1227 669 1301 quia
702 1225 954 1282 doctrina
996 1224 1282 1297 Evangelii
1312 1224 1369 1279 in
1399 1224 1659 1280 universo
1689 1225 1820 1281 orbe
1850 1224 2052 1295 legitur
2082 1230 2136 1278 et

535 1314 885 1389 praedicatur,
931 1330 1027 1386 per
1068 1330 1229 1386 quam
1270 1314 1446 1385 gloria
1463 1321 1518 1368 et
1543 1314 1722 1369 honor
1741 1323 1793 1370 et
1820 1312 2134 1369 benedictio

535 1405 684 1463 Patri
721 1412 775 1460 et
828 1403 973 1459 Filio
1005 1411 1059 1458 et
1108 1402 1338 1474 Spiritui
1377 1410 1566 1459 sancto
1609 1402 1790 1459 datur.
1823 1402 1911 1458 Ad
1941 1418 2132 1459 vocem

536 1496 707 1568 igitur
749 1503 984 1568 quatuor
1028 1493 1375 1562 animalium,
1408 1494 1606 1566 viginti
1630 1502 1866 1567 quatuor
1891 1494 2134 1551 seniores

533 1585 851 1642 ceciderunt
906 1592 1032 1639 ante
1090 1582 1367 1639 sedentem
1399 1584 1457 1639 in
1487 1583 1711 1651 throno,
1756 1591 1810 1638 et
1860 1583 2133 1639 adorave—

2249 500 2399 548 runt.
2431 508 2543 547 non
2562 492 3022 565 suum.Superius
3052 493 3359 551 benedictio
3377 498 3522 553 tertio
3549 500 3649 558 loco
3673 521 3756 575 po-

2245 581 2419 647 nitur,
2444 580 2537 638 hic
2564 588 2747 637 autem
2780 580 2979 638 virtus:
3018 589 3073 639 et
3100 581 3230 655 quia
3255 584 3440 652 sancti,
3460 586 3574 641 dum
3609 606 3761 663 magna

2245 671 2478 738 faciunt,
2531 670 2936 728 benedicuntur
2970 672 3039 728 ab
3071 671 3401 741 hominibus,
3430 678 3653 734 convenit
3676 681 3759 735 vir-

2246 772 2335 819 tus
2381 778 2508 819 cum
2538 760 2945 817 benedictione.
2976 761 3081 818 Sed
3110 768 3368 833 quantum
3392 764 3549 820 sancti
3573 781 3656 836 pro
3679 783 3764 823 ma-

2243 851 2372 924 gnis
2416 850 2676 923 operibus
2705 867 2827 923 quae
2866 850 3101 917 faciunt,
3134 850 3317 906 laudes
3356 851 3612 919 hominum
3653 853 3764 911 dete-

2242 949 2481 1009 stantur,
2517 940 2658 997 liber
2685 942 2927 997 Actuum
2975 938 3345 1013 apostOlorum
3394 939 3540 996 nobis
3584 939 3766 998 indicat.

2241 1030 2377 1086 Nam
2434 1031 2624 1085 Petrus
2678 1036 2733 1085 et
2791 1030 3033 1086 Joannes
3081 1045 3207 1084 cum
3253 1027 3496 1083 claudum
3520 1039 3767 1099 sanassent,

2242 1126 2295 1173 et
2348 1119 2597 1174 omnium
2646 1113 2809 1175 oculi'
2853 1124 3033 1173 essent
3066 1116 3406 1171 intendentes
3432 1116 3485 1172 in
3524 1133 3623 1184 eos,
3650 1118 3771 1190 quasi

2242 1223 2341 1262 sua
2395 1206 2603 1263 virtute
2671 1206 2777 1262 hoc
2831 1205 3085 1273 fecerint,
3132 1205 3322 1261 Petrus
3366 1206 3623 1261 oculorum
3651 1205 3773 1262 bene-

2240 1296 2515 1354 dictiones
2552 1295 2986 1364 devitans,dixit
3008 1295 3076 1351 ad
3106 1310 3215 1350 eos:
3264 1320 3281 1341 ε
3314 1293 3427 1349 Viri
3456 1295 3646 1361 fratres,
3672 1294 3773 1366 quid

2241 1402 2342 1442 nos
2388 1384 2708 1454 intuemini,
2759 1385 2915 1457 quasi
2962 1384 3020 1439 in
3051 1392 3237 1440 nostra
3275 1383 3474 1439 virtute
3501 1393 3585 1439 aut
3621 1383 3777 1454 pietate

2242 1475 2533 1531 fecerimus
2564 1473 2685 1546 (42)
2722 1474 2870 1529 hunc
2898 1473 3181 1529 ambulare
3213 1473 3240 1528 Ὺ
3270 1474 3411 1528 Deus
3437 1471 3701 1539 Abraham,
3738 1479 3777 1526 et

2240 1566 2387 1651 Deqs
2428 1564 2598 1631 Isaac,
2645 1569 2699 1618 et
2731 1564 2878 1619 Deus
2917 1562 3083 1619 Jacob
3112 1561 3403 1618 suscitavit
3427 1560 3613 1617 Filium
3655 1576 3780 1615 suum

533 1681 666 1730 runt
706 1672 989 1728 viventem
1044 1672 1101 1727 in
1152 1673 1351 1729 saecula
1406 1671 1754 1740 saeculorum,
1786 1672 1915 1744 quia
1955 1673 2131 1729 sancti

2239 1659 2424 1715 Iesum
2458 1658 2603 1729 (Act.
2634 1675 2719 1725 III,
2758 1658 2848 1726 l2,
2885 1657 3002 1729 13).
3037 1681 3056 1705 ι
3099 1657 3171 1711 Et
3202 1655 3261 1711 in
3298 1655 3657 1727 sequentibus:
3701 1656 3780 1709 «In

531 1762 632 1819 Dei
659 1778 753 1834 per
781 1762 1100 1817 universum
1140 1759 1326 1816 orbem
1375 1760 1684 1828 constituti,
1730 1760 2013 1817 audientes
2037 1761 2131 1817 do-
2161 1770 2204 1831 Β
2237 1748 2397 1821 cuius
2436 1749 2663 1805 ηοωίῐιθ
2696 1755 2840 1805 δεῖδί
2872 1748 2964 1804 hic
2993 1763 3175 1803 00mm
3207 1745 3369 1802 Whis
3404 1761 3576 1801 εδιιυεο
3606 1770 3622 1791 ⁸
3659 1744 3785 1834 δίωί·

532 1852 768 1909 ctrinam
822 1850 1133 1921 Evangelii,
1184 1849 1485 1905 humiliant
1511 1866 1568 1905 se
1596 1850 1653 1905 in
1684 1859 1982 1923 conspectu
2009 1851 2130 1919 Dei,

533 1948 596 1996 ut
625 1957 751 1996 cum
784 1939 904 2011 ipso
931 1939 1125 1994 vivant
1158 1936 1216 1992 in
1247 1939 1445 1993 saecula
1472 1938 1822 1994 saeculorum.
1854 1941 1928 1994 Et
1954 1940 2135 1995 mitte-

534 2033 662 2087 bant
702 2046 925 2084 coronas
962 2033 1107 2091 518
1155 2045 1280 2084 suas
1308 2035 1429 2083 ante
1460 2029 1734 2094 thronum,
1761 2030 2003 2086 dicentes.
2032 2030 2137 2087 Per

532 2143 763 2185 coronas
816 2143 982 2200 opera
1036 2126 1182 2182 bona
1213 2126 1382 2183 fuisse
1407 2126 1688 2200 designata
1712 2126 1963 2199 superius
1991 2128 2131 2200 (cap.

534 2235 612 2285 iv,
642 2234 777 2273 vers.
811 2217 868 2288 4)
899 2216 1176 2272 diximus:
1208 2216 1383 2273 sancti
1416 2232 1543 2287 ergo
1577 2233 1809 2273 coronas
1835 2234 1962 2273 suas
2010 2226 2135 2274 ante

534 2309 798 2365 thronum
855 2308 1133 2375 mittunt,
1200 2308 1334 2364 dum
1396 2307 1671 2381 quidquid
1724 2308 1855 2365 boni
1914 2319 2131 2380 agunt,

531 2399 647 2455 Deo
701 2397 974 2467 tribuunt,
1022 2414 1134 2454 non
1181 2397 1307 2465 sibi,
1358 2398 1660 2455 secundum
1704 2398 1954 2470 Apostoli
1986 2415 2135 2470 pra:-

530 2496 797 2559 ceptum:
873 2511 892 2535 ε
946 2487 1051 2555 Qui
1108 2487 1377 2559 gloriatur
1408 2530 1423 2556 ,
1472 2486 1532 2542 in
1591 2488 1828 2544 Domino
1872 2488 2136 2560 glorietur

536 2578 626 2650 (II
651 2577 776 2633 Cor.
809 2593 869 2645 x,
907 2577 1018 2649 i7).
1051 2601 1070 2625 ι

605 2667 788 2741 (Vera.
829 2667 942 2739 11.)
982 2666 1129 2736 Quid
1183 2663 1366 2724 ahtem
1418 2665 1629 2734 dicant,
1686 2665 2008 2723 audiamus:
2040 2667 2135 2723 Di-

533 2776 667 2832 gnus
722 2776 793 2827 es,
855 2757 1077 2815 Domine
1129 2757 1270 2813 Deus
1316 2762 1515 2825 noster,
1561 2755 1795 2829 accipere
1831 2758 2061 2829 gloriam
2088 2765 2137 2814 et

533 2850 784 2904 honorem
806 2854 855 2902 et
888 2850 1157 2902 virtutem.
1182 2846 1444 2919 Superius
1473 2846 1620 2902 dixit
1649 2855 1885 2919 quatuor
1912 2848 2137 2904 anima-

533 2939 610 2995 lia
664 2940 890 3012 gloriam
946 2948 999 2995 et
1032 2938 1298 2995 honorem
1328 2948 1383 2995 et
1410 2937 1849 2996 benedictionem
1881 2941 1995 2996 Deo
2028 2940 2135 2997 de-

532 3027 714 3085 disse:
763 3027 857 3084 hic
897 3034 1080 3082 autem
1134 3026 1334 3099 viginti
1392 3035 1628 3099 quatuor
1669 3027 1911 3084 seniores
1940 3028 2135 3084 dicunt

532 3116 765 3189 gloriam
786 3124 839 3172 et
869 3115 1132 3171 honorem
1158 3121 1211 3171 et
1241 3116 1508 3171 virtutem
1537 3118 1654 3172 Deo
1683 3116 1973 3189 accepisse,
2007 3116 2133 3172 vir-

530 3213 707 3264 tutem
765 3221 864 3279 pro
916 3204 1301 3262 benedictione
1353 3214 1755 3263 commutantes
1815 3206 1955 3278 (39).
1988 3205 2135 3274 Quid

532 3314 664 3354 vero
693 3297 893 3371 aliquis
920 3299 1035 3355 Deo
1062 3296 1192 3353 dare
1222 3304 1419 3371 potest,
1449 3306 1551 3354 aut
1576 3297 1711 3371 quid
1750 3299 1896 3354 Deus
1923 3297 1992 3353 ab
2021 3298 2133 3352 ali-

532 3404 641 3462 quo
686 3388 932 3460 accipere
978 3396 1188 3461 potest;
1230 3403 1355 3444 cum
1397 3386 1513 3460 ipse
1587 3387 1853 3443 creaverit
1908 3388 2129 3454 omnia;

532 3482 587 3533 et
638 3476 755 3533 sine
780 3493 889 3549 quo
915 3476 1059 3532 nihil
1087 3492 1203 3533 esse
1222 3483 1401 3549 potest
1430 3483 1484 3531 et
1505 3476 1599 3548 qui
1624 3475 1761 3532 dicit
1798 3475 1855 3530 in
1888 3476 2133 3547 Evange-

534 3566 611 3622 lio
640 3582 651 3620 :
701 3590 719 3612 ι
751 3566 879 3622 Sine
910 3582 996 3621 me
1025 3566 1168 3622 nihil
1198 3566 1430 3637 potestis
1464 3565 1641 3621 facere
1664 3566 1949 3637 (Joan.xv,
1977 3566 2070 3637 5)?
2103 3591 2121 3613 ι

533 3653 592 3711 Si
631 3653 778 3709 enim
808 3654 984 3711 sancti
1016 3654 1135 3712 sine
1164 3656 1279 3711 Deo
1306 3654 1449 3710 nihil
1480 3661 1712 3725 possunt
1742 3653 1939 3722 facere,
1999 3653 2133 3727 quid

533 3756 765 3824 possunt
811 3748 942 3804 dare
984 3747 1118 3804 illi?
1170 3748 1344 3819 Igitur
1393 3748 1523 3821 quia
1561 3747 1854 3803 hominum
1898 3746 2025 3803 talis
2053 3754 2135 3803 est

536 3848 756 3908 natura,
801 3844 864 3894 ut
917 3836 1060 3894 nihil
1105 3837 1237 3894 boni
1290 3854 1321 3893 a
1350 3854 1406 3893 se
1436 3836 1636 3894 habere
1668 3836 1896 3909 possint,
1929 3837 2035 3893 nisi
2065 3838 2134 3895 ab

534 3932 655 4005 ipso
713 3929 1006 4004 accipiant,
1067 3929 1161 4003 qui
1200 3939 1282 3987 est
1330 3946 1545 3986 summe
1599 3929 1815 3998 bonus;
1866 3929 1959 3985 dat
1988 3932 2135 3986 Deus

536 4022 741 4080 sanctis
783 4022 920 4091 suis,
977 4020 1124 4078 unde
1174 4019 1279 4093 ipsi
1307 4036 1431 4077 eum
1462 4027 1813 4077 remunerent
1848 4018 1989 4093 (40).
2021 4021 2136 4077 Re-

535 4131 704 4187 gnum
743 4128 981 4187 namque
1018 4112 1287 4169 cmlorum
1309 4112 1456 4167 Deus
1476 4110 1735 4183 promisit
1764 4110 1969 4167 sanctis
1997 4110 2132 4179 suis,

534 4210 777 4259 attamen
825 4201 869 4257 si
903 4200 1141 4273 pretium
1192 4199 1466 4255 bonorum
1499 4214 1722 4270 operum
1756 4214 1855 4270 pro
1884 4214 1948 4254 eo
1976 4197 2135 4255 dede-

536 4291 685 4347 rint:
746 4298 800 4346 et
847 4289 976 4363 quia
1016 4288 1177 4346 electi
1225 4288 1330 4345 hoc
1356 4287 1594 4361 pretium
1626 4304 1737 4343 non
1769 4286 1990 4356 habent,
2025 4287 2133 4343 nisi

536 4379 604 4437 ab
643 4381 761 4452 ipso
795 4379 1069 4452 accipiant
1101 4398 1115 4448 ;
1168 4379 1282 4451 ipse
1325 4379 1419 4435 dat
1450 4378 1710 4450 pretium,
1739 4379 1885 4435 unde
1913 4377 1981 4433 ab
2013 4377 2133 4450 ipso

2245 1837 2371 1893 liter
2408 1838 2610 1893 Paulus
2648 1844 2702 1893 et
2753 1836 3034 1892 Barnabas
3086 1852 3212 1893 cum
3259 1843 3516 1908 mgrotum
3537 1834 3590 1889 in
3617 1833 3786 1906 Lystris

2242 1934 2546 1995 sanassent,
2574 1934 2631 1982 et
2665 1926 2859 1999 populi
2888 1927 3091 1981 vellent
3121 1926 3201 1981 eis
3230 1922 3789 1991 sacriﬁcare,sciderunt

2243 2017 2572 2073 vestimenta
2601 2032 2718 2084 sua,
2751 2014 3032 2071 dicentes:
3082 2040 3100 2062 ι
3131 2013 3277 2083 Viri,
3307 2013 3438 2085 quid
3470 2012 3579 2068 haec
3609 2011 3789 2067 facitis?

2243 2112 2297 2160 et
2325 2121 2426 2160 nos
2446 2104 2699 2161 homines
2726 2120 2938 2172 sumus,
2968 2103 3179 2159 similes
3203 2103 3364 2159 vobis
3394 2101 3531 2174 (Act.
3560 2099 3780 2171 ιιγ,14).ι

2243 2196 2538 2252 Possumus
2586 2202 2639 2249 et
2687 2194 2792 2249 hoc
2820 2194 2889 2250 de
2920 2193 3143 2251 Christo
3200 2194 3528 2266 intelligere,
3557 2207 3698 2265 quem
3732 2205 3793 2244 se-

2242 2285 2488 2344 cundum
2528 2283 2958 2352 humanitatem,
3009 2291 3064 2339 et
3110 2284 3367 2357 gloriam,
3398 2292 3451 2339 et
3478 2282 3793 2357 honorem,let

2244 2373 2507 2430 virtutem
2546 2374 2818 2446 accepisse
2857 2374 3213 2431 manifestum
3249 2381 3353 2431 est.

2315 2460 2609 2536 Sequitur:
2665 2463 2803 2531 Quia
2852 2468 2908 2517 tu
2947 2464 3138 2519 creasti
3184 2464 3399 2532 omnia,
3430 2469 3477 2518 et
3506 2466 3802 2534 propterea-

2247 2554 2494 2609 luntatem
2554 2558 2701 2609 tuam
2754 2559 2927 2622 erant,
2984 2560 3032 2608 et
3083 2559 3275 2609 creata
3330 2559 3471 2608 sunt.
3528 2552 3580 2608 Si
3624 2551 3714 2606 hoc
3756 2565 3805 2604 eo

2243 2659 2406 2698 sensu
2432 2642 2852 2715 intelligendum
2882 2650 2983 2711 est,
3013 2658 3124 2715 quo
3151 2650 3205 2699 et
3245 2641 3409 2699 illud:
3448 2641 3549 2709 Qui
3574 2640 3699 2711 fecit,
3713 2654 3804 2709 qua

2242 2731 2433 2803 futura
2475 2738 2599 2787 sunt
2618 2749 2640 2797 ;
2668 2747 2857 2788 omnes
2886 2747 3013 2804 ergo
3046 2731 3162 2803 (43)
3192 2740 3472 2789 creaturas
3499 2737 3644 2789 erant
3669 2730 3717 2784 in
3737 2743 3807 2799 po-

2243 2832 2448 2881 testate
2485 2832 2540 2880 et
2588 2824 2872 2880 voluntate
2927 2822 3070 2891 Dei,
3126 2831 3437 2897 antequam
3493 2826 3805 2880 crearentur:

2244 2922 2429 2971 creata
2473 2930 2605 2970 vero
2646 2922 2773 2969 sunt
2819 2930 2883 2970 eo
2930 2921 3192 2985 tempore,
3232 2931 3351 2986 quo
3390 2910 3651 2985 disposuit
3674 2911 3808 2964 Deus.

2243 3005 2361 3077 Ipse
2416 3004 2587 3075 igitur
2615 3004 2711 3077 qui
2744 3011 2946 3061 cuncta
2978 3004 3190 3060 creavit
3218 3021 3295 3061 ex
3326 3003 3525 3069 nihilo,
3557 3013 3720 3057 creare
3744 2994 3805 3049 di-

2169 3128 2212 3189 c
2243 3100 2439 3164 ἕηθῖιπ
2462 3094 2521 3148 in
2560 3093 2726 3150 nobis
2754 3110 2851 3150 cor
2879 3093 3172 3162 mundum,
3208 3096 3305 3169 qui
3329 3093 3474 3149 vivit
3501 3099 3556 3147 et
3581 3084 3808 3161 regnatin

2242 3184 2441 3241 saecula
2468 3185 2821 3253 saeculorum,
2851 3199 3032 3240 amen.

2686 3332 2781 3387 DE
2808 3329 3090 3388 VISIONE
3120 3330 3414 3388 TERTIA.

2316 3460 2428 3533 (44)
2480 3461 2599 3517 Νοη
2650 3460 3107 3516 inconvenienter
3134 3466 3264 3531 post
3288 3456 3621 3529 descriptam
3648 3451 3816 3508 Eccle-

2242 3550 2336 3606 siae
2374 3549 2605 3604 formam
2634 3548 2844 3619 apertio
2876 3548 3004 3604 libri
3048 3547 3305 3619 ponitur,
3337 3564 3435 3619 per
3459 3561 3615 3617 quam
3642 3537 3816 3614 apertio

2242 3639 2559 3697 divinarum
2581 3639 2995 3711 Scripturarum
3024 3637 3378 3711 designatur;
3404 3637 3535 3709 quia
3570 3640 3817 3708 postquam

2242 3746 2275 3785 a
2301 3728 2505 3785 sanctis
2525 3726 2793 3800 apostolis
2821 3726 3142 3799 ceterisque
3173 3723 3639 3799 praedicatoribus
3667 3718 3818 3775 Eccle-

2242 3823 2323 3880 sia
2377 3823 2436 3879 in
2489 3823 2744 3896 gentibus
2784 3822 3016 3878 fundata
3067 3830 3172 3889 est,
3205 3821 3346 3878 libri
3378 3819 3598 3879 Veteris
3624 3833 3683 3873 ac
3705 3808 3821 3870 Novi

2243 3914 2579 3972 Testamenti
2616 3913 2924 3971 secundum
2978 3914 3348 3986 apostolicam
3400 3913 3570 3970 ﬁdem
3599 3926 3630 3965 a
3651 3901 3822 3964 sanctis

2242 4012 2562 4070 doctoribus
2591 4011 2831 4085 expositi
2866 4018 3016 4068 sunt.

2314 4111 2543 4170 CAPUT
2562 4111 2708 4169 v.—
2723 4111 2906 4183 (vim.
2942 4110 3021 4184 ι.)
3052 4111 3126 4166 Et
3154 4109 3273 4166 vidi
3303 4111 3365 4166 in
3393 4109 3617 4164 dextera
3637 4098 3825 4160 me:

2242 4218 2400 4274 super
2430 4202 2678 4257 thronum
2710 4201 2905 4256 librum
2924 4199 3179 4272 scriptum
3204 4201 3362 4256 intus
3392 4205 3446 4255 et
3473 4198 3633 4271 foris,
3669 4192 3825 4264 signa-

2246 4299 2354 4347 tum
2400 4290 2598 4363 sigillis
2650 4296 2858 4361 septem.
2902 4291 2983 4346 De
3007 4289 3242 4346 dextera
3265 4298 3325 4347 et
3351 4288 3558 4363 sigillis
3581 4282 3718 4359 quod
3745 4282 3825 4335 Ι)οο

2243 4384 2429 4438 minus
2466 4380 2701 4449 dederit,
2735 4381 2794 4437 in
2836 4379 3195 4454 sequentibus
3225 4379 3528 4437 dicemus:
3563 4374 3699 4433 liber
3720 4381 3827 4426 vero

536 4476 723 4527 emant
775 4468 947 4524 vitam
995 4474 1276 4523 aeternam.
1309 4469 1454 4523 Dant
1485 4467 1669 4539 itaque
1698 4468 1870 4523 sancti
1902 4466 2129 4536 gloriam
2157 4496 2205 4555 Β
2242 4470 2479 4544 scriptus
2528 4472 2678 4527 intus
2704 4478 2759 4527 et
2794 4471 2932 4527 foris
2962 4486 3073 4525 non
3103 4470 3292 4525 solum
3342 4470 3524 4527 Vetus
3552 4468 3827 4555 Testamenf

535 4560 649 4615 Deo
670 4557 889 4631 quando
910 4555 1183 4629 quidquid
1201 4555 1334 4610 boni
1352 4555 1586 4617 faciunt.
1616 4571 1681 4611 eo
1712 4554 1897 4611 studio
1919 4555 2129 4611 faciunt

534 4654 598 4703 ut
631 4645 970 4719 gloriﬁcetur
1016 4646 1163 4701 Deus
1213 4660 1311 4717 per
1365 4644 1536 4716 ipsos,
1594 4644 1737 4701 sicut
1765 4645 1880 4717 ipse
1906 4645 2045 4702 dicit
2070 4645 2128 4702 in

534 4732 874 4807 Evangelio:
934 4755 954 4779 ι
1010 4732 1247 4790 Videant
1310 4730 1427 4804 (41)
1468 4740 1653 4788 vestra
1689 4732 1832 4788 bona
1862 4749 2048 4807 opera,
2078 4741 2134 4790 et

535 4822 844 4898 gloriﬁcent
865 4821 1081 4879 Patrem
1115 4829 1381 4890 vestrum,
1406 4822 1501 4896 qui
1532 4823 1589 4878 in
1618 4823 1772 4880 caalis
1798 4832 1879 4880 est
1914 4826 2127 4896 (Matth.

533 4933 592 4987 v,
628 4916 741 4990 16).
781 4940 799 4964 ι
848 4916 983 4973 Nam
1036 4924 1089 4973 et
1142 4917 1377 4974 Joannes
1407 4918 1630 4974 Petrum
1660 4917 1797 4976 dicit
1829 4927 2004 4976 morte
2032 4936 2131 4977 sua

530 5007 707 5064 Deum
754 5004 1079 5063 clariﬁcasse
1129 5006 1312 5079 (Joan.
1359 5022 1482 5077 nr,
1522 5008 1636 5079 19).
1667 5009 1811 5065 Dant
1837 5008 2127 5080 honorem,

605 5152 722 5225 (39)
770 5152 1047 5225 Ita‘mssq
1078 5148 1212 5206 edit.
1246 5166 1396 5225 vero,
1434 5158 1483 5225 et
1502 5151 1910 5225 benedictionem
1947 5171 1982 5209 a
2017 5155 2128 5211 Deo

528 5220 799 5293 accepisse,
822 5220 904 5277 hic
930 5221 1177 5276 virtutem
1203 5238 1302 5293 pro
1331 5222 1675 5280 benedictione
1698 5226 2055 5282 commutavit.

538 5366 549 5379 ⁸
604 5293 721 5378 (40)
778 5293 954 5361 Edit.,
1001 5293 1139 5379 unde
1179 5293 1287 5366 ipse
1314 5311 1399 5350 eos
1428 5300 1723 5351 remaneret
1751 5312 1768 5349 .'
1801 5311 1956 5365 mss.,
1990 5297 2126 5353 unde

527 5370 632 5440 ipsi
659 5384 775 5422 eum
801 5370 1151 5422 remanerent.

538 5510 577 5519 Ἀ
602 5438 870 5519 (41)-81ο
918 5452 1110 5518 omnes
1146 5452 1320 5519 _ms_s_._;_
1367 5437 1524 5519 edit.
1558 5454 1712 5519 vero,
1749 5439 2129 5519 ut_gloriﬁcent

527 5508 705 5566 Deum
738 5512 968 5574 Patrem,
1023 5508 1160 5563 sicut
1210 5508 1385 5565 Filius
1427 5509 1524 5565 Dei
1568 5509 1761 5567 dicit...
1801 5508 1865 5569 Ut
1891 5508 2125 5580 videant,

529 5587 720 5723 mih!)
761 5651 936 5722 Edit.,
983 5652 1179 5709 virtute
1212 5657 1309 5708 aut
1329 5656 1587 5726 potestate
1612 5650 1911 5725 fecerimus.
1940 5655 2013 5715 Et
2041 5654 2126 5714 in-

2238 4570 2379 4630 tum,
2401 4561 2496 4617 sed
2524 4568 2578 4615 et
2597 4559 2813 4616 Novum
2841 4559 3136 4633 signiﬁcat,
3171 4561 3276 4633 qui
3312 4560 3475 4616 intus
3514 4555 3740 4628 scriptus
3764 4551 3829 4601 est

2240 4650 2543 4707 secundum
2581 4647 2938 4723 allegoriam,
2982 4649 3117 4705 foris
3171 4651 3499 4707 secundum
3550 4641 3829 4702 historiam.

2241 4739 2343 4796 Hic
2372 4738 2542 4812 igitur
2561 4738 2703 4795 liber
2739 4747 2902 4796 vetus
2928 4746 2984 4795 et
3011 4755 3221 4794 novum
3258 4739 3682 4796 Testamentum
3710 4732 3762 4788 in
3785 4740 3831 4782 se

2239 4830 2519 4896 continet;
2568 4829 2700 4903 quia
2740 4830 3014 4903 spiritalis
3038 4830 3431 4903 intelligentia
3455 4831 3517 4887 in
3550 4824 3728 4885 Veteri
3753 4820 3832 4875 Τθο

2240 4926 2510 4975 stamento
2555 4918 2698 4975 nihil
2747 4924 2828 4974 est
2856 4917 3029 4986 aliud,
3073 4934 3240 4991 quam
3272 4919 3509 4975 Novum
3555 4917 3830 4972 Testamen-

2239 5017 2378 5065 tum.

2238 5158 2342 5226 fra,
2398 5157 2597 5223 Iesum,
2642 5156 2701 5213 in
2741 5157 2893 5228 cujus
2917 5156 3127 5213 nomine
3168 5158 3260 5213 hic
3317 5163 3433 5213 stat
3462 5170 3644 5213 coram
3668 5146 3833 5208 vobis;

2238 5246 2370 5285 mss.
2395 5238 2576 5285 autem
2599 5236 2661 5285 ut
2688 5229 2746 5285 in
2773 5236 3062 5285 contextu.

2311 5300 2428 5372 (43)
2466 5301 2684 5356 Eaedem
2743 5300 2899 5367 edit.,
2953 5307 3003 5355 et
3038 5305 3217 5355 creata
3269 5302 3462 5356 sunt?
3505 5300 3687 5355 Omne:
3710 5303 3831 5372 emt},

2237 5367 2366 5443 etc;
2408 5367 2677 5443 lacunam
2719 5388 2851 5428 vero
2899 5380 3152 5443 reparant
3177 5387 3392 5443 omnes
3446 5387 3580 5427 mss.
3631 5367 3834 5443 excepto

2236 5442 2335 5499 ubi
2355 5438 2622 5515 legimus,
2665 5443 2723 5500 Si
2768 5449 2943 5511 erant,
2960 5438 3238 5514 'quomodo
3273 5450 3468 5499 creata
3497 5447 3639 5497 sunt.
3673 5438 3833 5492 Θυιηῶ

2235 5522 2622 5669 ῗνῆῗάῖῐῗίῼω-
2655 5585 2789 5643 edit.
2821 5586 3046 5669 proprio
3056 5593 3267 5669 inerte
3286 5585 3654 5669 jugulaverat
3677 5584 3833 5635 totum

2236 5654 2387 5717 hunc
2407 5654 2727 5734 prologum,
2747 5654 3018 5733 usque—ad
3045 5659 3121 5718 Et
3145 5654 3306 5739 vidi;
3325 5654 3443 5719 etc.
