4068 6182
264 285 370 343 889

1152 286 1607 344 BEBENGAUDI
1644 287 2019 346 EXPOSITIO
2057 290 2130 346 IN
2166 288 2671 348 APOCALYPSIN.

3462 295 3568 354 890

338 411 522 483 (Vers.
580 409 661 481 2.)
708 412 782 466 Et
827 409 937 465 vidi
978 411 1221 481 angelum
1248 410 1457 481 fortem,
1487 411 1861 482 prredirantem
1897 418 1948 477 A
1976 424 2159 472 autem
2202 424 2421 487 propter
2467 415 2849 479 fortitudinem
2889 427 3159 486 vocatur;
3209 420 3339 493 quia
3384 419 3570 477 diabo-
3610 396 3621 405 ’

264 519 382 557 voce
428 519 646 569 magna.
698 502 941 574 Angelus
985 501 1145 556 fortis
1192 502 1378 557 Patres
1426 502 1640 559 Veteris
1669 503 1865 559 Testa-

265 592 438 649 menti
495 590 791 663 signiﬁcat,
838 591 934 664 qui
983 607 1116 646 voce
1161 608 1357 664 magna
1385 592 1859 664 praedicaverunt;

262 680 395 754 quia
448 680 726 739 Christum
787 680 855 736 ad
902 680 1337 752 redemptionem
1389 682 1604 753 generis
1635 682 1861 739 humani

261 779 563 827 venturum
604 787 719 826 esse
767 769 1161 842 praedixerunt.
1215 771 1348 839 Quis
1394 778 1468 825 est
1512 773 1701 844 dignus
1729 790 1865 843 ape-

260 866 374 920 rire
430 865 625 919 librum
652 869 699 918 et
727 864 925 919 solvere
965 864 1237 934 signacula
1278 863 1439 932 ejus?
1500 866 1862 938 Interrogatio

258 953 439 1025 angeli
484 952 820 1009 desiderium
860 961 1175 1009 sanctorum
1233 952 1541 1025 signiﬁcat;
1575 953 1862 1010 desidera-

258 1046 393 1101 bant
422 1044 571 1100 enim
602 1044 776 1100 sancti
809 1043 994 1100 videre
1042 1043 1325 1100 Christum
1366 1044 1424 1098 in
1462 1061 1645 1113 carne,
1672 1052 1727 1100 et
1751 1062 1862 1101 au-

257 1135 381 1191 dire
409 1150 689 1190 sermones
720 1132 873 1205 ejus;
911 1150 974 1189 eo
1004 1134 1151 1206 quod
1186 1133 1391 1190 scirent
1429 1134 1616 1191 omnia
1645 1143 1862 1207 myste-

259 1224 342 1280 ria
376 1223 589 1280 Veteris
635 1224 972 1280 Tcstamenti
1021 1224 1088 1279 ab
1117 1240 1181 1279 eo
1211 1240 1327 1280 esse
1361 1224 1676 1291 revelanda,
1718 1225 1863 1280 sicut

255 1314 376 1385 ipse
403 1312 551 1369 dixit
596 1312 885 1385 discipulis
913 1312 1028 1369 suis
1063 1329 1073 1367 :
1128 1313 1303 1369 Amen
1354 1312 1479 1369 dico
1523 1313 1701 1379 vobis,
1734 1315 1863 1387 quia

259 1404 423 1462 multi
455 1404 735 1476 propheta:
776 1413 830 1460 et
885 1421 1037 1476 reges
1065 1405 1360 1461 voluerunt
1400 1405 1586 1461 videre
1616 1422 1736 1478 quae
1765 1423 1863 1462 vos

258 1493 481 1563 videtis,
512 1500 564 1548 et
594 1509 705 1549 non
734 1492 1031 1559 viderunt;
1079 1501 1131 1549 et
1161 1494 1352 1551 audire
1393 1510 1515 1567 quae
1552 1493 1778 1565 auditis,
1808 1502 1862 1550 et

272 1600 384 1640 non
424 1583 724 1639 audierunt
758 1582 910 1655 (Luc.
940 1600 997 1650 χ,
1031 1582 1147 1655 24).

332 1684 522 1755 (Vers.
555 1683 636 1755 3.)
677 1685 751 1739 Et
803 1701 952 1738 nemo
1006 1683 1195 1755 dignus
1240 1684 1478 1740 inventus
1507 1692 1581 1740 est
1606 1702 1769 1756 neque
1806 1686 1863 1741 in

254 1774 403 1840 creto,
432 1789 593 1843 neque
638 1772 691 1827 in
742 1778 804 1827 te:
820 1789 904 1840 ra,
962 1790 1125 1843 neque
1170 1774 1349 1829 subtus
1404 1781 1602 1829 terram
1647 1775 1856 1845 aperire
1882 1780 1929 1840 B

258 1862 457 1917 librum
488 1867 534 1915 et
558 1862 758 1916 solvere
786 1862 1061 1932 signacula
1086 1862 1211 1931 ejus.
1262 1863 1461 1918 Nullus
1490 1879 1724 1935 namque
1753 1880 1863 1919 an-

257 1952 416 2023 gelus
445 1951 646 2007 coelum
678 1949 1017 2018 inhabitans,
1050 1952 1237 2007 nullus
1259 1950 1443 2022 justus
1471 1951 1530 2007 in
1561 1959 1703 2009 terra
1733 1969 1860 2008 con-

256 2040 482 2108 sistens,
518 2042 705 2096 nullus
733 2039 897 2095 etiam
930 2057 999 2095 ex
1028 2039 1097 2096 iis
1126 2040 1221 2113 qui
1252 2041 1447 2097 mortis
1468 2040 1712 2097 debitum
1741 2042 1863 2098 sol-

257 2138 476 2197 verant,
493 2129 552 2185 in
575 2130 783 2187 mundo
805 2148 1048 2205 unquam
1066 2133 1342 2205 apparuit,
1364 2134 1458 2206 qui
1482 2150 1651 2205 genus
1670 2133 1860 2190 huma-

255 2238 392 2277 num
423 2220 490 2277 de
516 2229 785 2293 potestate
814 2222 1022 2278 diaboli
1054 2224 1370 2294 redimeret,
1410 2240 1531 2299 quae
1556 2225 1862 2298 redemptio

250 2310 465 2382 apertio
494 2318 575 2367 est
606 2312 820 2367 Veteris
848 2312 1202 2368 Testamenti.

330 2408 514 2472 (Vers.
549 2406 628 2479 4.)
690 2411 764 2466 Et
796 2426 884 2480 ego
910 2410 1095 2481 ﬂebam
1129 2412 1377 2477 multum,
1425 2411 1677 2482 quoniam
1716 2429 1862 2469 nemo

248 2495 446 2567 dignus
479 2496 715 2553 inventus
760 2505 835 2553 est
887 2499 1097 2570 aperire
1129 2500 1343 2569 librum,
1384 2517 1473 2555 nec
1518 2502 1695 2556 videre
1723 2517 1857 2557 eum.

251 2587 496 2642 Joannes
540 2586 598 2642 in
642 2586 749 2644 hoc
778 2587 899 2644 loco
929 2605 1215 2661 personam
1246 2590 1384 2663 gerit
1412 2606 1602 2646 eorum
1634 2590 1702 2646 de
1726 2590 1862 2662 qui-

252 2675 363 2730 bus
414 2674 579 2730 modo
608 2674 876 2743 diximus,
936 2677 993 2734 id
1047 2687 1128 2735 est
1158 2686 1373 2750 patrum
1420 2679 1636 2736 Veteris
1664 2680 1862 2737 Testa-

254 2764 435 2820 menti
462 2782 477 2831 ;
530 2764 733 2821 ﬂebant
762 2766 909 2822 enim
940 2768 1115 2823 sancti
1145 2769 1405 2836 multum,
1437 2785 1504 2825 eo
1551 2768 1698 2841 quod
1728 2786 1863 2841 my-

252 2853 428 2908 steria
470 2852 877 2925 Scripturarum
936 2855 1042 2911 sibi
1100 2855 1421 2913 abscondita
1475 2858 1663 2913 nullus
1721 2864 1861 2913 esset

251 2941 354 3016 qui
410 2942 493 2999 eis
535 2944 933 3014 manife’staret,
985 2944 1284 3018 nullusque
1337 2954 1478 3003 esset
1539 2946 1632 3019 qui
1691 2962 1861 3019 genus

251 3032 565 3088 humanum
626 3033 901 3105 perditum
946 3034 1012 3091 de
1050 3042 1317 3107 potestate
1359 3035 1568 3092 diaboli
1624 3045 1857 3093 erueret.

1976 507 2091 562 lum
2122 506 2279 575 vicit,
2312 514 2365 562 et
2405 508 2605 563 electos
2635 524 2762 563 suos
2792 507 2860 563 ab
2890 507 3007 579 ejus
3033 516 3295 580 potestate
3335 510 3559 582 eripuit.

1976 595 2127 652 Vicit
2140 612 2269 673 ergo
2298 597 2381 651 leo
2403 596 2468 652 de
2498 597 2648 652 tribu
2667 597 2825 665 Juda,
2844 598 3004 653 radix
3023 597 3222 666 David,
3247 598 3566 668 diabolum;

1975 692 2036 739 ut
2064 684 2299 756 aperiret
2347 685 2549 741 librum
2592 694 2645 741 et
2691 694 2897 757 septem
2928 687 3207 758 signacula
3228 686 3389 759 ejus;
3440 688 3570 760 quia

1976 774 2119 831 liber
2143 791 2253 830 non
2283 784 2463 846 posset
2514 774 2734 846 aperiri,
2769 775 2876 831 nisi
2915 777 3067 846 prius
3096 777 3410 833 vinceretur
3437 778 3569 834 dia-

1973 866 2153 933 holus,
2182 883 2301 939 quae
2322 867 2556 923 victoria
2586 867 2796 937 apertio
2828 866 2933 922 fuit
2962 867 3177 922 Veteris
3209 868 3565 924 Testamenti.

1972 954 2260 1022 Quomodo
2284 965 2486 1028 septem
2516 956 2795 1028 signacula
2815 957 3107 1029 aperuerit,
3132 956 3191 1012 in
3208 956 3568 1030 sequentibus

1973 1045 2241 1101 dicemus.

2046 1142 2227 1213 (Vers.
2260 1142 2339 1213 6.)
2366 1145 2439 1199 Et
2468 1142 2578 1198 vidi
2608 1144 2663 1198 in
2687 1144 2851 1198 medio
2883 1144 3078 1209 throni,
3113 1150 3160 1198 et
3195 1150 3427 1213 quatuor
3452 1144 3567 1198 ani-

1972 1232 2216 1298 malium,
2245 1239 2292 1287 et
2328 1233 2614 1298 seniorum,
2661 1251 2854 1305 agnum
2884 1240 3103 1289 stantem
3140 1233 3294 1304 quasi
3323 1233 3567 1301 occisum,

1971 1323 2238 1378 habentem
2276 1341 2473 1379 cornua
2521 1330 2729 1394 septem,
2771 1330 2818 1377 et
2863 1326 3040 1379 oculos
3082 1330 3294 1395 septem,
3324 1324 3416 1393 qui
3448 1331 3573 1379 sunt

1972 1420 2160 1485 septem
2204 1413 2427 1483 spiritus
2483 1415 2600 1482 Dei,
2662 1414 2808 1469 missi
2854 1415 2908 1469 in
2961 1431 3163 1468 omnem
3213 1420 3275 1467 te:
3296 1431 3431 1468 ram.
3468 1413 3571 1469 Per

1977 1503 2235 1558 thronum
2289 1510 2342 1559 et
2394 1513 2627 1576 quatuor
2655 1504 2917 1559 animalia
2952 1512 3004 1559 et
3033 1504 3273 1559 seniores
3303 1519 3413 1558 una
3452 1504 3569 1559 Ec-

1973 1592 2138 1649 clesia
2158 1610 2283 1649 cum
2314 1594 2528 1649 cunctis
2557 1594 2671 1650 suis
2701 1594 2989 1649 ordinibus
3018 1594 3353 1666 designatur.
3379 1594 3570 1665 Agnus

1974 1700 2106 1739 vero
2154 1699 2266 1738 non
2305 1683 2537 1751 occisus,
2576 1683 2669 1739 sed
2710 1692 2967 1755 tanquam
3014 1683 3225 1739 occisus
3274 1682 3424 1739 visus
3452 1692 3566 1752 est;

1971 1775 2100 1849 quia
2135 1785 2363 1831 mortem
2396 1774 2453 1830 in
2491 1775 2728 1831 transitu
2761 1774 3022 1846 gustavit,
3067 1782 3119 1830 et
3150 1776 3311 1846 paulo
3338 1782 3461 1845 post
3489 1792 3567 1832 re-

1971 1883 2220 1938 surgens,
2256 1890 2274 1913 ι
2298 1864 2412 1937 jam
2443 1882 2553 1921 non
2585 1866 2839 1933 moritur,
2873 1882 3017 1920 mors
3049 1866 3131 1920 illi
3164 1866 3309 1921 ultra
3340 1881 3452 1920 non
3474 1864 3571 1921 do-

1972 1954 2276 2009 minabitur
2298 1954 2558 2023 (Rom.vr,
2574 1954 2653 2024 9);
2679 1980 2694 1999 -
2728 1955 2821 2025 qui
2852 1970 3059 2010 cornua
3081 1963 3286 2025 septem
3307 1962 3361 2010 et
3379 1953 3569 2010 oculos

1972 2049 2179 2114 septem
2218 2042 2473 2099 habuisse
2524 2043 2675 2098 visus
2704 2052 2804 2099 est.
2839 2043 2985 2111 Quid
3014 2044 3126 2099 sint
3155 2052 3338 2101 autem
3364 2052 3572 2116 septem

1971 2131 2140 2194 oculi.
2172 2133 2286 2205 ipse
2315 2134 2544 2205 exponit
2570 2150 2695 2190 cum
2723 2133 3009 2206 subjungit
3042 2152 3053 2188 :
3103 2134 3207 2201 Qui
3235 2140 3359 2188 sunt
3384 2140 3574 2205 septem

1970 2221 2192 2293 spiritus
2222 2221 2338 2290 Dei,
2366 2222 2515 2276 missi
2544 2222 2600 2276 in
2626 2239 2827 2277 omnem
2845 2228 3060 2278 terram.
3083 2223 3185 2277 Per
3214 2238 3421 2278 cornua
3442 2238 3573 2278 vero

1971 2328 2111 2384 saepe
2140 2328 2305 2384 regna
2331 2312 2708 2384 designantur.
2740 2312 3013 2369 Videntur
3045 2329 3173 2385 ergo
3218 2312 3357 2369 mihi
3405 2313 3570 2368 aliam

1972 2400 2431 2473 signiﬁcationem
2480 2402 2680 2457 habere
2734 2418 2963 2470 cornua,
3008 2402 3176 2458 aliam
3224 2402 3419 2469 oculi;
3477 2418 3573 2475 per

1972 2499 2178 2564 septem
2219 2508 2456 2564 namque
2507 2508 2714 2548 cornua
2761 2508 2954 2546 omnes
3000 2492 3160 2547 electi
3190 2490 3568 2562 designantur,

1972 2581 2067 2653 qui
2100 2597 2326 2652 regnum
2349 2581 2447 2636 Dei
2479 2590 2764 2649 vocantur,
2797 2596 3031 2652 quorum
3062 2595 3282 2635 omnem
3319 2579 3571 2635 multitu-

1971 2670 2157 2725 dinem
2212 2668 2464 2741 superius
2520 2671 2579 2724 in
2629 2676 2837 2740 septem
2895 2676 3073 2740 partes
3112 2667 3426 2723 divisimus.
3478 2668 3565 2725 Ad

1970 2752 2209 2834 primum
2237 2762 2405 2834 igitur
2433 2778 2606 2818 cornu
2645 2760 2805 2816 electi
2846 2760 2939 2833 qui
2982 2768 3110 2816 ante
3147 2758 3425 2816 diluvium
3456 2760 3571 2817 fue-

1971 2864 2122 2925 runt,
2153 2857 2429 2929 pertinent
2454 2874 2465 2912 :
2499 2855 2568 2911 ad
2590 2856 2890 2912 secundum
2923 2872 3052 2911 vero
3077 2855 3118 2910 ii
3149 2854 3242 2926 qui
3273 2862 3397 2927 post
3426 2854 3570 2911 dilu-

1970 2945 2124 3000 vium
2165 2962 2335 3017 usque
2377 2944 2445 3000 ad
2484 2944 2657 3017 legem
2689 2944 2911 3000 fuerunt
2946 2962 2958 2998 :
3008 2942 3075 2999 ad
3117 2942 3343 2999 tertium
3382 2949 3565 2999 autem

1972 3033 2011 3089 ii
2042 3034 2137 3108 qui
2169 3034 2271 3092 sub
2298 3036 2413 3107 lege
2443 3035 2668 3091 fuerunt
2702 3052 2712 3088 :
2745 3033 2813 3089 ad
2850 3041 3108 3105 quartum
3140 3032 3419 3104 prophetas
3449 3049 3461 3086 :
3499 3032 3569 3089 ad

250 3120 363 3177 Sed
396 3121 753 3194 quaerendum
810 3124 970 3180 nobis
1015 3133 1098 3182 est
1126 3142 1225 3181 cur
1250 3125 1419 3193 dicat,
1475 3125 1625 3182 hunc
1655 3125 1859 3181 librum
1891 3137 1941 3201 ρ
1972 3123 2229 3197 quintum
2255 3123 2293 3179 ii
2325 3124 2419 3197 qui
2450 3141 2519 3179 ex
2552 3122 2755 3179 Iudaeis
2781 3121 3134 3179 crediderunt
3157 3121 3216 3176 in
3246 3120 3564 3178 Christum:

250 3228 286 3266 a
341 3210 502 3266 nullo
553 3227 709 3283 posse
765 3211 964 3281 videri,
1014 3230 1141 3270 cum
1202 3215 1455 3286 superius
1521 3214 1670 3271 dicat
1714 3215 1862 3287 quod

248 3317 386 3357 eum
444 3300 504 3356 in
552 3300 779 3358 dextera
822 3302 1065 3359 sedentis
1118 3320 1282 3375 super
1324 3303 1585 3360 thronum
1636 3304 1858 3361 viderit.

250 3389 539 3447 Videbant
586 3407 825 3464 namque
873 3391 1088 3464 antiqui
1137 3393 1343 3459 Patres,
1394 3409 1629 3465 quorum
1666 3400 1863 3466 typum

248 3479 499 3535 Joannes
545 3478 604 3534 in
644 3479 750 3536 hoc
800 3480 921 3538 loco
968 3488 1139 3548 tenet,
1162 3481 1379 3538 Veteris
1417 3482 1752 3539 Testamenti
1784 3483 1863 3538 li—

248 3568 445 3636 brum,
481 3575 534 3623 et
572 3585 681 3623 non
714 3568 977 3626 videbant
1008 3588 1019 3625 :
1069 3570 1332 3627 videbant
1366 3572 1666 3627 secundum
1705 3572 1864 3628 litte-

250 3672 400 3723 ram,
444 3664 499 3712 et
542 3673 655 3713 non
686 3657 949 3715 videbant
971 3659 1276 3716 secundum
1307 3660 1613 3733 spiritalem
1644 3661 1863 3717 intelli-

252 3745 505 3817 gentiam
536 3746 653 3820 (45)
666 3791 678 3804 .

333 3847 518 3919 (Vers.
551 3848 631 3921 5.)
682 3851 757 3906 Et
804 3866 941 3904 unus
984 3850 1047 3906 de
1083 3850 1377 3907 senioribus
1407 3853 1547 3909 dixit
1580 3853 1707 3908 mihi
1739 3870 1757 3907 :
1789 3854 1865 3909 Ne

251 3939 485 4010 ﬂeveris.
537 3940 667 3997 Vicit
714 3942 790 3996 leo
831 3942 894 3996 de
928 3942 1071 3998 tribu
1099 3942 1265 4011 Iuda,
1298 3948 1443 4006 519
1471 3944 1636 3999 radix
1665 3944 1860 4010 David,

252 4036 475 4108 aperire
504 4037 718 4106 librum,
766 4046 816 4094 et
844 4041 1042 4095 solvere
1069 4048 1258 4112 septem
1288 4043 1561 4114 signacula
1590 4042 1723 4113 ejus.
1754 4043 1864 4099 Vi-

252 4123 426 4182 detur
475 4125 612 4181 mihi
652 4127 898 4184 eamdem
948 4129 1410 4202 signiﬁcationem
1442 4131 1641 4188 habere
1670 4131 1863 4187 senio-

256 4231 404 4283 rem,
451 4231 616 4288 quam
656 4225 711 4273 et
759 4219 1049 4285 Joannem,
1081 4236 1242 4292 quam
1274 4221 1440 4276 etiam
1472 4222 1724 4293 angelum
1758 4222 1863 4277 for-

254 4314 412 4371 tem;
474 4305 747 4378 signiﬁcat
796 4308 946 4363 enim
995 4310 1181 4364 Patres
1227 4310 1445 4366 Veteris
1506 4311 1861 4367 Testamenti.

254 4394 508 4467 Angelus
546 4412 782 4469 namque
814 4396 978 4452 fortis
1014 4397 1315 4469 interrogat
1344 4398 1469 4470 quis
1496 4407 1637 4456 esset
1666 4400 1866 4472 dignus

1971 3212 2038 3269 ad
2070 3221 2287 3269 sextum
2346 3215 2582 3285 populus
2633 3211 2856 3284 gentilis
2889 3229 2901 3266 :
2942 3210 3011 3266 ad
3041 3209 3339 3283 septimum
3370 3226 3501 3266 vero
3530 3210 3570 3266 ii

1972 3304 2066 3377 qui
2112 3302 2171 3358 in
2210 3302 2320 3359 ﬁne
2344 3303 2538 3359 mundi
2571 3302 2834 3359 nascituri
2862 3308 3012 3368 sunt,
3043 3309 3097 3356 et
3123 3317 3251 3357 cum
3279 3299 3573 3357 Antichri-

1971 3400 2056 3449 sto
2086 3392 2411 3464 pugnaturi.

2046 3490 2229 3561 (Vers.
2262 3489 2340 3559 7.)
2378 3492 2451 3545 Et
2479 3489 2635 3556 venit,
2682 3495 2730 3543 et
2784 3488 2979 3558 accepit
3017 3487 3213 3543 librum
3263 3488 3326 3542 de
3352 3487 3572 3543 dextera

1972 3579 2197 3634 sedentis
2245 3596 2407 3652 super
2451 3581 2719 3635 thronum.
2751 3577 3014 3650 Superius
3042 3576 3290 3632 diximus
3318 3576 3457 3647 (cap.
3492 3594 3571 3644 ιν,

1972 3688 2106 3726 vers.
2140 3670 2197 3741 2)
2244 3688 2338 3743 per
2373 3670 2652 3728 sedentem
2697 3672 2755 3727 in
2784 3670 2987 3726 throno
3013 3669 3297 3727 Christum
3325 3668 3573 3740 designa-

1970 3766 2089 3815 tum
2122 3760 2292 3817 fuisse
2325 3779 2336 3815 :
2371 3760 2464 3817 sed
2494 3760 2621 3833 quia
2656 3759 2767 3832 ipse
2796 3759 2941 3817 dixit
2976 3778 2987 3815 :
3035 3783 3053 3806 ι
3081 3759 3198 3829 Ego
3229 3757 3287 3813 in
3311 3758 3495 3825 Patre;
3522 3766 3577 3814 et

1972 3852 2129 3907 Pater
2163 3850 2220 3906 in
2251 3867 2335 3906 me
2362 3858 2462 3918 est,
2522 3858 2576 3905 et
2622 3850 2716 3922 qui
2763 3848 2913 3904 videt
2944 3864 3050 3916 me,
3084 3847 3233 3903 videt
3275 3856 3330 3903 et
3358 3848 3572 3904 Patrem

1976 3940 2155 4012 (Joan.
2187 3956 2308 4008 xxv,
2335 3940 2419 4007 lO,
2449 3940 2505 4011 9)
2534 3958 2547 4005 ;
2608 3964 2626 3987 ι
2690 3940 2746 3993 in
2778 3939 2884 3995 hoc
2914 3939 3031 3993 loco
3060 3936 3254 3993 sedens
3282 3936 3339 3990 in
3370 3937 3573 3993 throno

1972 4030 2187 4087 Patrem
2240 4028 2488 4103 designat
2541 4048 2553 4086 :
2605 4029 2831 4085 dextera
2875 4044 3007 4083 vero
3036 4026 3213 4082 Patris
3239 4026 3413 4080 Filius
3442 4032 3524 4080 est
3556 4043 3568 4080 :

1972 4136 2145 4192 agnus
2171 4127 2356 4176 autem
2386 4120 2691 4187 hominem,
2741 4134 2902 4190 quem
2951 4116 3203 4173 Christus
3253 4113 3570 4185 assumpsit,

1974 4209 2240 4283 designat.
2292 4211 2481 4282 Agnus
2524 4227 2651 4282 ergo
2704 4208 2908 4264 librum
2964 4206 3031 4263 de
3078 4206 3304 4262 dextera
3328 4205 3573 4262 sedentis

1973 4316 2137 4371 super
2179 4300 2443 4355 thronum
2474 4298 2719 4371 accepit;
2759 4296 2889 4370 quia
2920 4296 3088 4353 homo
3118 4294 3371 4352 Christus
3406 4312 3438 4351 a
3466 4312 3566 4351 sua

1974 4387 2266 4444 divinitate
2303 4391 2533 4459 accepit,
2589 4395 2650 4444 ut
2696 4392 3035 4443 sacramenta
3063 4383 3383 4441 divinarum
3411 4384 3571 4442 Scri-

253 4500 477 4557 apenre
504 4485 707 4541 librum
734 4505 745 4542 :
782 4486 1019 4544 Joannes
1047 4488 1159 4555 ﬂet,
1192 4504 1256 4545 eo
1273 4488 1420 4561 quod
1451 4490 1638 4546 nullus
1662 4492 1863 4562 dignus
1891 4492 1941 4551 D
1972 4484 2258 4549 Ptummm
2287 4486 2572 4534 reseraret-

254 4582 405 4632 esset
451 4575 661 4646 aperire
697 4576 898 4632 librum
936 4595 948 4633 :
991 4577 1175 4634 senior
1222 4595 1354 4634 vero
1400 4579 1558 4647 dicit,
1591 4581 1733 4650 quod
1767 4598 1863 4653 per

258 4667 502 4733 leonem,
566 4664 623 4720 id
678 4674 758 4721 est
830 4682 924 4739 per
978 4666 1280 4736 Christum,
1346 4669 1673 4743 aperiendus
1726 4678 1866 4728 esset

258 4754 428 4811 liber.
476 4754 580 4810 Per
621 4756 876 4828 angelum
935 4757 1105 4830 igitur
1151 4758 1349 4815 fortem
1397 4758 1455 4816 hi
1485 4760 1863 4835 designantur,

256 4843 385 4917 qui,
431 4842 807 4901 desiderantes
853 4848 1153 4904 adventum
1195 4848 1425 4918 Christi,
1456 4850 1868 4924 interrogabant

255 4949 376 5006 quo
404 4940 648 5006 tempore
676 4944 947 4992 venturus
973 4944 1114 4993 esset
1172 4955 1183 4993 :
1242 4938 1479 4994 Joannes
1508 4956 1639 4995 vero
1667 4956 1758 4996 eos
1795 4940 1867 4996 si-

256 5021 490 5096 gniﬁcat
542 5023 636 5097 qui
668 5023 892 5094 ﬂebant,
932 5042 996 5081 eo
1028 5025 1175 5099 quod
1205 5034 1359 5082 tanto
1399 5036 1640 5100 tempore
1671 5028 1866 5084 tarda-

259 5118 351 5168 ret
381 5128 395 5166 :
434 5111 621 5167 senior
647 5120 828 5169 autem
861 5114 1155 5186 prophetas
1178 5115 1448 5187 designat,
1471 5117 1566 5189 qui
1599 5117 1865 5178 dixerunt

257 5216 379 5273 quo
408 5198 572 5255 modo
598 5209 653 5256 et
681 5218 792 5274 quo
828 5210 1074 5275 tempore
1116 5211 1384 5259 venturus
1425 5215 1583 5262 esset.
1628 5208 1729 5262 Per
1757 5208 1865 5265 leo-

259 5304 394 5346 nem
442 5289 614 5361 igitur
642 5290 710 5346 de
737 5290 888 5348 tribu
917 5292 1057 5349 Iuda
1085 5292 1340 5351 Christus
1373 5293 1725 5368 intelligitur,
1769 5296 1863 5369 qui

258 5394 333 5436 ex
366 5376 520 5435 tribu
572 5378 714 5436 Juda
754 5390 808 5438 et
859 5381 1116 5455 progenie
1169 5381 1345 5439 David
1392 5391 1547 5439 ortus
1602 5393 1702 5441 est.
1757 5385 1865 5442 Leo

2046 4577 2227 4648 (Vers.
2257 4578 2338 4646 8.)
2380 4579 2453 4633 Et
2489 4594 2606 4632 cum
2631 4577 2922 4648 aperuisset
2953 4576 3169 4646 librum,
3197 4581 3431 4646 quatuor
3458 4576 3575 4631 ani-

1973 4665 2139 4721 malia
2175 4675 2222 4721 et
2276 4667 2460 4736 viginti
2513 4671 2744 4736 quatuor
2789 4666 3019 4721 seniores
3064 4665 3360 4721 ceciderunt
3393 4680 3577 4720 coram

1974 4755 2124 4825 Agna
2170 4756 2407 4810 habentes
2463 4755 2660 4827 singuli
2713 4755 2968 4823 citharas,
3017 4762 3065 4810 et
3112 4755 3328 4826 phialas
3377 4771 3575 4810 aureas

1969 4844 2155 4915 plenas
2208 4843 2688 4911 odoramentorum,
2733 4862 2850 4914 qua:
2900 4851 3023 4899 sunt
3055 4843 3321 4899 orationes
3350 4849 3577 4899 sancto-

1975 4931 2489 4998 rum.Quaerendum
2516 4932 2675 4989 nobis
2706 4942 2808 5001 est,
2827 4933 3105 5006 quomodo
3133 4940 3260 4988 ante
3290 4929 3572 4988 reseratio-

1973 5037 2097 5077 nem
2129 5021 2436 5094 sigillorum
2467 5023 2607 5079 liber
2633 5023 2832 5095 aperiri
2859 5023 3117 5095 potuerit.
3148 5022 3254 5079 Sed
3274 5021 3573 5094 spirituali-

1971 5121 2057 5169 ter
2085 5114 2504 5187 intelligendum
2535 5123 2637 5172 est.
2686 5115 2972 5188 Prophetze
3004 5131 3239 5188 namque
3268 5114 3567 5169 adventum

1972 5200 2198 5273 Christi,
2224 5204 2533 5277 passionem
2553 5212 2608 5261 et
2629 5205 3084 5262 resurrectionem
3106 5204 3246 5275 ejus,
3268 5197 3568 5274 aliquando

1973 5308 2069 5364 per
2140 5294 2398 5367 quasdam
2466 5294 2688 5367 ﬁguras,
2738 5294 3037 5369 aliquando
3085 5291 3288 5362 apertis
3340 5286 3573 5343 vocibus

1973 5388 2394 5460 praedixerunt:
2451 5391 2547 5449 sed
2602 5400 2657 5449 et
2704 5388 3026 5463 patriarchae
3081 5388 3139 5443 in
3184 5386 3300 5443 suis
3356 5383 3573 5443 actibus

341 5589 462 5674 (ξιξ)
516 5593 599 5650 Ita
628 5608 783 5664 mss;
826 5593 961 5654 edit.
1023 5611 1176 5667 vero,
1234 5596 1421 5654 veteris
1468 5599 1778 5659 Testamenti
1831 5598 2048 5664 librum.
2105 5609 2152 5663 et
2207 5620 2314 5664 non
2357 5604 2599 5667 videbant
2650 5603 2932 5662 secundum
2990 5601 3323 5674 spirituatem
3369 5603 3576 5665 intelli-

264 5663 520 5735 gentiam.
