4068 6182
573 329 685 405 ,891

1608 329 1706 383 ΑΙ)
1745 324 1980 383 OPERA
2016 324 2072 381 S.
2107 323 2442 382 AMBROSII
2480 325 2863 382 APPENDIX.
3708 342 3787 401 392

584 452 702 511 haec
730 453 917 510 omnia
969 452 1476 524 praeﬁguraverunt.
1529 449 1783 508 Christus
1812 467 1943 507 vero
1972 449 2192 525 quando
2227 452 2278 511 A
2305 457 2625 518 sueverunt,
2658 450 2804 508 sicut
2830 448 2969 505 dicit
2998 448 3313 505 Psalmista:
3356 474 3374 499 ‹
3401 451 3688 515 Sacriﬁcium
3707 464 3789 521 Deo

583 563 653 603 ex
685 547 913 618 Virgine
941 552 1102 599 natus
1130 550 1232 612 est,
1279 541 1499 616 quando
1528 558 1717 614 passus
1748 549 1850 609 est,
1899 548 1953 597 et
1997 557 2190 597 resur-

584 637 750 703 rexit,
786 642 839 689 et
892 633 950 688 in
998 634 1197 689 cmlum
1229 630 1496 697 ascendit,
1554 630 1753 686 librum
1802 630 2018 687 Veteris
2063 631 2187 685 Tes-

582 723 811 779 tamenti
865 722 1122 794 aperuit;
1194 721 1326 795 quia
1384 738 1504 794 quae
1562 721 1639 776 ibi
1711 720 2184 792 signiﬁcabantur,

579 826 742 883 opere
768 812 1021 883 implevit
1049 818 1269 883 :postea
1298 828 1430 867 vero
1459 828 1521 866 ea
1546 827 1665 884 qua:
1695 811 1755 866 in
1785 812 1969 867 Veteri
1991 811 2187 866 Testa-

580 910 767 958 mento
797 902 1029 957 obscura
1044 909 1203 958 erant
1229 909 1283 957 et
1313 901 1371 956 in
1400 902 1575 969 Novo,
1590 901 1909 957 doctoribus
1926 902 2185 958 Ecclesia

578 1009 675 1065 per
709 990 1126 1063 inspirationem
1161 990 1403 1063 Spiritus
1419 992 1590 1047 sancti
1610 991 1995 1063 aperuit.Quae
2025 1008 2181 1063 aper-

579 1082 657 1137 tio
694 1082 955 1138 reseratio
984 1090 1066 1137 est
1097 1081 1431 1154 sigillorum.
1468 1081 1626 1149 Quod
1680 1090 1862 1136 autem
1908 1082 2177 1164 sequittlr,

577 1171 725 1245 quod
755 1180 993 1245 quatuor
1020 1172 1282 1227 animalia
1320 1178 1374 1228 et
1420 1170 1621 1244 viginti
1658 1182 1895 1243 quatuor
1940 1171 2183 1227 seniores

575 1261 901 1318 ceciderunt
915 1278 1099 1319 coram
1124 1263 1303 1334 Agno,
1323 1261 1388 1317 ad
1412 1261 1633 1317 eosdem
1656 1262 1907 1317 doctores
1923 1262 2183 1319 Ecclesiae

577 1351 844 1424 pertinet;
889 1352 1104 1423 quoties
1141 1350 1289 1406 enim
1342 1350 1711 1418 nativitatem,
1758 1351 2089 1422 passionem,
2130 1358 2184 1407 et

576 1442 1033 1497 resurrectionem
1082 1440 1307 1496 Domini
1337 1441 1405 1497 ad
1455 1440 1775 1497 memoriam
1808 1441 2101 1509 reducunt,
2130 1450 2183 1497 et

572 1530 997 1604 quibuscunque
1023 1530 1202 1586 modis
1250 1530 1369 1587 haec
1398 1547 1429 1586 a
1458 1531 1662 1586 sanctis
1712 1530 1961 1602 patribus
2006 1530 2181 1603 praeﬁ-

578 1627 791 1693 gurata,
821 1627 874 1675 et
904 1636 935 1675 a
969 1620 1253 1692 prophetis
1275 1620 1534 1692 praedicta
1563 1628 1714 1689 sunt,
1742 1621 2023 1677 recolunt:
2049 1637 2181 1694 quo-

576 1710 895 1782 tiescunque
949 1709 1067 1765 haec
1110 1726 1231 1782 quae
1275 1710 1333 1765 in
1392 1711 1699 1782 Evangelio
1738 1710 1968 1767 obscure
2001 1711 2179 1782 posita

2294 538 2525 612 spiritus
2555 541 2962 596 contribulatus
2996 540 3171 611 (Psal.
3205 558 3262 609 ι,
3301 542 3426 615 19).»
3467 546 3577 603 Sive
3600 554 3789 610 sacerdo~

2294 638 2375 686 tes
2405 630 2504 686 Dei
2534 629 2819 698 dicuntur,
2843 647 2906 687 eo
2928 635 3071 692 520
3095 630 3240 703 quod
3271 634 3495 691 membra
3521 638 3615 696 sint
3639 653 3792 710 summi

2296 725 2606 782 Sacerdotis
2652 725 2718 782 de
2764 744 2873 799 quo
2909 727 3048 785 dicit
3076 728 3359 785 Psalmista
3390 748 3400 785 :
3445 756 3461 778 ι
3491 733 3561 789 Tu
3586 752 3633 791 es
3656 737 3792 796 Sacer-

2294 812 2392 869 dos
2435 814 2492 870 in
2544 822 2831 885 aeternum,
2871 817 3172 874 secundum
3205 817 3445 877 ordinem
3473 822 3795 886 Melchisedech

2297 901 2470 974 (Psal.
2508 922 2611 972 cxx,
2645 904 2725 976 4).
2762 930 2779 954 ι

2365 992 2546 1062 (Vers.
2583 995 2667 1061 11,
2704 994 2814 1067 12.)
2848 997 2921 1051 Et
2946 996 3056 1051 vidi
3083 1002 3133 1050 et
3158 996 3339 1051 audivi
3366 1015 3525 1055 vocem
3546 1005 3796 1073 angelorum

2291 1083 2580 1137 multorum
2607 1084 2661 1137 in
2703 1084 2930 1140 circuitu
2956 1086 3152 1154 throni,
3182 1093 3230 1141 et
3249 1089 3524 1158 seniorum,
3556 1098 3599 1145 et
3624 1101 3799 1162 quatuor

2290 1171 2606 1226 animalium
2638 1189 2655 1226 .'
2687 1178 2736 1227 et
2779 1180 2895 1229 erat
2931 1191 3183 1230 numerus
3211 1192 3389 1230 eorum
3414 1177 3573 1233 millia
3608 1180 3802 1249 millium,

2290 1260 2571 1315 dicentium
2600 1278 2717 1316 voce
2744 1278 2938 1334 magna
2967 1279 2986 1318 .·
3025 1264 3229 1334 Dignus
3275 1271 3347 1319 est
3375 1282 3550 1337 agnus,
3578 1269 3661 1337 qui
3696 1271 3801 1325 occi-

2289 1367 2379 1405 sus
2407 1357 2498 1419 est,
2524 1351 2756 1423 accipere
2799 1357 3062 1423 virtutem,
3115 1361 3165 1411 et
3212 1356 3549 1426 divinitatem,
3591 1366 3633 1415 et
3656 1361 3806 1431 sapien-

2291 1443 2440 1511 tiam,
2459 1449 2506 1497 et
2523 1442 2913 1515 fortitudinem,
2934 1454 2983 1502 et
3009 1448 3280 1515 honorem,
3299 1454 3347 1503 et
3370 1450 3604 1520 gloriam,
3630 1458 3672 1505 et
3694 1451 3807 1506 bene-

2288 1540 2694 1598 dictionem.Per
2710 1541 2993 1611 thronum,
3012 1552 3065 1601 et
3085 1550 3323 1616 quatuor
3337 1544 3660 1614 animalia,et
3681 1547 3808 1604 senio-

2288 1647 2374 1687 res
2402 1633 2663 1688 universa
2685 1633 2931 1689 Ecclesia
2966 1651 3091 1690 cum
3121 1636 3236 1692 suis
3263 1634 3572 1693 doctoribus
3621 1637 3807 1711 designa-

2286 1727 2378 1776 tur
2410 1739 2421 1777 :
2456 1724 2637 1795 angeli
2670 1739 2802 1779 vero
2836 1767 2851 1793 ,
2883 1724 2977 1797 qui
3009 1724 3300 1795 thronum,
3332 1726 3390 1782 id
3431 1735 3511 1783 est
3554 1727 3811 1795 Ecclesiam,

573 1808 724 1867 811m,
774 1798 1252 1889 ίηνθδβίὲδτθᾲηρη
1284 1798 1564 1867 ἀθείηιιηῐ,
1594 1800 1757 1856 toties
1795 1800 1875 1856 Bis
1920 1800 2062 1856 liber
2108 1800 2177 1857 Si’
2210 1807 2256 1868 B
2284 1809 2525 1868 cinxisse
2555 1812 2661 1868 visi
2709 1821 2859 1883 sunt,
2902 1815 3081 1887 angeli
3137 1824 3269 1873 sunt
3321 1815 3417 1889 qui
3461 1816 3526 1871 ad
3571 1817 3810 1872 custodiam

573 1895 768 1959 gnatus
794 1886 1056 1958 aperitur.
1094 1887 1312 1944 Cadunt
1343 1904 1472 1944 vero
1495 1905 1677 1945 coram
1706 1890 1883 1960 Agno,
1914 1906 2040 1946 cum
2073 1905 2169 1963 per

573 1976 990 2032 meditationem
1026 1975 1341 2033 divinarum
1380 1978 1787 2050 Scripturarum
1819 1978 2167 2035 consideran-

571 2075 654 2123 tes
707 2067 1032 2125 immensam
1086 2068 1433 2125 clementiam
1492 2069 1614 2137 Dei,
1671 2068 1972 2125 humiliant
2011 2085 2068 2125 se
2109 2070 2167 2125 in

571 2178 598 2214 ς
626 2165 868 2230 aspectu
924 2159 1185 2214 creatoris
1237 2158 1323 2213 sui
1362 2176 1373 2214 :
1418 2167 1473 2214 et
1529 2166 1734 2232 quanto
1763 2174 1820 2214 se
1850 2175 1946 2230 per
1973 2158 2169 2215 humi-

573 2247 786 2303 litatem
818 2247 1107 2320 dejiciunt,
1152 2252 1333 2305 tantOt
1361 2248 1599 2319 amplius
1658 2248 1717 2303 in
1776 2264 2019 2304 amorem
2052 2246 2170 2320 ejus

571 2338 939 2395 exardescunt
971 2355 984 2404 ;
1017 2338 1147 2411 quia
1200 2337 1489 2393 humilitas
1530 2354 1651 2410 qua:
1682 2336 1744 2393 ﬁt
1784 2337 1840 2392 in
1871 2346 2169 2410 conspectu

568 2427 689 2495 Dei,
723 2427 899 2483 nutrit
942 2443 1186 2483 amorem
1216 2427 1336 2483 Dei.
1395 2427 1498 2483 Per
1548 2426 1787 2484 citharas
1833 2438 2016 2485 autem
2047 2444 2168 2501 quae

568 2515 829 2572 animalia
856 2523 911 2571 et
939 2516 1184 2571 seniores
1214 2515 1470 2572 habuisse
1497 2515 1781 2582 dicuntur,
1812 2517 2168 2575 mortificatio

568 2605 751 2663 carnis
791 2604 1131 2677 designatur,
1162 2605 1307 2661 sicut
1347 2604 1486 2661 dicit
1532 2607 1869 2679 Apostolus:
1932 2631 1950 2654 ι
1979 2606 2165 2662 Morti-

567 2695 726 2751 ﬁcate
756 2693 1004 2749 membra
1041 2702 1222 2750 vestra
1256 2710 1376 2767 quae
1407 2701 1536 2751 sunt
1562 2711 1726 2768 super
1739 2703 1965 2764 terram,
1996 2695 2164 2751 forni-

570 2783 865 2851 cationem,
897 2782 1334 2850 immunditiam,
1358 2784 1694 2852 avaritiam;
1735 2789 1791 2839 et
1817 2792 2013 2840 caetera
2041 2783 2165 2857 (Co-

572 2873 692 2930 loss.
729 2891 811 2942 In,
844 2874 926 2943 5).
973 2873 1179 2929 Phialae
1219 2888 1350 2929 vero
1378 2890 1556 2931 aureae
1591 2875 1758 2931 corda
1785 2884 1916 2932 sunt
1952 2882 2163 2932 sancto-

569 2978 713 3030 rum,
773 2964 1011 3033 spiritali
1052 2963 1326 3035 sapientia
1355 2965 1584 3037 repleta,
1629 2980 1750 3037 quae
1788 2965 2165 3022 odoramentis

568 3050 729 3122 plena
758 3050 927 3107 fuisse
957 3051 1240 3109 dicuntur.
1272 3053 1416 3120 Quid
1442 3053 1554 3109 sint
1574 3061 1757 3109 autem
1784 3053 2159 3124 odoramenta,

2278 1902 2709 1959 EcclesiaaaDeo
2737 1904 2995 1961 destinati
3026 1913 3177 1975 sunt,
3195 1905 3341 1962 sicut
3372 1906 3567 1961 Paulus
3596 1908 3815 1978 apostolus

2274 1990 2544 2062 loquitur,
2585 1990 2775 2049 dicens
2810 2010 2822 2048 :
2871 2018 2889 2040 ι
2921 1994 3116 2050 Nonne
3173 2010 3369 2050 omnes
3425 1994 3814 2051 administratorii

2277 2089 2408 2137 sunt
2438 2082 2688 2153 spiritus,
2725 2083 2781 2139 in
2818 2084 3190 2141 ministerium
3226 2084 3384 2141 missi
3410 2095 3619 2158 propter
3645 2087 3815 2159 eos,qui

2278 2168 2659 2228 haereditatem
2707 2175 2937 2246 capiunt
2994 2175 3191 2231 salutis
3224 2176 3415 2247 (Hebr.
3462 2194 3500 2245 ι,
3544 2176 3656 2241 ibi?
3692 2202 3707 2224 ι
3749 2178 3821 2233 Per

2277 2261 2584 2317 maximum
2613 2272 2796 2320 autem
2828 2282 3119 2321 numerum
3149 2281 3347 2322 eorum
3381 2266 3663 2322 multitudo
3688 2266 3820 2321 innu-

2278 2355 2560 2412 merabilis
2588 2357 2907 2429 designatur
2935 2358 3029 2430 qui
3058 2359 3284 2430 Agnum
3319 2375 3516 2433 magna
3544 2375 3665 2415 voce
3688 2358 3820 2414 bene-

2276 2445 2460 2502 dicere
2488 2446 2782 2516 dicuntur;
2844 2448 2974 2522 quia
3001 2448 3069 2504 ad
3102 2465 3457 2522 quascunque
3496 2449 3662 2505 oﬂicia
3686 2448 3820 2519 angeli

2279 2528 2553 2604 explenda
2577 2534 2945 2605 destinantur,
2978 2553 3010 2592 a
3039 2536 3307 2593 laudibus
3325 2536 3428 2593 Dei
3461 2553 3717 2613 nunquam
3743 2552 3823 2593 ces~

2279 2630 2431 2678 sant:
2474 2631 2528 2678 et
2556 2624 2699 2681 sicut
2732 2625 2823 2683 hic
2855 2627 2994 2682 liber
3024 2626 3082 2682 in
3112 2627 3434 2699 septenario
3475 2643 3689 2682 numero
3716 2631 3824 2680 totus

2274 2711 2550 2781 consistit,
2595 2714 2789 2787 utique
2835 2724 3041 2789 septem
3089 2716 3239 2771 dona
3281 2714 3524 2788 Spiritus
3563 2714 3718 2771 sancti
3741 2729 3829 2785 pro

2273 2800 2440 2872 pheta
2469 2802 2527 2857 in
2558 2802 2838 2860 Christum
2869 2804 3204 2877 requievisse
3248 2804 3432 2872 dicit;
3468 2805 3543 2859 ita
3570 2812 3620 2859 et
3665 2809 3826 2874 septem

2272 2890 2683 2949 benedictiones
2716 2893 2773 2948 in
2797 2892 2903 2949 hoc
2933 2894 3053 2949 loco
3086 2900 3409 2965 ponuntur,
3433 2893 3631 2967 quibus
3663 2891 3831 2949 assidue

2273 2980 2453 3053 angeli
2483 2983 2658 3038 Deum
2688 2981 2910 3038 laudare
2942 2981 3231 3039 dicuntur.

2346 3070 2529 3141 (Vers.
2566 3071 2679 3143 13.)
2712 3072 2786 3127 Et
2812 3088 3014 3127 omnem
3040 3078 3357 3129 creaturam
3385 3090 3505 3146 quae
3555 3075 3607 3129 in
3634 3072 3740 3128 calo
3765 3074 3830 3135 est,

566 3138 682 3211 ipse
710 3142 959 3212 exponit,
1017 3158 1143 3198 cum
1183 3142 1490 3216 subjungit,
1552 3161 1670 3216 quas
1714 3152 1838 3201 sunt
1896 3146 2162 3202 orationes
2192 3171 2234 3230 ο
2269 3163 2319 3212 ει
2498 3158 2552 3212 in
2583 3138 2745 3226 ιενᾷοα,
2777 3166 2824 3213 ει
2865 3177 2981 3231 qua;
3007 3161 3191 3215 subtus
3246 3138 3476 3231 εει-ωἰη,
3542 3168 3588 3217 ει
3613 3177 3719 3231 qm;
3738 3162 3832 3211 sunt

566 3234 889 3285 sanctorum.
921 3231 993 3287 Et
1011 3238 1073 3287 ut
1097 3231 1213 3289 hac
1241 3232 1599 3289 odoramenta
1641 3233 1711 3289 ad
1750 3235 1924 3290 Deum
1972 3250 2156 3291 ascen-

564 3316 718 3388 dant,
759 3320 1020 3376 Palmista
1068 3328 1344 3394 precatur,
1397 3338 1524 3379 cum
1578 3322 1763 3380 dicit:
1814 3348 1832 3372 ι
1874 3323 2160 3396 Dirigatur

442 3397 461 3409 ’
562 3408 738 3464 oratio
776 3426 917 3479 mea,
948 3411 1091 3468 sicut
1112 3411 1423 3481 incensum,
1442 3412 1500 3468 in
1531 3420 1826 3485 conspectu
1851 3422 1947 3469 tuo
1979 3414 2153 3485 (Psal.

560 3514 686 3565 CXL,
715 3498 795 3569 2).
831 3524 851 3547 ι

635 3595 819 3666 (Vers.
850 3597 932 3667 9.)
955 3599 1030 3653 Et
1054 3599 1341 3654 cantabant
1373 3600 1636 3655 canticum
1682 3617 1877 3656 novum
1911 3602 2152 3658 dicentes.

561 3682 806 3754 Populus
833 3701 1014 3741 novus
1050 3688 1327 3744 canticum
1368 3706 1575 3744 novum
1616 3698 1839 3757 cantat;
1877 3691 2155 3747 canticum

561 3787 768 3827 novum
799 3774 1076 3832 canticum
1106 3785 1189 3832 est
1215 3778 1526 3850 Evangelii,
1558 3779 1796 3850 «Dignus
1824 3796 1901 3849 es,
1920 3780 2155 3837 Domine

558 3865 724 3933 Deus,
756 3866 1003 3938 accipere
1048 3868 1274 3938 librum,
1303 3878 1359 3926 et
1386 3869 1596 3942 aperire
1635 3870 1915 3943 signacula
1951 3870 2088 3943 ejus.
2121 3895 2139 3920 ι

559 3952 676 4009 Hoc
723 3956 871 4028 quod
917 3956 1073 4025 dicit,
1128 3958 1196 4014 ad
1248 3957 1649 4016 humanitatem
1707 3957 1827 4031 ejus
1872 3960 2149 4032 pertinet;

558 4057 687 4099 nam
721 4046 1022 4103 secundum
1063 4046 1411 4105 divinitatem
1462 4046 1605 4104 nihil
1654 4048 1902 4121 accipere
1950 4049 2149 4122 potuit,

557 4133 688 4205 quia
715 4136 903 4193 omnia
931 4154 1145 4211 semper
1164 4137 1378 4195 habuit.
1413 4137 1525 4196 Cur
1552 4148 1736 4195 autem
1764 4138 1966 4210 dignus
1985 4139 2155 4195 fuerit

555 4221 802 4293 accipere
832 4225 1059 4296 librum,
1096 4235 1149 4283 et
1179 4229 1393 4285 solvere
1439 4226 1719 4299 signacula
1747 4227 1888 4299 ejus,
1917 4228 2152 4285 subden-

557 4307 629 4365 do
676 4315 1031 4374 manifestat:
1094 4319 1357 4385 Quoniam
1396 4318 1595 4373 occisus
1644 4335 1716 4386 es,
1776 4324 1825 4371 et
1886 4319 2152 4374 redemisti

552 4416 650 4453 nos
678 4401 785 4457 Deo
812 4404 870 4457 in
898 4406 1152 4477 sanguine
1183 4414 1269 4462 tuo
1294 4424 1360 4462 ea:
1387 4407 1531 4462 omni
1561 4407 1723 4475 tribu,
1766 4413 1814 4462 et
1852 4409 2073 4479 populo,
2104 4414 2152 4462 et

555 4488 910 4591 ημιὶοτῖεᾟὶο
935 4494 1274 4553 demonstrat
1298 4513 1368 4553 ex
1396 4496 1655 4553 omnibus
1686 4497 1941 4569 gentibus
1964 4498 2149 4555 Eccle-
2176 4532 2224 4591 D

554 4575 693 4633 sian
723 4578 893 4637 fuisse
921 4583 1241 4652 collectam;
1299 4601 1426 4641 nam
1453 4586 1679 4642 fuerunt
1708 4586 1934 4659 quidam
1980 4586 2149 4644 haere-

556 4666 677 4737 tici,
707 4668 803 4741 qui
834 4669 941 4727 hoc
969 4683 1330 4744 negaverunt.

627 4765 809 4837 (Vers.
846 4768 961 4841 10.)
1009 4773 1084 4828 Et
1109 4771 1279 4843 fecisti
1329 4791 1425 4830 nos
1473 4776 1582 4831 Deo
1632 4782 1815 4831 nostra
1862 4793 2082 4850 regnum
2106 4784 2154 4833 et

552 4857 864 4924 sacerdotes,
892 4865 940 4914 et
967 4863 1263 4931 regnabant
1300 4881 1460 4937 super
1505 4871 1702 4921 terram
1749 4864 1887 4939 (46).
1946 4866 2002 4923 Si
2032 4883 2151 4922 san-

551 4945 626 5001 cti
660 4947 759 5003 Dei
791 4963 1020 5020 regnum
1050 4951 1152 5008 Dei
1180 4961 1330 5022 sunt,
1360 4955 1637 5028 quomodo
1657 4972 1819 5027 super
1839 4963 2062 5025 terram,
2094 4956 2151 5012 id

552 5045 652 5108 est,
685 5048 929 5096 sanctam
978 5042 1282 5099 Ecclesiam
1338 5060 1564 5118 regnare
1602 5045 1915 5103 dicuntur?
1963 5046 2148 5103 Sancti

553 5143 681 5201 ergo
703 5130 803 5187 Dei
848 5148 1078 5205 regnum
1127 5133 1227 5189 Dei
1281 5142 1430 5203 sunt,
1481 5136 1611 5209 quia
1675 5136 1734 5191 in
1789 5136 1923 5208 ipsis
1961 5143 2149 5208 regnat

548 5220 696 5275 Deus
728 5239 739 5276 :
774 5230 829 5278 et
858 5237 1013 5295 reges
1039 5231 1190 5294 sunt,
1223 5227 1352 5299 quia
1380 5242 1438 5283 se
1466 5235 1521 5282 et
1551 5228 1690 5284 alios
1727 5227 1935 5299 optime
1964 5242 2147 5300 regere

548 5318 826 5366 noverunt
859 5328 872 5366 :
928 5312 1023 5385 qui
1072 5313 1235 5371 etiam
1264 5324 1319 5373 et
1347 5318 1653 5374 sacerdotes
1702 5317 1983 5386 dicuntur,
2017 5317 2146 5390 quia

548 5401 871 5474 semetipsos
913 5402 1161 5476 quotidie
1210 5404 1336 5478 igne
1379 5404 1669 5462 charitatis
1724 5405 1993 5475 succensi,
2051 5421 2148 5478 per

548 5492 1038 5563 compunctionem
1067 5494 1249 5552 cordis
1277 5503 1332 5552 et
1352 5496 1624 5569 lacrymas
1650 5497 1765 5553 Deo
1794 5497 1989 5554 oﬁ‘erre
2016 5513 2146 5555 con-

2267 3246 2325 3302 in
2351 3248 2514 3316 mari,
2545 3255 2595 3303 et
2620 3266 2737 3320 qua:
2758 3250 2817 3304 in
2844 3267 2901 3305 eo
2932 3258 3077 3317 sunt,
3109 3269 3297 3309 omnes
3321 3253 3517 3309 audiui
3547 3253 3746 3309 dicentes
3768 3264 3829 3301 se-

2269 3337 2414 3393 denti
2441 3339 2499 3394 in
2528 3340 2714 3395 throno
2734 3346 2783 3396 et
2810 3342 2981 3411 Agna.
3015 3342 3117 3397 Per
3147 3352 3475 3401 creaturam
3509 3360 3625 3416 quae
3655 3342 3703 3395 in
3729 3338 3832 3395 calo

2267 3437 2403 3498 erat,
2448 3431 2663 3502 angeli:
2710 3448 2809 3504 per
2838 3448 2956 3488 eam
2989 3449 3124 3488 vero
3173 3450 3304 3507 quas
3355 3443 3478 3491 erat
3507 3435 3566 3490 in
3596 3442 3742 3497 terra,
3764 3427 3833 3483 be

2267 3519 2480 3576 mines:
2525 3536 2620 3592 per
2646 3535 2765 3577 eam
2798 3528 2979 3578 autem
3011 3537 3132 3594 quas
3172 3532 3300 3580 erat
3333 3524 3536 3580 subtus
3588 3531 3785 3585 terrain,
3808 3514 3835 3569 ii

2266 3609 2361 3682 qui
2416 3608 2531 3681 jam
2592 3608 2840 3666 debitum
2872 3611 3067 3667 mortis
3122 3613 3449 3681 solverant,
3507 3610 3833 3683 designantur.

2268 3699 2429 3768 Quod
2458 3715 2589 3755 vero
2619 3699 2757 3757 dicit
2790 3716 2803 3755 :
2835 3703 2911 3757 Et
2936 3718 3056 3772 qua;
3078 3710 3209 3759 sunt
3238 3704 3302 3758 in
3334 3705 3507 3770 mari,
3538 3717 3696 3775 aquas
3714 3696 3840 3753 maris

2265 3790 2576 3863 intelligere
2634 3791 2943 3847 debemus:
2996 3808 3094 3865 per
3151 3811 3316 3851 mare
3379 3803 3569 3851 autem
3611 3794 3768 3848 locum
3798 3785 3837 3839 in

2266 3896 2376 3953 quo
2405 3896 2560 3953 aquai
2589 3881 2963 3938 continentur.
2989 3881 3149 3949 Quod
3167 3899 3314 3939 vero
3348 3881 3659 3956 subjungit:
3680 3882 3741 3937 Et
3757 3890 3842 3945 qua

2263 3968 2321 4024 in
2350 3986 2406 4024 eo
2435 3977 2575 4038 sunt,
2608 3969 2786 4042 pisces
2813 3970 2908 4042 qui
2953 3968 3011 4024 in
3065 3969 3233 4042 aquis
3266 3979 3591 4039 morantur,
3622 3963 3841 4032 intellige-

2263 4073 2320 4113 re
2352 4073 2664 4129 possumus.
2697 4058 2801 4114 Sed
2832 4058 2878 4113 si
2909 4073 3004 4129 per
3030 4074 3265 4114 omnem
3304 4066 3643 4125 creaturam,
3673 4069 3776 4128 quae
3802 4049 3842 4104 in

2261 4154 2409 4203 terra
2463 4156 2565 4215 est,
2613 4164 2807 4205 omnes
2858 4147 3114 4204 homines
3156 4150 3500 4223 intelligere
3557 4154 3837 4222 possumus;

2262 4240 2539 4313 quomodo
2563 4255 2753 4296 omnes
2772 4239 3026 4295 homines
3044 4240 3231 4295 Deum
3256 4240 3525 4308 laudant,
3543 4255 3666 4297 cum
3693 4227 3842 4307 pagani

2260 4337 2314 4383 et
2351 4326 2523 4383 Judaei
2571 4327 3039 4401 blasphematores
3084 4328 3192 4383 Dei
3251 4329 3454 4401 potius
3492 4325 3705 4384 dicendi
3742 4321 3839 4383 sint.

2260 4432 2423 4490 quam
2483 4416 2791 4473 laudatores
2823 4417 2851 4473 ‘i
2900 4418 3237 4474 Invenimus
3292 4418 3477 4475 etiam
3527 4424 3583 4475 et
3628 4409 3842 4489 quosdam

2260 4505 2582 4577 ﬁagitiosos,
2623 4508 2718 4580 qui
2767 4506 3072 4565 Christiani
3103 4515 3428 4576 vocantur,
3466 4508 3589 4581 qui,
3638 4497 3842 4578 quamViS

2258 4597 2434 4653 Deum
2466 4595 2688 4651 laudare
2715 4595 3041 4662 videantur,
3071 4598 3263 4652 Deum
3306 4613 3433 4653 non
3465 4594 3726 4657 laudant;
3749 4584 3843 4662 qui!

2258 4684 2403 4741 sicut
2438 4683 2576 4741 dicit
2623 4684 2907 4757 Scriptura
2941 4702 2955 4741 :
3019 4709 3037 4732 ι
3066 4685 3195 4740 Non
3253 4694 3348 4743 est
3390 4686 3642 4759 speciosa
3684 4682 3781 4735 laus
3801 4674 3842 4727 in

2258 4790 2352 4830 ore
2402 4775 2704 4846 peccatoris
2745 4774 2939 4847 (Eccli.
2986 4792 3085 4843 xv,
3127 4776 3222 4848 9).
3260 4802 3280 4824 ι
3332 4777 3415 4834 Et
3458 4777 3509 4833 si
3553 4790 3645 4849 per
3670 4777 3843 4828 omnem
3892 4850 3897 4853 Ι

2258 4872 2560 4919 creaturam
2589 4880 2709 4936 quae
2740 4864 2796 4919 in
2827 4871 2973 4919 terra
3001 4871 3102 4932 est,
3132 4881 3356 4923 omnes
3386 4867 3607 4922 animas
3632 4861 3846 4919 debemus

2259 4954 2566 5027 intelligere
2650 4971 2887 5028 quorum
2972 4971 3216 5028 corpora
3289 4958 3358 5014 in
3429 4966 3581 5015 terra
3654 4946 3844 5023 requies:

2255 5052 2411 5113 cunt,
2472 5046 2749 5118 quomodo
2806 5046 2846 5100 ii
2906 5045 3002 5118 qui
3056 5046 3216 5117 apud
3282 5048 3510 5105 inferos
3555 5044 3844 5107 cruciamur.

2255 5135 2429 5191 Deum
2482 5136 2704 5192 laudare
2761 5135 3021 5191 credendi
3078 5144 3222 5193 sunt
3253 5138 3286 5195 ?
3348 5138 3466 5195 Sed
3524 5153 3619 5211 per
3669 5139 3842 5189 omnem

2254 5232 2559 5282 creaturam
2621 5242 2743 5298 quae
2796 5225 2854 5280 in
2911 5233 3058 5282 terra
3111 5234 3176 5281 et
3240 5244 3379 5300 quas
3440 5229 3638 5285 subtus
3687 5230 3842 5278 terram

2254 5324 2357 5382 est,
2390 5318 2535 5372 solos
2564 5316 2767 5372 electos
2786 5315 3048 5371 debemus
3069 5315 3437 5389 intelligere:
3468 5317 3565 5392 qui
3587 5322 3639 5372 et
3667 5314 3717 5368 iu
3735 5317 3844 5364 tem

2255 5405 2514 5477 Operibus
2555 5412 2611 5461 et
2651 5405 2838 5461 verbis
2887 5407 3062 5462 Deum
3113 5404 3375 5465 laudare
3426 5424 3544 5465 non
3597 5401 3844 5463 desistunt.

2253 5504 2308 5554 et
2370 5495 2429 5551 in
2497 5494 2649 5551 caelis
2722 5511 2848 5551 cum
2914 5494 3157 5552 Domino
3236 5497 3468 5570 positi,
3538 5513 3571 5552 a
3632 5487 3843 5550 laudibus

624 5620 742 5700 (46)
773 5621 970 5700 _Edit.,
1001 5624 1405 5700 et_regnabimus
1443 5640 1604 5697 super
1641 5632 1858 5683 terram.
1914 5627 2049 5685 Sunt
2076 5625 2297 5700 quidam
2340 5624 2434 5699 qui
2471 5640 2524 5681 se
2562 5631 2613 5682 et
2655 5623 2817 5694 alios,
2861 5632 2991 5690 etc.;
3033 5637 3174 5681 mss.
3222 5641 3377 5684 vero
3406 5626 3482 5683 ad
3520 5617 3839 5698 supplendum

564 5697 743 5750 totum
772 5691 987 5750 hiatum
1025 5691 1191 5753 simul
1217 5691 1552 5773 conspirant.
