4068 6182
258 371 365 430 893

1154 365 1610 424 BEBENGAUDI
1647 361 2022 421 EXPOSITIO
2059 363 2131 421 IN
2169 360 2678 420 APOCALYPSIN.

3466 364 3571 423 894

253 496 375 570 ejus
418 508 702 567 nunquam
742 499 973 549 cessant.
1024 492 1128 548 Per
1172 508 1320 548 mare
1359 507 1490 547 vero
1519 491 1850 560 Ecclesiam,
1888 493 1937 553 A
1966 505 2177 546 camus.
2233 489 2290 543 [τι
2339 486 2539 543 Genesi
2584 487 2857 559 scriptum
2904 496 2986 543 est
3035 488 3181 560 quod
3230 488 3570 560 plantaverat

255 603 354 661 per
397 600 565 659 aquas
593 582 762 639 maris
793 582 1210 638 multitudinem
1242 580 1511 650 ﬁdelium,
1559 582 1857 655 per.pisces

255 677 351 751 qui
395 676 455 732 in
501 674 658 748 aquis
686 681 1100 730 commorantur
1135 673 1388 730 doctores
1415 672 1673 730 Ecclesia
1721 689 1858 745 pos-

255 784 450 825 sumus
479 764 806 837 intelligere.
854 764 1113 837 Sequitur
1138 762 1475 831 benedictio,
1520 779 1628 836 qua
1670 762 1858 819 ﬁdeles

252 858 432 914 Deum
489 854 706 911 assidue
759 853 1084 911 benedicere
1139 854 1445 910 dicuntur:
1509 853 1807 908 Benedictio
1840 896 1856 921 ,

253 948 464 1013 honor,
519 944 697 1015 gloria
742 950 790 998 et
848 949 1078 1015 potestas
1135 943 1244 998 Deo
1301 947 1483 997 nostro
1552 943 1608 997 in
1664 944 1858 999 saecula

253 1037 572 1093 mentorum
594 1034 959 1101 ;benedicunt
979 1050 1216 1107 namque
1235 1034 1393 1090 electi
1424 1034 1640 1091 assidue
1654 1036 1855 1103 Deum,

253 1143 382 1184 cum
412 1125 598 1181 verbis
622 1141 790 1197 opera
822 1123 1190 1197 conjungunt.

329 1224 514 1296 (Vers.
551 1223 664 1295 14.)
698 1225 772 1279 Et
803 1232 1035 1295 quatuor
1061 1223 1324 1279 animalia
1354 1223 1626 1281 dicebant:
1667 1224 1853 1281 Amen.

254 1318 435 1371 Amen
491 1312 841 1370 conﬁrmatio
891 1314 1161 1370 sermonis
1216 1322 1343 1370 est:
1409 1320 1645 1386 quatuor
1690 1314 1860 1386 igitur

253 1402 519 1461 animalia
563 1402 777 1472 dicunt,
834 1418 1014 1472 amen,
1063 1419 1189 1459 cum
1244 1402 1417 1459 sancti
1475 1402 1859 1475 pradicalores

255 1500 451 1566 optant
480 1493 717 1563 assidue,
767 1500 829 1549 ut
858 1493 1138 1549 auditores
1176 1509 1366 1549 eorum
1397 1492 1455 1548 in
1483 1492 1647 1549 bonis
1678 1495 1856 1566 operi-

256 1583 362 1639 bus
398 1582 572 1655 magis
607 1599 671 1639 ac
717 1582 889 1655 magis
926 1582 1239 1655 proﬁciant.
1294 1584 1369 1639 Et
1404 1583 1590 1653 viginti
1627 1590 1861 1654 quatuor

253 1672 487 1728 seniores
533 1672 826 1727 ceciderunt
873 1678 921 1727 et
945 1673 1329 1727 adoraverunt.
1370 1671 1583 1743 Viginti
1626 1679 1861 1745 quatuor

255 1763 502 1819 seniores
531 1761 588 1816 in
610 1760 716 1817 hoc
744 1761 866 1818 loco
896 1762 1140 1817 eamdem
1173 1760 1379 1817 habent
1400 1760 1858 1834 signiﬁcationem

1964 582 2110 637 Deus
2149 577 2468 651 paradisum
2502 578 2825 650 voluptatis,
2858 577 2912 632 in
2944 593 3054 650 quo
3084 578 3267 649 posuit
3288 578 3571 637 hominem

1968 686 2132 743 quem
2164 669 2502 724 formaverat
2526 667 2680 739 (Gen.
2704 667 2838 739 11,8)
2861 685 2873 734 ;
2895 667 2991 739 qui
3021 667 3254 723 viversis
3283 668 3574 725 arboribus

1965 759 2212 817 consitus
2241 773 2355 813 esse
2402 755 2754 813 describitur.
2786 757 2887 811 Per
2916 755 3228 827 paradisum
3275 756 3444 829 igitur
3470 759 3574 816 Ec-

1965 850 2155 917 clesia,
2209 865 2307 920 per
2342 845 2564 902 arbores
2609 861 2741 901 vero
2792 845 3031 917 paradisi
3084 845 3333 903 doctores
3383 848 3572 904 Eccle-

1965 939 2060 995 sia
2106 938 2487 1010 designantur.
2520 937 2591 991 Et
2620 934 2764 991 sicut
2808 935 3031 991 arbores
3074 936 3311 1007 paradisi
3361 937 3571 994 victum

1918 1052 1921 1059 ι
1965 1043 2256 1101 pomorum
2297 1024 2615 1099 prabebant
2662 1025 2857 1097 primis
2887 1024 3232 1093 hominibus,
3281 1026 3359 1082 ita
3395 1034 3449 1081 et
3477 1026 3571 1082 do-
3624 1082 3631 1089 ,

1965 1125 2143 1174 ctores
2164 1115 2420 1172 Ecclesia
2458 1114 2669 1171 victum
2698 1115 2993 1170 verborum
3023 1115 3343 1171 divinorum
3365 1115 3570 1171 anima-

1966 1205 2071 1262 bus
2093 1205 2340 1261 ﬁdelium
2371 1205 2426 1260 in
2456 1204 2703 1262 Ecclesia
2726 1204 3157 1259 constitutorum
3189 1205 3428 1277 prabere
3457 1221 3569 1260 non

1966 1297 2258 1354 desistunt.
2292 1299 2372 1353 De
2394 1297 2545 1369 ligno
2574 1305 2757 1353 autem
2788 1296 2940 1361 vita,
2971 1304 3025 1351 et
3054 1296 3121 1352 de
3148 1297 3300 1368 ligno
3330 1297 3571 1353 scientia

1966 1388 2099 1445 boni
2129 1398 2183 1445 et
2223 1389 2349 1444 mali
2388 1388 2642 1460 superius
2671 1386 2937 1443 diximus.
2972 1388 3117 1443 Fons
3144 1404 3276 1443 vero
3302 1390 3397 1460 qui
3428 1404 3573 1460 egre-

1967 1477 2222 1535 diebatur
2256 1477 2325 1533 de
2370 1476 2553 1531 medio
2586 1476 2842 1547 paradisi,
2884 1476 3249 1549 Evangelium
3284 1476 3574 1549 signiﬁca—

1968 1567 2084 1635 bat,
2130 1566 2226 1639 qui
2268 1567 2326 1622 in
2374 1565 2555 1620 medio
2600 1574 2800 1622 sancta
2847 1566 3107 1622 Ecclesia
3151 1567 3418 1623 exoritur.
3466 1566 3572 1634 Qui

1970 1657 2099 1713 inde
2142 1658 2199 1712 in
2230 1664 2467 1731 quatuor
2504 1656 2683 1728 capita
2723 1655 3109 1724 dividebatur;
3157 1656 3286 1729 quia
3320 1655 3575 1712 doctrina

1967 1747 2257 1819 Evangelii
2288 1747 2347 1802 in
2368 1753 2602 1820 quatuor
2631 1746 2802 1802 libros
2820 1745 3115 1813 dividitur,
3145 1756 3199 1803 et
3227 1746 3427 1804 circuit
3455 1763 3571 1802 om-

253 1869 423 1927 quam
470 1859 524 1908 et
572 1858 813 1924 quatuor
852 1851 1143 1907 animalia:
1194 1851 1437 1907 seniores
1479 1867 1607 1923 ergo
1654 1850 1859 1907 cadunt
1890 1857 1938 1917 Β
1968 1851 2066 1892 1103
2096 1837 2363 1892 ῐθτωίηοε
2388 1843 2568 1891 term-

253 1952 311 2000 et
356 1943 611 2010 adorant,
659 1958 783 1998 cum
833 1941 1219 2014 praedicatores
1264 1941 1462 2009 sancti,
1498 1948 1703 2014 quanto
1749 1958 1860 1997 am-

255 2032 406 2105 plius
459 2030 739 2086 auditores
816 2047 945 2086 suos
1011 2030 1203 2086 vident
1272 2029 1327 2085 in
1393 2029 1556 2085 bonis
1603 2028 1863 2101 operibus

256 2122 576 2196 profecisse,
624 2129 778 2178 tanto
826 2120 998 2193 magis
1042 2136 1099 2177 se
1127 2120 1430 2177 humiliant
1477 2121 1535 2176 in
1564 2127 1863 2192 conspectu

252 2212 383 2279 Dei,
429 2211 572 2268 sicut
616 2210 753 2267 dicit
801 2211 1123 2283 Scriptura:
1179 2235 1197 2257 ι
1237 2210 1454 2279 Quanto
1507 2226 1737 2283 magnus
1783 2226 1860 2279 es,

254 2300 497 2357 humilia
530 2310 583 2357 te
612 2300 671 2356 in
700 2301 980 2368 omnibus,
1012 2309 1066 2357 et
1094 2316 1277 2356 coram
1308 2302 1422 2356 Deo
1466 2300 1718 2356 invenies
1747 2315 1862 2371 gra-

259 2394 396 2448 tiam
430 2391 622 2464 (Eccli.
650 2407 732 2458 In,
767 2390 883 2461 20).
908 2414 925 2436 ι
980 2388 1242 2463 Sequitur
1290 2380 1596 2462 sigillorum
1629 2388 1859 2460 apertio,

255 2498 385 2555 qua
431 2480 654 2536 nonnisi
691 2478 760 2534 ad
806 2478 1142 2552 apertioncm
1190 2477 1508 2534 divinarum
1541 2478 1864 2550 Scriptura-

255 2588 387 2627 rum
436 2570 552 2643 (47)
603 2569 876 2642 pertinere
914 2568 1189 2625 credenda
1216 2576 1317 2625 est.
1373 2568 1508 2624 Nam
1554 2575 1607 2623 et
1636 2584 1700 2623 ea
1741 2583 1861 2640 qua

252 2660 365 2717 sub
395 2660 701 2733 sigillorum
746 2657 1125 2730 apertionibus
1163 2658 1305 2715 facta
1332 2674 1448 2714 esse
1477 2658 1760 2726 dicuntur,
1794 2656 1863 2713 ad

252 2750 601 2823 apertionem
630 2746 848 2804 Veteris
871 2763 934 2803 ac
981 2746 1124 2803 Novi
1167 2747 1503 2802 Testamenti
1546 2746 1857 2818 pertinent:

252 2848 313 2897 et
342 2838 491 2895 sicut
521 2853 682 2894 omne
712 2853 911 2910 corpus
935 2836 1233 2892 electorum
1266 2852 1336 2891 ex
1376 2842 1580 2907 septem
1612 2835 1863 2907 partibus

252 2927 536 2994 consistit,
568 2925 645 2981 ita
666 2931 796 2982 sunt
824 2934 879 2982 et
908 2932 1115 2997 septem
1155 2923 1356 2996 sigilla,
1408 2938 1527 2995 qua
1557 2922 1860 2995 unicuique

251 3016 406 3090 parti
454 3015 814 3083 conveniunt,
847 3014 916 3071 ad
946 3013 1373 3071 demonstranda
1419 3029 1481 3069 ea
1509 3029 1630 3087 qua
1680 3012 1737 3067 in
1779 3010 1860 3068 di-

250 3105 411 3161 vinis
435 3105 736 3178 Scripturis
783 3104 1018 3161 obscure
1063 3103 1241 3176 posita
1269 3109 1418 3171 sunt,
1462 3102 1551 3157 vel
1579 3101 1712 3174 quid
1741 3116 1862 3157 san-

2041 1934 2178 1990 Nam
2217 1942 2272 1990 et
2302 1934 2479 1990 Adam
2520 1934 2804 1992 Christum
2835 1932 3112 2005 ﬁguravit,
3152 1934 3269 1990 Eva
3296 1949 3430 1989 vero
3456 1934 3574 1991 Ec-

1971 2024 2226 2081 clesiam:
2273 2034 2328 2081 et
2383 2024 2527 2080 sicut
2572 2026 2691 2079 Eva
2746 2040 2814 2079 ex
2862 2024 3028 2079 latere
3084 2022 3194 2080 viri
3244 2023 3575 2080 dormientis

1972 2113 2115 2169 facta
2144 2119 2245 2181 est,
2280 2113 2357 2167 ita
2385 2119 2439 2168 et
2477 2110 2722 2168 Ecclesia
2767 2127 2837 2167 ex
2871 2110 3038 2167 latere
3077 2110 3284 2169 Christi
3312 2112 3369 2167 in
3413 2127 3576 2170 cruce

1971 2202 2263 2275 pendentis
2317 2201 2581 2259 fabricata
2632 2208 2753 2268 est;
2813 2200 2944 2273 quia
2999 2199 3117 2272 ejus
3164 2201 3431 2274 sanguine
3488 2218 3574 2259 re-

1971 2291 2193 2364 dempta
2238 2299 2292 2349 et
2331 2291 2595 2348 mundata
2635 2300 2717 2348 est
2761 2296 2899 2354 521
2943 2307 2974 2346 a
3003 2290 3276 2348 sordibus.
3317 2294 3440 2349 Duo
3470 2292 3575 2349 ﬁlii

1972 2389 2087 2446 nati
2116 2397 2247 2446 sunt
2275 2390 2428 2459 Ada,
2454 2390 2589 2447 Cain
2607 2397 2661 2445 et
2690 2389 2857 2446 Abel:
2887 2390 3025 2448 Cain
3049 2392 3314 2463 populum
3345 2390 3575 2447 Judae-

1972 2497 2119 2545 rum,
2148 2480 2286 2535 Abel
2327 2496 2459 2535 vero
2489 2479 2773 2537 Christum
2807 2479 3159 2551 signiﬁcavit.
3194 2480 3409 2535 Obtulit
3438 2479 3573 2536 Cain

1971 2568 2039 2625 de
2068 2568 2341 2625 fructibus
2369 2575 2527 2625 terra
2584 2584 2813 2623 munera
2842 2569 3109 2633 Domino;
3160 2568 3289 2640 quia
3334 2568 3573 2639 populus

1970 2658 2285 2715 Judaorum
2325 2658 2421 2730 qui
2467 2667 2720 2713 terrenus
2757 2664 2893 2724 erat,
2934 2663 3150 2712 terrena
3192 2672 3418 2712 munera
3450 2656 3569 2729 (48)

1970 2748 2251 2815 offerebat,
2283 2746 2341 2802 id
2384 2753 2486 2814 est,
2535 2746 2828 2818 primitias,
2876 2745 3137 2813 decimas,
3179 2744 3469 2810 sacriﬁcia,
3519 2754 3574 2802 et

1970 2843 2167 2893 catera
2214 2834 2424 2908 quain
2466 2834 2582 2906 lege
2617 2833 2989 2905 jubebantur:
3023 2834 3160 2890 Abel
3195 2850 3327 2890 vero
3367 2834 3574 2890 obtulit

1971 2925 2038 2981 de
2076 2924 2460 2998 primogenitis
2507 2924 2686 2996 gregis
2721 2925 2833 2992 sui,
2883 2932 2937 2980 et
2966 2924 3034 2981 de
3076 2923 3329 2997 adipibus
3358 2939 3570 2980 eorum.

1970 3016 2332 3089 Primogeniti
2378 3014 2554 3087 gregis
2584 3023 2714 3071 sunt
2763 3015 3019 3088 apostoli,
3052 3032 3189 3089 quos
3232 3016 3442 3088 primos
3470 3031 3574 3087 ge—

1972 3105 2095 3162 nuit
2145 3104 2413 3170 Ecclesia,
2472 3111 2526 3160 et
2580 3120 2650 3160 ex
2706 3103 2908 3177 quibus
2961 3104 3210 3161 Ecclesia
3265 3111 3394 3160 nata
3452 3113 3569 3161 est:

248 3203 477 3254 ctorum
505 3196 727 3251 Patrum
759 3196 903 3252 facta
931 3193 1263 3267 signiﬁcent.
1300 3191 1527 3263 Apertio
1557 3190 1726 3260 igitur
1754 3191 1838 3263 pri
1895 3216 1939 3277 C
1970 3195 2139 3265 adeps
2176 3209 2309 3249 vero
2352 3192 2488 3249 ﬁdes
2532 3201 2613 3249 est
2675 3194 3071 3265 apostolorum.
3134 3191 3351 3250 Obtulit
3405 3194 3575 3265 igitur

251 3284 337 3341 mi
363 3284 535 3355 sigilli
562 3283 631 3339 ad
662 3299 725 3340 ea
753 3300 877 3357 qua
910 3290 1036 3338 ante
1079 3280 1355 3338 diluvium
1391 3280 1532 3337 facta
1561 3288 1709 3347 sunt,
1742 3295 1864 3351 per-

247 3372 431 3429 tinet:
476 3372 777 3428 secundum
807 3388 939 3428 vero
977 3371 1223 3443 sigillum
1252 3370 1322 3427 ad
1351 3369 1722 3442 patriarchas:
1756 3376 1860 3425 ter-

246 3462 403 3517 tium
434 3459 503 3514 ad
531 3476 623 3515 eos
667 3460 762 3533 qui
789 3459 892 3515 sub
929 3460 1044 3532 lege
1083 3460 1339 3515 fuerunt:
1374 3466 1632 3532 quartum
1669 3467 1861 3514 autem

244 3549 325 3605 ad
375 3548 701 3621 prophetas:
751 3556 860 3604 tres
910 3564 1042 3604 vero
1081 3547 1413 3620 apertiones,
1463 3563 1584 3619 qua
1632 3546 1862 3603 residua

242 3645 414 3705 sunt,
462 3637 531 3693 ad
580 3638 795 3693 Novum
849 3638 1262 3694 Testamentum
1307 3636 1606 3709 pertinent.
1660 3636 1864 3703 Quinta

244 3727 473 3802 apertio
501 3729 738 3802 pertinet
783 3728 850 3785 ad
880 3737 1191 3801 martyres:
1247 3736 1403 3784 sexta
1448 3726 1516 3783 ad
1545 3726 1861 3782 Judaorum

244 3819 644 3891 dejectionem,
701 3828 756 3875 et
797 3818 1042 3891 gentium
1082 3816 1430 3875 vocationem
1463 3834 1474 3872 :
1526 3816 1758 3889 septima
1795 3814 1864 3870 ad

243 3908 556 3965 adventum
588 3908 795 3965 Christi
847 3907 1116 3980 pertinet:
1155 3914 1209 3963 et
1246 3923 1345 3963 cur
1375 3905 1433 3961 in
1476 3905 1712 3977 septimo
1742 3905 1864 3960 loco

245 3999 529 4056 adventus
558 3998 781 4055 Domini
818 4005 1074 4070 ponatur,
1110 3997 1169 4052 in
1197 3996 1554 4069 sequentibus
1593 3995 1859 4051 dicemus.

245 4088 365 4145 Sed
414 4086 769 4160 quarendum
806 4086 968 4143 nobis
1009 4094 1122 4155 est,
1150 4102 1248 4142 cur
1290 4102 1387 4159 per
1424 4085 1693 4141 visionem
1735 4100 1864 4157 qua-

246 4187 388 4235 tuor
412 4176 682 4249 equitum,
706 4176 918 4249 apertio
953 4175 1171 4234 Veteris
1200 4175 1531 4233 Testamenti
1566 4174 1858 4247 ﬁguretur;

243 4282 425 4339 eques
478 4282 715 4339 namque
763 4283 833 4322 ex
885 4274 1037 4337 parte
1086 4265 1253 4337 equi,
1312 4264 1743 4321 irrationabilis:
1794 4279 1863 4318 ex

243 4365 416 4433 parte
455 4374 588 4414 vero
635 4357 999 4430 prasidentis,
1043 4355 1387 4412 rationabilis
1430 4370 1545 4411 esse
1592 4355 1862 4427 dignosci-

242 4457 367 4504 tur.
404 4446 674 4503 Similiter
701 4454 756 4504 et
784 4446 1032 4521 quaedam
1076 4452 1346 4518 pracepta
1385 4444 1577 4515 legalia
1615 4460 1683 4499 ex
1713 4451 1863 4516 parte

1968 3282 2108 3338 Abel
2136 3281 2204 3338 de
2237 3282 2619 3353 primogenitis
2651 3281 2830 3354 gregis
2872 3280 2979 3349 sui,
3010 3290 3065 3339 et
3091 3282 3157 3338 de
3186 3282 3442 3353 adipibus
3470 3299 3574 3338 eo-

1970 3387 2094 3426 rum
2119 3389 2132 3437 ;
2167 3370 2299 3444 quia
2326 3370 2580 3428 Christus
2604 3371 2902 3443 apostolos,
2925 3386 3061 3443 quos
3085 3370 3152 3426 de
3175 3370 3380 3427 mundo
3400 3372 3571 3442 elege-

1971 3472 2075 3531 rat,
2106 3462 2381 3535 ﬁdemque
2426 3463 2646 3518 illorum
2678 3464 2791 3519 Deo
2818 3462 2965 3518 Patri
3012 3461 3235 3519 obtulit.
3267 3461 3401 3519 Cain
3430 3463 3572 3519 invi-

1970 3551 2064 3609 dia
2107 3551 2328 3619 ductus,
2380 3568 2443 3608 eo
2473 3551 2621 3625 quod
2667 3552 2996 3623 respexisset
3024 3550 3294 3607 Dominus
3323 3550 3393 3607 ad
3431 3550 3570 3618 Abel

1972 3650 2026 3697 et
2065 3639 2135 3696 ad
2166 3656 2394 3696 munera
2420 3640 2559 3713 ejus,
2592 3641 2871 3698 interfecit
2904 3657 3031 3697 eum
3061 3658 3072 3695 :
3107 3639 3365 3696 similiter
3394 3648 3449 3695 et
3476 3639 3566 3695 Ju-

1971 3729 2101 3797 dai,
2136 3729 2394 3787 videntes
2422 3731 2577 3803 signa
2602 3746 2722 3803 qua
2753 3747 2851 3787 sua
2877 3740 2931 3786 et
2958 3730 3134 3786 Patris
3161 3729 3369 3785 virtute
3403 3728 3577 3786 Chri-

1972 3828 2091 3876 stus
2120 3819 2470 3893 Operabatur,
2516 3820 2913 3877 interfecerunt
2948 3837 3095 3888 eum,
3127 3819 3221 3893 qui
3257 3819 3426 3875 frater
3454 3819 3575 3875 illo-

1972 3927 2095 3969 rum
2128 3919 2244 3967 erat
2293 3911 2595 3968 secundum
2639 3928 2879 3967 carnem.
2909 3912 3196 3968 Maledixit
3240 3914 3385 3967 Deus
3414 3910 3569 3978 Cain,

1974 4018 2038 4057 eo
2067 4000 2214 4074 quod
2246 4000 2610 4057 interfecisset
2649 4000 2790 4055 Abel
2828 4000 3048 4056 fratrem
3089 4016 3284 4056 suum:
3318 3998 3572 4070 dixitque

1973 4092 2023 4149 ei
2052 4092 2199 4165 quod
2229 4108 2399 4163 vagus
2427 4097 2481 4146 et
2510 4089 2774 4162 profugus
2805 4098 2943 4145 esset
2969 4105 3130 4160 super
3160 4096 3381 4143 terram.
3409 4085 3570 4141 Simi-

1973 4181 2102 4238 liter
2140 4189 2195 4237 et
2241 4180 2415 4237 Judai
2464 4197 2574 4235 non
2612 4180 2790 4234 solum
2821 4195 2853 4232 a
2897 4180 3031 4241 Deo,
3061 4176 3154 4231 sed
3183 4192 3214 4229 a
3258 4174 3569 4246 semetipsis

1973 4269 2253 4328 maledicti
2281 4276 2431 4338 sunt,
2462 4268 2681 4341 quando
2706 4266 2971 4323 dixerunt
2999 4265 3065 4321 de
3093 4264 3344 4322 Christo:
3393 4288 3411 4311 ι
3439 4264 3570 4319 San~

1972 4360 2094 4433 guis
2124 4358 2241 4431 ejus
2286 4373 2448 4429 super
2478 4372 2598 4423 nos,
2627 4364 2683 4411 et
2725 4371 2888 4426 super
2930 4354 3076 4409 ﬁlios
3106 4360 3320 4409 nostros
3352 4353 3567 4423 (Matth.

1972 4466 2153 4516 XXVII,
2184 4448 2300 4519 25).
2324 4471 2342 4494 ι
2385 4446 2631 4518 Suntque
2658 4444 2783 4516 vagi
2808 4453 2863 4499 et
2891 4443 3106 4516 profugi
3136 4459 3299 4515 super
3330 4451 3565 4512 terram;

243 4537 476 4604 littera,
528 4535 965 4592 irrationabilia:
1018 4551 1089 4591 ex
1136 4541 1287 4607 parte
1340 4541 1527 4589 autem
1565 4533 1860 4606 allegoria,
1892 4569 1941 4629 Β
1972 4538 2104 4611 quia
2132 4536 2406 4609 propriam
2438 4533 2622 4590 sedem
2650 4534 2857 4589 nullam
2892 4532 3176 4597 habentes,
3208 4547 3304 4604 per
3349 4531 3570 4587 univer-

240 4623 418 4682 valde
448 4624 801 4681 rationabilia
829 4640 946 4681 esse
978 4622 1431 4696 comprobantur.

323 4722 558 4781 CAPUT
598 4722 691 4780 VI.
719 4751 790 4762 —
823 4722 1005 4793 (Vers;
1050 4722 1126 4796 1.)
1160 4726 1234 4780 Et
1268 4723 1380 4780 vidi
1407 4739 1524 4779 cum
1570 4721 1864 4795 aperuisset

240 4816 439 4886 Agnus
492 4829 658 4867 unum
704 4813 768 4868 de
821 4820 1011 4885 septem
1067 4815 1372 4887 signaculis.
1426 4813 1655 4886 Apertio
1694 4812 1860 4886 primi

238 4903 550 4976 signaculi,
574 4910 638 4959 ut
667 4920 834 4977 supra
860 4904 1075 4963 dictum
1108 4912 1209 4972 est,
1240 4903 1307 4959 ad
1331 4919 1393 4958 ea
1420 4919 1540 4975 qua
1570 4912 1696 4959 ante
1716 4902 1859 4959 dilu-

236 4992 411 5048 vium
439 4991 588 5048 facta
613 5000 765 5062 sunt,
797 4994 1055 5067 pertinet.
1087 4995 1280 5065 Agnus
1312 4991 1481 5063 igitur
1524 4992 1762 5062 primum
1791 4990 1862 5047 si-

235 5081 449 5156 gillum
477 5082 712 5153 aperuit,
736 5082 959 5157 quando
984 5098 1047 5138 ea
1075 5098 1197 5154 qua
1224 5090 1352 5137 ante
1380 5081 1656 5137 diluvium
1715 5088 1861 5152 gesta

228 5178 404 5240 sunt,
431 5170 753 5229 doctoribus
793 5171 1056 5229 Ecclesia
1105 5172 1345 5244 qualiter
1384 5169 1749 5243 spiritualiter
1777 5168 1859 5224 in-

234 5255 635 5326 telligerentur
683 5254 924 5328 Spiritus
967 5253 1144 5311 sancti
1175 5254 1350 5327 gratia
1384 5251 1665 5326 patefecit.
1698 5252 1768 5307 Et
1799 5256 1861 5306 ut

230 5343 387 5417 quid
431 5342 505 5398 sit
538 5343 747 5415 apertio
792 5343 1105 5416 sigillorum
1146 5342 1367 5416 plenius
1420 5342 1856 5409 manifestemus,

228 5434 315 5490 de
382 5431 668 5505 apertione
744 5432 1094 5505 singulorum
1164 5432 1476 5505 sigillorum
1551 5446 1723 5504 pauca
1778 5428 1860 5486 di-

324 5598 446 5672 (47)
488 5597 708 5655 Eadem
735 5599 950 5672 λάκε,
1008 5600 1084 5656 ad
1131 5599 1499 5672 perfectionem
1551 5599 1862 5672 divinarum

235 5670 684 5750 §§ripturarum.
707 5670 806 5750 Et
848 5671 1014 5742 infra,
1061 5670 1525 5750 adiperfectipnem
1550 5670 1765 5750 Veteris
1801 5687 1865 5727 ac

226 5741 392 5802 Novi
427 5742 772 5814 Testamenti;
805 5760 935 5803 mss.
968 5741 1286 5821 utrobique,
1313 5742 1386 5801 ad
1410 5741 1752 5820 apertionem.

1971 4644 2057 4683 sas
2087 4636 2270 4699 gentes
2293 4633 2578 4697 vagantur.
2612 4625 2690 4679 De
2709 4623 2993 4695 apertione
3020 4621 3190 4696 igitur
3210 4621 3374 4694 primi
3399 4621 3569 4694 sigilli

1971 4724 2185 4774 tantum
2217 4714 2424 4773 dixisse
2454 4712 2711 4771 sufﬁciat.
3538 4712 3541 4717 ‘

2038 4814 2240 4873 Audivi
2266 4830 2431 4868 unum
2455 4829 2521 4867 ea:
2548 4817 2781 4883 quatuor
2808 4810 3149 4877 animalibus,
3185 4811 3391 4867 dicens:
3425 4811 3568 4875 Veni,

1967 4912 2017 4963 et
2064 4905 2201 4961 vide.
2276 4901 2542 4960 Eamdem
2590 4900 3052 4973 signiﬁcationem
3110 4899 3278 4957 habet
3327 4899 3565 4973 primum

1967 4995 2195 5060 animal,
2226 5009 2389 5068 quam
2411 4999 2466 5048 et
2493 4990 2895 5057 secundumget
2925 4990 3172 5057 tertium,
3191 4999 3246 5046 et
3274 4997 3527 5062 quartum
3551 5006 3565 5056 ;

1967 5084 2281 5156 signiﬁcant
2335 5081 2483 5138 enim
2540 5081 2792 5138 doctores
2848 5079 3130 5136 Ecclesia.
3180 5077 3339 5146 Quod
3385 5084 3566 5133 autem

1966 5173 2147 5231 dicit:
2211 5173 2335 5231 Veni
2371 5178 2420 5226 et
2464 5172 2599 5235 vide,
2646 5170 2714 5227 ad
2761 5169 3187 5243 intelligentiam
3224 5166 3565 5240 spiritualem

1968 5280 2071 5320 nos
2096 5269 2377 5335 provocat,
2409 5276 2473 5318 ac
2499 5260 2545 5315 si
2573 5259 2780 5318 diceret
2810 5279 2821 5318 :
2855 5261 2998 5318 Veni
3029 5276 3140 5316 non
3173 5256 3421 5330 passibus
3448 5270 3565 5311 cor-

1969 5353 2139 5426 poris,
2167 5350 2262 5409 sed
2293 5349 2540 5423 passibus
2587 5349 2794 5416 menti;
2845 5358 2899 5406 et
2927 5349 3174 5419 intellige
3202 5341 3566 5418 spiritualiter

1967 5458 2033 5500 ea
2077 5458 2199 5517 qua
2246 5442 2425 5516 primo
2470 5447 2717 5514 tempore
2762 5437 3121 5496 historialiter
3169 5435 3312 5492 facta
3356 5432 3563 5505 legisti-

2045 5595 2163 5665 (48)
2196 5596 2277 5651 Ita
2308 5611 2475 5660 mss.;
2527 5593 2660 5648 edit.
2695 5595 2896 5654 autem,
2937 5590 3092 5645 terra:
3120 5600 3362 5657 munera,
3398 5584 3451 5642 id
3489 5589 3564 5645 est

1964 5667 2258 5745 primitias,
2290 5665 2534 5734 decimas,
2576 5669 2679 5721 etc.
