4020 6200
599 320 705 379 895

676 444 859 517 (Vers.
889 445 970 515 2.)
999 446 1073 500 Et
1118 462 1223 500 ecce
1249 461 1412 516 equus
1440 446 1612 514 albus,
1660 452 1707 500 et
1742 446 1835 516 qui
1871 446 2076 501 sedebat
2103 464 2203 501 su-

594 552 695 605 per
737 552 874 602 eum,
930 534 1150 590 habebat
1193 552 1401 602 arcum,
1449 542 1497 591 et
1535 538 1663 592 data
1701 543 1775 591 est
1815 537 1861 591 ei
1894 553 2111 603 corona,
2155 547 2201 595 et

600 630 762 684 exivit
809 631 1033 699 vincens,
1090 637 1147 685 ut
1188 632 1429 688 vinceret.
1480 634 1670 705 Equus
1720 633 1877 689 albus
1895 632 2074 704 justos
2106 636 2200 706 qui

599 726 725 774 ante
773 719 1047 775 diluvium
1082 721 1326 789 fuerunt,
1359 722 1627 795 designat,
1661 724 1755 795 qui
1796 731 2018 795 propter
2042 723 2200 780 inno-

598 810 835 866 centiam
888 809 999 866 albi
1050 810 1329 869 dicuntur.
1368 811 1556 868 Sessor
1604 830 1735 869 vero
1776 814 1899 885 equi
1930 813 2200 871 Dominus

596 907 698 968 est,
724 900 818 972 qui
850 902 1056 955 sanctis
1086 901 1201 956 suis
1222 904 1555 958 aternaliter
1575 902 1845 974 prasidet.
1882 904 1984 959 Per
2011 920 2198 961 arcum

595 998 803 1059 autem,
851 991 945 1062 qui
994 993 1185 1063 procul
1226 992 1450 1064 sagittas
1486 1010 1517 1048 a
1554 1010 1610 1048 se
1641 994 1813 1049 mittit
1841 1001 1894 1048 et
1921 995 2195 1064 vulnerat,

596 1080 848 1137 vindicta
896 1080 1122 1136 Domini
1172 1089 1349 1153 potest
1395 1082 1708 1153 designari;
1743 1099 1849 1155 qua
1894 1092 1948 1139 et
1990 1085 2199 1155 primos

595 1168 848 1225 homines
881 1177 1108 1241 propter
1127 1170 1517 1226 inobedientia
1558 1172 1771 1244 culpam
1805 1172 2109 1243 damnavit,
2146 1183 2199 1231 et

594 1257 728 1313 Cain
760 1266 984 1330 propter
1030 1261 1323 1317 fratricidii
1355 1270 1571 1317 reatum
1605 1263 1917 1335 septuplum
1953 1266 2190 1337 punivit.

593 1346 696 1402 Per
740 1364 996 1403 coronam
1035 1349 1425 1420 nihilominus,
1464 1353 1608 1409 sicut
1644 1361 1697 1410 et
1736 1371 1831 1426 per
1876 1372 2077 1427 equum
2106 1357 2196 1411 al-

591 1437 748 1506 bum,
773 1436 909 1507 justi
951 1440 1044 1511 qui
1077 1450 1201 1497 ante
1221 1440 1495 1497 diluvium
1535 1442 1778 1510 fuerunt,
1818 1443 2191 1517 designantur.

590 1529 782 1584 Exibit
804 1530 980 1600 (vero)
1002 1531 1229 1597 vincens,
1250 1539 1307 1586 ut
1326 1533 1548 1587 vinceret
1583 1533 1800 1605 quando
1815 1536 2006 1591 statuit
2027 1546 2087 1592 ut
2104 1554 2197 1608 per

589 1635 758 1692 aquas
777 1620 979 1676 diluvii
1004 1621 1186 1678 omnis
1210 1623 1509 1679 multitudo
1527 1624 1884 1695 reproborum
1899 1626 2190 1684 deleretur.

662 1715 843 1784 (Vers.
880 1716 934 1782 3,
991 1717 1072 1787 4.)
1118 1719 1192 1772 Et
1229 1736 1346 1772 cum
1386 1720 1677 1790 aperuisset
1730 1723 1962 1793 sigillum
2003 1740 2195 1779 secun-

590 1805 736 1859 dum.
782 1806 1015 1861 Secundi
1060 1807 1230 1878 sigilli
1278 1809 1489 1880 apertio
1533 1809 1602 1864 ad
1634 1826 1772 1866 arca
1803 1810 2087 1881 fabricam,
2138 1821 2191 1869 et

586 1894 654 1949 ad
678 1894 858 1967 justos
887 1895 981 1969 qui
1015 1906 1140 1952 ante
1185 1898 1355 1970 legem
1398 1900 1644 1969 fuerunt,
1689 1902 1945 1972 pertinet.
1982 1904 2067 1960 Ad
2098 1904 2187 1961 de-

586 1986 995 2042 monstrandam
1030 2004 1156 2060 ergo
1187 1988 1413 2044 secundi
1444 1990 1612 2061 sigilli
1639 1993 1975 2064 apertionem
2017 2009 2189 2066 pauca

585 2075 652 2129 de
683 2076 771 2131 his
801 2077 1113 2150 loquamur.
1145 2079 1206 2133 In
1238 2078 1437 2135 Genesi
1463 2080 1731 2152 scriptum
1776 2090 1857 2139 est
1885 2083 2016 2155 quia
2042 2085 2186 2142 dixit

588 2168 729 2221 Deus
754 2166 821 2222 ad
850 2168 998 2223 Noe:
1048 2194 1065 2215 ε
1095 2169 1202 2224 Fac
1234 2168 1333 2224 tibi
1366 2185 1546 2225 arcam
1579 2169 1645 2225 de
1676 2170 1841 2241 lignis
1877 2173 2181 2245 laevigatis:

584 2257 1001 2313 mansiunculas
1035 2257 1092 2313 in
1124 2275 1249 2314 arca
1274 2257 1461 2327 facies,
1503 2268 1556 2314 et
1583 2259 1858 2316 bitumine
1896 2262 2057 2319 linies
2088 2264 2185 2319 in-

583 2346 855 2402 trinsecus
883 2354 937 2401 et
965 2347 1329 2415 extrinsecus,
1361 2358 1416 2405 et
1452 2350 1531 2405 sic
1559 2349 1726 2406 facies
1761 2367 1901 2408 eam.
1941 2355 2183 2411 Trecen-

583 2444 764 2493 torum
795 2437 1108 2494 cubitorum
1138 2439 1243 2494 erit
1272 2438 1559 2511 longitudo
1587 2457 1746 2509 arca,
1782 2442 2183 2516 quinquaginta

578 2527 895 2583 cubitorum
947 2526 1204 2594 latitudo,
1254 2537 1306 2584 et
1347 2528 1573 2600 triginta
1604 2529 1919 2587 cubitorum
1946 2534 2181 2592 altitudo

581 2616 732 2672 illius
764 2616 920 2689 (Gen.
954 2635 1035 2685 v1,
1072 2616 1296 2687 14,15).
1330 2641 1348 2664 ι
1389 2618 1531 2675 Arca
1556 2618 1859 2676 Ecclesiam
1880 2638 1892 2676 :
1917 2623 2030 2678 Noe
2049 2640 2180 2681 vero

577 2704 876 2762 fabricator
924 2722 1061 2762 arca
1120 2705 1403 2764 Christum
1466 2706 1851 2765 fabricatorem
1917 2711 2178 2769 Ecclesia

577 2795 866 2867 ﬁgurabat.
898 2796 1030 2864 Qua
1069 2813 1195 2852 arca
1240 2814 1310 2852 ex
1340 2797 1503 2868 lignis
1540 2799 1807 2871 laevigatis
1839 2800 1983 2858 facta
2010 2802 2178 2860 fuisse

577 2885 937 2942 describitur:
973 2903 1069 2957 per
1097 2886 1245 2958 ligna
1282 2887 1553 2959 lavigata,
1586 2904 1706 2960 qua
1754 2895 1807 2945 et
1843 2906 2011 2962 aquas
2039 2907 2176 2963 pro-

579 2974 900 3043 hibuerunt,
951 2984 1005 3030 et
1034 2975 1207 3030 vitam
1248 2976 1506 3032 omnibus
1553 2977 1888 3035 animalibus
1925 2980 2072 3037 intra
2120 2999 2176 3038 se

576 3063 896 3118 constitutis
919 3071 1299 3131 servaverunt,
1321 3064 1572 3121 doctores
1593 3067 1852 3124 Ecclesia
1873 3070 2176 3142 designan-

577 3160 689 3216 tur,
720 3152 814 3225 qui
845 3161 898 3209 et
927 3151 1180 3209 doctrina
1216 3160 1269 3208 et
1294 3152 1515 3227 scriptis
1542 3156 1656 3211 suis
1702 3173 1871 3230 aquas
1917 3157 2176 3216 diverso-

575 3260 698 3300 rum
746 3261 992 3301 errorum
1040 3244 1108 3301 ab
1161 3245 1409 3317 ingressu
1454 3248 1716 3304 Ecclesia
1754 3249 2072 3322 prohibent,
2121 3260 2175 3308 et

576 3334 746 3392 vitam
774 3334 844 3392 iis
873 3335 968 3409 qui
1012 3335 1156 3393 intra
1182 3337 1486 3394 Ecclesiam
1519 3346 1668 3406 sunt,
1707 3357 1805 3397 sua
1840 3342 2093 3400 doctrina
2120 3351 2174 3399 et

572 3425 841 3496 exemplis
889 3434 1111 3482 servant
1140 3445 1158 3481 :
1207 3443 1329 3499 qua
1376 3428 1625 3498 lavigata
1654 3445 1769 3486 esse
1803 3431 2084 3499 dicuntur,
2116 3433 2173 3489 id

571 3521 672 3581 est,
717 3514 786 3569 ab
833 3515 986 3570 omni
1040 3516 1330 3589 asperitate
1386 3517 1651 3573 vitiorum
1703 3520 2021 3577 emundata.
2072 3522 2175 3577 Per

570 3602 980 3658 mansiunculas
1029 3619 1179 3671 vero,
1213 3620 1334 3675 qua
1381 3604 1439 3660 in
1485 3622 1611 3662 arca
1647 3605 1765 3662 ﬁeri
1805 3608 1972 3680 jussa
2020 3620 2169 3680 sunt,

568 3689 772 3746 diversi
804 3690 1025 3747 ordines
1055 3692 1113 3748 in
1144 3693 1393 3749 Ecclesia
1421 3693 1780 3767 designantur
1810 3716 1823 3765 ;
1855 3699 1998 3755 alius
2022 3701 2170 3757 enim

568 3780 626 3836 in
682 3780 958 3854 conjugali
1005 3782 1220 3853 ordine,
1274 3784 1417 3841 alius
1458 3784 1517 3841 in
1555 3787 1886 3858 continenti,
1925 3790 2068 3847 alius
2112 3791 2170 3848 in

565 3871 910 3940 monachico,
959 3871 1104 3929 alius
1150 3872 1211 3928 in
1254 3874 1606 3945 sacerdotali,
1658 3876 1789 3932 dum
1821 3879 1936 3934 Deo
1965 3880 2170 3936 servire

563 3960 807 4030 student,
867 3962 1021 4035 quasi
1068 3963 1126 4018 in
1175 3962 1410 4020 diversis
1461 3964 1843 4023 mansionibus
1894 3967 2163 4025 habitant.

561 4049 664 4105 Per
689 4048 941 4105 bitumen
974 4057 1182 4118 autem,
1215 4067 1325 4124 quo
1356 4050 1453 4108 lita
1496 4050 1665 4108 fuisse
1706 4053 1940 4123 dicitur,
1977 4055 2170 4112 divina

561 4139 846 4211 Scriptura
875 4139 1208 4213 designatur.
1244 4141 1464 4199 Tabula
1496 4158 1629 4215 ergo
1696 4161 1765 4199 ex
1807 4144 2008 4217 quibus
2044 4163 2168 4204 arca

564 4229 705 4285 facta
734 4238 836 4299 est,
875 4230 1291 4303 quasdoctores
1332 4233 1592 4290 Ecclesia
1643 4234 1984 4306 signiﬁcasse
2023 4236 2167 4293 dixi-

561 4333 705 4384 mus,
736 4317 1007 4375 bitumine
1036 4320 1367 4377 intrinsecus
1396 4330 1449 4378 et
1481 4322 1836 4379 extrinsecus
1868 4324 1981 4381 lita
2013 4335 2161 4394 sunt;

563 4406 695 4477 quia
728 4406 979 4463 doctores
1008 4408 1266 4466 Ecclesia
1310 4411 1646 4468 intrinsecus
1676 4412 1762 4468 liti
1792 4422 1921 4469 sunt
1949 4430 2045 4485 per
2070 4432 2167 4471 sa-

564 4493 850 4566 pientiam,
878 4496 1299 4571 doctrinamque
1327 4500 1647 4557 divinarum
1672 4503 2168 4577 Scripturarum,et

564 4585 908 4643 extrinsecus
936 4603 1032 4659 per
1058 4605 1222 4660 opera
1270 4588 1561 4647 virtutum.

634 4682 1025 4741 Trecentorum
1080 4694 1273 4743 autem
1315 4689 1630 4747 cubitorum
1685 4693 1973 4766 longitudo
2027 4713 2165 4754 arca

561 4771 732 4829 fuisse
754 4772 1108 4840 describitur,
1141 4776 1543 4852 quinquaginta
1571 4782 1883 4839 cubitorum
1907 4786 2161 4855 latitudo,

561 4870 615 4919 et
657 4863 883 4937 triginta
921 4865 1235 4923 cubitorum
1284 4869 1520 4927 altitudo
1567 4871 1720 4930 illius
1789 4874 1891 4930 Per
1929 4876 2162 4949 longitu-

562 4950 748 5008 dinem
806 4953 975 5025 igitur
1022 4973 1161 5013 arca
1191 4957 1347 5026 ﬁdes,
1392 4976 1488 5031 per
1519 4962 1868 5021 latitudinem
1899 4966 2161 5035 charitas,

564 5059 663 5116 per
722 5044 1075 5103 altitudinem
1133 5064 1255 5121 spes
1303 5048 1589 5121 ﬁguratur.
1660 5053 1973 5127 Longitudo
2035 5073 2163 5129 ergo

562 5151 702 5193 arca
757 5136 814 5191 in
863 5142 1136 5193 trecentos
1183 5138 1397 5195 cubitos
1450 5142 1802 5212 extenditur;
1850 5145 1979 5218 quia
2028 5146 2163 5204 ﬁdes

567 5233 756 5282 nostra
806 5226 866 5283 in
910 5227 1257 5284 confessione
1303 5238 1503 5287 sancta
1538 5231 1829 5290 Trinitatis
1872 5236 2156 5291 consistit:

562 5316 913 5373 centonarius
967 5333 1098 5373 vero
1153 5317 1424 5388 perfectus
1474 5328 1559 5376 est
1600 5338 1881 5379 numerus.
1926 5324 1990 5379 In
2038 5331 2160 5380 tre-

556 5413 745 5463 centos
806 5422 935 5481 ergo
986 5406 1204 5463 cubitos
1252 5407 1389 5465 ﬁdes
1439 5415 1629 5466 nostra
1669 5409 1996 5486 prasignata
2038 5421 2156 5483 est;

631 5604 747 5685 (lt?)
783 5607 863 5685 l_ta
904 5605 1070 5685 iidem
1119 5624 1278 5677 mss.;
1325 5608 1457 5685 edit.
1494 5626 1646 5679 vero,
1684 5612 2023 5685 septenis.....
2052 5631 2157 5671 ea:-

562 5675 723 5729 tendit
750 5693 765 5744 ;
793 5678 951 5736 Rom.
983 5680 1141 5749 edit.,
1174 5675 1414 5739 osténdit.

2116 5792 2143 5815 \

1620 324 1714 378 AD
1751 321 1987 379 ΟΡΕΒΑ
2023 320 2078 377 S.
2120 321 2453 381 AMBROSII
2490 323 2870 382 APPENDIX.

3726 340 3800 399 896

2229 448 2278 507 A
2313 446 2441 519 quia
2470 462 2679 519 aquam
2712 448 3106 519 perfectionem
3151 450 3312 507 habet
3352 452 3497 509 Pater
3519 463 3566 511 et
3595 458 3731 516 Filius
3764 474 3803 520 et

2310 536 2548 608 Spiritus
2621 548 2868 609 sanctus,
2938 542 3084 598 sicut
3146 543 3404 615 scriptum
3466 555 3568 603 est:
3610 568 3633 600 (ι
3672 551 3803 618 Qualis

2311 628 2490 697 Pater,
2535 630 2663 685 talis
2720 631 2919 699 Filius,
2969 631 3099 687 talis
3142 632 3375 704 Spiritus
3413 644 3606 693 sanctus
3645 641 3801 710 (Athan.

2312 717 2592 788 Symbol.).
2633 742 2651 766 ι

2382 808 2642 863 Latitudo
2688 807 3059 865 nihilominus
3086 808 3202 881 ejus
3254 811 3308 867 in
3338 813 3683 887 quinquaginta
3702 821 3804 877 cubi-

2312 906 2394 952 tos
2440 898 2744 965 dilatatur;
2797 899 2930 971 quia
2976 899 3113 955 ﬁdes
3139 917 3236 971 per
3256 901 3582 960 dilectionem
3606 915 3802 977 operatur.

2308 987 2413 1043 Sed
2464 1005 2575 1044 non
2626 990 3085 1047 inconvenienter
3126 1007 3221 1062 per
3265 991 3628 1065 quinquaginta
3655 999 3803 1053 cubitos

2309 1076 2621 1133 latitudinis
2670 1078 2914 1135 charitas
2956 1079 3259 1158 ﬁguratur;
3302 1083 3491 1154 septies
3516 1083 3641 1139 enim
3663 1096 3802 1158 septem

2307 1166 2671 1239 quadraginta
2716 1184 2917 1223 novem
2956 1153 3210 1225 faciunt:
3263 1153 3405 1243 quod
3444 1172 3486 1227 si
3537 1189 3678 1229 unum
3719 1175 3803 1231 huic

2306 1273 2539 1313 numero
2590 1257 2896 1326 addideris,
2948 1259 3349 1332 quinquaginta
3378 1262 3618 1318 invenies.
3643 1264 3803 1320 Dilectio

2306 1363 2434 1419 ergo
2465 1348 2708 1420 proximi
2745 1365 2855 1404 non
2894 1349 3353 1408 inconvenieuter
3389 1353 3443 1408 in
3472 1354 3723 1425 septenario
3742 1373 3802 1410 nu-

2306 1456 2456 1496 mero
2485 1442 2999 1513 comprehenditur;
3052 1442 3180 1516 quia
3209 1444 3329 1500 sine
3373 1453 3563 1517 septem
3590 1445 3803 1501 virtutibus

2304 1529 2491 1601 perﬁci
2527 1548 2637 1585 non
2677 1539 2877 1603 potest.
2929 1534 2993 1587 In
3034 1542 3244 1606 septem
3290 1549 3419 1590 vero
3459 1542 3674 1606 septenos
3694 1551 3803 1589 unus

2304 1619 2536 1693 quisque
2580 1620 2761 1677 ﬁdelis
2806 1621 3161 1679 dilectionem
3212 1622 3450 1694 proximi
3477 1622 3688 1680 extendit
3710 1623 3799 1695 (49),

2304 1709 2435 1766 dum
2476 1711 2899 1784 quibuscunque
2944 1712 3124 1768 modis
3174 1713 3515 1769 necessitates
3555 1721 3634 1768 aut
3676 1712 3802 1768 adver-

2221 1809 2265 1869 B
2302 1800 2490 1858 sitates
2517 1802 2789 1874 proximis
2837 1801 3059 1858 evenire
3092 1812 3344 1874 possunt,
3375 1803 3565 1859 eisdem
3603 1801 3738 1857 modis
3769 1808 3802 1854 et

2299 1891 2415 1963 ipse
2445 1891 2512 1947 ad
2552 1891 3054 1963 superveniendum
3090 1900 3315 1964 paratus
3335 1892 3569 1949 exsistit:
3597 1890 3714 1947 verbi
3728 1907 3802 1962 gra

2297 1983 2397 2051 tia,
2443 1984 2576 2039 dum
2612 1983 2900 2052 esurienti,
2950 1983 3120 2052 nudo,
3174 1983 3402 2056 hospiti,
3445 1983 3624 2055 egenti,
3654 1982 3697 2037 in
3730 1998 3801 2038 car-

2296 2088 2417 2129 cere
2460 2073 2660 2145 posito,
2702 2089 2822 2146 qua
2861 2082 2992 2130 sunt
3039 2073 3347 2130 necessaria
3396 2073 3676 2130 ministrat:
3716 2072 3800 2128 dum

2297 2162 2575 2219 dolentem
2607 2164 2944 2231 consolatur,
2974 2163 3105 2219 dum
3141 2163 3466 2220 iracundum
3498 2164 3646 2219 verbo
3665 2170 3801 2232 tempe-

2296 2259 2397 2320 rat,
2419 2252 2551 2308 dum
2585 2251 2775 2307 odium
2805 2252 2864 2307 in
2897 2252 3062 2309 corde
3088 2262 3369 2326 gerentem
3392 2253 3636 2326 paciﬁcat,
3661 2250 3799 2306 discor-

2291 2342 2591 2416 dantesque
2646 2342 2714 2400 ad
2772 2361 2960 2417 pacem
3010 2345 3270 2412 reducit;
3329 2345 3455 2401 dum
3505 2361 3613 2400 eum
3658 2341 3726 2415 qui
3763 2340 3799 2394 in

2291 2435 2529 2507 peccatis
2553 2434 2719 2506 jacet,
2766 2435 2835 2491 ad
2870 2436 3257 2508 paenitentiam
3308 2444 3579 2509 provocat;
3619 2433 3719 2490 dum
3755 2430 3797 2485 ad

2292 2524 2466 2580 vitam
2508 2532 2767 2581 aternam
2821 2541 3181 2598 quoscunque
3231 2534 3421 2599 potest,
3464 2541 3624 2581 secum
3649 2521 3797 2578 trahere

2287 2612 2507 2670 studet:
2551 2623 2624 2681 et,
2670 2622 2732 2670 ut
2772 2613 3016 2671 breviter
3068 2614 3276 2686 dicam,
3330 2616 3517 2691 quibus
3547 2614 3693 2671 modis
3717 2611 3790 2665 vult

2287 2710 2349 2757 ut
2377 2702 2427 2758 ei
2456 2703 2752 2759 salubriter
2792 2702 2859 2759 ab
2903 2704 3017 2759 alio
3047 2704 3429 2775 subveniatur,
3459 2705 3635 2761 eisdem
3658 2710 3699 2758 et
3719 2701 3794 2770 ipse

2286 2791 2705 2865 quibuscunque
2759 2801 2938 2865 potest
2987 2795 3293 2854 subvenire
3356 2803 3556 2869 paratus
3611 2800 3689 2849 est.
3737 2786 3792 2843 Ad

2286 2889 2491 2954 septem
2538 2891 2722 2940 autem
2773 2894 3032 2958 septenos
3084 2887 3129 2944 si
3186 2906 3361 2945 unum
3400 2887 3647 2960 adjungas,
3684 2880 3793 2955 quin-

2286 2974 2545 3047 quaginta
2572 2974 2747 3031 ﬁunt:
2770 2975 3028 3033 similiter
3061 2985 3115 3034 et
3138 2979 3216 3035 ad
3245 2980 3574 3037 dilectionem
3599 2969 3791 3049 proximi,

2283 3063 2330 3118 si
2372 3063 2539 3119 unius
2581 3064 2680 3119 Dei
2719 3063 3075 3121 dilectionem
3141 3067 3429 3141 adjungas,
3483 3076 3583 3124 tota
3622 3062 3792 3121 charitas

2209 3171 2252 3231 ρ
2286 3151 2497 3223 integra
2525 3160 2689 3226 atque
2718 3155 2959 3226 perfecta
2986 3154 3045 3211 in
3077 3163 3131 3212 te
3160 3158 3420 3215 efﬁcitur.

2353 3244 2610 3300 Altitudo
2654 3260 2787 3300 vero
2826 3262 2963 3302 arca
3004 3246 3062 3302 in
3115 3248 3347 3322 triginta
3392 3248 3588 3306 cubitos
3623 3243 3791 3302 exaltata

2283 3341 2382 3402 est,
2415 3334 2544 3406 quia
2583 3335 2678 3390 ille
2708 3335 2902 3390 utilem
2933 3351 3086 3407 spem
3123 3337 3247 3409 (50)
3275 3338 3520 3411 possidet,
3557 3334 3636 3407 qui
3666 3348 3691 3387 a
3718 3329 3787 3385 ﬁde

2281 3432 2482 3480 sancta
2511 3423 2819 3493 Trinitatis,
2867 3424 3012 3481 sicut
3060 3426 3226 3483 nobis
3267 3427 3335 3483 ab
3374 3425 3610 3498 apostolis
3647 3418 3789 3476 traditi

2281 3524 2381 3586 est,
2411 3526 2573 3590 atque
2602 3517 2813 3573 cateris
2854 3517 3228 3587 documentis,
3280 3535 3448 3592 neque
3473 3532 3630 3589 opere,
3669 3524 3789 3582 neque

2280 3605 2604 3663 credulitate
2655 3605 2953 3663 discordat.
3014 3607 3120 3674 Qui
3166 3607 3319 3663 enim
3369 3622 3510 3679 spem
3555 3604 3654 3660 sine
3690 3604 3790 3655 recta

2279 3692 2388 3750 ﬁde
2440 3692 2508 3749 de
2549 3693 2664 3749 vita
2699 3701 2902 3750 aterna
2951 3693 3285 3766 possidenda
3326 3695 3428 3751 sibi
3464 3696 3671 3764 usurpat,
3710 3683 3789 3741 sint

2279 3783 2449 3840 dubio
2487 3785 2845 3857 semetipsum
2886 3785 3125 3857 decipit;
3177 3786 3312 3861 quia
3350 3811 3367 3833 ι
3398 3784 3508 3841 sine
3533 3782 3625 3838 ﬁde
3645 3780 3787 3847 impos-

2279 3873 2440 3930 sibile
2477 3881 2560 3930 est
2588 3874 2801 3945 placere
2827 3876 2940 3931 Deo
2974 3876 3161 3947 (Hebr.
3192 3895 3277 3946 xi,
3315 3877 3371 3947 6)
3428 3902 3446 3925 ι
3485 3864 3785 3961 Altitudoila-

2279 3978 2382 4035 que
2407 3979 2545 4019 arca
2592 3980 2623 4020 a
2663 3980 2859 4035 magna
2904 3964 3256 4037 longitudine
3307 3969 3446 4028 522
3482 3971 3532 4018 et
3569 3953 3788 4016 latitudine

2278 4059 2648 4128 exoriebatur,
2694 4068 2748 4116 et
2795 4059 2855 4115 in
2884 4061 3076 4117 cubito
3110 4078 3329 4119 sursum
3359 4053 3785 4142 consummabant;

2277 4147 2406 4219 quia
2435 4148 2673 4204 charitas
2709 4164 2830 4221 qua
2878 4164 2944 4204 ex
2986 4148 3094 4206 ﬁde
3122 4153 3387 4219 nascitur,
3426 4150 3483 4205 in
3513 4158 3676 4215 magna
3706 4137 3785 4191 lali-

2275 4236 2471 4293 tudine
2509 4253 2634 4310 erga
2660 4238 3045 4310 proximorum
3089 4257 3280 4296 curam
3312 4238 3629 4309 semetipsam
3654 4233 3787 4318 estcu-

2275 4326 2377 4382 dit.
2438 4326 2666 4383 Sursum
2724 4344 2855 4384 vero
2910 4328 2968 4384 in
3015 4329 3208 4386 cubito
3255 4332 3664 4386 consummatur;
3698 4324 3785 4404 ill“?

2276 4416 2459 4473 omnis
2487 4434 2609 4490 spes
2638 4418 2891 4474 ﬁdelium
2929 4426 3093 4492 atque
3122 4420 3451 4478 desiderium
3477 4414 3541 4472 ad
3565 4408 3700 4467 unius
3718 4402 3783 4458 Dei

2195 4531 2245 4592 Β
2279 4506 2547 4563 visionem
2572 4508 2770 4564 tendit.

2348 4606 2506 4675 Quod
2545 4610 2725 4663 autem
2767 4607 2880 4663 Noe
2911 4607 2979 4664 ad
3000 4606 3304 4679 jussionem
3340 4604 3548 4665 Domini
3573 4616 3631 4657 ex
3660 4604 3782 4651 οωῐιι·

2278 4696 2382 4755 bus
2424 4697 2799 4753 animantibus
2841 4698 3066 4755 mundis
3102 4707 3156 4755 et
3191 4696 3484 4755 immundis
3509 4685 3729 4776 masculos
3748 4682 3783 4776 (ξι

2276 4787 2512 4843 feminas
2558 4787 2872 4845 introduxit
2919 4788 2976 4843 in
3021 4805 3202 4845 arcam
3252 4789 3403 4861 (Gen.
3454 4801 3543 4850 vn,
3584 4774 3782 4845 8.9M"

2276 4877 2503 4951 gniﬁcat
2531 4878 2680 4951 quod
2725 4879 2850 4935 mali
2879 4890 2932 4938 et
2977 4881 3112 4937 boni
3147 4882 3204 4937 in
3233 4878 3521 4937 Ecclesiam
3546 4864 3783 4960 introdltw

2276 4976 2485 5024 rentur.
2544 4968 2645 5026 Sed
2676 4969 2743 5025 de
2784 4970 3008 5026 mundis
3042 4978 3264 5043 septena
3297 4978 3350 5028 et
3371 4974 3598 5039 septena:
3625 4956 3679 5013 de
3713 4956 3779 5005 im-

2274 5057 2496 5114 mundis
2509 5075 2640 5114 vero
2655 5060 2793 5115 bina
2810 5067 2865 5116 et
2874 5058 3026 5129 bina,
3041 5061 3315 5117 masculus
3325 5066 3377 5116 et
3397 5054 3581 5113 femina
3594 5050 3641 5104 in
3650 5050 3780 5131 am

2275 5146 2644 5214 introierunt;
2698 5165 2796 5222 per
2857 5148 3063 5205 munda
3111 5164 3342 5221 namque
3384 5139 3619 5201 animalia
3648 5131 3782 5222 elect}-

2275 5253 2368 5309 per
2422 5209 2716 5293 immunda
2765 5253 2897 5293 vero
2954 5237 3171 5310 reprobi
3222 5209 3578 5308 designantur.
3629 5209 3779 5308 Malitia

2270 5327 2455 5400 itaque
2485 5326 2746 5382 animalia
2776 5327 2832 5382 in
2863 5328 3099 5401 septimo
3125 5342 3352 5384 numero
3381 5324 3654 5397 ponuntur;
3687 5311 3780 5401 ψιξξ

2268 5391 2486 5473 illisoli
2525 5415 2682 5473 electi
2713 5425 2862 5486 sunt,
2892 5391 2987 5491 qui
3026 5433 3124 5492 per
3162 5391 3397 5491 gratiam.
3416 5405 3628 5483 Spiritus
3649 5391 3777 5451 saneu

2266 5614 2457 5759 φωο)
2490 5613 2664 5687 Edit.,
2688 5616 2818 5689 quia
2851 5618 2944 5676 ille
2989 5617 3243 5675 venialem
3283 5625 3459 5687 spem;
3483 5617 3619 5666 mssa
3643 5588 3774 5650 α¹ί¹⁶¹⁸

2328 5704 2427 5745 em.

2328 5704 2427 5745 em.
