4020 6200
224 297 294 353 89
1106 286 1562 346 BERENGAUDI
1599 284 1972 342 EXPOSITIO
2011 283 2082 341 IN
2117 280 2626 340 APOCALYPSIN.

3410 282 3516 338 898

228 422 293 478 ab
342 418 657 493 operatione
722 416 998 473 donorum
1047 414 1291 488 ejusdam
1361 414 1600 486 Spiritus
1655 422 1808 469 sanet
1834 418 1885 476 A
1919 426 2042 465 cum
2075 408 2315 481 Spiritus
2341 407 2515 464 sancti
2545 408 2719 479 gratia
2762 424 2874 475 eos,
2921 424 3056 480 quos
3076 423 3171 479 per
3209 407 3383 479 legem
3412 408 3514 462 sal-

221 509 379 566 alieni
409 524 520 565 non
549 514 715 565 sunt:
749 505 967 579 reprobi
1014 521 1146 561 vero
1180 506 1237 561 in
1282 502 1524 561 secundo
1578 518 1809 559 numero

220 605 532 673 ponuntur;
566 597 696 671 quia
722 597 841 653 solo
870 611 1099 668 corpora
1127 603 1181 651 et
1222 595 1408 651 anima
1457 594 1514 649 in
1560 590 1811 650 Ecclesia

221 687 547 753 consistunt,
581 694 762 742 mente
786 702 917 741 vero
944 693 1101 741 extra
1126 684 1428 741 Ecclesiam
1457 689 1607 738 sunt.

289 778 349 832 In
377 776 734 849 sequentibus
763 791 978 848 quoque
1004 774 1270 846 scriptum
1297 780 1379 828 est
1410 791 1422 827 ε
1466 795 1484 818 ι
1515 770 1657 839 Quia
1686 786 1809 842 ape-

220 870 361 924 riens
410 869 523 924 Noe
561 869 853 923 fenestram
912 883 1049 923 arca:
1098 882 1261 938 quam
1323 866 1546 930 fecerat,
1594 861 1811 917 dimisit

216 974 463 1025 corvum,
519 958 615 1030 qui
671 956 1048 1028 egrediebatur
1103 963 1157 1010 et
1206 971 1317 1010 non
1376 950 1808 1024 regrediebatur,

215 1046 388 1102 donec
442 1045 779 1101 siccarentur
830 1061 983 1117 aqua;
1037 1060 1202 1116 super
1246 1050 1449 1098 terram
1484 1041 1640 1111 (Gen.
1682 1055 1807 1104 vm,

214 1135 268 1203 6,
300 1137 378 1208 7).
412 1161 431 1184 ι
472 1137 574 1191 Per
600 1141 829 1191 corvum
858 1151 1016 1190 avem
1068 1133 1424 1206 nigerrimam
1472 1128 1649 1185 Judaei
1684 1126 1809 1182 inﬁ-

213 1224 438 1281 delitate
479 1226 755 1283 tenebrosi
805 1224 1183 1297 designantur.
1236 1224 1350 1279 Noe
1392 1220 1562 1291 igitur
1590 1218 1657 1273 de
1687 1232 1813 1272 arca

212 1333 442 1371 corvum
471 1316 684 1383 emisit;
719 1315 849 1388 quia
873 1314 1145 1370 Dominus
1173 1319 1358 1368 noster
1377 1310 1533 1365 Iesus
1559 1308 1813 1364 Christus

212 1421 240 1460 a
255 1405 538 1461 consortio
559 1412 758 1460 sach
773 1403 1033 1460 Ecclesiae
1049 1402 1310 1473 populum
1331 1398 1644 1455 Iudaeorum
1663 1412 1811 1467 sepa-

214 1494 373 1549 ravit.
402 1494 532 1549 Post
552 1509 781 1549 corvum
810 1492 997 1547 emisit
1023 1488 1358 1556 columbam,
1392 1503 1512 1559 quae
1537 1482 1661 1543 cum
1700 1500 1812 1541 non

213 1582 541 1651 invenisset,
564 1582 660 1637 ubi
685 1576 1050 1654 requiesceret
1078 1594 1172 1651 pes
1200 1578 1340 1651 ejus,
1373 1592 1592 1632 reversa
1629 1583 1710 1630 est
1744 1574 1814 1631 ad

210 1695 333 1735 eum
366 1678 425 1735 in
463 1694 667 1735 arcam.
713 1676 966 1734 Secundo
1009 1674 1195 1731 emisit
1221 1672 1535 1731 columbam
1570 1688 1639 1728 ex
1667 1688 1814 1739 arca,

210 1784 328 1840 quae
369 1768 530 1824 venit
571 1766 639 1822 ad
687 1783 811 1823 eum
860 1765 930 1822 ad
975 1780 1280 1837 vesperam,
1324 1769 1547 1834 portans
1595 1777 1809 1817 ramum
1840 1778 1886 1837 Β

209 1858 369 1913 olivae
404 1855 720 1912 virentibus
769 1854 921 1910 foliis
968 1854 1027 1909 in
1086 1870 1179 1909 ore
1239 1868 1359 1908 suo.
1412 1851 1597 1907 Tertio
1627 1850 1813 1907 emisit

208 1944 549 2013 columbam,
589 1961 710 2017 quae
747 1960 860 1999 non
889 1951 972 1999 est
1003 1958 1220 1999 reversa
1244 1942 1393 1997 ultra
1436 1940 1504 1996 ad
1534 1955 1682 1996 eum.
1712 1939 1813 1993 Per

208 2034 529 2092 columbam
568 2050 710 2106 saepe
740 2033 976 2106 Spiritus
996 2040 1217 2089 sanctus
1240 2031 1531 2104 ﬁguratur,
1571 2044 1637 2085 eo
1663 2026 1812 2101 quod

208 2124 266 2179 in
313 2123 590 2180 columbae
644 2122 824 2194 specie
891 2138 1057 2195 super
1105 2120 1407 2178 Dominum
1467 2116 1815 2176 descenderit

210 2214 359 2286 (Luc.
394 2231 482 2281 III,
514 2213 630 2284 22).

276 2303 380 2360 Sed
442 2302 798 2376 quaerendum
839 2300 1001 2357 nobis
1054 2308 1137 2356 est
1184 2297 1318 2372 quid
1361 2296 1637 2369 signiﬁcet
1663 2295 1814 2352 trina

208 2392 437 2448 emissio
475 2390 746 2447 columbas
775 2397 830 2445 et
858 2390 994 2445 bina
1023 2389 1294 2445 veversio.
1329 2388 1460 2443 Tres
1489 2386 1814 2442 emissiones

208 2482 311 2538 tria
338 2491 594 2554 tempora
628 2479 984 2551 signiﬁcant:
1038 2477 1278 2551 primum
1309 2484 1436 2532 ante
1486 2477 1684 2549 legem,
1733 2492 1813 2532 se-

208 2571 455 2628 cundum
488 2568 591 2626 sub
622 2569 758 2641 lege,
789 2568 1014 2624 tertium
1061 2565 1164 2623 sub
1194 2565 1386 2638 gratia.
1438 2566 1500 2621 In
1547 2564 1653 2621 hoc
1682 2580 1814 2620 vero

211 2660 331 2718 loco
357 2660 481 2717 Noe
528 2661 726 2728 Deum,
760 2674 886 2716 arca
940 2666 1121 2714 autem
1165 2657 1439 2713 caelestem
1472 2654 1573 2711 Dei
1603 2653 1813 2710 habita-

212 2752 426 2808 tionem
476 2750 746 2822 designat.
810 2749 922 2805 Noe
960 2747 1140 2820 primo
1198 2745 1508 2803 columbam
1564 2760 1634 2801 ex
1688 2760 1815 2800 arca

214 2842 435 2909 emisit;
494 2840 626 2913 quia
676 2841 825 2896 Deus
868 2838 1218 2911 omnipotens
1268 2837 1472 2893 sanctis
1529 2834 1686 2902 viris,
1718 2833 1813 2906 qui

216 2942 340 2989 ante
372 2934 547 3004 legem
579 2931 826 2998 fuerunt,
860 2929 1089 3003 gratiam
1137 2928 1377 3000 Spiritus
1405 2925 1579 2982 sancti
1617 2924 1771 2989 dedit
1798 2942 1810 2979 :

217 3031 271 3080 et
299 3023 395 3096 qui
445 3023 618 3095 legem
650 3037 763 3077 non
795 3020 1091 3087 habebant,
1147 3018 1340 3073 divina
1394 3022 1664 3087 prtecepta
1692 3029 1813 3086 quas

218 3120 406 3186 postea
432 3112 556 3169 data
588 3121 739 3180 sunt,
770 3128 866 3184 per
893 3110 1101 3165 donum
1130 3106 1370 3179 Spiritus
1406 3105 1581 3161 sancti
1611 3104 1816 3175 imple-

222 3215 440 3263 verunt.
470 3205 576 3262 Sed
628 3203 885 3260 columba
911 3218 1024 3257 non
1073 3200 1288 3255 invenit
1328 3198 1422 3255 ubi
1475 3214 1567 3271 pes
1595 3196 1713 3269 ejus
1737 3213 1816 3252 rc-

217 3299 559 3371 quiesceret;
608 3295 739 3367 quia
783 3309 896 3350 non
946 3293 1125 3349 solum
1155 3300 1363 3348 caetera;
1394 3297 1598 3361 gentes,
1646 3288 1740 3344 sed
1768 3295 1821 3344 et

217 3386 325 3458 ipsi
357 3385 535 3441 Judaei
576 3385 635 3439 in
677 3385 920 3457 rEgypto
972 3383 1137 3455 positi
1181 3382 1239 3437 in
1276 3388 1492 3437 tantum
1543 3381 1819 3438 culturam

218 3478 320 3535 Dei
350 3478 712 3551 reliquerunt,
765 3484 830 3531 ut
872 3492 935 3532 eo
964 3483 1208 3547 tempore
1261 3490 1371 3547 quo
1419 3473 1633 3545 Moyses
1661 3480 1823 3529 natus

220 3577 321 3638 est,
377 3586 515 3641 pene
586 3570 776 3625 nullus
844 3568 1189 3624 inveniretur
1261 3566 1317 3621 in
1369 3582 1530 3638 quem
1584 3565 1823 3637 Spiritus

218 3668 445 3717 sanctus
471 3659 721 3716 habitare
742 3659 1063 3731 dignaretur
1094 3676 1105 3713 :
1140 3664 1193 3713 et
1233 3655 1643 3730 quodammodo
1691 3672 1825 3728 gra-

220 3749 301 3805 tia
328 3748 568 3821 Spiritus
605 3749 781 3805 sancti
814 3748 883 3804 ad
912 3764 1037 3804 eum
1088 3746 1273 3815 rediit,
1306 3762 1338 3802 a
1382 3763 1491 3820 quo
1525 3746 1692 3803 missa
1720 3753 1820 3814 est,

222 3855 349 3895 cum
381 3838 634 3894 homines
663 3846 975 3911 peccatores
999 3836 1264 3893 deseruit.

293 3926 551 3983 Secundo
603 3925 789 3983 emisit
843 3926 957 3982 Noe
1010 3925 1325 3982 columbam
1355 3941 1424 3981 ex
1478 3940 1639 3992 arca;
1696 3924 1826 3996 quia

220 4021 365 4076 Deus
397 4017 627 4091 gratiam
658 4016 896 4088 Spiritus
922 4017 1097 4073 sancti
1128 4015 1447 4072 hominibus
1483 4016 1654 4087 legem
1686 4031 1825 4087 puro

219 4108 384 4165 corde
437 4105 787 4164 servantibus
833 4105 1005 4162 dedit.
1066 4106 1302 4178 Vespere
1355 4114 1536 4161 autem
1591 4120 1701 4177 quo
1735 4120 1824 4160 co-

222 4197 418 4253 lumba
445 4195 514 4251 ad
545 4195 658 4251 Noe
690 4193 875 4262 rediit,
934 4202 1149 4266 tempus
1197 4210 1306 4266 quo
1352 4192 1607 4250 Christus
1664 4200 1827 4249 natus

219 4294 319 4355 est,
353 4286 628 4357 designat.
684 4287 763 4341 De
818 4284 924 4341 hoc
980 4291 1223 4356 tempore
1261 4285 1530 4339 Dominus
1585 4283 1723 4339 dicit
1767 4282 1825 4338 in

220 4374 574 4446 Evangelio:
622 4399 640 4421 ε
668 4374 783 4429 Lex
824 4381 879 4428 et
926 4372 1207 4445 propheta:
1236 4388 1410 4443 usque
1448 4371 1517 4426 ad
1560 4373 1825 4428 Joannem

225 4467 375 4539 (Luc.
425 4483 547 4533 va,
584 4467 715 4538 16);
755 4491 774 4514 ι
819 4465 950 4538 quia
992 4472 1281 4537 postquam
1320 4462 1683 4535 Evangelium
1722 4478 1825 4517 cm-

224 4557 306 4628 pit
332 4554 652 4629 praedicari,
701 4554 1052 4611 circumcisio
1092 4561 1146 4610 et
1198 4553 1386 4609 multa:
1417 4550 1826 4607 observationes

226 4644 433 4718 legales
460 4644 603 4699 nihil
649 4644 995 4715 profuerunt.
1048 4642 1305 4711 Quandiu
1336 4640 1469 4713 legis
1515 4638 1826 4696 observatio

224 4734 338 4791 Deo
411 4734 638 4807 placuit,
712 4734 906 4790 tandiu
957 4734 1210 4791 homines
1291 4733 1462 4805 legem
1544 4738 1828 4787 servantes

226 4823 472 4895 Spiritus
525 4824 701 4881 sancti
758 4824 930 4897 gratia
989 4823 1326 4881 comitavit:
1394 4830 1448 4878 et
1511 4821 1657 4878 sicut
1724 4836 1835 4875 co-

231 4912 425 4970 lumba
476 4912 544 4969 ad
600 4929 881 4986 vesperam
919 4912 988 4968 ad
1041 4914 1154 4969 Noe
1202 4911 1389 4979 rediit,
1427 4912 1504 4968 ita
1547 4918 1601 4966 et
1656 4908 1825 4981 Spiri-

233 5009 325 5058 tus
353 5004 534 5060 sancti
585 5004 775 5076 gratia,
815 5002 1033 5059 Iudaeos
1079 5001 1330 5058 inﬁdeles
1376 5001 1652 5068 deserens,
1694 5015 1826 5071 quo-

234 5092 532 5150 dammodo
561 5094 628 5150 ad
657 5110 783 5149 eum
834 5110 866 5148 a
913 5108 1021 5164 quo
1068 5091 1246 5147 fuerat
1270 5091 1457 5158 missa,
1486 5105 1703 5146 reversa
1727 5095 1829 5144 est.

237 5181 339 5238 Per
392 5199 610 5239 ramum
670 5198 802 5238 vero
847 5181 1009 5237 olivae
1080 5182 1251 5254 legem
1308 5195 1598 5252 possumus
1655 5176 1832 5233 intel-

242 5270 421 5342 ligere
453 5273 540 5328 vel
568 5272 859 5343 accipere:
918 5283 1014 5342 per
1054 5269 1188 5327 folia
1239 5276 1424 5326 autem
1464 5266 1706 5325 virentia
1736 5285 1829 5325 eos

241 5360 335 5431 qui
361 5376 459 5433 per
486 5361 659 5434 legem
690 5360 831 5416 salvi
869 5358 999 5416 facti
1028 5367 1177 5415 sunt.
1225 5358 1493 5417 Columba
1546 5358 1716 5431 igitur
1746 5374 1826 5414 ra-

244 5463 396 5505 mum
424 5449 586 5507 olivae
616 5466 741 5506 cum
773 5447 1081 5506 virentibus
1104 5448 1256 5506 foliis
1276 5448 1335 5505 in
1362 5465 1455 5506 ore
1482 5465 1583 5506 suo
1601 5448 1824 5517 detulit,

1917 506 2160 566 vaverat,
2193 497 2601 569 quodammodo
2629 499 2741 552 Deo
2768 495 2989 551 obtulit.

1990 610 2177 667 Tertio
2206 610 2319 666 Noe
2359 608 2670 666 columbam
2702 626 2771 666 ex
2798 626 2922 665 arca
2954 609 3158 677 emisit,
3188 609 3407 682 quando
3437 608 3515 664 ﬁ-

1922 700 2046 757 dem
2077 699 2371 769 Evangelii
2404 699 2755 755 servantibus
2798 698 3024 770 gl'atiam
3070 699 3307 770 Spiritus
3334 700 3511 756 sancti

1919 790 2091 847 dedit.
2124 789 2255 856 Quae
2303 805 2414 844 non
2446 796 2527 843 est
2560 804 2775 843 reversa
2805 789 2950 842 ultra
2995 788 3061 843 ad
3085 804 3209 843 eum
3237 807 3249 853 ;
3284 790 3413 861 quia
3438 790 3515 845 ﬁ-

1919 879 2015 935 des
2042 878 2333 949 Evangelii
2376 876 2573 949 tandiu
2612 893 2736 931 cum
2776 875 2963 932 electis
3016 876 3283 945 manebit,
3342 895 3513 951 usque

1919 970 2051 1024 dum
2081 968 2339 1023 veniente
2378 968 2617 1023 Domino
2646 966 2713 1021 ad
2753 965 3051 1037 judicium,
3101 966 3260 1021 electi
3309 968 3403 1039 qui
3453 968 3511 1023 in

1920 1058 2027 1113 hoc
2055 1057 2263 1113 mundo
2298 1057 2673 1123 invenientur,
2716 1057 3000 1127 rapientur
3051 1073 3233 1111 coram
3268 1059 3510 1113 Domino

1920 1146 1977 1202 in
2007 1163 2152 1215 aera,
2194 1154 2248 1202 et
2277 1146 2358 1203 sic
2385 1163 2602 1217 semper
2623 1163 2747 1201 cum
2790 1146 3028 1203 Domino
3058 1153 3221 1200 erunt
3241 1147 3300 1217 (Ι
3332 1149 3512 1203 Thess.

1922 1254 2000 1301 1v,
2033 1236 2146 1307 16).

1993 1351 2079 1407 Ad
2110 1350 2591 1407 demonstrandam
2626 1366 2758 1406 vero
2802 1352 3042 1422 apertius
3088 1348 3312 1406 secundi
3345 1350 3515 1422 sigilli

1921 1440 2282 1512 apertionem,
2329 1441 2396 1496 de
2443 1442 2623 1496 tribus
2672 1440 2998 1512 patriarchis
3045 1456 3216 1511 pauca
3242 1439 3514 1496 dicamus.

1924 1528 1985 1582 In
2014 1529 2215 1584 Genesi
2272 1529 2540 1600 scriptum
2585 1536 2666 1585 est
2710 1528 2837 1601 quia
2883 1529 3117 1584 tentavit
3153 1530 3299 1584 Deus
3328 1528 3516 1583 Abra-

1923 1620 2071 1687 ham,
2104 1626 2161 1674 et
2200 1618 2349 1673 dixit
2378 1618 2443 1673 ad
2474 1635 2600 1673 eum
2632 1638 2643 1674 :
2699 1645 2716 1666 ι
2746 1620 2899 1675 Tolle
2938 1618 3114 1673 ﬁlium
3143 1627 3322 1686 tuum,
3353 1634 3515 1690 quem

1923 1708 2131 1780 diligis,
2162 1709 2331 1775 Isaac,
2366 1715 2420 1762 et
2448 1707 2586 1763 vade
2616 1708 2671 1762 in
2712 1715 2914 1762 terram
2947 1706 3200 1775 visionis,
3241 1714 3295 1762 et
3324 1707 3518 1762 offeres

1921 1814 2044 1853 eum
2068 1796 2145 1852 ibi
2168 1796 2225 1851 in
2244 1796 2630 1852 holocaustum
2650 1811 2812 1866 super
2832 1812 3005 1850 unum
3026 1794 3320 1864 montium,
3354 1811 3514 1868 quem

1921 1885 2116 1943 dixero
2150 1885 2256 1942 tibi
2282 1887 2438 1957 (Gen.
2458 1901 2603 1953 xin,
2626 1883 2705 1954 2).
2740 1908 2758 1931 ι
2801 1883 3079 1939 Abraham
3107 1900 3239 1938 vero
3260 1883 3326 1938 de
3356 1892 3518 1940 nocte

1921 1991 2276 2047 consurgens,
2321 1974 2522 2030 stravit
2572 1972 2787 2029 asinum
2829 1988 3023 2040 suum,
3072 1972 3277 2030 ducens
3334 1991 3516 2031 secum

1922 2065 2061 2121 duos
2105 2063 2378 2137 juvenes,
2446 2069 2500 2117 et
2560 2064 2707 2118 Isaac
2763 2062 2941 2119 ﬁlium
2999 2079 3180 2118 suum.
3239 2062 3518 2118 Abraham

1923 2153 2207 2211 Christum
2245 2151 2546 2209 secundum
2576 2150 2927 2207 divinitatem
2963 2168 2974 2206 :
3019 2151 3167 2208 Isaac
3194 2159 3377 2207 autem
3409 2151 3522 2207 ho-

1924 2243 2153 2313 minem,
2204 2258 2368 2315 quem
2431 2240 2687 2298 Christus
2728 2240 3042 2312 assumpsit,
3096 2241 3390 2313 designat:
3426 2258 3522 2313 per

1922 2333 2142 2390 asinum
2178 2348 2310 2387 vero
2340 2330 2573 2405 apostoli
2593 2330 2969 2402 designantur.
3020 2330 3296 2386 Abraham
3350 2331 3522 2404 igitur

1921 2427 1988 2484 de
2016 2437 2173 2485 nocte
2204 2428 2486 2496 surrexit;
2519 2427 2649 2501 quia
2683 2428 2859 2485 Filius
2896 2428 3014 2496 Dei,
3042 2429 3249 2484 mundo
3278 2429 3337 2484 in
3359 2436 3521 2486 tene—

1922 2517 2037 2574 bris
2065 2519 2388 2591 ignorantia
2427 2521 2627 2591 posito,
2658 2536 2726 2574 ex
2770 2519 2939 2575 Maria
2969 2519 3198 2590 Virgine
3238 2519 3388 2575 nasci
3424 2519 3520 2574 di-

1924 2618 2119 2679 gnatus
2149 2619 2230 2664 est
2265 2626 2277 2663 :
2330 2608 2532 2664 stravit
2575 2608 2790 2663 asinum
2821 2624 3003 2676 suum,
3039 2607 3258 2680 quando
3286 2615 3519 2679 aposto-

1924 2697 1993 2751 lis
2023 2696 2139 2751 suis
2165 2696 2424 2750 mandata
2467 2695 2754 2768 Evangelii
2786 2696 3015 2752 tradidit
3046 2713 3057 2752 :
3091 2713 3188 2767 per
3216 2697 3354 2752 duos
3388 2713 3522 2752 vero

1919 2784 2153 2856 juvenes
2202 2785 2320 2853 (5i)
2379 2784 2493 2839 duo
2526 2792 2796 2856 praecepta
2824 2784 3111 2841 charitatis
3139 2785 3516 2856 designantur.

1923 2876 2070 2929 Duos
2116 2874 2351 2945 juvenes
2400 2891 2582 2929 secum
2634 2873 2797 2930 duxit
2841 2896 2851 2940 ;
2910 2874 3041 2946 quia
3086 2876 3196 2931 duo
3253 2883 3523 2946 praecepta

1923 2963 2207 3020 charitatis
2285 2963 2577 3035 discipulis
2632 2963 2747 3019 suis
2812 2964 3017 3019 arctius
3065 2974 3119 3021 et
3179 2965 3523 3038 frequentius

1921 3053 2157 3110 tradidit
2210 3070 2220 3108 :
2277 3053 2443 3109 duxit
2494 3060 2547 3109 et
2594 3052 2772 3108 ﬁlium
2823 3069 3007 3121 suum,
3064 3055 3193 3127 quia
3236 3054 3517 3110 hominem

1850 3137 1894 3198 Ο
1930 3159 2090 3217 quem
2123 3142 2437 3214 assumpsit,
2462 3142 2530 3198 ad
2557 3141 2900 3199 moriendum
2936 3159 3033 3215 pro
3064 3159 3257 3215 genere
3282 3143 3521 3199 humano

1929 3232 2191 3302 tradidit,
2242 3232 2385 3289 sicut
2425 3232 2539 3304 ipse
2585 3232 2731 3287 dixit
2774 3232 2832 3286 in
2883 3234 3185 3306 Evangelio
3228 3234 3521 3305 discipulis

1929 3319 2089 3375 suis:
2156 3344 2173 3367 ι
2225 3321 2367 3376 Ecce
2414 3320 2760 3376 ascendimus
2806 3320 3262 3393 Hierosolymam,
3296 3330 3350 3377 et
3376 3339 3521 3380 con-

1929 3409 2356 3466 summabantur
2386 3408 2593 3478 omnia,
2620 3426 2740 3481 quae
2770 3409 2973 3481 scripta
3000 3420 3129 3466 sunt
3150 3427 3245 3482 per
3273 3410 3522 3482 prophe—

1933 3506 2013 3555 tas
2041 3498 2108 3554 de
2138 3497 2282 3553 Filio
2323 3497 2585 3553 hominis.
2637 3497 2907 3555 Tradetur
2955 3500 3101 3554 enim
3155 3499 3430 3572 gentibus,
3470 3505 3524 3555 et

1930 3589 2215 3658 illudetur,
2270 3598 2324 3646 et
2380 3589 2765 3663 ﬁagellabitur,
2798 3599 2853 3647 et
2880 3598 3247 3665 conspuetur:
3282 3597 3336 3648 et
3366 3600 3524 3664 post-

1931 3694 2094 3751 quam
2151 3679 2571 3752 ﬂagellaverint,
2616 3679 2873 3738 occident
2924 3697 3070 3751 eum,
3118 3688 3172 3737 et
3224 3680 3315 3736 die
3358 3682 3525 3738 tertia

1930 3779 2174 3843 resurget
2208 3773 2361 3846 (Luc.
2394 3791 2559 3844 xvm,
2588 3775 2813 3849 31-33).
2850 3803 2868 3826 ι

2001 3892 2102 3948 Die
2128 3892 2505 3976 autem‘tertia
2528 3895 2756 3951 elevatis
2782 3896 2977 3964 oculis,
3001 3896 3146 3953 vidit
3168 3898 3353 3955 locum
3386 3914 3527 3970 pro-

1931 3982 2043 4037 cul.
2076 3982 2207 4038 Tres
2245 3981 2365 4038 dies
2413 3992 2522 4039 tres
2551 3984 2782 4041 decades
2810 4002 3103 4054 annorum,
3138 3993 3326 4061 terque
3364 3986 3525 4044 binas

1933 4086 2148 4126 menses
2169 4071 2477 4144 designant,
2510 4090 2618 4145 quo
2646 4075 2822 4146 spatio
2844 4082 3153 4147 temporum
3184 4077 3438 4133 Christus
3466 4077 3524 4132 in

1933 4159 2141 4215 mundo
2168 4169 2521 4218 conversatus
2569 4162 2793 4218 dicitur.
2828 4164 3004 4220 Locus
3052 4181 3182 4219 vero
3223 4166 3521 4221 Jerusalem

1933 4244 2274 4319 designabat,
2310 4248 2366 4304 in
2398 4265 2507 4322 qua
2534 4268 2722 4322 passus
2750 4260 2832 4308 est
2860 4252 3133 4309 Christus.
3177 4253 3282 4309 Sed
3321 4270 3422 4310 cur
3448 4254 3524 4310 lo-

1934 4352 2059 4392 cum
2086 4354 2141 4392 se
2172 4339 2362 4409 procul
2393 4339 2599 4395 vidisse
2624 4340 2792 4410 dixit,
2815 4359 2940 4398 cum
2959 4342 3205 4414 quotidie
3228 4343 3285 4398 in
3315 4330 3526 4416 templo

1934 4426 2298 4498 praedicaret?
2331 4427 2470 4493 Quia
2500 4429 2754 4501 quamvis
2800 4430 2974 4487 Judaei
3008 4448 3173 4504 prope
3202 4440 3382 4489 essent
3409 4450 3527 4489 cor-

1851 4501 1900 4561 D
1930 4532 2080 4588 pore,
2129 4524 2347 4588 propter
2406 4518 2847 4577 incredulitatem
2892 4501 3077 4578 tamen
3108 4501 3269 4596 longe
3313 4523 3380 4579 ab
3430 4524 3527 4581 illo

1935 4616 2286 4664 recesserant.

2006 4727 2270 4799 Dixitque
2301 4726 2579 4787 Abraham
2609 4731 2796 4802 pueris
2823 4722 2939 4789 suis
2976 4751 2989 4789 :
3034 4757 3053 4780 ι
3074 4733 3404 4807 Exspectate
3436 4735 3529 4792 hic

1934 4833 2061 4874 cum
2089 4818 2291 4873 asino:
2347 4833 2445 4891 ego
2491 4828 2545 4876 et
2587 4837 2721 4892 puer
2748 4823 2884 4879 illuc
2929 4840 3098 4897 usque
3143 4832 3524 4897 properantes,

1935 4916 2222 4979 postquam
2275 4908 2704 4977 adoraverimus,
2752 4922 3092 4969 revertemur
3128 4913 3198 4969 ad
3226 4932 3327 4971 vos
3366 4915 3525 4985 (Gen.

1935 5013 2079 5065 XXII,
2111 4995 2191 5069 5).
2228 5025 2244 5045 ι
2292 4998 2562 5057 Similiter
2590 5010 2645 5057 et
2690 5000 2943 5059 Christus
2987 5012 3303 5076 exspectare
3347 5004 3530 5061 disci-

1940 5087 2099 5159 pulos
2155 5104 2283 5143 suos
2323 5088 2509 5160 jussit,
2560 5107 2731 5163 usque
2775 5092 2909 5148 dum
2958 5110 3244 5165 resurgens
3291 5100 3528 5149 reverte-

1938 5185 2091 5232 retur
2117 5178 2185 5233 ad
2218 5193 2327 5245 eos,
2360 5195 2486 5235 cum
2503 5178 2708 5235 diceret
2740 5199 2751 5236 :
2799 5206 2817 5229 ι
2848 5182 3051 5238 Omnes
3080 5199 3179 5239 vos
3207 5181 3530 5237 scandalum

1939 5266 2225 5338 patiemini
2271 5267 2331 5322 in
2378 5283 2464 5322 me
2510 5269 2568 5324 in
2620 5270 2725 5326 ista
2770 5280 2957 5339 nocte;
3011 5281 3298 5344 postquam
3344 5276 3529 5323 autem

1936 5371 2325 5424 resurrexero,
2372 5358 2673 5427 praecedam
2719 5375 2819 5416 vos
2869 5361 2927 5416 in
2975 5361 3257 5416 Galilaeam
3312 5357 3527 5430 (Matth.

1935 5462 2092 5514 xxvr,
2134 5445 2221 5515 3i,
2255 5444 2369 5518 32).
2417 5471 2435 5495 ι
2474 5447 2548 5505 Et
2589 5464 2717 5505 cum
2746 5448 3330 5521 comprehenderetur,
3381 5445 3531 5502 dixit
3614 5502 3619 5505 _

319 5634 434 5707 (51)
482 5636 659 5707 Edit.,
714 5636 954 5694 tradidit.
1010 5635 1155 5694 Duos
1209 5652 1330 5692 vero
1374 5634 1591 5706 juvenes
1653 5653 1822 5695 secum
1884 5637 2042 5695 dua-it
2071 5654 2088 5692 :
2121 5654 2250 5696 mss.
2284 5653 2416 5693 vero
2439 5635 2598 5694 nobis
2625 5638 2999 5695 consentiunt.
