4020 6200
562 254 669 316 899

1636 260 1733 316 AD
1771 257 2005 318 OPERA
2041 258 2097 317 S.
2139 253 2471 316 AMBROSII
2499 254 2879 314 APPENDIX.
3713 262 3793 320 900

563 372 818 441 Iudaeis:
881 408 898 432 ι
951 383 1009 439 Si
1053 399 1180 455 ergo
1222 399 1309 439 me
1350 382 1617 457 quaeritis,
1671 385 1837 440 sinite
1885 383 1987 441 hos
2013 385 2164 441 abire
2191 385 2242 445 A
2270 358 2657 439 tabernaculis.
2720 382 2824 438 Per
2874 381 3022 437 Esau
3080 379 3319 451 populus
3380 379 3691 452 Hebraicus,
3723 403 3794 459 per

569 474 751 544 (Joan.
789 490 952 541 xvm,
982 473 1062 545 8).
1089 497 1107 521 ι

637 563 789 619 Tulit
821 563 991 634 igitur
1027 561 1305 618 Abraham
1356 563 1506 636 ligna
1544 563 1875 630 bolocausti,
1908 571 1962 619 et
1988 564 2161 636 impo-

565 653 679 709 suit
697 669 860 724 super
879 653 1027 708 Isaac
1056 652 1233 707 ﬁlium
1263 670 1427 708 suum
1464 670 1475 707 :
1512 654 1627 726 ipse
1661 670 1794 709 vero
1824 654 2075 726 portabat
2104 654 2160 709 in

566 741 820 799 manibus
866 741 1049 813 ignem
1101 749 1155 797 et
1195 742 1462 813 gladium.
1496 743 1753 799 Diximus
1782 743 2035 815 superius
2068 759 2165 815 per

565 828 714 901 ligna
760 838 979 901 peccata
1022 839 1209 885 nostra
1255 830 1424 887 fuisse
1476 830 1805 904 designata:
1841 833 1991 903 ligna
2037 849 2163 904 ergo

568 918 718 973 Isaac
749 924 893 980 523
938 919 1183 991 portavit
1215 937 1228 987 ;
1279 919 1409 992 quia
1434 929 1655 991 peccata
1683 929 1872 976 nostra
1911 920 2166 978 Christus

566 1016 798 1087 pertulit
825 1016 883 1072 in
930 1034 1159 1089 corpore
1190 1035 1289 1073 suo
1320 1034 1485 1089 super
1540 1019 1790 1090 lignum;
1824 1026 1886 1074 ut
1926 1018 2165 1090 peccatis

568 1107 773 1162 mortui
811 1106 1045 1178 justitiae
1093 1109 1368 1165 vivamus.
1403 1109 1507 1163 Per
1542 1126 1737 1165 manus
1772 1125 1901 1165 vere
1927 1109 2163 1165 Abrahae

567 1205 807 1268 potestas
828 1199 1052 1254 Domini
1083 1198 1260 1254 nostri
1289 1199 1417 1254 Jesu
1448 1199 1657 1256 Christi
1699 1199 2062 1271 intelligitur;
2104 1199 2162 1255 in

566 1285 685 1358 ejus
714 1304 949 1360 namque
980 1298 1245 1361 potestate
1275 1289 1380 1346 fuit
1413 1296 1473 1344 ut
1501 1297 1824 1357 moreretur,
1864 1298 1917 1346 et
1965 1298 2026 1345 ut
2050 1306 2163 1345 non

566 1384 898 1445 moreretur,
942 1376 989 1431 si
1036 1379 1226 1447 vellet,
1254 1380 1398 1436 sicut
1443 1379 1563 1452 ipse
1605 1379 1726 1435 ait:
1792 1404 1809 1426 ι
1834 1380 2163 1436 Potestatem

567 1464 746 1521 habeo
776 1467 1017 1539 ponendi
1039 1470 1280 1526 animam
1315 1487 1516 1538 meam,
1548 1478 1602 1526 et
1635 1478 1957 1541 potestatem
1990 1469 2165 1525 habeo

567 1558 768 1616 iterum
819 1562 1077 1618 sumendi
1119 1579 1240 1621 eam
1281 1565 1463 1635 (Joan.
1508 1581 1568 1632 x,
1614 1564 1725 1629 18).
1773 1587 1792 1610 ι
1851 1564 1953 1619 Per
1982 1562 2164 1634 ignem

565 1657 750 1706 autem
808 1652 1008 1724 passio,
1067 1669 1163 1726 per
1215 1653 1459 1726 gladium
1519 1651 1639 1723 ejus
1708 1668 1855 1708 mors
1901 1650 2162 1723 intelligi-

566 1747 679 1798 tur.

637 1828 775 1885 Cum
807 1829 1047 1886 venisset
1075 1830 1143 1885 ad
1175 1831 1382 1899 locum,
1432 1829 1730 1887 aediﬁcavit
1772 1831 1962 1899 altare,
1996 1837 2049 1886 et
2077 1830 2166 1887 do-

566 1934 733 1990 super
781 1920 931 1993 ligna
978 1922 1309 1993 composuit.
1358 1920 1605 1995 Cumque
1659 1923 1970 1994 colligasset
2020 1924 2171 1980 Isaac

569 2007 749 2063 ﬁlium
808 2026 994 2078 suum,
1037 2010 1222 2082 posuit
1269 2027 1395 2067 eum
1449 2012 1506 2067 in
1548 2012 1707 2068 altari
1753 2029 1916 2085 super
1960 2020 2168 2070 struem

568 2101 871 2173 lignorum.
902 2103 1005 2158 Per
1033 2104 1203 2159 altare
1221 2120 1362 2160 crux
1386 2103 1716 2177 intelligitur
1745 2124 1757 2161 :
1790 2123 2011 2163 crucem
2041 2122 2169 2177 ergo

567 2190 742 2246 Filius
770 2191 868 2246 Dei
898 2191 1212 2261 aediﬁcavit,
1253 2194 1310 2249 in
1331 2210 1440 2267 qua
1467 2193 1635 2250 homo
1665 2211 1829 2268 quem
1863 2211 2167 2266 assumpse-

567 2287 673 2348 rat,
705 2279 1084 2338 immolaretur
1109 2284 1270 2355 ;quia
1300 2285 1418 2357 ipso
1447 2285 1798 2357 permittente
1831 2287 2036 2343 factum
2062 2294 2165 2343 est.

569 2368 745 2440 Super
787 2370 956 2426 altare
985 2387 1117 2427 vero
1167 2372 1315 2443 ligna
1364 2376 1693 2445 composuit,
1727 2384 1780 2432 et
1826 2391 1991 2446 super
2018 2375 2170 2448 ligna

570 2458 753 2530 posuit
783 2460 934 2516 Isaac
963 2459 1139 2516 ﬁlium
1171 2477 1332 2517 suum
1364 2463 1715 2534 colligatum;
1758 2463 1899 2520 illud
1928 2479 2168 2536 namque

570 2546 719 2620 quod
772 2546 1038 2604 suffocare
1069 2549 1344 2617 volumus,
1391 2550 1667 2607 nobismet
1718 2551 1854 2624 ipsis
1906 2552 2167 2624 supponi-

572 2653 718 2706 mus,
748 2645 811 2694 ut
858 2638 1099 2711 pondere
1148 2648 1337 2697 nostro
1389 2641 1689 2699 suffocetur
1736 2650 1790 2698 et
1818 2651 2039 2715 pereat:
2077 2644 2168 2699 si-

569 2725 779 2782 militer
807 2733 862 2782 et
914 2728 1243 2802 Redemptor
1292 2737 1478 2787 noster
1522 2732 1688 2804 ligna,
1731 2732 1789 2787 id
1825 2740 1907 2788 est
1948 2741 2170 2805 peccata

568 2822 777 2884 nostra,
798 2816 857 2871 in
883 2833 1044 2874 cruce
1066 2818 1307 2890 pendens
1335 2820 1441 2876 sibi
1474 2821 1797 2893 supposuit;
1833 2829 1895 2877 ut
1926 2821 2168 2893 pondere

570 2920 670 2959 suo
700 2913 862 2976 atque
898 2906 1100 2961 virtute
1149 2908 1549 2964 sulfocarentur
1577 2926 1639 2965 ac
1664 2910 1997 2966 delerentur.
2035 2911 2169 2967 Vin-

567 2993 694 3048 cula
725 3001 905 3048 autem
933 2995 1081 3050 Isaac
1106 2996 1461 3051 aﬂlictionem
1485 2999 1709 3053 Domini
1739 2999 1798 3053 in
1836 3014 1997 3055 cruce
2028 2997 2170 3053 desi-

2269 471 2436 528 Jacob
2464 486 2595 526 vero
2634 471 2870 542 populus
2913 468 3160 542 gentium
3206 469 3534 541 designatur.
3564 473 3689 529 Isaac
3722 492 3792 531 au-

2270 573 2380 621 tem
2429 565 2716 637 utriusque
2767 562 2983 636 genitor
3023 569 3218 635 typum
3272 562 3493 619 Domini
3527 566 3695 636 tenuit,
3725 572 3794 642 qui

2272 663 2569 726 utrumque
2618 654 2906 725 populum,
2961 659 3016 707 et
3062 651 3220 706 illum
3264 667 3362 724 per
3388 652 3568 724 legem,
3593 664 3640 711 et
3662 656 3786 713 istum

2275 759 2372 814 per
2400 742 2563 799 ﬁdem
2598 741 2742 797 ﬁlios
2773 741 2880 797 sibi
2924 741 3073 797 fecit.
3123 741 3269 796 Esau
3294 740 3526 811 agricola
3554 751 3673 811 erat;
3698 748 3792 817 quia

2273 831 2591 888 Iudaeorum
2662 831 2898 903 populus
2956 847 3055 900 pro
3106 829 3340 885 terrenis
3398 832 3670 887 commodis
3710 836 3791 889 Deo

2274 925 2562 982 serviebat.
2598 925 2720 981 Non
2747 925 2892 981 enim
2915 925 3127 980 dictum
3155 932 3239 980 est
3269 923 3340 979 ad
3369 923 3491 980 illos
3532 943 3544 981 :
3581 926 3630 982 Si
3652 944 3794 1000 paupe-

2273 1033 2359 1072 res
2388 1016 2605 1072 fueritis
2633 1017 2853 1089 spiritu,
2886 1016 2931 1071 si
2979 1015 3161 1081 mites,
3189 1015 3239 1069 si
3270 1014 3518 1086 paciﬁci,
3559 1017 3600 1071 si
3642 1018 3795 1074 miseri-

2272 1104 2485 1173 cordes,
2540 1105 2585 1160 si
2617 1105 3020 1177 persecutiones
3050 1120 3148 1175 pro
3178 1102 3407 1159 nomine
3437 1120 3551 1159 meo
3581 1105 3791 1162 sustinue-

2273 1194 2428 1263 ritis;
2454 1195 2600 1251 beati
2649 1195 2826 1263 eritis,
2872 1202 2927 1250 et
2971 1210 3181 1250 merces
3209 1203 3395 1250 vestra
3430 1195 3629 1266 copiosa
3651 1197 3732 1251 erit
3758 1214 3794 1252 Ill

2273 1284 2427 1340 oculis
2459 1301 2471 1338 :
2531 1283 2624 1339 sed
2666 1284 2878 1340 dictum
2908 1291 2990 1339 est
3018 1283 3086 1339 ad
3117 1283 3246 1339 illos
3280 1300 3293 1338 :
3345 1305 3365 1329 ι
3411 1283 3467 1339 Si
3495 1284 3793 1340 custodieritis

2274 1373 2532 1429 mandata
2586 1391 2723 1444 mea,
2782 1382 2837 1431 et
2877 1373 3091 1445 judicia
3136 1388 3259 1429 mea
3307 1372 3652 1441 servaveritis,
3695 1373 3795 1429 dabo

2274 1469 2434 1526 vobis
2490 1471 2708 1543 pluvias
2764 1469 3101 1542 temporibus
3149 1469 3291 1535 suis,
3346 1476 3401 1524 et
3444 1475 3578 1525 terra
3620 1469 3793 1541 proferet

2275 1572 2495 1628 germen
2520 1574 2705 1623 suum,
2736 1566 2790 1614 et
2830 1558 3010 1630 pomis
3047 1557 3275 1614 arbores
3299 1558 3791 1630 replebuntur(l,coit.

2275 1662 2426 1714 xxvr,
2458 1644 2513 1714 3,
2553 1646 2632 1717 4),
2667 1672 2685 1694 ι
2721 1654 2775 1702 et
2797 1655 2992 1703 caetera
3019 1663 3140 1720 quae
3165 1647 3240 1704 ad
3266 1645 3489 1702 delicias
3522 1647 3681 1703 saeculi
3704 1662 3794 1718 per-

2187 1751 2234 1809 B
2275 1735 2475 1793 tinent.
2510 1737 2638 1793 Fuit
2667 1738 2834 1794 etiam
2881 1740 3028 1794 Esau
3058 1747 3315 1807 venator,
3367 1738 3491 1811 quia
3519 1753 3603 1809 per
3626 1736 3793 1792 etinsio—

2276 1840 2403 1881 nem
2442 1826 2774 1898 sanguinum
2805 1828 3060 1895 arietum,
3085 1826 3373 1884 hircorum
3394 1835 3547 1899 atque
3564 1827 3791 1882 vitulorum

2279 1913 2453 1969 Deum
2485 1915 2699 1986 placare
2746 1925 3109 1973 consueverat
3143 1933 3156 1972 :
3217 1915 3387 1972 Jacob
3427 1922 3595 1971 autem
3622 1914 3791 1985 simplex

2278 2008 2562 2067 habitabat
2624 2011 2683 2067 in
2734 2011 3140 2079 tabernaculis;
3177 2011 3311 2085 quia
3338 2012 3494 2068 electi
3522 2028 3585 2067 ex
3608 2008 3794 2083 gentibus

2277 2099 2393 2155 sola
2435 2099 2543 2155 ﬁde
2579 2101 2695 2172 (52)
2743 2101 2997 2173 bonaque
3032 2101 3327 2158 voluntate
3368 2102 3478 2157 Deo
3506 2102 3687 2173 placere
3708 2106 3787 2153 stu~

2277 2189 2538 2245 duerunt.
2570 2190 2673 2245 Per
2700 2190 3053 2247 tabernacula
3082 2207 3222 2247 vero
3258 2190 3375 2246 sive
3411 2190 3633 2245 diversas
3661 2187 3790 2243 Eccle-

2277 2276 2405 2343 sias,
2452 2277 2512 2332 in
2558 2277 2760 2350 quibus
2788 2294 2883 2350 per
2915 2278 3243 2335 universum
3273 2278 3458 2335 orbem
3484 2294 3585 2334 una
3609 2274 3789 2333 Ecclesia

2277 2364 2551 2423 catholica
2580 2365 2761 2422 divisa
2773 2374 2872 2435 est,
2906 2367 3026 2426 sive
3053 2367 3304 2425 diverses
3339 2368 3549 2424 ordines
3576 2378 3794 2439 possumus

2278 2452 2606 2526 intelligere.

2348 2545 2499 2600 Isaac
2539 2545 2803 2619 diligebat
2856 2547 3025 2615 Esau,
3070 2562 3135 2603 eo
3188 2547 3333 2622 quod
3382 2547 3448 2604 de
3484 2541 3794 2602 venationibus

2279 2632 2432 2688 illius
2448 2642 2760 2690 vesceretur
2783 2652 2794 2689 :
2815 2635 2909 2691 sed
2939 2635 3188 2693 Rebecca
3218 2636 3474 2710 diligebat
3499 2632 3790 2694 Jacob.lsaac,

2279 2721 2424 2778 sicut
2457 2721 2728 2791 diximus,
2757 2724 2815 2780 in
2866 2724 2973 2780 hoc
3020 2725 3142 2781 loco
3178 2732 3377 2798 typum
3418 2722 3617 2781 Domini
3652 2726 3789 2776 tenet:

2277 2826 2374 2882 per
2413 2810 2713 2869 Rebeccam
2763 2821 2945 2868 autem
2989 2813 3395 2885 praescientiam
3435 2812 3527 2869 Dei
3569 2819 3791 2883 possumus

2279 2903 2608 2975 intelligere.
2655 2907 2804 2961 Isaac
2845 2905 3017 2977 igitur
3045 2905 3316 2978 diligebat
3344 2907 3500 2971 Esau,
3529 2920 3584 2960 eo
3609 2898 3726 2973 quod
3745 2896 3792 2950 de

2277 2996 2671 3053 venationibus
2692 2998 2848 3053 illius
2883 3006 3235 3064 vesceretur;
3270 2998 3396 3072 quia
3431 2998 3564 3052 Deus
3591 2986 3789 3061 diligebat

569 3091 893 3174 gnaverunt:
915 3084 1001 3174 Ea
1032 3099 1161 3138 vero
1192 3100 1312 3156 quas
1346 3086 1573 3158 angelus
1605 3087 1674 3142 ad
1703 3088 1980 3144 Abraham
2012 3090 2158 3148 locu-
2197 3113 2240 3174 ο
2278 3087 2543 3174 populum
2571 3087 2907 3157 Iudaeorum,
2946 3103 3012 3144 eo
3045 3088 3200 3161 quod
3229 3087 3457 3146 assiduis
3482 3077 3790 3174 eorumf’blf‘

570 3176 657 3225 tus
692 3178 792 3237 est,
824 3170 893 3226 ad
915 3171 1056 3228 hanc
1082 3175 1487 3244 expositionem
1511 3193 1621 3232 non
1653 3178 1953 3249 pertinent.

643 3261 878 3318 Levavit
902 3263 1178 3321 Abraham
1220 3268 1429 3337 oculos,
1458 3268 1709 3343 viditque
1757 3271 1982 3327 arietem
2022 3271 2168 3329 inter

566 3367 760 3425 vepres
790 3351 1087 3411 haerentem
1120 3356 1412 3425 cornibus,
1443 3374 1605 3431 quem
1635 3376 1919 3416 assumens
1956 3361 2165 3439 obtulit

566 3440 949 3501 holocaustum
978 3461 1076 3517 pro
1101 3444 1235 3503 ﬁlio.
1266 3446 1426 3502 Aries
1456 3447 1738 3505 Christum
1760 3450 2000 3522 signavit
2024 3468 2035 3505 :
2069 3465 2165 3521 per

565 3531 678 3588 duo
721 3549 929 3588 cornua
957 3533 1068 3589 duo
1107 3541 1377 3607 praecepta
1423 3534 1714 3592 charitatis
1761 3537 2158 3609 designantur:

570 3636 666 3692 per
696 3637 886 3691 vepres
922 3621 1119 3679 Judaei.
1157 3622 1414 3679 Christus
1451 3624 1620 3694 igitur
1649 3626 1793 3681 inter
1819 3642 2009 3697 vepres
2056 3625 2162 3682 hae-

566 3706 724 3763 rebat
765 3709 1059 3775 cornibus“;
1104 3710 1234 3780 quia
1264 3710 1482 3767 Judazos
1510 3721 1573 3767 ut
1598 3712 1795 3768 fratres
1823 3715 2078 3786 diligens,
2111 3722 2164 3771 et

567 3797 748 3854 sciens
779 3798 908 3870 quia
938 3798 1184 3870 gentium
1216 3801 1435 3857 vocatio
1464 3801 1778 3859 Judzeorum
1814 3814 1953 3861 esset
1980 3806 2157 3877 perdi-

566 3889 666 3958 tio,
713 3889 894 3944 noluit
923 3888 1102 3960 primo
1132 3888 1295 3946 ﬁdem
1328 3890 1616 3964 Evangelii
1647 3894 1899 3965 gentibus
1929 3895 2160 3966 tradere,

565 3978 660 4034 sed
700 3978 923 4033 mittens
953 3977 1022 4033 ad
1069 3979 1484 4050 praedicandum
1516 3981 1817 4055 discipulos
1845 4001 1993 4052 suos,
2031 4002 2163 4056 prae-

563 4067 711 4140 cepit
738 4068 818 4124 eis
844 4067 1070 4123 dicens:
1138 4092 1156 4116 ι
1198 4071 1259 4125 In
1290 4070 1436 4125 viam
1481 4071 1726 4143 gentium
1778 4089 1845 4127 ne
1892 4072 2158 4142 abieritis,

563 4166 619 4215 et
666 4159 724 4213 in
759 4158 1009 4236 civitatis
1039 4159 1516 4216 Samaritanorum
1553 4176 1621 4216 ne
1651 4161 1993 4218 intraveritis
2022 4180 2033 4217 :
2068 4163 2163 4219 sed

566 4248 643 4303 ite
669 4249 851 4321 potius
880 4249 948 4305 ad
981 4266 1112 4305 oves
1146 4249 1389 4322 perditas
1418 4250 1614 4308 domus
1651 4252 1819 4308 Israel
1855 4253 2066 4324 (Matth.
2100 4271 2158 4322 x,

563 4339 645 4409 5).
678 4364 697 4387 ›
740 4340 813 4394 Et
839 4338 1061 4394 mulieri
1102 4337 1423 4394 Chananzeaa
1452 4338 1595 4395 dixit
1632 4357 1643 4394 :
1690 4365 1707 4387 ι
1736 4341 1857 4397 Νοη
1889 4358 2007 4396 sum
2035 4342 2160 4398 mis-

2273 3173 2520 3231 tionibus
2577 3178 2929 3248 placaretur:
2989 3186 3162 3234 mater
3209 3194 3341 3235 vero
3394 3173 3629 3247 diligebat
3650 3166 3785 3229 Iacob,

2276 3265 2406 3336 quia
2432 3265 2612 3322 sciens
2637 3268 2781 3323 Deus
2811 3268 3075 3339 populum
3104 3268 3357 3339 gentium
3389 3266 3552 3321 multo
3570 3258 3784 3316 meliorem

2272 3354 2390 3410 fore
2448 3371 2610 3428 quam
2656 3357 2924 3429 populum
2969 3357 3328 3425 Iudaeorum,
3377 3372 3469 3430 per
3508 3342 3785 3425 prmscienliat

2273 3461 2384 3500 suae
2432 3444 2661 3516 gratiam
2710 3447 2884 3503 multo
2931 3447 3174 3519 amplius
3224 3463 3348 3504 eum
3391 3441 3641 3515 diligebat.
3684 3434 3785 3527 Esau

2272 3549 2396 3590 cum
2429 3534 2489 3589 in
2518 3535 2813 3592 venatione
2842 3544 3151 3592 moraretur
3171 3580 3191 3606 ,
3227 3545 3289 3592 ut
3318 3536 3383 3594 de
3414 3527 3677 3606 agrestibus
3704 3536 3784 3575 am-

2273 3623 2513 3679 malibus
2536 3624 2691 3681 cibos
2710 3626 2852 3697 patri
2883 3626 3193 3695 exhiberet,
3220 3634 3480 3700 quatenus
3496 3619 3556 3676 ab
3575 3613 3783 3707 incitet}?

2272 3712 2566 3780 diceretur,
2600 3722 2774 3770 mater
2804 3715 2970 3772 Jacob
2997 3715 3068 3771 ad
3099 3713 3497 3789 percipiendam
3524 3702 3783 3789 benedictio-

2272 3817 2398 3857 nem
2437 3803 2580 3875 patri
2639 3805 2942 3877 applicuit;
2998 3805 3129 3877 quia
3186 3788 3313 3863 cum
3369 3799 3583 3875 populus
3626 3788 3781 3848 iudico-

2273 3909 2396 3949 rum
2427 3894 2911 3952 observationibus
2940 3897 3210 3969 legalibus
3252 3896 3463 3953 deditus
3489 3894 3627 3952 esset,
3664 3887 3781 3949 διαυθ

2273 3983 2340 4039 ad
2369 3983 2535 4041 ﬁdem
2577 3985 2786 4042 Christi
2815 3985 3228 4057 percipiendam
3275 3984 3473 4043 tardius
3498 3971 3776 4057 occurreret;

2272 4082 2446 4130 mater
2491 4075 2665 4147 gratia
2710 4053 2985 4147 populum
3033 4076 3317 4147 gentium.
3373 4089 3433 4128 eo
3492 4062 3618 4141 quod
3660 4053 3776 4147 ﬁdem

2272 4145 2635 4243 Christycum
2673 4145 2938 4220 aviditate
2967 4145 3316 4238 suscepisset,
3364 4162 3425 4219 ad
3452 4145 3776 4243 percipiendﬁtll

2268 4235 2736 4327 benedictionem,
2771 4273 2891 4330 qua
2919 4235 3459 4319 Judaeis—debebatur,
3484 4252 3585 4307 Deo
3608 4235 3773 4330 obtulit-

2274 4344 2523 4412 Qualiter
2560 4321 2742 4402 autem
2786 4321 2909 4418 ipse
2951 4348 3187 4418 populus
3218 4344 3452 4420 gentium
3484 4339 3575 4393 hoc
3600 4321 3774 4420 benedi-

564 4445 675 4496 sus,
700 4428 807 4483 nisi
837 4428 903 4484 ad
931 4445 1060 4484 oves
1087 4446 1206 4501 qum
1239 4429 1521 4501 perierunt
1542 4428 1737 4486 domus
1764 4432 1924 4487 Israel
1945 4433 2157 4504 (Matth.
2194 4472 2243 4531 Ι)
2273 4434 2475 4491 ctiouis
2506 4435 2713 4492 donum
2747 4415 3071 4508 promeruit,
3091 4415 3356 4493 testantur
3383 4444 3539 4502 opera
3562 4415 3774 4531 1399?“ij

562 4533 660 4583 xv,
692 4516 821 4588 24)“,
856 4542 873 4563 ι
918 4524 971 4572 et
1000 4517 1196 4571 iterum
1238 4533 1249 4570 :
1326 4542 1343 4563 ι
1394 4518 1513 4571 Non
1570 4524 1651 4572 est
1701 4518 1905 4574 bonum
1947 4537 2161 4577 sumere

563 4623 757 4680 panem
791 4605 1056 4673 ﬁliorum,
1090 4614 1143 4661 et
1173 4607 1392 4662 mittere
1421 4607 1650 4664 canibus
1680 4609 1842 4680 (Ibid.
1873 4610 1986 4682 26).
2021 4636 2038 4658 ι

636 4703 916 4760 Abraham
966 4710 1145 4758 autem
1200 4719 1233 4758 a
1280 4704 1541 4777 vepribus
1588 4707 1811 4762 arietem
1867 4707 2156 4777 abstraxit,

562 4802 727 4867 atque
757 4794 813 4849 in
857 4793 1238 4849 holocaustum
1279 4811 1376 4867 pro
1415 4795 1533 4851 ﬁlio
1561 4796 1765 4852 obtulit
1798 4815 1810 4852 :
1844 4797 1973 4870 quia
2000 4798 2158 4854 Pater

562 4883 790 4952 Filium,
821 4892 878 4940 et
898 4883 1014 4956 ipse
1045 4884 1219 4941 Filius
1248 4884 1605 4957 semetipsum
1634 4885 1702 4941 ab
1731 4903 1917 4942 amore
1962 4886 2156 4959 impio-

560 4987 683 5028 rum
740 4972 1055 5028 Judaeorum
1105 4974 1401 5045 separavit,
1450 4982 1614 5047 atque
1652 4973 1934 5030 hominem
1991 4991 2152 5047 quem

559 5062 875 5136 assumpsit,
917 5078 1016 5135 pro
1046 5063 1222 5119 salute
1250 5062 1480 5120 humani
1533 5063 1745 5137 generis
1791 5063 1849 5119 in
1898 5063 2154 5120 holocau-

558 5159 705 5209 stum
735 5151 958 5209 obtulit.

628 5251 709 5307 De
755 5252 946 5308 eodem
979 5252 1110 5306 vero
1145 5250 1297 5307 Isaac
1341 5250 1608 5322 scriptum
1647 5258 1748 5318 est,
1777 5250 1907 5323 quia
1957 5249 2154 5306 habuit
2190 5263 2194 5267 ‘

556 5338 696 5396 duos
724 5339 892 5409 ﬁlios,
933 5339 1081 5396 Esau
1138 5347 1192 5396 et
1238 5340 1424 5397 Iacob.
1482 5341 1627 5396 Esau
1676 5347 1905 5395 venator
1932 5339 2060 5405 fuit,
2099 5347 2153 5396 et

558 5427 725 5487 homo
770 5430 1045 5503 agricola:
1099 5428 1266 5486 Iacob
1313 5445 1445 5485 vero
1486 5429 1723 5501 simplex
1769 5428 2052 5486 habitabat
2094 5428 2152 5485 in

2272 4523 2521 4596 signiﬁca
2536 4494 2767 4594 tionem:
2818 4542 2938 4598 quae
2970 4494 3069 4597 pro
3100 4523 3471 4583 benedictione
3498 4494 3770 4588 peNiPiend‘

2267 4612 2440 4684 egisse
2471 4614 2822 4671 describitur.
3714 4671 3737 4684 ,,
3756 4668 3765 4678 .

2336 4704 2494 4759 Dixit
2528 4704 2696 4776 igitur
2724 4703 2968 4760 Rebecca
2993 4704 3111 4760 ﬁlio
3141 4721 3243 4761 suo
3271 4698 3464 4760 Iacob:
3503 4716 3519 4739 ι
3538 4671 3765 4776 Αίῖθτωξδξ

2265 4793 2405 4849 duos
2433 4767 2626 4848 haedvos
2669 4793 2931 4863 optimos,
2974 4801 3029 4853 et
3065 4794 3265 4850 faciam
3312 4806 3379 4846 ex
3406 4786 3481 4843 eis
3504 4767 3766 4868 escas.

2264 4890 2382 4945 tuo,
2408 4880 2612 4953 quibus
2642 4858 2881 4938 libenter
2909 4858 3150 4940 vescitur
3186 4902 3198 4950 ;
3233 4888 3287 4937 et
3316 4872 3577 4935 benedicet
3602 4858 3763 4953 tibi”

2262 4988 2379 5029 ram
2412 4973 2681 5040 Domino,
2708 4981 2999 5046 antequam
3030 4976 3296 5031 moriatur
3318 4946 3754 5056 (διηριίξχυθῗῖλῘ

2260 5062 2418 5118 Abiit
2448 5071 2503 5119 et
2531 5031 2741 5131 attulit,
2797 5031 3057 5136 deditque
3093 5064 3274 5120 matri.
3305 5031 3507 5116 Raravit
3530 5045 3609 5101 illa
3632 5031 3758 5136 (tibi)?

2261 5150 2405 5208 sicut
2432 5161 2661 5209 noverat
2683 5122 2825 5208 velle
2865 5122 3073 5225 patriem
3114 5152 3283 5219 illius,
3317 5153 3371 5204 et
3395 5122 3756 5229 vestibatE-‘f‘j‘

2262 5262 2396 5320 quas
2426 5246 2571 5319 apud
2600 5262 2660 5302 se
2688 5211 2925 5303 habebat
2950 5248 3123 5319 domi,
3148 5211 3326 5303 induit
3352 5251 3489 5301 eum.
3518 5211 3754 5321 “uiculis:

2262 5315 2368 5411 que
2396 5315 2678 5396 haedorum
2713 5339 3078 5397 circumdedit
3119 5336 3381 5400 manibus,
3418 5335 3467 5384 et
3505 5315 3747 5440 0031::

2260 5403 2527 5503 protexit,
2556 5429 2818 5505 deditque
2835 5432 3209 5503 pulmentum,
3241 5433 3293 5484 et
3309 5433 3460 5498 panes
3482 5418 3598 5483 (ῐηοθ
3631 5403 3710 5451 ⁰⁰²

632 5622 751 5693 (52)
783 5621 872 5679 Sic
903 5639 1058 5690 mss;
1092 5626 1147 5678 at
1171 5620 1462 5690 veroedit.,
1512 5638 1577 5677 ea:
1621 5622 1854 5693 gentibus
1895 5623 1997 5679 soli
2020 5622 2142 5695 ﬁde,
2174 5630 2279 5680 etc.
