4068 6182
292 280 397 339 901

1187 266 1647 341 BERENGAUDI
1682 278 2059 340 EXPOSITIO
2098 283 2169 341 IN
2208 279 2714 369 APOCALYPSIN.

3496 282 3603 345 902

293 415 398 476 rat,
430 405 686 464 tradidit.
719 406 825 463 Per
866 405 1006 463 duos
1052 405 1240 464 haedos
1268 407 1669 465 confessionem
1702 424 1904 479 pecca-
1930 412 1981 470 Α
2009 422 2120 462 non
2146 405 2367 463 desinit.
2392 408 2587 465 Manus
2608 406 2935 474 circumdat,
2970 423 3096 463 cum
3111 422 3178 462 ne
3204 407 3262 462 in
3294 406 3457 463 bonis
3476 425 3605 480 ope-

290 505 476 553 torum
537 495 727 569 populi
783 495 1007 569 gentilis
1060 504 1115 553 et
1170 497 1549 569 paenitentiam
1606 514 1897 570 possumus

288 585 622 656 intelligere.
657 585 807 640 Duos
850 601 977 656 ergo
1022 584 1208 641 haedos
1251 586 1490 658 optimos
1536 586 1701 643 Jacob
1733 585 1896 641 matri

290 675 496 731 obtulit
525 694 540 743 ;
574 675 704 748 quia
734 691 830 747 per
857 676 1259 732 confessionem
1290 686 1637 749 peccatorum
1684 684 1738 731 et
1788 692 1895 748 pce-

290 764 607 832 nitentiam,
639 782 760 838 quae
792 765 885 821 via
927 773 1010 825 est
1050 766 1117 822 ad
1148 765 1311 821 ﬁdem
1344 765 1626 833 euntibus,
1658 766 1897 838 populus

289 855 516 927 gentilis
559 854 627 910 ad
661 855 909 911 eamdem
963 854 1130 911 fidem
1170 855 1577 928 percipiendam
1626 872 1897 927 propera—

288 945 392 1001 vit.
427 944 533 1012 Qui
580 943 726 1000 haedi
779 943 979 1016 optimi
1033 944 1299 1001 dicuntur
1328 945 1535 1013 fuisse;
1568 945 1698 1018 quia
1736 944 1896 1000 valde

285 1035 644 1108 acceptabilis
708 1038 823 1092 Deo
874 1044 956 1093 est
1020 1037 1345 1110 pmnitentia
1408 1037 1710 1110 peccatoris
1766 1052 1893 1093 cum

285 1124 775 1183 abrenuntiatione
822 1127 1111 1196 vitiorum,
1157 1127 1301 1184 sicut
1335 1126 1452 1198 ipse
1480 1127 1751 1183 Dominus
1798 1141 1892 1181 no-

285 1225 402 1272 ster
426 1215 565 1272 dicit
598 1216 656 1271 in
688 1216 993 1289 Evangelio
1018 1235 1029 1272 :
1077 1241 1095 1263 ι
1124 1216 1397 1274 Gaudium
1429 1223 1512 1272 est
1539 1216 1594 1271 in
1619 1216 1758 1272 caelo
1788 1232 1891 1271 su-

286 1322 386 1379 per
416 1322 528 1361 uno
556 1314 842 1377 peccatore
878 1305 1257 1378 paenitentiam
1291 1313 1501 1378 agente,
1535 1323 1697 1379 quam
1728 1322 1894 1378 super

285 1394 591 1465 nonaginta
619 1410 820 1450 novem
848 1393 1036 1467 justis,
1072 1394 1166 1467 qui
1198 1411 1309 1450 non
1338 1393 1592 1467 indigent
1623 1394 1892 1467 poeniten-

281 1484 366 1539 tia
395 1484 549 1555 (Luc.
583 1500 682 1551 xv,
716 1485 770 1555 7)
801 1502 815 1552 ;
846 1508 866 1531 ι
918 1500 1015 1556 per
1042 1500 1217 1539 unum
1248 1492 1585 1556 peccatorem
1628 1484 1891 1555 populum

286 1574 564 1644 gentium,
610 1590 707 1646 per
754 1572 1056 1645 nonaginta
1084 1589 1216 1628 vero
1246 1589 1441 1628 novem
1472 1571 1647 1644 justos
1675 1571 1892 1627 Judzeos

284 1661 529 1737 intelligi
572 1663 785 1719 volens.
833 1662 939 1730 Qui
964 1661 1101 1733 justi
1132 1661 1256 1718 ideo
1294 1661 1577 1731 dicuntur,
1611 1660 1739 1735 quia
1770 1678 1891 1733 pro-

2004 493 2160 551 ribus
2183 495 2499 564 extollatur,
2536 502 2756 568 peccata
2785 494 3059 567 praeterita
3086 501 3211 551 ante
3239 496 3429 551 oculos
3456 512 3603 551 men-

2005 582 2078 638 tis
2105 599 2249 656 szepe
2276 584 2512 640 reducit.

2075 673 2370 747 Postquam
2410 676 2555 731 Isaac
2583 674 2768 731 cibum
2810 675 3063 747 sumpsit,
3115 674 3320 731 obtulit
3346 677 3395 732 ei
3435 676 3604 734 Iacob

2004 762 2169 819 etiam
2210 764 2426 820 vinum.
2466 765 2523 821 Si
2567 782 2664 837 per
2690 764 2876 820 cibum
2916 765 3109 822 activae
3153 765 3281 821 vitae
3311 782 3473 838 opera
3513 767 3603 823 de-

2005 852 2310 929 signantur,
2344 872 2634 927 possumus
2679 873 2774 928 per
2816 858 3032 926 vinum,
3069 858 3215 931 quod
3246 867 3455 915 mentes
3504 859 3600 915 ho-

2004 943 2218 998 minum
2245 945 2467 1014 alienat,
2498 947 2981 1017 contemplativam
3001 948 3170 1002 vitam
3194 948 3457 1019 accipere,
3480 964 3600 1020 quae

2004 1033 2072 1088 ab
2124 1051 2310 1090 amore
2373 1037 2560 1093 saeculi
2615 1046 2824 1093 mentes
2873 1038 3239 1109 quorumdam
3301 1040 3599 1094 electorum

2004 1123 2351 1181 insensibiles
2398 1125 2598 1182 reddit.
2652 1127 2787 1184 Cibo
2844 1127 3014 1199 igitur
3066 1136 3307 1199 potuque
3353 1136 3597 1200 sumpto,

2003 1214 2153 1269 Isaac
2180 1214 2346 1270 Jacob
2372 1214 2691 1283 benedixit;
2732 1216 2861 1288 quia
2899 1217 2983 1271 illi
3022 1216 3464 1273 benedictionem
3493 1234 3599 1275 cm-

2004 1301 2155 1357 lestis
2199 1302 2386 1374 patriae
2418 1319 2449 1357 a
2488 1305 2601 1358 Deo
2649 1303 2981 1376 percipiunt,
3022 1304 3117 1377 qui
3154 1321 3281 1361 eum
3330 1323 3502 1380 usque
3531 1307 3599 1363 ad

2002 1388 2168 1445 ﬁnem
2202 1391 2329 1447 vitae
2349 1409 2459 1448 suae
2484 1392 2644 1448 bonis
2673 1394 2935 1465 Operibus
2952 1395 3167 1463 placare
3194 1394 3437 1452 student.

2073 1479 2221 1535 Idem
2243 1496 2374 1536 vero
2402 1481 2568 1537 Jacob
2598 1498 2722 1537 cum
2751 1483 2960 1555 fugeret
2980 1483 3125 1539 Esau
3160 1482 3385 1540 fratrem
3414 1501 3597 1552 suum,

2002 1568 2156 1624 venit
2211 1569 2279 1625 ad
2324 1571 2616 1643 quemdam
2668 1573 2887 1628 locum:
2933 1590 3169 1646 cumque
3224 1575 3601 1647 supposuisset

1999 1663 2167 1736 capiti
2198 1679 2297 1719 suo
2324 1663 2583 1735 lapidem,
2616 1663 2883 1720 dormivit
2908 1665 3025 1722 illic
3054 1684 3068 1734 ;
3110 1667 3359 1741 viditque
3378 1669 3437 1725 in
3458 1686 3600 1726 som-

282 1758 410 1824 pter
452 1750 895 1808 observationem
938 1751 1073 1825 legis
1098 1751 1277 1824 justos
1306 1768 1363 1807 se
1395 1751 1534 1808 falso
1575 1751 1843 1823 putabant
1873 1771 1888 1821 ;
1918 1771 1966 1832 B
1999 1753 2087 1809 nis
2115 1755 2317 1809 scalam
2364 1753 2433 1809 ad
2460 1760 2625 1826 caput
2654 1770 2815 1810 suum
2854 1771 2885 1809 a
2923 1763 3066 1810 terra
3093 1771 3265 1829 usque
3300 1757 3370 1814 ad
3399 1759 3597 1814 caelum

282 1855 417 1895 nam
448 1839 519 1896 ad
558 1841 777 1897 eosdem
816 1839 995 1912 justos
1040 1842 1310 1897 Dominus
1349 1841 1617 1913 loquitur,
1650 1839 1884 1896 decens:

298 1953 317 1977 ε
359 1928 461 1987 Vae
504 1929 598 2002 qui
636 1927 955 2001 justiﬁcatis
993 1946 1092 1985 vos
1138 1945 1320 1986 coram
1356 1928 1698 1996 hominibus,
1745 1929 1891 1984 Deus

280 2026 472 2074 autem
511 2016 670 2073 novit
698 2017 863 2075 corda
892 2025 1075 2074 vestra
1106 2018 1266 2090 (Luc.
1298 2034 1418 2087 xvr,
1456 2016 1568 2090 15).
1601 2041 1619 2065 ι
1677 2016 1782 2085 Qui
1830 2016 1889 2072 in

279 2107 611 2181 imperfecto
642 2122 874 2162 numero
906 2114 1214 2180 ponuntur,
1245 2106 1377 2179 quia
1404 2105 1624 2161 nullum
1655 2104 1725 2160 ad
1757 2121 1891 2177 per-

278 2197 487 2254 fectum
517 2195 751 2253 adduxit
778 2197 870 2252 lex
906 2196 1091 2268 (Hebr.
1120 2212 1221 2263 vn,
1255 2194 1369 2269 19).

353 2294 461 2350 Per
487 2310 637 2351 escas
678 2301 861 2349 autem
920 2292 1290 2362 delectabiles,
1343 2309 1465 2366 quae
1493 2292 1642 2349 Isaac
1695 2291 1762 2348 ad
1801 2308 1888 2348 su-

282 2382 551 2439 mendum
607 2399 677 2439 ex
726 2382 942 2439 duobus
982 2387 1129 2444 524
1155 2381 1330 2439 haedis
1376 2389 1689 2455 praeparatae
1736 2388 1885 2451 sunt,

281 2480 628 2553 poenitentiae
659 2496 823 2552 opera
868 2478 1130 2536 debemus
1171 2479 1498 2552 intelligere.
1534 2479 1612 2535 De
1646 2477 1715 2533 iis
1751 2477 1890 2534 escis

278 2568 539 2643 loquitur
566 2569 804 2625 Joannes
832 2568 1101 2641 Baptista,
1133 2568 1358 2626 dicens:
1408 2592 1427 2616 ι
1456 2567 1640 2624 Facite
1672 2566 1886 2624 fructus

279 2657 485 2730 dignos
510 2657 848 2730 pcenitentiae
876 2657 1089 2730 (Matth.
1122 2675 1205 2726 ur,
1236 2658 1318 2729 8).
1361 2682 1380 2706 ›
1420 2658 1523 2713 Per
1547 2665 1725 2713 vestes
1756 2672 1888 2712 vero

275 2747 447 2803 valde
474 2747 666 2816 bonas,
691 2764 827 2821 quas
849 2748 1017 2816 Esau,
1039 2747 1093 2804 id
1117 2755 1197 2804 est
1225 2748 1420 2816 Judaei,
1454 2747 1604 2805 domi
1633 2746 1884 2820 relique-

272 2844 429 2904 rant,
465 2838 675 2910 optima
721 2844 992 2909 praecepta
1021 2836 1155 2909 legis
1187 2854 1478 2909 possumus
1507 2836 1774 2909 accipere,
1825 2844 1887 2892 ut

279 2936 368 2984 est
399 2927 559 2996 illud,
604 2951 621 2974 ι
663 2927 870 2999 Diliges
915 2926 1216 2983 Dominum
1254 2927 1427 2982 Deum
1460 2935 1616 2982 tuum
1668 2942 1737 2981 ex
1765 2933 1883 2980 toto

272 3017 448 3076 corde
481 3026 576 3074 tuo
604 3026 659 3075 et
686 3035 755 3074 ex
780 3027 897 3075 tota
927 3019 1113 3075 anima
1142 3026 1257 3087 tua,
1298 3027 1351 3076 et
1378 3018 1692 3091 proximum
1727 3024 1881 3072 tuum

275 3107 430 3164 sicut
466 3116 519 3164 te
548 3108 729 3181 ipsum
764 3104 943 3181 (Deut.
991 3125 1070 3176 v1,
1102 3107 1172 3175 5;
1205 3108 1369 3163 Leuit.
1398 3124 1519 3176 XIX,
1555 3108 1658 3196 l9;
1692 3106 1880 3196 Matth.
1918 3134 1962 3196 Ο

274 3211 405 3264 xxx,
453 3196 543 3266 37,
594 3198 764 3269 39);»
817 3204 871 3253 et
911 3198 1086 3252 multa
1116 3196 1242 3266 alia,
1288 3197 1407 3252 sine
1453 3194 1655 3269 quibus
1697 3195 1884 3249 nullus

268 3286 468 3359 justus
499 3302 616 3343 esse
668 3294 867 3359 potest.
925 3286 1019 3342 Hae
1070 3294 1199 3342 sunt
1245 3286 1467 3358 optimae
1515 3293 1712 3353 vestes,
1751 3299 1884 3356 quas

276 3375 463 3433 Judaei
490 3374 662 3443 domi,
696 3373 752 3431 id
781 3383 864 3432 est
910 3375 966 3430 in
1007 3373 1194 3431 Veteri
1224 3373 1592 3440 Testamento,
1638 3372 1886 3444 relique-

274 3472 430 3533 rant,
495 3482 558 3521 eo
590 3464 736 3538 quid
776 3481 841 3521 ea
887 3463 1177 3520 observare
1228 3463 1477 3531 nollent;
1534 3461 1602 3517 iis
1649 3462 1887 3533 populus

280 3553 512 3628 gentilis
544 3553 769 3610 indutus
813 3560 867 3609 et
910 3561 1158 3621 ornatus,
1190 3552 1258 3608 ad
1286 3553 1460 3608 Deum
1503 3551 1718 3607 Patrem
1758 3564 1884 3606 cum

276 3642 428 3701 cibis
453 3658 677 3715 operum
725 3642 998 3699 bonorum
1030 3641 1293 3714 perrexit.
1328 3640 1465 3698 Cum
1510 3639 1651 3695 cibis
1700 3646 1883 3695 autem

278 3740 338 3789 et
367 3748 535 3805 panes
576 3731 795 3788 detulit.
843 3732 946 3788 Per
974 3747 1169 3803 panem
1218 3746 1359 3803 saepe
1400 3728 1631 3785 verbum
1669 3729 1767 3785 Dei
1798 3728 1887 3786 de-

284 3819 559 3894 signatur,
603 3820 732 3893 quia
786 3821 880 3876 ille
929 3828 1295 3892 congruenter
1335 3818 1404 3875 ad
1450 3820 1625 3875 Deum
1670 3817 1883 3875 Patrem

284 3928 418 3970 cum
464 3910 605 3968 cibis
642 3926 868 3982 operum
916 3909 1186 3965 bonorum
1236 3908 1429 3982 pergit,
1482 3907 1577 3982 qui
1625 3914 1679 3963 et
1723 3907 1881 3976 alios,

282 4016 645 4076 quoscunque
677 4007 875 4073 potest,
907 3999 975 4055 ad
995 3998 1139 4055 bona
1168 4015 1331 4071 opera
1354 3997 1562 4072 agenda
1590 3996 1885 4053 admonere

283 4108 402 4149 non
430 4088 651 4148 desinit.

361 4188 468 4247 Sed
514 4198 569 4245 et
612 4189 754 4245 illud
799 4188 960 4246 nobis
1005 4188 1360 4263 quaerendum
1410 4196 1512 4259 est,
1567 4205 1666 4245 cur
1714 4194 1888 4243 mater

283 4278 529 4353 pellibus
569 4278 803 4336 haedinis
834 4296 1029 4336 manus
1065 4279 1232 4337 Jacob
1271 4289 1324 4336 et
1355 4279 1483 4336 colli
1529 4278 1676 4334 nnda
1709 4286 1886 4350 prote-

284 4370 459 4427 xerit.
516 4370 684 4427 Pellis
722 4386 959 4445 namque
1008 4386 1134 4427 cum
1189 4368 1463 4424 ab.haedo
1519 4367 1883 4435 subtrahitur,

1999 1851 2256 1912 erectam,
2290 1852 2344 1900 et
2375 1844 2670 1901 Dominum
2704 1844 2965 1900 innixum
3007 1847 3184 1913 scalae,
3214 1847 3432 1919 angelos
3465 1865 3599 1921 quo-

1999 1951 2105 2007 que
2138 1934 2239 1991 Dei
2271 1935 2627 1992 ascendentes
2658 1943 2712 1991 et
2738 1934 3130 1992 descendentes
3159 1953 3255 2009 per
3282 1952 3401 1993 eam
3435 1938 3594 2009 (Gen.

1997 2042 2205 2094 xxvrn,
2247 2026 2360 2096 l2).
2393 2027 2495 2083 Per
2516 2026 2755 2099 lapidem
2788 2026 3042 2084 Christus
3069 2028 3399 2101 intelligitur
3431 2029 3548 2102 (53)
3583 2049 3596 2087 :

1998 2113 2418 2171 fundamentum
2459 2131 2590 2171 vero
2632 2124 2883 2171 nostrum
2929 2115 3183 2174 Christus
3228 2127 3332 2187 est,
3376 2118 3443 2174 de
3491 2135 3601 2192 quo

1997 2204 2294 2276 Apostolus
2337 2204 2502 2261 dicit:
2551 2228 2569 2251 ι
2601 2204 3042 2260 Fundamentum
3074 2206 3221 2262 enim
3254 2206 3408 2262 aliud
3438 2225 3601 2265 nemo

1997 2301 2176 2366 potest
2204 2311 2405 2366 ponere
2440 2303 2637 2367 prater
2664 2294 2723 2350 id
2758 2295 2905 2368 quod
2940 2295 3181 2369 positum
3210 2304 3310 2365 est,
3343 2297 3491 2370 quod
3520 2306 3602 2355 est

1999 2383 2254 2441 Christus
2283 2386 2441 2442 Jesus
2461 2386 2510 2458 (Ι
2541 2387 2667 2443 Cor.
2691 2403 2775 2455 ur,
2820 2388 2910 2460 ll)
2968 2411 2986 2435 ι
3033 2388 3210 2461 Caput
3240 2388 3410 2462 igitur
3439 2406 3602 2463 super

1997 2474 2235 2547 lapidem
2283 2476 2563 2547 ponimus,
2603 2475 2651 2532 si
2706 2492 2777 2532 ex
2822 2476 2982 2534 bonis
3029 2480 3290 2551 operibus
3335 2480 3597 2552 parietem

1996 2574 2247 2621 nostrum
2269 2583 2433 2639 super
2457 2565 2739 2624 Christum
2770 2567 3127 2626 aedificamus.

2068 2663 2376 2721 Concordat
2403 2664 2536 2720 huic
2564 2665 2755 2722 sensui
2797 2665 2943 2721 visio
2970 2668 3128 2722 scala:
3157 2686 3171 2734 ;
3221 2666 3330 2723 duo
3358 2683 3597 2741 namque

1995 2752 2143 2838 ligna
2190 2754 2348 2808 scalae
2397 2751 2623 2824 majora,
2674 2771 2795 2826 qua
2847 2763 2976 2809 sunt
3019 2771 3088 2809 ex
3136 2762 3364 2827 utraque
3418 2765 3590 2827 parte,

1993 2848 2155 2913 atque
2196 2841 2264 2897 ab
2308 2840 2665 2896 inferioribus
2704 2841 2775 2896 ad
2804 2841 3088 2914 superiora
3129 2842 3438 2914 eriguntur,
3480 2842 3593 2900 duo

1994 2940 2262 3005 praecepta
2314 2930 2600 2988 charitatis
2663 2931 2974 3005 designant.
3053 2932 3155 2988 Per
3208 2933 3407 3005 gradus
3461 2950 3593 2991 vero

1993 3021 2088 3094 qui
2130 3021 2189 3076 in
2227 3030 2602 3077 transversum
2636 3038 2705 3077 ex
2753 3029 2984 3095 utraque
3023 3029 3175 3094 parte
3224 3021 3336 3079 illis
3378 3022 3595 3080 duobus

1993 3108 2160 3180 lignis
2199 3109 2539 3177 inseruntur,
2589 3116 2800 3165 caetera:
2827 3110 3064 3166 virtutes
3103 3109 3479 3181 designantur.
3520 3112 3595 3168 Et

1996 3197 2138 3254 sicut
2185 3197 2295 3254 duo
2343 3198 2491 3269 ligna
2538 3198 2647 3254 nisi
2695 3214 2726 3253 a
2768 3198 3047 3271 gradibus,
3087 3207 3140 3254 et
3178 3198 3378 3271 gradus
3410 3198 3519 3255 nisi
3563 3214 3595 3254 a

1996 3285 2212 3343 duobus
2254 3285 2417 3358 lignis
2461 3286 2733 3342 contineri
2777 3290 2888 3342 non
2918 3294 3179 3359 possunt:
3225 3287 3299 3341 ita
3327 3294 3381 3342 et
3414 3286 3592 3343 chari-

1997 3385 2079 3433 tas
2108 3377 2226 3432 sine
2266 3374 2477 3432 caeteris
2506 3375 2829 3445 virtutibus,
2871 3386 2925 3432 et
2960 3384 3168 3433 caeteras
3197 3376 3593 3432 virtutessine

1998 3463 2262 3521 charitate
2297 3479 2411 3519 esse
2443 3479 2558 3519 non
2602 3472 2850 3536 possunt.
2897 3465 2972 3521 Et
3003 3464 3466 3538 quemadmodum
3497 3465 3594 3521 di—

1998 3553 2143 3609 versi
2191 3553 2408 3627 gradus,
2445 3552 2554 3608 nisi
2596 3553 2654 3608 in
2703 3553 2921 3609 duobus
2969 3554 3135 3626 lignis
3188 3552 3490 3624 majoribus
3540 3561 3595 3610 et

1996 3652 2228 3718 utraque
2285 3652 2439 3718 parte
2515 3644 2848 3712 inserantur,
2917 3658 3203 3699 ascensum
3275 3641 3596 3700 hominibus

1997 3735 2240 3809 praebere
2286 3751 2398 3791 non
2426 3743 2659 3807 possunt
2689 3753 2700 3791 :
2738 3735 2816 3790 ita
2862 3741 2917 3790 et
2944 3741 3154 3790 craterae
3198 3732 3453 3801 virtutes,
3486 3732 3595 3789 nisi

1996 3842 2067 3882 ex
2107 3825 2404 3885 dilectione
2448 3825 2547 3881 Dei
2586 3834 2640 3881 et
2677 3824 2976 3880 dilectione
3005 3822 3249 3897 proximi
3278 3831 3594 3892 nascantur,

1996 3918 2065 3974 ad
2117 3917 2316 3973 coelum
2371 3916 2450 3972 ire
2502 3916 2819 3971 volentibus
2854 3932 3139 3973 ascensum
3189 3916 3429 3987 praebere
3485 3930 3596 3969 non

1998 4014 2226 4079 possunt
2257 4007 2399 4080 (54),
2444 4006 2589 4064 sicut
2626 4006 2765 4063 dicit
2806 4006 3041 4062 Joannes
3086 4005 3392 4076 apostolus:
3443 4027 3462 4052 ι
3489 4002 3594 4069 Qui

1998 4096 2144 4151 enim
2175 4112 2288 4152 non
2327 4095 2510 4168 diligit
2541 4096 2764 4151 fratrem
2799 4111 2961 4151 suum
3002 4110 3161 4166 quem
3193 4091 3365 4159 videt,
3396 4093 3591 4157 Deum,

1998 4200 2159 4257 quem
2196 4200 2306 4240 non
2347 4184 2520 4253 videt,
2566 4182 2843 4257 quomodo
2882 4187 3061 4255 potest
3089 4180 3317 4251 diligere
3352 4179 3410 4250 (Ι
3433 4178 3591 4233 Joan.

2000 4290 2077 4340 1v,
2112 4272 2203 4345 20)
2243 4273 2271 4329 ?
2295 4297 2312 4320 ι
2368 4274 2439 4329 Et
2467 4274 2611 4330 sicut
2639 4274 2783 4329 scala
2810 4289 2875 4328 ex
2923 4287 3031 4328 una
3078 4280 3228 4343 parte
3269 4276 3495 4336 terram,
3526 4283 3595 4323 ex

1999 4362 2168 4417 altera
2196 4360 2394 4418 coelum
2442 4370 2662 4435 tangere
2705 4363 2819 4417 visa
2866 4370 2973 4417 est:
3024 4360 3100 4417 ita
3150 4369 3204 4417 et
3256 4359 3495 4416 Charitas
3527 4357 3596 4413 ab

282 4476 418 4517 caro
473 4467 728 4531 apparet;
778 4459 926 4516 unde
966 4457 1318 4515 delectabiles
1369 4456 1479 4512 cibi
1528 4455 1726 4512 conﬁci
1768 4472 1887 4528 pos-
1918 4490 1968 4549 Β
2000 4449 2355 4507 inferioribus
2377 4451 2666 4523 proximis,
2688 4468 2719 4506 a
2748 4449 3127 4523 superioribus
3147 4467 3278 4505 vero
3306 4451 3422 4505 Deo
3450 4464 3595 4505 con-

283 4559 419 4609 sunt
452 4570 467 4619 ;
515 4551 773 4608 similiter
800 4560 853 4608 et
883 4552 949 4608 ab
981 4566 1312 4623 unoquoque
1342 4555 1623 4622 peccatore
1650 4565 1778 4605 cum
1808 4547 1890 4603 vi-

284 4639 368 4696 tia
406 4639 795 4709 detrahuntur,
843 4640 989 4697 bona
1044 4647 1253 4695 naturae
1300 4655 1425 4695 cum
1474 4636 1686 4693 ratione
1723 4652 1887 4709 appa-

284 4738 431 4797 rent,
486 4744 605 4801 quae
644 4728 692 4784 si
736 4728 844 4784 ﬁde
897 4726 1274 4801 decoquantur
1320 4727 1488 4799 (52'),
1537 4725 1890 4783 delectabiles

282 4818 401 4875 cibi
434 4834 501 4873 ex
542 4816 686 4874 bono
717 4825 925 4874 natura:
971 4819 1085 4874 Deo
1115 4825 1511 4891 praeparantur.
1552 4817 1655 4873 Per
1682 4816 1887 4872 collum

286 4907 484 4980 igitur,
525 4923 590 4962 eo
641 4906 789 4979 quod
837 4906 895 4962 in
943 4907 1088 4963 collo
1130 4922 1271 4978 saepe
1317 4906 1574 4979 superbia
1611 4911 1886 4979 appareat,

284 5011 582 5069 possumus
619 4995 911 5051 elationem
952 4995 1153 5051 mentis
1185 4995 1516 5068 intelligere;
1558 5010 1653 5066 per
1697 5010 1890 5051 manus

284 5100 425 5139 vero
465 5099 627 5155 opera
657 5084 1035 5156 designantur.
1076 5083 1293 5140 Collum
1344 5100 1470 5156 ergo
1513 5082 1890 5155 unusquisque

286 5171 477 5228 ﬁdelis
506 5172 742 5244 pellibus
779 5171 1016 5229 haedinis
1045 5172 1374 5241 circumdat,
1425 5189 1553 5229 cum
1586 5172 1654 5228 ad
1689 5156 1895 5227 mentis

286 5264 588 5321 elationem
632 5264 1034 5338 deponendam,
1083 5274 1138 5323 et
1176 5265 1514 5323 humilitatis
1548 5281 1659 5321 suae
1712 5271 1891 5322 custo-

283 5354 439 5412 diam
472 5363 691 5428 peccata
717 5357 994 5431 praeterita
1030 5364 1157 5414 ante
1185 5359 1376 5416 oculos
1404 5356 1608 5414 mentis
1637 5371 1892 5414 revocare

364 5513 718 5644 'Edit.,
748 5532 866 5589 qua:
890 5517 938 5574 si
964 5517 1067 5592 ﬁde
1106 5518 1219 5575 Deo
1243 5522 1574 5589 coquantur;
1617 5534 1772 5588 mss.,
1803 5516 1892 5574 de-

366 5659 486 5731 (53)
532 5660 614 5717 Ita
659 5677 815 5732 mss.,
856 5660 992 5721 edit.
1042 5676 1196 5734 vero;
1248 5660 1492 5722 Christus
1545 5661 1888 5737 intelligitur:

1992 4540 2265 4614 jungitur.
2300 4541 2453 4598 Unde
2482 4549 2535 4598 et
2564 4541 2743 4613 angeli
2772 4541 2868 4597 Dei
2900 4557 2995 4614 per
3018 4556 3139 4596 eam
3170 4539 3524 4597 ascendentes
3543 4547 3598 4598 et

2000 4632 2393 4689 descendentes
2423 4632 2717 4688 monstrati
2748 4640 2915 4700 sunt;
2948 4636 3075 4705 quia
3106 4640 3324 4687 sanctos
3353 4630 3473 4700 Dei,
3499 4628 3596 4702 qui

2000 4739 2096 4795 per
2115 4723 2334 4796 angelos
2353 4722 2730 4795 designantur,
2751 4720 3049 4796 aliquando
3069 4737 3223 4775 amor
3238 4720 3336 4776 Dei
3361 4736 3456 4792 per
3467 4735 3595 4776 con-

1999 4812 2374 4885 templationis
2389 4814 2617 4886 gratiam
2650 4812 2719 4869 ad
2748 4813 2965 4869 excelsa
2993 4810 3265 4878 sublevat,
3296 4807 3597 4882 aliquando

1999 4918 2153 4957 amor
2168 4909 2221 4958 et
2239 4917 2370 4958 cura
2384 4903 2765 4975 proximorum
2787 4900 2854 4957 ad
2872 4899 3135 4956 inferiora
3145 4898 3378 4955 reducit.
3396 4896 3598 4954 Domi-

2001 5008 2131 5047 num
2150 5000 2328 5046 autem
2353 4990 2610 5046 innixum
2634 4991 2790 5047 scalae
2812 4989 2976 5058 vidit;
3006 4988 3135 5062 quia
3155 4989 3471 5061 quicunque
3502 5003 3599 5059 per

2001 5079 2105 5138 iter
2136 5080 2403 5137 virtutum
2446 5080 2515 5136 ad
2560 5080 2860 5136 Dominum
2902 5077 3268 5135 conscendere
3319 5081 3595 5148 satagunt,

2002 5180 2287 5245 postquam
2316 5172 2463 5228 viam
2486 5172 2571 5228 sui
2598 5169 3124 5237 itinerisﬁnierunt,
3146 5167 3444 5224 Dominum
3466 5180 3597 5221 om-

2002 5263 2157 5318 nium
2182 5261 2453 5317 bonorum
2482 5268 2760 5319 auctorem
2792 5258 3252 5333 praemiorumque
3280 5255 3594 5328 largitorem

2004 5352 2321 5420 inveniunt,
2350 5367 2476 5407 cum
2508 5367 2618 5425 quo
2646 5350 2767 5407 sine
2794 5348 2906 5406 ﬁne
2934 5345 3271 5423 gaudebunt.

2002 5513 2425 5573 Fundamentum
2451 5513 2589 5570 enim
2616 5512 2792 5577 aliud,
2819 5518 2924 5568 etc.

2078 5586 2196 5660 (54)
2226 5587 2312 5645 Ita
2340 5593 2388 5642 et
2413 5592 2613 5643 uetera:
2638 5585 2925 5660 virtutes...
2958 5577 3193 5652 prabere
3220 5592 3329 5634 non
3349 5581 3593 5650 possunt,

2004 5656 2111 5717 hoc
2139 5656 2317 5716 tctum
2345 5675 2375 5715 e
2406 5675 2535 5715 mss.
2568 5656 2885 5714 restitutum
2909 5661 3011 5708 est.
