4068 6182
583 233 689 291 903

1598 229 1693 285 AD
1735 226 1969 285 OPERA
2006 229 2064 284 s.
2104 224 2440 284 AMBROSII
2476 224 2857 285 APPENDIX.
3695 247 3775 304 θοι,

658 357 793 414 Cum
835 372 966 413 vero
996 355 1136 412 idem
1181 355 1346 411 Iacob
1376 364 1741 410 reverteretur
1767 354 1834 409 de
1864 354 2179 425 Mesopota-
2209 358 2258 415 A
2300 379 2319 401 ι
2352 355 2469 429 Heu
2519 355 2678 423 mihi,
2713 355 2843 427 quia
2889 354 3162 412 incolatus
3208 372 3353 413 meus
3387 363 3692 438 prolongatur
3721 385 3779 431 est

587 445 698 501 mia
748 445 939 517 Syriae,
988 443 1331 515 venissetque
1371 442 1439 497 ad
1482 443 1795 509 Iordanem,
1845 443 2177 501 transductis

586 534 844 589 omnibus
891 549 1011 603 quae
1062 531 1128 585 ad
1170 548 1227 587 se
1272 531 1638 603 pertinebant,
1690 533 1950 586 remansit
2003 534 2171 588 solus.

586 625 656 680 Et
686 639 807 679 ecce
837 622 923 676 vir
953 621 1265 676 luctabatur
1282 636 1407 676 cum
1434 635 1498 674 eo
1527 636 1698 692 usque
1722 636 1897 676 mane.
1932 620 2177 693 Cumque

585 712 795 767 videret
862 709 1007 782 quod
1073 727 1197 765 eum
1250 726 1503 781 superare
1561 726 1671 764 non
1733 719 1931 782 posset,
1999 711 2180 781 tetigit

584 816 813 855 nervum
856 800 1047 854 femori
1079 798 1215 869 ejus,
1266 806 1320 853 et
1364 800 1549 853 statim
1596 800 1884 866 emarcuit,
1926 799 2179 871 dixitque

582 889 675 944 ei:
725 913 742 935 σ
789 889 1019 943 Dimitte
1064 904 1173 955 me,
1211 886 1325 958 jam
1372 888 1519 942 enim
1565 888 1811 943 ascendit
1863 904 2077 942 aurora.
2108 888 2180 942 At

585 977 678 1032 ille
705 976 1024 1048 respondit:
1076 978 1194 1033 Non
1236 976 1512 1031 dimittam
1554 984 1627 1043 te,
1677 976 1783 1032 nisi
1832 976 2181 1034 benedixeris

582 1071 743 1127 mihi.
778 1073 848 1127 Et
876 1072 953 1126 ait
997 1070 1077 1126 illi
1105 1089 1116 1125 :
1171 1069 1291 1137 Quo
1318 1072 1536 1126 vocaris
1576 1072 1803 1126 nomine
1824 1072 1852 1127 ?
1880 1072 2181 1144 Respondit

581 1161 664 1216 ei:
716 1161 900 1216 Iacob.
944 1162 1017 1215 At
1062 1160 1155 1215 ille
1207 1159 1387 1215 dixit:
1422 1161 1541 1215 Non
1590 1160 1872 1216 vocaberis
1922 1160 2067 1217 ultra
2097 1162 2179 1217 Ia-

582 1249 704 1317 cob,
736 1249 829 1305 sed
877 1250 1040 1304 Israel
1086 1247 1189 1304 erit
1223 1264 1423 1304 nomen
1466 1256 1623 1303 tuum
1662 1250 1817 1318 (Gen.
1860 1266 2043 1316 xxxn,
2076 1250 2182 1307 26-

582 1340 697 1410 28).
727 1366 745 1387 ι
804 1340 906 1394 Per
937 1338 1101 1394 Iacob
1149 1338 1254 1394 hoc
1298 1337 1355 1393 in
1401 1338 1522 1393 loco
1575 1338 1807 1410 quilibet
1847 1346 2097 1410 peccator
2130 1347 2183 1395 et

583 1431 857 1503 pcenitens
886 1431 1222 1502 designatur.
1255 1430 1414 1496 Quod
1446 1447 1579 1486 vero
1609 1432 1833 1501 angelus
1861 1448 1985 1486 cum
2018 1431 2183 1488 Iacob

583 1519 640 1574 in
687 1519 860 1592 ﬁgura
900 1520 1122 1575 Domini
1170 1519 1499 1588 luctabatur,
1549 1527 1604 1575 et
1654 1520 1745 1575 ille
1797 1537 1919 1575 cum
1966 1521 2178 1592 angelo,

584 1609 723 1666 illud
761 1610 1036 1681 signiﬁcat
1066 1610 1183 1682 (55)
1216 1608 1365 1682 quod
1394 1608 1665 1664 Dominus
1684 1608 1822 1664 dicit
1854 1610 1907 1664 in
1937 1609 2180 1680 Evange-

2294 444 2466 514 (Psal.
2500 460 2652 513 cxrx,
2687 445 2780 517 5)!
2816 471 2833 493 ι

2360 550 2509 606 Idem
2555 553 2718 608 etiam
2764 554 2928 610 Iacob
2979 565 3099 628 post
3141 557 3478 616 luctationem
3519 580 3655 635 quam
3692 586 3786 627 cum

2289 643 2482 713 angelo
2542 644 2728 732 gessit,
2776 660 2888 701 uno
2932 646 3065 718 pede
3115 647 3434 705 claudicasse
3475 650 3672 712 dicitur:
3717 662 3787 732 qui

2291 746 2422 785 vero
2452 731 2742 800 claudicat,
2783 750 2944 805 super
2972 752 3163 790 sanum
3197 736 3376 807 pedem
3406 745 3539 794 totus
3570 731 3791 816 innititur,

2291 822 2465 876 altero
2502 822 2778 893 paulisper
2826 830 3024 878 teriam
3072 832 3316 896 tangens.
3363 829 3477 883 Duo
3506 830 3649 901 igitur
3673 835 3795 905 pedes

2292 910 2528 966 duorum
2556 912 2942 967 alimentorum
2977 930 3174 985 genera
3200 914 3508 987 designant;
3538 930 3648 976 sunt
3671 939 3796 979 nam-

2292 1015 2395 1071 que
2442 999 2704 1077 alimenta
2752 1002 3018 1075 corporis,
3060 1012 3188 1058 sunt
3232 1012 3285 1059 et
3331 1006 3533 1062 animae.
3583 1009 3800 1067 Alimenla

2291 1091 2538 1161 corporis
2592 1100 2719 1147 sunt
2772 1092 2905 1161 cibi,
2968 1103 3148 1165 potus,
3192 1096 3547 1153 vestimenta:
3593 1099 3799 1158 alimenta

2292 1196 2424 1235 vero
2454 1180 2650 1237 animae
2695 1189 2823 1236 sunt
2866 1182 2963 1237 Dei
2999 1183 3249 1251 verbum,
3297 1200 3453 1256 opera
3493 1186 3637 1243 bona.
3672 1189 3802 1246 L’nns-

2294 1269 2524 1343 quisque
2550 1269 2718 1340 igitur
2755 1270 2953 1338 ﬁdelis,
2988 1272 3032 1327 si
3062 1288 3173 1327 uno
3214 1271 3348 1344 pede
3378 1274 3629 1347 paulisper
3652 1285 3802 1334 terram

2297 1358 2489 1431 tangit,
2530 1375 2693 1430 super
2721 1359 2953 1415 alterum
2995 1369 3142 1416 totus
3173 1360 3430 1417 innititur
3459 1383 3471 1431 ;
3505 1369 3620 1438 quia
3645 1369 3701 1424 iis
3724 1387 3809 1442 qua:

2294 1457 2423 1503 sunt
2470 1448 2664 1504 mundi
2714 1449 3098 1505 tantummodo
3141 1449 3208 1505 ad
3256 1453 3589 1511 necessitates
3621 1462 3809 1531 corporis

2294 1538 2657 1595 sublevandas
2700 1540 2895 1609 utitur,
2951 1540 3096 1597 sicut
3150 1540 3289 1598 dicit
3332 1547 3650 1616 Apostolus:
3701 1551 3813 1605 «lla-

2294 1627 2485 1683 bentes
2536 1637 2713 1684 autem
2783 1629 2992 1685 victum
3051 1638 3105 1686 et
3166 1632 3449 1702 vestitum,
3514 1635 3576 1690 iis
3624 1640 3812 1694 contenti

583 1698 692 1755 lio:
740 1723 757 1745 ι
798 1700 1042 1769 Regnum
1093 1699 1360 1755 caelorum
1406 1697 1520 1752 vim
1572 1698 1799 1768 patitur,
1850 1705 1905 1753 et
1951 1698 2179 1754 violenti

2294 1718 2467 1775 simus
2500 1720 2556 1792 (Ι
2599 1721 2733 1776 Tim.
2765 1737 2845 1788 vI,
2876 1719 2957 1791 8).
2993 1747 3011 1769 ι
3054 1722 3115 1777 In
3148 1738 3211 1778 ea
3239 1740 3370 1779 vero
3405 1697 3520 1797 quae
3553 1726 3615 1783 ad
3641 1729 3818 1784 salutem

584 1787 809 1859 rapiunt
860 1787 999 1842 illud
1049 1788 1262 1858 (Matth.
1312 1803 1395 1851 χι,
1445 1786 1557 1859 12).
1591 1810 1609 1833 ι
1671 1786 1776 1853 Qui
1825 1793 1954 1842 sunt
1997 1793 2177 1841 autem

584 1876 838 1945 violenti,
889 1875 994 1931 nisi
1044 1883 1352 1946 peccatores
1393 1884 1446 1931 et
1486 1874 1860 1947 pmnitentes?
1902 1874 2007 1942 Qui
2052 1892 2177 1932 cum

584 1982 641 2021 se
671 1965 863 2020 vident
894 1982 991 2036 pro
1017 1964 1314 2020 sceleribus
1360 1965 1473 2020 suis
1515 1964 1710 2020 mortis
1746 1973 2020 2037 perpetuae
2066 1981 2180 2021 esse

585 2070 725 2122 reos,
758 2054 951 2109 tandiu
976 2053 1200 2125 januam
1234 2053 1468 2125 paradisi
1508 2052 1789 2125 precibus'
1802 2055 2040 2127 pulsant,
2075 2071 2180 2109 us-

585 2161 691 2218 que
721 2145 852 2201 dum
884 2144 961 2200 eis
1006 2145 1188 2200 aditus
1228 2145 1381 2217 regni
1413 2146 1649 2201 caelestis
1688 2145 1980 2218 aperiatur.
2014 2146 2180 2203 Iacob

586 2249 714 2306 ergo
742 2251 865 2292 cum
904 2234 1143 2291 Domino
1180 2236 1421 2291 luctatur
1468 2236 1686 2308 quando
1716 2236 1950 2309 quilibet
1979 2254 2181 2308 pecca-

585 2331 673 2379 tor
729 2325 1117 2396 pertimescens
1172 2341 1358 2397 poenas
1408 2325 1551 2397 ignis
1603 2326 1813 2394 aeterni,
1873 2325 2067 2381 tandiu
2122 2327 2180 2382 in

585 2413 840 2484 precibus
858 2414 1120 2485 persistit,
1152 2429 1324 2485 usque
1353 2412 1485 2469 dum
1518 2414 1565 2469 ei
1595 2413 1972 2470 misericordia
1992 2414 2183 2470 divina

584 2513 893 2571 succurrat,
923 2511 1069 2559 sicut
1096 2502 1381 2575 sequentia
1408 2502 1785 2559 manifestam.

656 2610 760 2678 Qui
792 2626 916 2665 cum
946 2609 1160 2665 videret
1190 2608 1336 2682 quod
1370 2624 1495 2664 eum
1535 2624 1789 2681 superare
1824 2625 1935 2663 non
1977 2617 2178 2680 posset,

583 2700 766 2771 tetigit
814 2715 1045 2755 nervum
1095 2698 1320 2754 femoris
1370 2696 1506 2768 ejus,
1558 2705 1612 2753 et
1652 2697 1836 2754 statim
1893 2699 2177 2755 emarcuit.

586 2793 660 2847 Et
707 2790 835 2863 quia
894 2789 1068 2845 libido
1119 2805 1187 2844 ex
1238 2782 1444 2843 femore
1490 2788 1753 2853 nascitur,
1806 2804 1903 2860 per
1950 2805 2179 2845 nervum

589 2881 817 2937 femoris
863 2879 1172 2950 voluptates
1205 2880 1449 2934 carnales
1495 2877 1729 2949 intelligi
1761 2886 2006 2950 possunt.
2038 2879 2183 2933 Ner—

588 2987 716 3025 vum
752 2970 920 3040 igitur
949 2949 1173 3023 femoris
1206 2967 1505 3038 peccatoris
1526 2966 1795 3023 Dominus
1822 2949 2023 3039 tetigit,
2056 2985 2179 3025 cum

2291 1807 2488 1864 animae
2536 1809 2833 1881 pertinent,
2867 1816 3015 1865 totus
3046 1810 3357 1879 incumbit;
3410 1828 3476 1868 ne
3521 1814 3772 1887 aliquando
3799 1832 3820 1870 a

2292 1898 2380 1953 via
2409 1898 2527 1966 Dei,
2554 1916 2673 1971 qua:
2705 1898 2852 1954 salus
2879 1898 3074 1955 animae
3095 1908 3199 1970 est,
3218 1901 3425 1960 deviet.
3446 1903 3528 1960 Ad
3546 1904 3820 1976 apertionem

2292 1988 2518 2044 secundi
2572 1988 2739 2060 sigilli
2796 1987 3286 2046 demonstrandam
3354 2009 3523 2065 pauca
3573 1993 3633 2049 de
3679 1994 3825 2050 multis

2291 2076 2556 2143 diximus,
2590 2093 2738 2133 nunc
2763 2077 3011 2135 ordinem
3045 2095 3461 2153 persequamur.

2364 2186 2652 2258 Sequitur:
2701 2185 2902 2241 Audivi
2943 2187 3229 2242 secundum
3278 2189 3485 2244 animal
3518 2189 3708 2245 dicens:
3739 2188 3829 2245 Veni

2293 2283 2340 2332 et
2367 2278 2483 2332 vide
2509 2295 2528 2342 ;
2570 2275 2623 2331 id
2664 2284 2767 2344 est,
2808 2275 3057 2349 intellige
3087 2277 3477 2349 spiritualiter,
3506 2295 3618 2353 quae
3645 2295 3673 2334 a
3707 2277 3829 2351 patri-

2292 2366 2473 2423 archis
2521 2366 2663 2422 facta
2707 2366 3035 2438 cognovisti.
3082 2368 3157 2422 Et
3195 2386 3306 2423 ecce
3346 2386 3507 2439 equus
3538 2367 3683 2438 rufus
3712 2367 3828 2436 (57):

2294 2462 2341 2511 et
2365 2456 2456 2525 qui
2499 2455 2704 2510 sedebat
2730 2472 2891 2526 super
2922 2455 3098 2521 illum,
3149 2456 3343 2511 datum
3381 2464 3453 2511 est
3488 2458 3535 2511 ei
3576 2463 3629 2511 ut
3665 2460 3835 2509 attineret

2288 2560 2469 2616 pacem
2520 2544 2582 2598 de
2631 2550 2794 2610 terra,
2843 2550 2890 2597 et
2944 2550 3002 2597 ut
3058 2544 3286 2599 invicem
3330 2562 3383 2599 se
3437 2545 3744 2615 interﬁciant.
3788 2543 3838 2596 Et

2294 2635 2449 2689 datus
2491 2639 2563 2686 est
2618 2632 2705 2687 illi
2749 2632 2958 2703 gladius
3011 2650 3259 2705 magnus.
3307 2634 3410 2689 Per
3464 2649 3651 2707 equum
3693 2631 3836 2687 rufum

2288 2721 2445 2794 justi,
2479 2721 2570 2793 qui
2613 2728 2734 2791 post
2780 2720 3058 2778 diluvium
3100 2739 3282 2795 usque
3327 2722 3396 2778 ad
3439 2723 3605 2795 legem
3646 2721 3838 2782 fuerunt,

2294 2810 2669 2881 designantur.
2721 2810 2791 2865 Et
2831 2810 2959 2882 quia
2992 2810 3151 2866 rufus
3182 2812 3344 2868 color
3381 2827 3545 2867 aureo
3590 2808 3740 2865 colori
3776 2821 3838 2878 pa-

2293 2918 2515 2973 rumper
2553 2902 2976 2973 appropinquat,
3022 2902 3199 2957 veluti
3255 2903 3304 2958 si
3354 2920 3521 2958 aureo
3567 2901 3722 2958 colori
3755 2915 3842 2954 san-

2296 2991 2552 3064 guineum
2615 2989 2959 3058 admisceas;
3011 3007 3120 3046 non
3178 2991 3490 3065 incongrue
3543 2990 3699 3046 sancti
3744 2987 3841 3052 viri,

591 3057 780 3114 omnia
810 3057 1084 3151 ἀθὲίάεξτίδ
1111 3055 1371 3151 οδιξηδιξθι
1398 3073 1472 3151 Fx
1503 3056 1704 3129 ﬁnibus
1735 3066 1951 3128 Peccata
1980 3058 2181 3113 oriun'
2214 3068 2258 3129 Ο
2288 3055 2381 3151 qui
2414 3087 2539 3133 ante
2577 3078 2746 3151 legem
2790 3055 3033 3146 fuerunt,
3071 3078 3209 3134 huic
3266 3055 3445 3135 colori
3475 3084 3843 3149 comparantur;

584 3155 696 3215 tur,
751 3146 1058 3214 exstinxit;
1116 3144 1246 3217 quia
1294 3144 1412 3200 ﬁeri
1471 3162 1580 3201 non
1624 3152 1800 3217 potest
1856 3154 1917 3201 ut
1970 3164 2001 3201 a
2045 3164 2182 3219 pec-

592 3239 731 3296 catis
757 3237 1151 3306 abstineamus,
1197 3239 1443 3311 quandiu
1492 3239 1549 3294 in
1581 3240 1959 3312 voluptatibus
1996 3258 2179 3298 carna-

588 3328 735 3385 libus
801 3327 1029 3384 resoluti
1078 3327 1342 3400 jacernus.
1399 3327 1556 3384 Dixit
1612 3328 1781 3400 igitur
1826 3330 2051 3401 angelus
2105 3331 2178 3400 ei,

586 3418 847 3475 videlicet
878 3417 971 3472 ille
996 3418 1090 3489 qui
1124 3417 1181 3473 in
1211 3433 1440 3489 persona
1473 3417 1696 3473 Domini
1730 3435 1855 3473 cum
1902 3436 1964 3474 eo
1995 3420 2181 3475 lucta—

583 3506 781 3562 batur:
846 3529 865 3551 ι
912 3505 1142 3561 Dimitte
1193 3521 1300 3573 me,
1336 3503 1449 3575 jam
1494 3505 1640 3560 enim
1690 3504 1933 3560 ascendit
1986 3520 2181 3561 aurora

587 3596 745 3657 (Gen.
784 3609 968 3661 xxxu,
1009 3593 1135 3663 26);
1170 3618 1187 3639 ι
1238 3610 1299 3648 ac
1329 3593 1372 3647 si
1405 3594 1671 3649 dixisset:
1714 3593 1910 3648 Desine
1938 3594 2048 3666 jam
2082 3611 2180 3665 pro

585 3682 784 3738 timore
817 3681 959 3753 ignis
998 3682 1188 3737 aeterni
1236 3681 1394 3749 ﬂere;
1447 3681 1575 3753 quia
1625 3681 1737 3753 jam
1790 3683 2178 3755 tranquillitas,

587 3770 744 3827 vitiis
773 3769 1087 3839 exstinctis,
1113 3769 1295 3839 rediit,
1320 3788 1440 3844 quae
1460 3779 1513 3826 te
1543 3770 1601 3826 in
1621 3771 1947 3843 perditionis
1967 3772 2179 3828 foveam

584 3860 976 3917 demerserant.

658 3969 730 4024 Et
785 3965 914 4041 quia
964 3984 1075 4023 non
1127 3968 1258 4024 satis
1305 3967 1527 4042 prodest
1576 3970 1717 4025 mala
1758 3970 2023 4039 deserere,
2074 3970 2180 4026 nisi

585 4058 730 4114 bona
773 4074 930 4130 agere
977 4059 1311 4127 studeamus,
1357 4060 1643 4133 sequitur:
1693 4060 1947 4130 Dixitque
1987 4060 2176 4115 Iacob:

583 4149 706 4206 Non
748 4149 1009 4204 dimittam
1073 4152 1139 4217 te,
1203 4150 1308 4203 nisi
1366 4150 1690 4204 benedixeris
1736 4150 1866 4204 mihi
1908 4154 2075 4224 525,
2126 4148 2183 4204 id

584 4255 687 4314 est,
723 4263 750 4301 a
790 4246 1045 4319 precibus
1074 4263 1183 4302 non
1217 4247 1460 4315 cessabo,
1492 4246 1599 4303 nisi
1638 4264 1723 4303 me
1754 4245 2052 4303 virtutibus
2088 4247 2182 4303 di-

588 4338 840 4405 taveris;
906 4346 967 4393 ut
1022 4339 1114 4409 qui
1167 4355 1340 4411 usque
1396 4338 1560 4393 modo
1608 4337 1906 4394 secundum
1964 4354 2181 4394 carnem

2290 3187 2353 3227 eo
2398 3170 2543 3244 quod
2581 3180 2635 3226 et
2681 3171 2948 3244 sapientia
3003 3171 3337 3239 claruerint,
3399 3188 3520 3245 quae
3568 3188 3656 3243 per
3695 3182 3843 3223 aurum

2289 3261 2577 3334 ﬁguratur,
2625 3270 2677 3317 et
2730 3261 2787 3315 in
2836 3260 3328 3333 persecutionibus
3390 3272 3447 3319 et
3481 3261 3711 3318 adversis
3751 3274 3845 3313 con-

2290 3357 2495 3406 stantes
2549 3350 2776 3418 fuerint,
2834 3366 2953 3422 quze
3022 3366 3118 3421 per
3172 3351 3509 3423 sanguinem
3567 3349 3844 3421 ﬁgurantur.

2290 3441 2477 3497 Sessor
2518 3456 2647 3494 vero
2677 3437 2843 3509 hujus
2888 3438 3011 3509 equi
3051 3440 3340 3495 Dominus
3389 3448 3494 3509 est,
3546 3440 3636 3513 qui
3680 3437 3729 3493 in
3766 3450 3846 3491 san~

2289 3531 2392 3587 ctis
2424 3530 2539 3585 suis
2586 3527 2815 3583 habitat.
2852 3526 2991 3584 Huic
3017 3529 3225 3585 sessori
3260 3529 3461 3586 datum
3498 3538 3577 3585 est
3616 3538 3672 3584 ut
3710 3538 3849 3597 pacem

2289 3626 2527 3677 sumeret
2555 3618 2621 3674 de
2664 3627 2823 3674 terra.
2860 3617 2914 3673 Si
2964 3635 3069 3689 pax
3112 3618 3268 3674 bona
3302 3628 3388 3675 est
3429 3636 3460 3675 a
3488 3620 3619 3687 Deo,
3654 3615 3711 3672 de
3747 3621 3853 3667 terra

2290 3708 2567 3783 quomodo
2611 3715 2827 3779 sumpta
2875 3708 3003 3764 est?
3046 3707 3154 3763 Sed
3214 3719 3304 3765 est
3351 3726 3463 3781 pax
3523 3709 3677 3771 bona,
3725 3710 3769 3757 et
3797 3706 3854 3752 est

2290 3815 2395 3871 pax
2436 3799 2596 3852 mala.
2649 3798 2840 3852 Pacem
2878 3794 3083 3852 malam
3124 3797 3235 3854 filii
3290 3799 3395 3855 Dei
3454 3804 3582 3853 ante
3634 3789 3852 3851 diluvium

2290 3905 2416 3944 cum
2449 3887 2581 3942 ﬁliis
2606 3886 2896 3942 hominum
2928 3884 3282 3956 habuerunt,
3316 3888 3545 3961 quando
3568 3885 3853 3940 ﬁliaseorum

2292 3984 2637 4049 acceperunt,
2663 3984 2717 4031 et
2745 3970 2871 4032 suas
2900 3990 2978 4031 eis
3007 3974 3295 4032 dederunt
3330 3979 3493 4048 (Gen.
3529 3993 3606 4044 vi,
3636 3974 3715 4044 2):
3742 3967 3855 4023 ίάθοο

2292 4083 2397 4140 que
2451 4083 2575 4121 cum
2625 4066 2739 4121 illis
2801 4067 2957 4139 aquis
3002 4066 3212 4122 diluvii
3281 4067 3456 4122 deleti
3516 4074 3656 4120 suut.
3705 4056 3789 4116 Sed
3822 4064 3857 4108 et

2293 4156 2427 4212 ﬁliis
2458 4155 2621 4211 Israel
2656 4155 2917 4227 praecepit
2952 4155 3234 4211 Dominus
3257 4163 3324 4212 ut
3358 4155 3541 4212 foedus
3570 4168 3675 4208 non
3702 4147 3857 4204 inirent

2292 4262 2417 4302 cum
2470 4240 2816 4312 Chananmis,
2878 4259 3053 4316 neque
3112 4244 3268 4301 ﬁlias
3330 4262 3528 4300 eorum
3585 4240 3856 4311 acciperem,

2292 4352 2394 4391 nec
2424 4334 2565 4389 ﬁlias
2596 4352 2721 4391 suas
2751 4335 2865 4391 illis
2896 4335 3088 4390 darent
3113 4335 3343 4405 (Exod.
3382 4352 3551 4402 xxm,
3578 4332 3676 4398 32;
3702 4337 3855 4383 χχιιι»

596 4424 739 4493 vixi,
781 4426 978 4481 amodo
1027 4427 1326 4482 secundum
1377 4426 1631 4497 spiritum
1681 4426 1882 4481 vivam.
1934 4426 2187 4496 Dixitque
2215 4431 2263 4489 D
2300 4428 2410 4497 16).
2440 4426 2575 4482 Nam
2606 4427 2673 4481 de
2704 4444 2832 4499 pace
2861 4424 2999 4480 bona
3039 4434 3091 4480 et
3133 4425 3290 4480 mala
3324 4425 3619 4481 Psalmista
3650 4417 3856 4492 loquitur,

590 4515 638 4569 ei
671 4515 787 4587 (56)
818 4533 828 4569 :
866 4514 1016 4582 Quod
1044 4522 1119 4568 est
1146 4532 1331 4568 nomen
1362 4521 1505 4568 tuum
1530 4518 1557 4570 ?
1586 4515 1869 4584 Respondit
1897 4515 1943 4568 ei
1969 4534 1979 4569 :
2003 4514 2181 4582 Iacob;

588 4603 831 4673 dixitque
858 4604 940 4657 ei:
993 4601 1111 4658 Non
1162 4603 1427 4657 vocaberis
1468 4605 1613 4657 ultra
1654 4603 1837 4672 Iacob,
1888 4603 1974 4657 sed
2016 4602 2186 4659 Israel

588 4692 692 4746 erit
732 4708 919 4745 nomen
949 4697 1116 4756 tuum,
1153 4690 1205 4747 id
1254 4700 1366 4747 est:
1408 4691 1527 4747 Non
1566 4692 1848 4748 vocaberis
1879 4693 2022 4749 ultra
2061 4710 2185 4765 sup-

590 4780 868 4852 plantator
893 4778 1180 4847 vitiorum,
1212 4780 1305 4835 sed
1336 4780 1618 4837 vocaberis
1650 4782 1736 4835 vir
1762 4781 1954 4837 videns
1978 4784 2180 4836 Deum:

592 4877 645 4925 et
688 4869 782 4941 qui
833 4876 957 4924 ante
1009 4868 1175 4925 ﬂebas
1220 4886 1288 4925 ne
1336 4869 1391 4925 in
1437 4870 1714 4926 infernum
1772 4871 2183 4944 demergereris,

595 4974 747 5014 nunc
805 4957 979 5027 ﬂebis,
1035 4974 1098 5014 eo
1153 4959 1300 5031 quod
1351 4960 1538 5032 aliquo
1596 4970 1839 5033 tempore
1886 4978 1917 5016 a
1972 4962 2185 5016 visione

591 5048 989 5119 omnipotentis
1016 5049 1114 5104 Dei
1145 5049 1436 5122 elongeris,
1475 5049 1663 5106 dicens
1692 5067 1815 5107 cum
1856 5049 2143 5105 Psalmista
2168 5067 2179 5105 :

660 5285 804 5368 (55)_
828 5285 1003 5368 Edit,
1043 5287 1110 5368 in
1138 5286 1314 5368 ﬁgura
1356 5286 1677 5353 luctabatur,
1718 5286 1856 5341 illud
1890 5285 2185 5358 signiﬁcat;

588 5373 717 5413 mss.
751 5365 813 5412 ut
844 5365 899 5412 in
930 5365 1215 5414 contextu.

662 5428 769 5498 (56)
814 5428 1018 5484 Eadem
1068 5429 1227 5497 edit.,
1272 5429 1527 5499 Dixitque
1567 5429 1657 5485 ei:
1708 5429 1828 5484 Non
1877 5428 2179 5496 vocaberis;

587 5515 723 5555 mss.
758 5516 889 5555 vero
919 5500 1205 5556 nobiscum
1235 5501 1462 5557 faciunt.

2293 4518 2518 4573 dicens:
2566 4543 2581 4563 σ
2605 4516 2740 4574 Cum
2774 4516 2947 4571 electo
2977 4515 3190 4569 electus
3240 4530 3379 4582 eris,
3427 4523 3482 4569 et
3511 4529 3631 4570 cum
3662 4516 3858 4583 perverso

2295 4608 2624 4680 perverteris
2673 4606 2845 4678 (Psal.
2894 4622 3034 4672 xvn,
3078 4602 3201 4675 27).
3268 4630 3287 4652 ι
3360 4607 3519 4663 IIanc
3563 4621 3681 4677 ergo
3720 4609 3858 4673 pawn

2293 4695 2439 4752 Deus
2474 4696 2539 4751 de
2586 4703 2725 4750 terra
2774 4693 3028 4765 sumpsit,
3070 4693 3313 4765 quando
3346 4694 3532 4766 justos
3577 4690 3794 4748 homines
3812 4680 3859 4735 ab

2294 4785 2481 4857 impiis
2510 4783 2783 4856 separavit
2809 4791 3006 4849 mente,
3041 4799 3157 4837 non
3191 4800 3460 4857 corpore.
3513 4786 3583 4840 Et
3612 4787 3663 4836 ut
3694 4776 3861 4833 iurum

2293 4893 2344 4930 se
2374 4874 2708 4946 interﬁciant.
2754 4875 2798 4929 A
2834 4874 3033 4946 quibus
3071 4891 3185 4945 pax
3224 4877 3421 4931 ablata
3451 4883 3553 4941 est,
3582 4874 3860 4955 consequenf

2293 4972 2395 5032 est,
2431 4973 2492 5019 ut
2531 4963 2671 5020 alius
2708 4961 2775 5017 ab
2824 4962 2933 5017 alio
2968 4962 3359 5020 interﬁciatur
3396 4984 3410 5033 ;
3451 4981 3575 5019 nam
3615 4952 3858 5030 szepi‘jllsti

2282 5052 2549 5124 injustos,
2591 5060 2643 5109 et
2692 5051 2882 5124 injusti
2912 5051 3092 5123 justos
3140 5053 3535 5121 interﬁciunt,
3569 5050 3701 5106 sicut
3734 5045 3859 5098 Aram

2365 5286 2477 5357 (57)
2509 5285 2865 5360 Edit.7Gill.,
2911 5287 2987 5341 Et
3032 5298 3141 5339 ecce
3183 5277 3716 5360 ρειμιιιε-νιιῖιιίςἱ
3744 5269 3860 5360 ροιιίξτς

2292 5342 2473 5425 aureo,
2518 5368 2622 5414 etc.
2671 5342 3002 5429 Romfpost
3040 5342 3245 5411 voceni
3284 5358 3453 5429 rufus
3475 5342 3759 5429 'addiditet
3787 5342 3861 5429 baf

2291 5414 2704 5502 consequentes,
2739 5435 2788 5483 et
2823 5414 2915 5498 ριῙὶ
2943 5429 3152 5502 sedebat
3180 5414 3371 5501 super.
3389 5429 3575 5484 illum:
3622 5423 3779 5502 datum
3805 5414 3860 5502 cf}

2290 5501 2338 5555 ei
2364 5508 2423 5555 ut
2450 5495 2673 5555 sumeret
2697 5495 2886 5572 pacem
2928 5500 2991 5555 de
3024 5507 3199 5556 terra.
3251 5495 3377 5559 'Nos
3424 5514 3556 5555 vero
3601 5498 3772 5552 catam
3806 5495 3858 5537 ει

2292 5590 2421 5629 mss.
2454 5573 2813 5629 restituimus.
