4068 6182
256 303 364 360 905

1179 305 1636 363 ΒΕΒΕΝΘΑΗΒΙ
1672 304 2046 363 EXPOSITIO
2087 307 2160 363 IN
2195 305 2698 364 APOCALYPSIN.

3468 310 3575 367 906

264 431 433 486 frater
462 428 695 484 Abrahaa
727 429 1030 485 secundum
1069 428 1419 485 traditionem
1446 429 1760 486 Judaorum
1809 432 1866 488 in
1898 431 1948 489 A
1980 430 2281 486 Pharaonis
2313 432 2536 504 Moysen
2584 449 2614 488 a
2657 432 2958 505 papyrione
3006 430 3231 488 sustulit
3273 431 3476 504 (Exod.
3513 451 3572 504 ιι,

263 521 388 590 igne
420 517 829 585 Chaldaeorum,
861 533 925 572 eo
955 517 1101 590 quod
1135 517 1315 588 ignem
1346 518 1570 574 adorare
1610 521 1869 589 noluerit,

262 616 516 664 mortuus
553 615 674 662 est:
737 607 881 662 sicut
945 606 1222 662 Abraham
1286 615 1519 678 quatuor
1568 625 1719 680 reges
1775 627 1872 681 pro

262 698 376 752 suis
415 695 796 767 impietatibus
835 712 958 750 cum
995 697 1334 754 exercitibus
1367 697 1678 753 interfecit:
1730 697 1873 753 sicut

263 787 364 842 ﬁlii
393 786 562 842 Iacob
595 787 688 860 qui
731 803 828 857 pro
857 793 1048 860 stupro
1081 789 1286 844 sororis
1336 805 1526 844 omnes
1555 787 1874 844 Sichimitas

263 881 680 937 interfecerunt.
738 878 840 932 Per
869 877 1111 948 gladium
1165 886 1347 934 autem
1393 895 1651 950 magnum
1705 893 1872 950 aquas

260 969 465 1028 diluvii
521 967 772 1038 accipere
820 982 1132 1038 possumus,
1167 967 1369 1038 quibus
1414 967 1595 1022 omnis
1634 967 1872 1023 mundus

259 1061 476 1117 deletus
519 1065 619 1113 est.
681 1056 978 1111 Possumus
1019 1057 1183 1112 etiam
1216 1073 1311 1128 per
1340 1057 1582 1128 gladium
1613 1073 1868 1129 magnum

259 1148 658 1207 exterminium
683 1146 930 1219 quinque
952 1146 1245 1202 civitatum
1282 1147 1608 1219 intelligere,
1640 1164 1872 1220 quarum

260 1241 602 1297 habitatores
648 1239 772 1310 igne
811 1245 865 1292 et
910 1236 1173 1308 sulphure
1217 1237 1518 1309 perierunt,
1574 1254 1874 1311 eorumque

259 1340 488 1397 terram,
525 1346 646 1403 quae
678 1345 804 1384 cum
828 1327 961 1399 ipsis
1001 1327 1056 1381 in
1086 1327 1350 1398 abyssum
1385 1327 1635 1383 demersa
1663 1335 1763 1383 est.

332 1441 409 1495 Et
453 1456 569 1493 cum
626 1435 922 1508 aperuisset
975 1435 1208 1505 sigillum
1267 1435 1496 1492 tertium.
1543 1436 1721 1508 Sigilli
1752 1443 1875 1493 ter-

259 1529 328 1586 tii
386 1529 596 1602 apertio
639 1527 707 1582 ad
761 1527 934 1598 legem
984 1534 1037 1582 et
1080 1525 1147 1582 ad
1194 1543 1285 1582 eos
1312 1527 1404 1599 qui
1436 1527 1536 1584 sub
1583 1528 1699 1599 lege
1746 1527 1875 1584 fue—

258 1627 396 1675 runt
447 1618 706 1690 pertinet.
754 1615 839 1671 Ad
878 1614 1364 1671 demonstrandum
1414 1633 1540 1687 ergo
1592 1616 1742 1673 tertii
1792 1617 1877 1673 si-

260 1710 385 1783 gilli
418 1708 787 1781 apertionem,
818 1706 1025 1778 placuit
1054 1713 1116 1760 ut
1158 1721 1329 1778 pauca
1372 1704 1440 1760 de
1471 1706 1676 1777 Moyse,
1704 1714 1757 1762 et
1809 1705 1877 1763 de

260 1801 333 1856 iis
383 1815 506 1872 quae
559 1796 618 1851 in
679 1796 794 1867 lege
826 1794 1227 1851 irrationabilia
1256 1810 1372 1851 esse
1407 1794 1688 1864 videntur,
1717 1796 1877 1854 dica-

261 1907 410 1947 mus.
463 1891 527 1945 In
563 1887 753 1943 Exodo
800 1889 1065 1959 scriptum
1098 1896 1179 1942 est
1207 1885 1354 1958 quod
1383 1903 1507 1942 cum
1538 1894 1700 1943 natus
1727 1897 1867 1946 esset

261 1984 502 2057 Moyses,
530 1980 883 2037 absconditus
931 1989 1012 2036 est
1045 1979 1323 2036 mensibus
1352 1979 1529 2036 tribus
1556 1997 1586 2035 a
1616 1982 1866 2052 parenti-

259 2073 374 2128 bus
403 2073 518 2129 suis
543 2091 555 2139 ;
605 2077 793 2142 postea
823 2086 952 2126 vero
976 2069 1102 2125 fecit
1129 2069 1177 2124 ei
1227 2077 1400 2125 mater
1429 2068 1691 2126 ﬁscellam
1723 2071 1867 2127 scir-

263 2179 449 2236 peam,
495 2169 549 2217 et
580 2161 707 2216 livit
751 2175 868 2214 eam
899 2158 1175 2213 bitumine
1205 2175 1267 2214 ac
1303 2160 1441 2231 pice,
1475 2166 1529 2214 et
1557 2159 1734 2231 posito
1771 2160 1868 2216 in—

260 2262 355 2309 tus
405 2252 635 2319 infante,
677 2248 861 2321 posuit
908 2264 1030 2303 eum
1076 2247 1135 2303 in
1175 2257 1388 2304 carecto
1437 2249 1567 2320 ripae
1620 2249 1869 2306 ﬂuminis

265 2341 473 2414 (Exod.
524 2358 584 2407 ιι,
636 2339 688 2407 2,
741 2337 818 2408 3).
854 2337 1066 2408 Moyses
1115 2335 1396 2394 Christum
1437 2337 1740 2409 ﬁgurabat:
1776 2354 1870 2410 per

263 2448 482 2489 menses
510 2438 689 2485 autem
743 2435 853 2482 tres
881 2426 1081 2499 quibus
1123 2426 1475 2482 absconditus
1524 2436 1604 2482 est
1632 2428 1866 2500 Moyses,

263 2519 372 2576 tria
427 2527 672 2588 tempora
729 2513 1122 2585 designantur:
1157 2531 1326 2569 unum
1379 2522 1504 2570 ante
1553 2515 1862 2570 diluvium:

261 2605 568 2664 secundum
600 2610 722 2676 post
745 2602 1018 2657 diluvium
1058 2619 1230 2676 usque
1252 2603 1317 2658 ad
1351 2604 1575 2675 Moysen
1602 2623 1613 2660 :
1643 2605 1866 2660 tertium

261 2717 296 2756 a
325 2700 516 2770 Moyse
547 2712 718 2769 usque
745 2693 811 2750 ad
853 2693 1152 2749 adventum
1192 2693 1438 2750 Domini.
1485 2696 1545 2750 In
1575 2695 1662 2749 his
1691 2695 1869 2750 tribus

261 2784 608 2856 temporibus
673 2781 928 2836 homines
981 2780 1253 2836 adventus
1309 2779 1512 2837 Christi
1564 2780 1865 2836 secundum

263 2891 488 2932 carnem
520 2872 682 2928 latuit
706 2889 718 2938 ;
743 2887 772 2925 a
802 2870 1059 2942 perfectis
1087 2868 1592 2941 tamen'przedictus
1621 2877 1702 2925 est
1725 2870 1866 2942 (58).

262 2971 368 3026 Per
399 2970 661 3026 ﬁscellam
708 2985 838 3024 vero
867 2967 1132 3039 scirpeam
1181 2967 1340 3022 beata
1379 2968 1535 3038 virgo
1563 2967 1734 3022 Maria
1777 2968 1865 3022 de-

261 3061 480 3132 signata
507 3067 613 3115 est:
650 3065 824 3113 mater
853 3074 980 3129 ergo
1008 3055 1270 3113 ﬁscellam
1313 3056 1599 3128 scirpeam,
1647 3056 1703 3110 in
1761 3073 1866 3128 qua

1983 523 2080 593 5);
2123 523 2252 596 quia
2279 525 2525 580 Ecclesia
2570 541 2638 579 ex
2680 525 2937 597 gentibus
2977 526 3141 581 ﬁdem
3186 525 3398 583 Christi
3447 543 3578 583 sus-

1983 612 2212 683 cipiens,
2261 613 2515 669 eumdem
2546 613 2829 671 Christum
2878 632 2910 670 a
2962 615 3165 671 Judaais
3199 615 3419 672 credere
3466 633 3578 672 no-

1985 700 2227 758 lentibus
2256 702 2507 759 abstulit.

2053 844 2244 900 Postea
2273 863 2397 901 cum
2431 844 2575 900 idem
2605 847 2819 918 Moyses
2858 865 2987 903 oves
3015 847 3204 903 Jethro
3237 847 3451 921 cognati
3489 847 3576 903 sui

1986 934 2513 1005 pasceret,apparuit
2543 933 2592 988 ei
2622 935 2891 990 Dominus
2921 936 2978 990 in
3009 936 3134 1007 igne
3164 937 3398 1004 ﬂammae
3425 935 3572 1004 rubi,

1982 1029 2036 1076 et
2069 1023 2289 1080 videbat
2319 1025 2465 1096 quod
2494 1025 2662 1080 rubus
2692 1025 2924 1095 arderet,
2977 1034 3029 1081 et
3075 1044 3184 1082 non
3215 1026 3576 1084 comburere—

1983 1121 2074 1167 tur
2121 1115 2322 1183 (Exod.
2358 1133 2436 1182 III,
2471 1115 2550 1186 2).
2602 1116 2895 1170 Possumus
2927 1131 3021 1187 per
3050 1115 3249 1171 rubum
3287 1117 3379 1188 qui
3411 1115 3576 1170 ﬂam—

1986 1221 2099 1260 mas
2129 1221 2196 1259 ex
2226 1222 2281 1260 se
2309 1204 2661 1276 producebat,
2719 1213 2772 1260 et
2807 1221 2916 1260 non
2947 1205 3393 1272 comburebatur,
3438 1205 3576 1259 bea—

1985 1301 2094 1348 tam
2124 1293 2393 1365 virginem
2428 1294 2653 1350 Mariam
2685 1293 3010 1365 intelligere,
3059 1311 3178 1367 quae
3228 1294 3431 1349 Filium
3476 1293 3576 1349 Dei

1984 1400 2054 1438 ex
2084 1402 2182 1440 suo
2212 1393 2368 1440 utero
2399 1386 2649 1456 protulit,
2698 1392 2750 1439 et
2797 1384 3176 1456 virginitatem
3211 1402 3322 1441 non
3352 1389 3571 1456 amisit;

1984 1474 2078 1530 sed
2109 1481 2328 1546 propter
2356 1491 2416 1530 ea
2447 1491 2566 1547 quae
2592 1482 2918 1548 sequuntur,
2948 1492 3043 1547 per
3072 1476 3270 1532 rubum
3293 1476 3576 1534 Christum

1985 1580 2098 1620 esse
2129 1563 2544 1636 intelligendum
2577 1570 2720 1627 526
2750 1565 3030 1632 existimo,
3079 1565 3381 1622 secundum
3430 1569 3577 1641 quod

1986 1658 2152 1716 homo
2179 1668 2279 1716 est.
2325 1661 2570 1718 Flamma
2599 1680 2727 1720 vero
2759 1664 2880 1721 rubi
2917 1664 3033 1737 ejus
3061 1663 3410 1721 divinitatem
3441 1664 3575 1736 ﬁgu-

1984 1747 2148 1804 ravit.
2208 1748 2396 1804 Bubus
2419 1765 2546 1821 ergo
2576 1750 2817 1820 ardebat,
2863 1759 2917 1806 et
2959 1767 3072 1806 non
3109 1750 3570 1819 comburebatur;

1905 1815 1952 1874 B
1981 1838 2110 1911 quia
2137 1839 2311 1895 Filius
2337 1840 2438 1896 Dei
2476 1841 2758 1898 hominem
2797 1859 3101 1908 assumens,
3139 1842 3282 1898 sicut
3331 1841 3448 1914 ejus
3495 1843 3574 1899 di-

1979 1932 2184 1989 vinitas
2213 1949 2324 1988 non
2354 1941 2435 1989 est
2465 1941 2674 1990 mutata
2696 1934 2752 1989 in
2774 1935 3195 2003 humanitatem,
3219 1942 3282 1990 ut
3301 1935 3576 1991 amitteret

1981 2021 2127 2094 quod
2160 2031 2307 2091 erat;
2358 2023 2437 2079 sic
2467 2040 2566 2080 nec
2593 2023 2710 2095 ejus
2746 2025 3062 2080 humanitas
3101 2041 3196 2096 per
3225 2023 3575 2082 divinitatem

1979 2112 2195 2182 ardens,
2225 2130 2335 2169 non
2365 2122 2446 2170 est
2475 2114 2764 2188 absumpta
2794 2116 2870 2173 ita
2899 2135 2929 2172 a
2955 2117 3269 2185 divinitate,
3312 2125 3374 2172 ut
3403 2117 3577 2173 amit-

1978 2209 2117 2258 teret
2168 2202 2602 2260 humanitatem:
2673 2205 2767 2260 sed
2837 2222 2907 2261 ex
2966 2205 3179 2262 duabus
3251 2205 3575 2263 substantiis

1982 2292 2344 2350 humanitatis
2372 2303 2534 2368 atque
2572 2295 2794 2352 deitatis
2831 2313 2977 2352 unus
3011 2295 3262 2353 Christus
3311 2313 3576 2370 perman-

1981 2382 2052 2438 sit
2105 2391 2161 2439 et
2209 2393 2513 2457 permanet,
2561 2387 2704 2443 sicut
2751 2385 3016 2458 scriptum
3069 2395 3178 2442 est:
3240 2410 3257 2433 ι
3297 2386 3576 2444 Perfectus

1981 2478 2148 2545 Deus,
2197 2479 2468 2550 perfectus
2497 2477 2685 2547 homo,
2731 2495 2800 2534 ex
2834 2478 3019 2533 anima
3048 2477 3305 2533 rationali
3360 2485 3414 2533 et
3461 2477 3576 2533 hu-

1983 2583 2143 2623 mana
2171 2585 2333 2625 carne
2368 2569 2666 2626 subsistens
2699 2569 2985 2640 (Athanas.
3017 2568 3074 2622 in
3111 2566 3337 2638 Symb.).
3371 2591 3389 2614 ι

2051 2703 2399 2776 Locutusque
2439 2710 2520 2758 est
2558 2702 2826 2759 Dominus
2881 2701 2948 2756 ad
3005 2701 3229 2773 Moysen
3277 2700 3344 2756 de
3392 2699 3575 2756 medio

1982 2790 2214 2846 ﬂammae
2271 2791 2432 2846 rubi:
2497 2814 2513 2836 ε
2560 2792 2637 2846 Ne
2667 2789 2952 2862 appropies
2993 2788 3125 2855 huc,
3165 2789 3317 2844 solve
3351 2790 3573 2845 calcea—

1983 2889 2227 2935 mentum
2259 2880 2325 2935 de
2353 2879 2586 2950 pedibus
2615 2879 2760 2946 tuis;
2813 2879 2966 2934 locns
2992 2877 3138 2933 enim
3185 2878 3242 2932 in
3291 2895 3400 2950 quo
3438 2887 3568 2947 stas,

1979 2975 2124 3024 terra
2179 2977 2365 3026 sancta
2411 2977 2510 3023 est.
2558 2967 2767 3024 Videns
2817 2967 2932 3022 vidi
2983 2966 3342 3024 afﬂictionem
3381 2970 3573 3041 pOpuli

1981 3057 2106 3124 mei,
2153 3057 2246 3130 qui
2277 3066 2357 3113 est
2387 3057 2443 3112 in
2474 3058 2733 3130 ngypto,
2781 3064 2836 3112 et
2883 3056 3145 3128 gemitum
3195 3056 3315 3128 ejus
3361 3057 3570 3127 audivi,

261 3149 483 3221 Moyses
523 3155 835 3220 poneretur,
881 3145 1232 3217 praeparavit;
1279 3145 1407 3218 quia
1437 3145 1701 3216 sapientia
1743 3145 1863 3212 Dei,
1898 3174 1939 3233 Ο
1978 3155 2030 3203 et
2061 3147 2316 3203 descendi
2349 3147 2580 3202 liberare
2605 3163 2752 3202 eum.
2801 3146 2904 3202 Sed
2935 3146 3082 3214 veni,
3139 3146 3354 3202 mittam
3401 3155 3451 3203 te
3501 3147 3572 3202 ad

259 3256 386 3312 qute
417 3246 498 3293 est
549 3237 726 3292 Filius
772 3236 893 3302 Dei,
933 3234 1143 3290 beatam
1197 3243 1250 3290 et
1295 3236 1585 3306 gloriosam
1639 3233 1863 3290 Mariam

258 3344 480 3399 semper
522 3325 795 3398 virginem
845 3323 1029 3395 elegit,
1064 3323 1119 3378 in
1153 3322 1680 3395 cujusintemerato
1710 3332 1865 3378 utero

258 3416 573 3483 hominem,
605 3415 694 3471 cui
726 3430 818 3486 per
848 3413 1113 3469 unitatem
1148 3404 1861 3485 personteconjungeretur,

257 3506 546 3562 formaret.
570 3505 670 3560 Per
698 3503 949 3559 bitumen
971 3519 1101 3557 vero
1128 3502 1274 3574 quod
1303 3503 1369 3558 ab
1399 3502 1554 3576 aquis
1583 3503 1721 3558 solvi
1752 3519 1862 3557 non

255 3605 462 3669 potest,
506 3595 881 3666 virginitatem
913 3593 1084 3649 beatae
1123 3593 1327 3660 Maria),
1377 3609 1497 3664 quae
1544 3593 1698 3648 nullo
1728 3601 1862 3648 astu

253 3685 469 3743 carnali
536 3683 733 3739 violari
790 3683 989 3754 potuit,
1052 3682 1359 3755 intelligere
1399 3699 1720 3752 possumus:
1768 3698 1863 3753 per

254 3776 439 3846 picem
472 3780 674 3840 autem,
707 3789 828 3844 quae
858 3781 1042 3827 custos
1073 3779 1154 3827 est
1184 3770 1301 3825 vini
1333 3770 1859 3842 (59),humilitatem

255 3862 547 3920 custodem
580 3869 897 3917 caeterarum
929 3861 1224 3917 virtutum.
1263 3862 1341 3915 De
1389 3877 1494 3930 qua
1523 3859 1638 3931 ipsa
1672 3859 1862 3932 loqui—

253 3961 352 4008 tur
378 3952 597 4007 dicens:
640 3978 656 3997 -
673 3952 812 4018 Quia
836 3951 1077 4023 respexit
1098 3950 1468 4006 humilitatem
1494 3950 1708 4005 ancillze
1727 3965 1856 4015 suae;

255 4057 388 4097 ecce
415 4041 561 4096 enim
603 4058 671 4095 ex
700 4041 806 4097 hoc
837 4040 1048 4096 beatam
1081 4055 1166 4094 me
1195 4038 1382 4095 dicent
1411 4053 1599 4093 omnes
1629 4052 1861 4108 genera—-

255 4129 442 4185 tiones
474 4131 626 4201 (Luc.
661 4147 700 4198 ι,
728 4129 844 4201 48).
878 4153 895 4175 ι
938 4130 1039 4185 Per
1065 4127 1269 4183 ﬂumen
1298 4143 1428 4182 vero
1459 4125 1734 4181 mundus:
1765 4141 1860 4196 per

252 4226 538 4276 carectum
579 4217 633 4272 in
685 4234 795 4289 quo
841 4217 1058 4290 Moyses
1103 4216 1313 4288 positus
1359 4224 1460 4286 est,
1493 4214 1665 4270 Judaei
1705 4212 1860 4269 desi-

253 4316 546 4380 gnantur;
591 4324 714 4362 nam
777 4307 835 4362 in
878 4306 1233 4379 sequentibus
1264 4306 1319 4360 in
1359 4304 1657 4376 papyrione
1686 4320 1716 4358 a
1746 4303 1859 4357 ﬁlia

251 4396 564 4454 Pharaonis
591 4398 852 4452 inventus
892 4395 1060 4451 fuisse
1108 4396 1326 4465 legitur.
1360 4393 1621 4448 Eamdem
1652 4390 1858 4462 signiﬁ-

245 4489 532 4545 cationem
564 4487 731 4543 habet
761 4496 1036 4543 carectum
1068 4486 1124 4540 in
1165 4484 1270 4540 hoc
1307 4483 1450 4547 loco,
1483 4498 1644 4553 quam
1677 4489 1730 4536 et
1768 4498 1855 4552 pa-

249 4594 464 4651 pyrus;
509 4594 633 4633 nam
665 4584 939 4633 carectum
984 4591 1180 4630 manus
1225 4572 1634 4628 attrectantium
1666 4571 1854 4625 vulne-

245 4686 378 4725 rare
400 4670 560 4734 solet,
588 4685 656 4724 ex
677 4685 885 4740 papyro
907 4674 1086 4723 autem
1119 4662 1424 4736 antiquitus
1445 4661 1572 4717 libri
1603 4660 1854 4732 conﬁcie-

242 4757 481 4814 bantur.
517 4759 618 4812 Per
662 4763 934 4812 carectum
967 4772 1094 4827 ergo
1140 4753 1314 4809 Judaei
1344 4752 1718 4823 designantur,
1759 4749 1853 4822 qui

243 4847 570 4922 prophetas,
605 4847 844 4902 medicos
887 4845 1148 4901 videlicet
1179 4842 1472 4914 spiritales,
1501 4842 1594 4914 qui
1625 4840 1855 4896 vulnera

240 4953 444 4993 eorum
463 4952 652 4992 sanare
683 4936 996 5009 cupiebant,
1030 4934 1442 4990 interfecerunt.
1486 4932 1654 4988 Iidem
1687 4931 1849 4988 etiam

238 5034 304 5084 et
337 5043 436 5098 per
469 5043 735 5098 papyrum
789 5026 1164 5097 designantur,
1193 5038 1256 5077 eo
1286 5021 1432 5094 quod
1475 5021 1532 5075 in
1564 5021 1852 5092 scripturis

240 5116 360 5173 sibi
403 5132 432 5170 a
473 5116 585 5170 Deo
633 5114 854 5171 traditis
894 5113 1278 5186 gloriarentur,
1310 5126 1443 5183 quas
1479 5109 1748 5181 legebant,
1795 5117 1849 5164 et

235 5221 364 5262 non
396 5203 803 5260 custodiebant.
839 5203 979 5259 Filia
1009 5218 1140 5258 vero
1170 5199 1468 5256 Pharaonis
1507 5199 1622 5270 (60)
1655 5197 1847 5253 videli-

231 5302 332 5352 cet
370 5291 582 5349 diaboli
616 5293 882 5366 populum
906 5308 974 5348 ex
992 5290 1246 5364 gentibus
1266 5287 1542 5361 ﬁguravit.
1562 5287 1701 5344 Filia
1719 5303 1846 5359 ergo

317 5520 438 5593 (58)
472 5521 555 5577 Ita
601 5537 772 5590 mss.;
821 5519 955 5577 edit.
1007 5517 1385 5593 egcontrario.
1443 5516 1635 5593 Infit;
1681 5517 1848 5593 tribus

233 5590 569 5663 temporibus
625 5593 882 5662 quomodo
929 5592 1161 5648 homines
1215 5591 1468 5646 adventus
1513 5590 1844 5648 Christi......

221 5664 549 5740 prwdictum
579 5671 669 5723 est.

572 5763 813 5820 PATROL.
856 5763 1032 5820 XVII.

1888 4531 1939 4591 D

1975 3236 2336 3305 Pharaonem,
2386 3247 2449 3293 ut
2488 3237 2686 3293 educas
2713 3236 2858 3293 ﬁlios
2893 3238 3055 3293 Israel
3095 3238 3162 3293 de
3200 3245 3347 3294 terra
3385 3239 3572 3311 ngy-

1976 3326 2052 3397 pti
2094 3326 2296 3392 (Exod.
2332 3344 2413 3393 ιιι,
2453 3328 2505 3394 5,
2542 3328 2591 3396 7,
2631 3326 2744 3398 10).
2774 3351 2792 3376 ι
2835 3328 2906 3381 Et
2936 3336 3058 3398 post
3086 3343 3291 3398 pauca:
3340 3350 3357 3373 ι
3388 3327 3569 3383 Dixit-

1975 3432 2079 3488 que
2108 3416 2324 3487 Moyses
2352 3416 2420 3471 ad
2445 3416 2743 3472 Dominum
2770 3435 2781 3472 :
2817 3416 2952 3483 Quis
2981 3433 3078 3488 ego
3106 3433 3255 3483 sum,
3284 3423 3347 3471 ut
3369 3415 3569 3473 vadam

1974 3504 2042 3560 ad
2074 3505 2435 3572 Pharaonem,
2483 3513 2537 3560 et
2565 3505 2792 3561 educam
2829 3505 2974 3562 ﬁlios
3005 3505 3170 3562 Israel
3216 3505 3282 3560 de
3322 3505 3568 3577 IEgypto

1976 3595 2138 3665 (Ibid.
2178 3595 2267 3665 11)
2296 3594 2324 3650 ?
2358 3619 2377 3643 ι
2433 3595 2504 3650 Et
2529 3595 2585 3650 in
2613 3595 2968 3668 sequentibus
3015 3595 3082 3651 de
3111 3593 3244 3649 ﬁliis
3270 3593 3433 3649 Israel
3476 3596 3568 3650 lo—

1972 3682 2163 3755 quitur
2191 3683 2258 3738 ad
2288 3684 2608 3752 Dominum,
2633 3683 2848 3740 dicens:
2904 3707 2932 3735 ‹‹
2967 3684 3088 3739 Non
3117 3683 3345 3739 audient
3376 3700 3567 3739 vocem

1973 3789 2169 3841 meam,
2222 3773 2315 3829 sed
2373 3773 2588 3831 dicent:
2647 3775 2767 3830 Non
2833 3775 3086 3846 apparuit
3137 3773 3240 3829 tibi
3295 3776 3567 3832 Dominus

1973 3860 2175 3931 (Exod.
2208 3878 2288 3928 1v,
2330 3863 2424 3932 1);
2468 3887 2486 3909 ι
2547 3870 2602 3919 et
2645 3863 2844 3918 iterum
2881 3881 2891 3918 :
2954 3885 2972 3910 ι
3003 3864 3260 3932 Obsecro,
3307 3865 3561 3930 Domine,

1971 3951 2128 4004 mitte
2176 3966 2336 4022 quem
2375 3950 2644 4006 missurus
2693 3969 2750 4008 es
2796 3951 2959 4021 (Ibid.
2998 3952 3110 4023 13).
3143 3976 3161 4000 ι
3224 3953 3350 4008 Haec
3396 3950 3563 4007 verba

1968 4039 2346 4097 demonstrant
2396 4042 2620 4114 Moysen
2678 4041 2918 4097 invitum
2984 4042 3232 4098 obedisse
3288 4041 3560 4096 mandatis

1968 4128 2190 4183 Domini
2217 4146 2230 4194 ;
2282 4135 2344 4183 ut
2373 4129 2625 4184 educeret
2659 4129 2802 4184 ﬁlios
2827 4131 2990 4184 Israel
3018 4129 3084 4184 de
3113 4135 3259 4184 terra
3286 4127 3514 4198 IEgypti
3542 4143 3554 4193 ;

1967 4218 2062 4274 sed
2099 4217 2450 4290 quaerendum
2484 4217 2642 4272 nobis
2671 4225 2772 4285 est,
2823 4234 2923 4273 cur
2971 4225 3156 4273 tantus
3193 4216 3282 4271 vir
3333 4214 3557 4271 Domini

1969 4313 2298 4378 praeceptum
2332 4306 2542 4360 invitus
2570 4313 2858 4361 exsecutus
2884 4306 2974 4361 sit.
3026 4305 3231 4361 Verum
3263 4305 3405 4360 hanc
3439 4303 3556 4376 ejus

1968 4396 2323 4467 pertinaciam
2365 4395 2686 4466 spiritaliter
2723 4394 3028 4466 intelligere
3074 4394 3371 4461 debemus;
3419 4393 3557 4450 dicit

1967 4486 2115 4539 enim
2149 4485 2478 4556 Apostolus:
2549 4508 2566 4530 ε
2620 4484 2744 4540 Haec
2798 4490 2978 4537 autem
3033 4483 3222 4537 omnia
3272 4482 3329 4536 in
3382 4481 3557 4553 ﬁgura

1967 4573 2356 4644 contingebant
2384 4573 2528 4628 illis:
2562 4571 2763 4643 scripta
2791 4580 2919 4627 sunt
2948 4581 3128 4627 autem
3158 4571 3225 4626 ad
3258 4572 3554 4643 correptio-

1963 4679 2090 4718 nem
2133 4671 2398 4730 nostram,
2444 4662 2501 4716 in
2534 4679 2670 4735 quos
2699 4662 2834 4717 ﬁnes
2861 4662 3184 4717 saeculorum
3212 4661 3554 4717 devenerunt

1967 4754 2024 4824 (Ι
2051 4754 2175 4807 Cor.
2199 4753 2430 4823 χ,11).›
2457 4752 2557 4806 Per
2573 4749 3049 4823 Moysenigiturin
3067 4751 3305 4806 hocloco
3320 4751 3553 4823 apostoli

1966 4841 2359 4914 designantur;
2395 4841 2451 4895 in
2484 4839 2646 4895 initio
2676 4854 2910 4912 namque
2941 4838 3346 4910 praedicationis
3375 4856 3554 4896 evan—

1969 4931 2152 5003 gelicae
2183 4929 2414 5001 apostoli
2440 4929 2674 4985 scientes
2709 4927 3030 4985 electionem
3076 4929 3320 5000 gentium
3356 4945 3552 5000 repro-

1966 5022 2244 5078 bationem
2283 5037 2399 5077 esse
2436 5020 2774 5089 Iudaeorum,
2825 5018 3086 5074 uolebant
3147 5020 3402 5091 gentibus
3457 5019 3551 5075 do-

1963 5110 2195 5167 ctrinam
2229 5109 2514 5181 Evangelii
2555 5108 2788 5177 tradere,
2837 5115 2899 5163 ut
2939 5107 3006 5164 de
3035 5115 3299 5180 potestate
3341 5107 3549 5162 diaboli

1957 5206 2297 5255 eruerentur.
2333 5197 2487 5254 Unde
2528 5207 2582 5254 et
2619 5197 2889 5254 Dominus
2920 5197 2976 5253 in
3002 5198 3216 5255 visione
3245 5197 3546 5271 quadrupe-

1957 5287 2088 5343 dum
2143 5297 2311 5360 atque
2363 5286 2644 5360 reptilium
2698 5286 2942 5354 Petrum,
2995 5303 3094 5344 cur
3141 5293 3324 5359 gentes
3371 5281 3546 5354 despi-

2028 5516 2145 5586 (59)
2161 5514 2334 5583 Edit.,
2357 5520 2526 5570 custos
2545 5512 2901 5570 estbituminis
2926 5527 2946 5577 ;
2968 5514 3294 5586 mss.,cust_os
3314 5513 3389 5586 est
3412 5507 3543 5586 eius.

2029 5580 2145 5658 (60)
2171 5580 2457 5642 Ρὶἰὶαὐενο
2483 5586 2805 5658 Pharaonis.
2849 5626 2859 5637 .
2900 5625 2919 5658 _.
2966 5625 2977 5636 .
3009 5581 3280 5658 ﬁguravit,
3313 5580 3371 5635 in
3401 5581 3534 5637 edit.

1955 5653 2154 5729 rejects
2184 5657 2401 5715 fuerant
2430 5665 2552 5729 post
2579 5657 2830 5719 verbum,
2859 5653 3094 5708 abstulit.

3153 5747 3222 5806 29
