4020 6200
586 203 691 261 907

1596 213 1693 267 AD
1723 212 1957 270 OPERA
1994 213 2050 270 S.
2091 213 2423 274 AMBROSII
2459 217 2844 276 APPENDIX.
3420 170 3427 179 Ξ
3688 238 3761 294 908

583 338 731 426 ceret
782 329 927 426 (61),
977 332 1328 404 reprehendit
1357 334 1585 426 dicens:
1651 362 1670 386 ι
1698 339 1855 407 Quod
1884 342 2029 397 Deus
2072 359 2174 415 pu-
2206 346 2255 404 A
2285 342 2393 399 ﬁne
2443 346 2638 402 mundi
2691 346 2911 404 Iudaeos
2968 349 3027 404 in
3074 349 3249 407 sinum
3288 354 3538 426 recipient,
3580 375 3679 416 cum
3710 364 3764 418 eis

584 419 843 488 riﬁcavit,
875 428 936 475 tu
967 436 1258 478 commune
1288 440 1356 479 ne
1385 423 1593 482 dixeris
1625 428 1767 499 (Act.
1801 446 1857 497 x,
1897 430 2009 499 15).
2042 456 2058 478 ι
2086 432 2172 488 Ad

584 507 734 565 hunc
774 508 943 580 igitur
985 526 1203 567 sensum
1247 514 1484 584 pertinet
1530 515 1670 571 illud
1715 518 1861 590 quod
1903 520 2173 577 Dominus

583 597 728 652 dixit
768 598 835 653 ad
864 600 1134 672 Moysen:
1199 628 1217 649 ‹
1260 605 1337 659 Ne
1386 607 1788 679 appropinques
1840 608 1968 678 huc,
2019 613 2170 667 solve

580 688 1010 746 calceamentum
1042 690 1108 747 de
1141 692 1372 763 pedibus
1398 696 1545 763 tuis;
1598 696 1749 753 locus
1781 698 1929 753 enim
1977 698 2034 753 in
2061 717 2170 772 quo

578 785 705 846 stas,
758 785 905 834 terra
931 789 1117 836 sancta
1146 789 1228 837 est
1274 784 1476 855 (Exod.
1511 803 1593 854 ιιι,
1624 787 1706 857 5),
1736 812 1752 834 ι
1810 805 1873 844 ac
1913 788 1959 843 si
2003 790 2171 845 alicui

576 883 646 923 ex
696 870 908 941 magnis
958 872 1219 942 apostolis
1268 874 1539 931 Dominus
1587 876 1857 934 dixisset:
1907 880 2171 946 Quamvis

574 967 823 1016 mortuos
849 962 1100 1031 suscites,
1140 965 1392 1036 quamvis
1415 965 1608 1021 umbra
1628 969 1873 1039 corporis
1894 968 1973 1024 tui
2005 988 2169 1042 aegro-

572 1056 658 1104 tos
686 1065 883 1118 sanes;
931 1050 989 1106 in
1022 1054 1175 1108 nullo
1205 1061 1389 1109 tamen
1415 1061 1471 1108 te
1514 1055 1651 1110 mihi
1695 1074 2011 1129 comparare
2062 1076 2170 1115 au—

571 1135 736 1194 deas:
787 1139 916 1212 quia
944 1157 1139 1214 magna
1177 1159 1296 1215 quae
1326 1143 1461 1214 agis,
1507 1161 1618 1199 non
1668 1155 1796 1202 sunt
1843 1149 1911 1202 de
1948 1154 2019 1215 te,
2072 1148 2165 1204 sed

571 1252 672 1308 ego
701 1252 897 1307 operor
922 1252 1017 1307 per
1044 1243 1115 1292 te.
1173 1240 1554 1297 Calceamenta
1600 1252 1787 1299 autem
1835 1243 1998 1315 pedes
2049 1260 2165 1298 mu-

566 1326 755 1395 niunt,
806 1344 874 1382 ne
903 1333 1103 1383 terram
1136 1334 1359 1401 tangant
1386 1348 1397 1385 :
1451 1346 1548 1402 per
1574 1340 1774 1387 terram
1820 1349 1952 1388 vero
1980 1342 2167 1404 gentes

571 1413 948 1488 designantur.
1039 1444 1055 1465 ι
1112 1417 1293 1488 Solve,
1350 1419 1552 1493 inquit,
1611 1422 2043 1477 calceamentum
2097 1421 2165 1476 de

570 1504 802 1578 pedibus
832 1508 984 1575 tuis;
1018 1532 1035 1555 ι
1098 1507 1154 1564 id
1187 1514 1289 1578 est,
1334 1510 1489 1565 aufer
1528 1510 1717 1566 odium
1767 1518 1820 1566 et
1860 1510 2162 1582 despectio-

570 1610 692 1650 nem
735 1597 979 1669 gentium
1012 1596 1079 1652 de
1104 1597 1268 1653 corde
1298 1604 1414 1653 tuo.
1478 1598 1704 1665 «,Locus
1751 1598 1898 1653 enim
1948 1598 2007 1653 in
2053 1616 2162 1671 quo

567 1692 695 1752 stas,
748 1692 892 1740 terra
939 1694 1127 1741 sancta
1184 1693 1300 1753 est;
1327 1711 1345 1735 ι

566 1772 803 1842 habitas,
831 1789 953 1829 meo
983 1772 1248 1846 sanguine
1282 1773 1596 1846 redemptus
1625 1784 1725 1832 est.

634 1873 707 1928 Et
752 1871 810 1927 in
861 1871 1215 1944 sequentibus
1264 1871 1408 1941 dixit
1463 1873 1732 1931 Dominus
1773 1873 1840 1930 ad
1886 1874 2155 1946 Moysen:

579 1987 598 2009 ι
628 1959 771 2028 Quid
802 1968 883 2017 est
913 1960 1061 2034 quod
1089 1970 1237 2019 tenes
1269 1962 1327 2018 in
1360 1980 1525 2019 manu
1562 1964 1699 2020 tua?
1743 1966 1815 2020 At
1845 1964 1939 2019 ille
1966 1963 2112 2019 dixit
2145 1982 2156 2020 :

566 2051 752 2124 Virga.
802 2053 897 2107 Ait
941 2052 1061 2107 illi:
1096 2053 1305 2124 Projice
1335 2069 1452 2110 eam
1486 2053 1543 2109 in
1572 2061 1795 2111 terram.
1834 2055 2006 2122 Quam
2035 2071 2160 2111 cum

566 2141 906 2216 projecisset,
961 2161 1118 2202 versa
1158 2154 1240 2202 est
1276 2146 1334 2202 in
1364 2147 1678 2214 colubrum,
1726 2149 1802 2204 ita
1847 2156 1908 2204 ut
1946 2147 2160 2220 fugeret

562 2233 797 2305 Moyses,
829 2234 1082 2307 dixitque
1107 2236 1157 2292 ei
1187 2236 1461 2291 Dominus
1488 2254 1499 2291 :
1534 2237 1899 2309 Apprehende
1928 2237 2157 2293 caudam

561 2323 712 2397 ejus;
763 2342 928 2398 quam
959 2343 1084 2382 cum
1122 2326 1592 2399 apprehendisset,
1643 2344 1799 2383 versa
1839 2336 1920 2384 est
1958 2328 2015 2383 in
2050 2327 2158 2383 vir-

559 2429 680 2487 gam
708 2414 914 2487 (Exod.
948 2432 1025 2482 1v,
1059 2414 1198 2487 2-4).
1222 2440 1240 2463 ι
1296 2417 1398 2472 Per
1430 2416 1641 2489 virgam
1672 2416 1845 2472 Judaei
1874 2416 2155 2489 designan-

557 2513 669 2560 tur.
718 2503 935 2577 Moyses
966 2504 1174 2577 virgam
1208 2505 1266 2560 in
1297 2522 1465 2561 manu
1493 2506 1733 2574 tenebat,
1763 2506 1893 2578 quia
1922 2506 2156 2578 apostoli

558 2595 823 2667 populum
853 2593 1165 2651 Iudaeorum
1199 2611 1294 2668 per
1318 2612 1561 2653 amorem
1593 2596 1651 2652 in
1678 2597 1840 2653 corde
1874 2595 2156 2664 tenebant,

560 2696 783 2760 totaque
830 2687 1035 2744 virtute
1083 2688 1406 2745 laborabant
1458 2698 1520 2745 ut
1575 2705 1666 2745 eos
1713 2704 1809 2760 per
1849 2688 2155 2744 doctrinam

562 2793 675 2833 suae
708 2777 1116 2849 praedicationis
1153 2777 1222 2834 ad
1251 2779 1483 2834 salutem
1514 2778 1892 2851 perducerent.
1922 2776 2158 2848 Projecit

561 2867 778 2939 Moyses
824 2866 1033 2938 virgam
1089 2867 1157 2923 de
1202 2883 1391 2936 manu,
1439 2868 1570 2941 quia
1623 2869 1855 2940 apostoli
1908 2867 2159 2923 videntes

565 2955 783 3013 Iudaeos
810 2955 869 3010 in
900 2955 1181 3013 Christum
1206 2957 1360 3012 nullo
1383 2957 1544 3012 modo
1569 2958 1710 3013 velle
1739 2958 1979 3025 credere,
2009 2972 2155 3012 amo-

566 3060 681 3100 rem
712 3059 904 3101 eorum
940 3060 972 3100 a
1011 3045 1271 3101 cordibus
1298 3046 1414 3102 suis
1443 3046 1808 3119 projecerunt.
1858 3047 1959 3102 Per
2008 3047 2155 3103 colu-
2194 3069 2237 3128 ρ

566 3132 730 3190 brum
782 3148 913 3190 vero
964 3133 1218 3190 diabolus
1263 3134 1598 3208 designatur.
1648 3137 1816 3194 Versa
1866 3145 1947 3192 est
1989 3136 2159 3208 igitur

568 3222 723 3296 virga
775 3222 833 3278 in
890 3223 1200 3293 colubrum,
1246 3225 1375 3298 quia
1424 3224 1598 3281 Judaei
1655 3244 1725 3283 ex
1771 3225 2158 3298 praedicatione

565 3315 936 3386 apostolorum
977 3314 1273 3372 deteriores
1300 3315 1502 3385 effecti,
1535 3316 1627 3389 qui
1666 3323 1792 3371 ante
1834 3315 2160 3371 dicebantur

566 3407 803 3476 populus
832 3404 950 3473 Dei,
980 3405 1113 3461 facti
1142 3414 1271 3462 sunt
1301 3405 1405 3459 ﬁlii
1440 3413 1493 3461 et
1522 3405 1768 3461 membra
1794 3405 2021 3461 diaboli.
2054 3407 2157 3461 Fu-

571 3494 649 3566 git
677 3496 911 3566 Moyses,
960 3495 1090 3566 quia
1117 3494 1372 3565 apostoli,
1423 3494 1629 3550 relictis
1657 3494 1879 3562 Judzeis,
1932 3494 2158 3550 transie-

570 3592 701 3638 runt
746 3584 815 3638 ad
864 3591 1068 3654 gentes.
1125 3584 1227 3638 Per
1272 3583 1502 3639 caudam
1542 3599 1694 3651 vero,
1743 3599 1863 3655 quae
1914 3582 2042 3639 ﬁnis
2080 3591 2161 3639 est

570 3672 839 3744 corporis,
883 3671 1054 3727 Judaei
1086 3672 1182 3745 qui
1221 3672 1279 3727 in
1312 3672 1420 3727 ﬁne
1461 3671 1654 3727 mundi
1698 3672 1963 3727 nascituri
2008 3680 2158 3742 sunt,

571 3763 950 3835 designantur.
978 3763 1191 3835 Moyses
1220 3761 1389 3833 igitur
1415 3761 1644 3818 caudam
1676 3763 1944 3833 serpentis
1972 3779 2157 3834 appre-

572 3850 786 3920 hendit,
834 3859 997 3924 atque
1033 3852 1092 3906 in
1134 3852 1344 3923 virgam
1377 3867 1533 3907 versa
1561 3857 1674 3918 est;
1732 3850 1861 3923 quia
1900 3852 2158 3923 praedica-

567 3951 717 4000 tores
761 3943 936 3999 sancti
993 3943 1051 3997 in
1095 3941 1203 3999 ﬁne
1250 3941 1446 3998 mundi
1494 3942 1710 3998 Iudaeos
1755 3941 2160 4014 quodammodo

568 4032 1018 4106 apprehendent;
1064 4048 1189 4089 cum
1217 4048 1313 4103 per
1338 4047 1529 4088 eorum
1555 4030 1863 4088 doctrinam
1894 4031 1964 4087 ad
1994 4032 2157 4088 ﬁdem

570 4125 779 4183 Christi
824 4131 1237 4192 convertentur,
1289 4131 1453 4198 atque
1499 4139 1568 4178 ex
1616 4123 1748 4179 ﬁliis
1793 4122 2002 4179 diaboli
2049 4125 2160 4180 eiii-

572 4215 792 4271 cientur
820 4213 922 4270 ﬁlii
948 4215 1067 4271 Dei.

640 4314 777 4369 Nam
808 4320 862 4369 et
892 4312 1053 4381 illud,
1087 4311 1233 4385 quod
1264 4312 1615 4384 praecipiente
1644 4312 1903 4379 Domino,
1947 4312 2163 4384 Moyses

2284 432 2446 488 ﬁdem
2506 432 2711 491 Christi
2749 436 3144 507 praedicabunt,
3200 456 3383 513 eosque
3421 442 3482 498 ad
3530 447 3761 519 sanitatem,

2283 538 2444 593 quam
2475 523 2792 592 amiserant,
2824 527 3108 583 reducent.

2352 613 2413 666 In
2461 615 2816 685 sequentibus
2865 632 3081 690 quoque
3128 619 3379 691 scriptum
3417 632 3502 690 est,
3530 626 3646 696 quod
3675 644 3761 683 cum

2281 708 2646 758 reverteretur
2694 705 2908 776 Moyses
2956 707 3014 761 in
3052 708 3361 780 Egyptum,
3401 714 3605 769 occurrit
3627 716 3665 769 ei
3694 718 3765 771 Do-

2282 789 2486 859 minus,
2527 799 2581 847 et
2624 795 2842 850 volebat
2892 796 3195 854 interﬁcere
3236 815 3370 855 eum.
3411 800 3541 857 Tulit
3568 803 3684 859 illico
3703 805 3766 860 Se-

2280 876 2455 948 phora
2498 883 2873 939 acutissimam
2909 894 3137 957 petram,
3172 896 3224 943 et
3269 889 3575 948 circumcidit
3611 910 3766 949 carnem

2278 970 2532 1040 praeputii
2585 971 2689 1027 ﬁlii
2746 973 2852 1042 sui,
2904 976 3193 1049 tetigitque
3238 979 3391 1050 pedes
3417 979 3537 1051 ejus,
3562 989 3604 1036 et
3637 981 3763 1038 dixit:

2292 1081 2309 1103 ι
2337 1058 2580 1128 Sponsus
2628 1063 2961 1134 sanguinum
3008 1074 3069 1120 tu
3100 1066 3237 1121 mihi
3269 1084 3323 1123 es
3360 1068 3539 1139 (Exod.
3565 1068 3760 1139 iv,25).-

2277 1148 2347 1201 Et
2376 1147 2590 1205 dimisit
2623 1168 2769 1215 eum,
2809 1161 3095 1226 postquam
3135 1156 3379 1212 dixerat:
3426 1183 3441 1205 ι
3469 1158 3668 1229 Sponsus
3688 1175 3769 1213 san-

2277 1236 2506 1308 guinum
2541 1247 2601 1294 tu
2650 1241 2788 1296 mihi
2835 1259 2910 1311 es,
2939 1267 2957 1290 ι
3005 1245 3074 1300 ob
3112 1246 3578 1304 circumcisionem.
3618 1248 3662 1303 Si
3691 1250 3772 1304 Do-

2279 1326 2459 1383 minus
2493 1329 2742 1387 occidere
2775 1332 2952 1389 voluit
2974 1334 3398 1408 Moysen,quare
3423 1353 3520 1392 non
3546 1337 3651 1392 fecit
3672 1336 3772 1409 quod

2274 1424 2475 1492 voluit,
2509 1443 2633 1481 cum
2679 1428 2971 1485 Psalmista
3001 1431 3181 1488 dicat:
3231 1459 3248 1481 σ
3287 1434 3471 1490 Omnia
3519 1448 3771 1505 quacunque

2272 1513 2451 1569 voluit
2493 1516 2784 1585 Dominus,
2836 1518 2968 1576 fecit
2998 1520 3171 1591 (Psal.
3221 1539 3440 1590 cxxxrv,
3469 1522 3583 1594 6)?»
3613 1520 3690 1577 Sed
3713 1537 3772 1576 re

2271 1601 2454 1659 luntas
2483 1621 2623 1676 saepe
2647 1621 2743 1677 pro
2764 1609 3203 1667 comminatione
3224 1610 3438 1684 ponitur
3461 1629 3470 1667 :
3492 1610 3774 1667 comminatus

1405 1685 1463 1741 id
1510 1696 1612 1755 est,
1664 1687 1903 1743 mundus
1949 1687 2007 1743 in
2052 1684 2159 1761 quo
2189 1712 2234 1771 Β
2269 1699 2350 1747 est
2392 1692 2562 1773 igitur
2597 1696 2869 1753 Dominus
2906 1698 3087 1771 Moysi
3129 1710 3383 1769 mortem,
3432 1716 3489 1756 eo
3518 1699 3640 1773 quod
3662 1698 3773 1753 incir-

2270 1782 2575 1838 cumcisum
2604 1782 2782 1840 ﬁlium
2816 1785 3004 1856 ferret,
3038 1789 3191 1845 sicut
3217 1789 3283 1845 ad
3311 1789 3561 1845 Abraham
3581 1788 3774 1860 loquitur,

2271 1867 2493 1927 dicens:
2537 1897 2555 1919 ‹
2586 1873 2778 1929 Omnis
2812 1876 3013 1932 anima
3061 1895 3131 1933 ex
3177 1879 3335 1935 vobis
3383 1895 3493 1951 qua:
3533 1876 3777 1935 circumcisa

2271 1975 2383 2015 non
2402 1959 2589 2030 fuerit,
2622 1963 2826 2034 peribit
2857 1963 2925 2019 de
2958 1967 3180 2038 pOpulis
3207 1968 3320 2023 suis
3349 1968 3492 2038 (Gen.
3513 1983 3631 2034 xvu,
3658 1963 3767 2033 lt).-

2271 2048 2375 2105 Sed
2420 2050 2523 2107 ista
2560 2054 3070 2123 praetermittentes,
3111 2056 3183 2113 ad
3222 2057 3511 2130 spiritalem
3550 2056 3778 2125 intelligen-

2272 2138 2402 2194 tiam
2446 2157 2812 2198 recurramus.
2860 2145 3078 2217 Moyses
3130 2146 3192 2201 in
3248 2146 3348 2204 hoc
3389 2147 3500 2204 loco
3539 2162 3616 2201 eos
3636 2144 3706 2217 qui
3733 2158 3777 2197 ex

2273 2229 2522 2300 gentibus
2573 2231 2951 2303 crediderunt,
3000 2235 3288 2307 designat;
3336 2236 3390 2292 in
3420 2236 3567 2291 initio
3610 2247 3778 2303 namque.

2269 2316 2397 2373 ﬁdei
2447 2321 2681 2390 apostoli
2726 2331 2779 2378 et
2819 2324 3000 2380 caeteri
3058 2326 3438 2396 praedicatores
3462 2324 3779 2381 considerantes

2268 2406 2703 2466 imbecillitatem
2729 2413 2974 2483 gentium
3008 2413 3174 2470 ﬁdem
3200 2415 3402 2474 Christi
3429 2410 3777 2485 suscipientium,

2268 2497 2566 2554 noluerunt
2611 2500 2690 2556 eis
2733 2503 3036 2558 austeriora
3082 2503 3291 2561 Christi
3321 2512 3567 2577 praecepta
3606 2500 3777 2573 primum

2268 2589 2518 2646 tradere:
2578 2607 2646 2646 ne
2695 2592 2835 2648 forte
2876 2595 3056 2651 territi
3118 2612 3236 2653 non
3286 2597 3535 2652 auderent
3571 2592 3627 2648 ad
3664 2589 3778 2645 ﬁdem

2268 2678 2474 2734 Christi
2515 2680 2920 2752 suscipiendam
2972 2684 3253 2741 accedere.
3305 2687 3424 2742 Haec
3468 2685 3537 2739 ita
3565 2696 3658 2736 esse
3693 2692 3777 2748 apo-

2267 2767 2442 2822 stolus
2492 2768 2692 2825 Paulus
2740 2769 3105 2840 demonstrat,
3158 2775 3258 2847 qui
3297 2773 3373 2830 eis
3401 2773 3489 2847 qui
3512 2789 3571 2828 ex
3594 2766 3782 2842 gentibus

2266 2855 2633 2925 crediderant,
2664 2874 2758 2929 per
2786 2860 3071 2930 epistolam
3106 2863 3375 2936 loquitur,
3405 2861 3601 2917 dicens:
3644 2882 3659 2904 ι
3682 2855 3782 2909 Tau-

2266 2961 2428 3018 quam
2460 2947 2708 3018 parvulis
2738 2947 2797 3002 in
2837 2947 3060 3004 Christo
3102 2949 3191 3008 lac
3218 2951 3375 3007 vobis
3403 2960 3575 3023 potum
3602 2943 3717 3011 dedi,
3746 2948 3781 2995 et

2268 3049 2378 3089 non
2399 3052 2612 3105 escam;
2649 3035 2897 3093 nondum
2939 3038 3082 3094 enim
3116 3040 3405 3112 poteratis,
3437 3038 3523 3095 sed
3548 3054 3632 3093 nec
3653 3031 3784 3089 adhuc

2268 3123 2489 3196 quidem
2520 3127 2783 3198 potestis;
2818 3126 3003 3185 adhuc
3034 3130 3186 3186 enim
3219 3131 3349 3187 estis
3381 3129 3599 3187 carnales
3626 3124 3672 3197 (Ι
3692 3120 3782 3177 Cor.

2267 3230 2353 3280 ιιι,
2385 3215 2462 3287 2).
2492 3240 2510 3264 ι
2555 3216 2660 3272 Sed
2688 3226 2741 3274 et
2778 3218 3012 3288 apostoli
3056 3220 3158 3288 eis,
3193 3221 3288 3294 qui
3333 3219 3470 3292 apud
3502 3212 3777 3274 Antiochiam

2268 3305 2327 3361 in
2384 3306 2665 3364 Christum
2718 3306 3083 3378 crediderant,
3139 3310 3533 3367 mandaverunt
3572 3305 3781 3362 dicentes:

2283 3397 2538 3454 sPlacuit
2579 3397 2811 3469 Spiritui
2853 3407 3043 3454 sancto
3090 3406 3143 3455 et
3196 3401 3354 3457 nobis
3399 3398 3531 3455 nihil
3572 3395 3784 3465 imponere

2268 3485 2427 3541 vobis
2456 3487 2658 3556 oneris,
2704 3487 2812 3543 nisi
2842 3497 2904 3544 ut
2933 3494 3078 3552 527
3112 3488 3435 3546 abstineatis
3463 3503 3553 3543 vos
3580 3483 3636 3540 ab
3673 3475 3783 3542 escis.

2268 3601 2387 3656 quae
2418 3585 2582 3641 idolis
2629 3586 3007 3656 immolantur,
3055 3596 3107 3643 et
3133 3604 3166 3644 a
3198 3587 3569 3651 fornicatione,
3594 3589 3639 3636 et
3658 3576 3787 3634 sntio-

2267 3680 2409 3742 cato,
2465 3683 2519 3730 et
2555 3675 2818 3746 sanguine
2860 3676 3001 3747 (Act.
3035 3693 3130 3745 xv,
3165 3678 3255 3745 28,
3286 3677 3401 3749 29).
3431 3702 3447 3726 ι
3487 3670 3788 3733 Comminatus

2269 3770 2349 3817 est
2378 3763 2547 3833 igitur
2575 3764 2845 3820 Dominus
2874 3764 3049 3837 Moysi
3081 3776 3340 3838 mortem,
3383 3784 3445 3822 eo
3472 3763 3602 3838 quod
3628 3767 3786 3816 carnem

2269 3851 2522 3923 prmputii
2567 3851 2669 3907 ﬁlii
2718 3853 2805 3908 sui
2853 3854 3258 3913 circumcidere
3298 3855 3672 3913 dissimularet:
3699 3840 3787 3916 quia

2267 3941 2618 3997 credentibus
2658 3958 2727 3997 ex
2771 3944 3043 4015 gentibus,
3088 3962 3153 4001 eo
3203 3947 3351 4020 quod
3384 3944 3546 4017 tepidi
3574 3942 3717 3996 essent
3748 3931 3787 3983 in

2269 4030 2552 4099 charitate,
2579 4032 2848 4093 Dominus
2887 4041 3120 4089 mortem
3168 4037 3536 4092 comminatus
3561 4037 3662 4095 est;
3700 4033 3786 4079 Cum

2270 4127 2348 4183 eis
2377 4135 2645 4200 praecepta
2678 4131 2963 4204 Evangelii
2992 4134 3079 4190 sui
3109 4134 3443 4207 anteposuit,
3473 4129 3559 4186 ubi
3585 4122 3785 4192 scripmm

2271 4225 2351 4274 est
2376 4237 2386 4274 :
2429 4241 2445 4264 ε
2474 4221 2638 4275 Arcta
2667 4227 2721 4275 et
2747 4230 2975 4293 angusta
3000 4223 3092 4279 via
3116 4232 3220 4292 est,
3250 4241 3371 4297 quae
3395 4220 3542 4278 ducit
3565 4215 3623 4273 ad
3648 4210 3788 4269 vitam,

2270 4315 2324 4364 θῑ
2352 4309 2509 4380 Pauci
2537 4318 2685 4377 sunt,
2718 4311 2811 4383 qui
2843 4310 3052 4367 vadunt
3079 4328 3177 4384 per
3208 4330 3347 4369 eam.
3382 4313 3512 4367 Lata
3537 4314 3585 4362 et
3616 4298 3789 4388 spatiose

571 4419 795 4460 manum
837 4404 892 4458 in
922 4404 1105 4459 sinum
1137 4403 1308 4471 misit,
1333 4411 1387 4459 et
1414 4404 1681 4473 leprosam
1712 4402 1963 4470 retraxit,
1989 4411 2043 4458 et
2065 4404 2161 4458 ite-
2191 4432 2240 4491 Β
2272 4397 2362 4453 via
2390 4406 2490 4466 est,
2523 4415 2642 4471 qua:
2672 4399 2826 4456 ducit
2866 4401 2934 4456 ad
2984 4410 3215 4458 mortem
3244 4421 3256 4458 :
3300 4410 3353 4458 et
3398 4398 3553 4456 multi
3584 4397 3788 4491 sunthq‘tll

571 4508 693 4548 rum
724 4491 897 4560 misit,
939 4498 992 4546 et
1036 4507 1168 4546 sana
1196 4491 1388 4548 eﬁ‘ecta
1431 4500 1549 4558 est;
1600 4492 1843 4547 eamdem
1887 4490 2157 4561 signiﬁca-

568 4583 776 4639 tionem
814 4582 1008 4638 habet:
1068 4599 1164 4655 per
1214 4599 1435 4638 manum
1480 4597 1715 4654 namque
1760 4581 1937 4654 Moysi
1990 4581 2166 4637 Judaei

571 4672 947 4744 designantur.
996 4672 1217 4728 Manum
1248 4671 1462 4742 Moyses
1492 4671 1548 4725 in
1579 4671 1761 4725 sinum
1792 4669 1983 4737 misit;
2037 4670 2167 4742 quia

569 4761 801 4832 apostoli
829 4760 1141 4817 Judaeorum
1174 4762 1403 4818 salutem
1433 4759 1825 4828 desiderantes,
1854 4761 1933 4815 eis
1960 4759 2164 4815 doctri-

570 4866 697 4906 nam
726 4849 857 4907 ﬁdei
888 4850 1181 4924 praedicare
1212 4867 1322 4905 non
1355 4850 1658 4906 cessabant.
1688 4850 1906 4921 Moyses
1939 4865 2160 4905 manum

568 4939 819 5008 retraxit,
842 4949 895 4996 et
928 4942 1194 5012 leprosam
1229 4939 1442 4995 invenit
1466 4957 1479 5004 ;
1505 4939 1633 5012 quia
1660 4938 1837 4994 Judaei
1868 4954 1938 4993 ex
1965 4937 2159 5009 praedi-

565 5028 779 5087 catione
809 5031 1183 5103 apostolorum
1216 5030 1392 5085 multo
1421 5027 1632 5100 pejores
1660 5028 1858 5095 effecti,
1908 5032 1965 5082 in
1996 5027 2160 5098 pessi-

564 5138 711 5179 mam
766 5123 973 5195 lepram
1021 5121 1425 5178 incredulitatis
1479 5128 1643 5193 atque
1692 5118 2159 5191 blasphemarium

563 5211 772 5286 delapsi
801 5219 953 5282 sunt,
1006 5211 1221 5283 Moyses
1251 5209 1452 5266 iterum
1486 5225 1710 5266 manum
1754 5208 1811 5263 in
1841 5208 2026 5263 sinum
2060 5208 2160 5263 mi-

559 5301 653 5372 sit,
696 5309 751 5359 et
782 5317 972 5359 sanam
1001 5300 1271 5369 retraxit;
1317 5300 1447 5372 quia
1476 5298 1859 5371 praedicatores
1888 5296 2063 5354 sancti
2097 5296 2155 5353 in

559 5521 749 5656 4mg?”
791 5534 872 5590 Ῑίδ
900 5550 1067 5601 “133-;
1116 5539 1173 5589 at
1200 5530 1359 5603 edit.,
1407 5547 1473 5587 ne
1495 5536 1667 5604 gentes
1696 5528 1997 5603 despiceret,
2054 5527 2160 5586 do-

2266 4489 2482 4545 vadunt
2506 4507 2601 4561 per
2630 4492 2974 4562 eam(Matth.
2994 4510 3095 4561 vn,
3123 4493 3210 4562 14,
3244 4494 3393 4565 13);ι
3428 4498 3481 4547 et
3506 4474 3787 4543 iteruml'iiili

2289 4605 2307 4628 ‹
2336 4579 2441 4646 Qui
2489 4597 2594 4635 non
2640 4580 2849 4652 bajulat
2881 4599 3096 4638 crucem
3145 4599 3323 4650 suam,
3374 4589 3427 4636 et
3477 4573 3789 4656 sequitur

2274 4685 2385 4724 non
2415 4676 2496 4725 est
2525 4686 2611 4725 me
2643 4650 2841 4742 dignus
2890 4672 3040 4744 (Luc.
3084 4688 3203 4741 xxv,
3238 4672 3373 4743 27);
3406 4696 3425 4717 ι
3468 4676 3517 4723 et
3555 4661 3700 4720 multa
3719 4650 3794 4745 alia

2272 4774 2393 4830 quae
2448 4758 2515 4813 de
2561 4760 2897 4815 resecatione
2937 4761 3203 4817 vitiorum
3248 4760 3308 4816 in
3356 4753 3637 4828 Evangelia
3673 4752 3715 4800 el
3753 4749 3790 4790 ιη

2272 4844 2436 4901 dictis
2463 4846 2778 4917 apostolicis
2806 4847 3188 4904 inveniuntur.

2342 4934 2443 4989 Per
2486 4944 2692 5007 petram
2748 4954 2878 4992 vero
2924 4936 3175 4994 Christus
3218 4932 3567 5007 intelligitur,
3620 4923 3792 5015 ac???“

2270 5031 2450 5080 autem
2498 5034 2660 5097 petra:
2709 5026 2845 5082 dura
2873 5036 3139 5100 praecepta
3177 5024 3485 5098 Evangelii.
3516 5014 3649 5074 Tulit
3673 5012 3795 5079 igittlr

2269 5112 2510 5187 Sephora
2537 5114 2905 5171 acutissimam
2936 5124 3167 5186 petram,
3200 5124 3254 5171 et
3274 5103 3791 5170 circumcidita'u'nem

2271 5204 2524 5275 praeputii
2552 5203 2654 5259 ﬁlii
2679 5204 2802 5271 sui;
2835 5205 2968 5277 quia
2994 5204 3240 5262 Ecclesia
3268 5217 3499 5260 cernens
3542 5195 3667 5251 ﬁlios
3703 5191 3795 5277 εαρξ

2270 5293 2426 5349 nullo
2456 5293 2618 5349 modo
2648 5309 2803 5365 posse
2831 5293 3126 5367 perfectam
3167 5291 3435 5365 consequi
3464 5287 3688 5345 salutem,
3716 5281 3793 5326 "15‘

2343 5526 2459 5604 (69)
2491 5529 2573 5588 Ita
2600 5546 2766 5601 11138.;
2808 5530 2940 5590 edit.
2971 5539 3172 5603 autem,
3203 5536 3256 5587 et
3277 5527 3439 5603 pauci
3466 5527 3596 5604 sunt,
3622 5508 3700 5591 qui
3719 5521 3793 5565 υα-

2267 5603 2419 5673 dunt,
2448 5605 2528 5659 vel
2555 5605 2649 5676 qui
2675 5605 2879 5662 intrant
2900 5622 3000 5679 per
3025 5623 3158 5664 eam.
3198 5605 3276 5661 Et
3300 5603 3512 5663 iterum,
3539 5603 3632 5651 etc.
