4020 6200
286 323 384 378 909
1157 322 1610 377 BERENGAUDI
1651 320 2021 376 EXPOSITIO
2062 321 2132 375 IN
2170 320 2670 376 APOCALYPSI'N.
3475 326 3580 381 910

285 448 460 503 omnia
490 445 762 501 desideria
789 445 1032 501 carnalia
1061 445 1126 500 ab
1170 463 1356 500 eorum
1411 445 1731 516 corporibus
1784 463 1875 500 ex-
1906 448 1954 504 Α
1985 453 2083 499 est.
2110 445 2250 499 Illud
2273 445 2435 499 etiam
2470 444 2616 516 quod
2646 444 2701 498 in
2726 443 2872 498 Elim
2903 444 3193 500 duodecim
3233 445 3408 502 fontes
3435 464 3581 520 repe-

283 539 550 609 stirparet,
587 539 714 593 tulit
738 536 1038 591 austeriora
1062 544 1328 607 prmcepta
1359 536 1666 607 Evangelii,
1691 543 1743 590 et
1763 552 1872 589 am-
1984 539 2196 598 rerunt,
2228 539 2281 586 et
2311 539 2486 586 castra
2520 531 2706 585 metati
2733 539 2862 586 sunt
2888 530 3048 601 juxta
3073 549 3240 603 aquas
3273 535 3435 603 (Ibid.
3465 536 3581 606 27),

283 627 491 696 putavit
523 643 552 681 a
583 626 906 697 corporibus
937 625 1180 678 ﬁliorum
1238 643 1460 680 suorum
1496 625 1744 679 omnium
1778 641 1874 678 nu-
1983 622 2224 676 eanulem
2260 621 2719 692 significationem
2753 621 2942 686 habet;
2999 638 3092 692 per
3137 639 3303 692 aquas
3351 641 3586 697 namque

280 716 534 769 trimenta
569 717 856 771 vitiorum.
891 715 950 768 In
985 713 1214 784 pedibus
1248 732 1376 768 vero
1419 715 1546 768 linis
1576 721 1656 768 est
1688 730 1877 783 corpo-
1985 709 2272 766 duodecim
2313 712 2548 764 fontium
2597 711 2846 767 doctrina
2894 712 3025 765 novi
3074 711 3408 768 Testamenti
3444 714 3584 769 desi-

280 807 388 862 ris:
425 806 666 877 Sephora
700 806 868 876 igitur
895 814 1014 875 post
1045 803 1526 858 circumcisionem
1581 804 1742 874 pedes
1774 803 1874 858 filii
1986 807 2200 869 gualur,
2238 817 2356 870 qua:
2386 818 2414 853 a
2449 799 2738 855 duodecim
2772 801 3042 868 fontibus,
3076 800 3130 855 id
3174 811 3274 868 est,
3325 820 3355 856 a
3384 802 3584 858 duode-

279 896 360 950 sui
388 895 569 965 tetigit
595 915 606 960 ;
658 895 787 966 quia
847 895 938 948 illc
979 893 1464 948 circumcisionem
1530 893 1872 948 salutiferam
1985 891 2090 945 cim
2111 891 2374 961 apostolis
2403 907 2496 961 per
2517 891 2836 944 universum
2867 891 3135 945 mundum
3153 893 3430 947 emanavit
3455 911 3465 947 :
3494 909 3588 964 per

277 984 530 1054 percipit,
563 983 657 1055 qui
689 983 744 1036 in
777 982 923 1037 bono
957 981 1103 1052 quod
1164 981 1353 1052 C(Ppll,
1389 998 1559 1052 usque
1593 981 1648 1034 in
1709 981 1875 1035 ﬁnem
1984 979 2328 1049 septuaginta
2367 987 2548 1034 autem
2585 981 2790 1050 palmas
2822 989 2977 1035 vetus
3006 981 3414 1036 Testamentum
3448 981 3587 1036 desi-

277 1075 405 1128 vitzie
465 1080 792 1144 perseverat.
853 1072 1147 1141 Postquam
1182 1079 1367 1124 autem
1418 1070 1661 1141 Sephora
1717 1069 1877 1140 pedes
1986 1075 2202 1137 gnatur,
2227 1085 2289 1121 eo
2311 1068 2456 1140 quod
2475 1069 3090 1140 perinterpretationem
3121 1071 3236 1143 (65)
3269 1071 3586 1142 Septuagin-

275 1162 377 1216 ﬁlii
410 1162 493 1216 sui
520 1161 725 1231 tetigit,
756 1161 868 1230 jam
905 1177 1012 1214 non
1032 1159 1230 1224 ﬁlium,
1267 1158 1359 1213 sed
1382 1176 1643 1228 sponsum
1678 1167 1836 1213 vocat
1862 1176 1872 1212 :
1988 1155 2496 1226 tainterpretumad
2515 1157 2769 1213 notitiam
2797 1158 3038 1228 gentium
3064 1175 3236 1230 usque
3254 1159 3584 1229 pervenerit.

276 1268 508 1323 sponsus
561 1266 690 1304 vero
731 1248 986 1304 Ecclesia)
1015 1248 1264 1303 Christus
1284 1258 1384 1303 est.
1420 1248 1522 1301 Sed
1549 1257 1598 1302 et
1621 1247 1738 1318 ipsa
1759 1246 1874 1317 ejus
2059 1244 2130 1298 Iis
2161 1244 2530 1300 nihilominus
2563 1245 2915 1315 intermissis,
2949 1263 3121 1317 pauca
3169 1246 3236 1300 de
3285 1247 3352 1302 iis
3383 1264 3502 1319 qua:
3529 1249 3588 1303 in

272 1357 474 1410 sponsa
509 1347 755 1404 vocatur,
786 1337 929 1390 sicut
961 1335 1095 1390 dicit
1128 1337 1371 1390 Joannes
1405 1335 1676 1406 Baptista:
1719 1361 1734 1380 ε
1767 1336 1871 1402 Qui
1988 1332 2102 1405 lege
2135 1334 2537 1390 irrationabilia
2567 1351 2682 1390 esse
2715 1336 2995 1402 videntur,
3049 1335 3317 1390 dicamus.
3370 1338 3590 1393 Praece-

272 1428 440 1483 habet
470 1445 748 1499 sponsam,
782 1443 1013 1497 sponsus
1043 1435 1123 1481 est
1155 1427 1339 1496 (Joan.
1369 1444 1450 1491 III,
1492 1426 1605 1496 29,).
1644 1454 1659 1472 ι
1703 1426 1872 1492 Quem
1988 1429 2067 1500 pit
2097 1431 2366 1485 Dominus
2402 1431 2531 1485 filiis
2566 1432 2728 1486 Israel
2768 1448 2778 1484 :
2828 1458 2843 1477 ι
2865 1432 2985 1485 Non
3031 1447 3229 1504 coques
3277 1431 3497 1487 haedum
3528 1433 3587 1488 in

274 1527 328 1572 et
351 1535 614 1589 sponsum
640 1517 971 1583 sanguinum
996 1525 1192 1580 vocat;
1228 1515 1357 1587 quia.
1383 1516 1587 1572 Christi
1613 1517 1877 1586 sanguine
1987 1519 2124 1574 lacte
2157 1520 2347 1573 matris
2377 1537 2486 1574 suae.
2521 1521 2725 1591 (Exod.
2769 1537 2933 1587 XXIII,
2993 1521 3120 1589 19);
3161 1547 3177 1566 ι
3239 1527 3291 1575 et
3334 1520 3534 1575 iterum
3571 1540 3583 1577 :

271 1614 352 1660 est
386 1605 684 1676 redempta.
722 1603 847 1659 Filii
882 1620 1009 1672 ergo
1039 1602 1298 1657 Ecclesim
1331 1613 1452 1674 post
1485 1603 1876 1659 circumcisio—
1999 1632 2016 1654 ι
2057 1609 2176 1663 Non
2203 1609 2382 1663 ambis
2413 1609 2578 1662 simul
2614 1609 2671 1663 in
2701 1608 2841 1664 bove
2873 1616 2926 1662 et
2954 1609 3145 1675 asino;
3179 1617 3363 1664 etnon
3394 1609 3589 1665 induas

272 1713 396 1750 nem
434 1696 722 1762 vitiorum,
756 1701 808 1748 et
841 1693 896 1746 in
964 1692 1120 1747 bonis
1150 1695 1408 1764 cperibus
1441 1694 1564 1749 vita:
1623 1712 1874 1750 consum-
1985 1706 2212 1764 vestem,
2239 1714 2358 1768 qua:
2380 1713 2447 1751 ex
2475 1699 2596 1752 lana
2621 1698 2842 1770 linoque
2869 1705 3126 1754 contexta
3142 1705 3221 1753 est
3244 1700 3585 1769 (Deut.xxn,

272 1786 571 1841 mationem
610 1785 750 1854 (63),
777 1783 889 1853 jam
922 1798 1031 1836 non
1065 1781 1190 1848 ﬁlii,
1224 1782 1315 1836 sed
1348 1783 1534 1853 sponsi
1569 1791 1873 1849 vocantur;
1909 1808 1953 1866 Β
1995 1791 2106 1861 10),
2143 1816 2160 1838 ι
2214 1790 2356 1857 Quid
2389 1791 2534 1845 enim
2581 1798 2769 1862 peccat
2799 1791 2940 1862 quis,
2992 1790 3038 1844 si
3086 1790 3305 1845 hazdum
3347 1793 3402 1846 in
3451 1791 3588 1848 lacte

270 1876 402 1948 quia
435 1875 519 1929 illi
555 1872 836 1944 conjuncti
863 1878 992 1924 sunt
1024 1871 1078 1922 in
1110 1871 1264 1924 cmlis
1319 1889 1414 1943 per
1472 1874 1878 1944 copulationem
1992 1887 2181 1940 matris
2210 1894 2409 1958 coquat
2430 1887 2455 1941 ‘?
2485 1894 2578 1941 aut
2624 1885 2757 1957 quid
2782 1885 3022 1957 agricola
3050 1884 3346 1957 delinquit,
3380 1886 3425 1941 si
3461 1903 3588 1942 cum

270 1963 785 2034 meu‘ibrorum,qui
821 1979 1056 2036 SpODSIIS
1088 1962 1347 2019 ECClCSlZB
1376 1962 1428 2016 in
1453 1972 1595 2018 terra
1628 1973 1878 2031 V008l1‘d‘,
1990 1974 2164 2030 bobus
2189 1982 2242 2029 et,
2292 1975 2461 2030 asinis
2500 1983 2702 2029 terram
2753 1992 2974 2031 vomere
3021 1974 3277 2031 scindat?
3315 1982 3408 2030 aut

268 2061 325 2108 et
357 2061 462 2108 est.
1991 2064 2461 2136 offenditaliquis,
2489 2065 2534 2119 si
2559 2073 2763 2119 vestem
2792 2082 2861 2120 ex
2884 2066 3006 2120 lana
3029 2066 3250 2138 linoque
3273 2073 3588 2122 contextam

341 2154 415 2208 Et
448 2151 710 2223 quoniam
744 2167 853 2205 non
889 2167 1178 2222 possumus
1210 2151 1397 2205 omnia
1434 2168 1555 2222 quae
1591 2167 1686 2221 per
1718 2150 1884 2221 Moy—
1993 2152 2234 2207 induat?
2290 2153 2390 2208 Sed
2450 2152 2773 2223 spiritaliter
2830 2153 2946 2209 hinc
2989 2154 3177 2208 omnia
3232 2153 3590 2225 intelligenda

266 2259 364 2299 sen
400 2243 459 2296 in
495 2243 734 2312 zEgypto
767 2249 911 2309 gesta
964 2248 1111 2306 sunt,
1146 2257 1601 2306 commenuu‘are,
1627 2256 1793 2310 pauca
1816 2239 1882 2294 de
1992 2251 2148 2308 sunt;
2185 2258 2278 2312 per
2330 2241 2546 2296 haedum
2606 2258 2841 2313 namque
2907 2242 3286 2315 unusquisque
3339 2252 3590 2314 peccator

265 2332 338 2386 iis
369 2348 496 2403 qu:e
530 2337 647 2401 post
682 2331 1043 2399 engSSltHIOIII
1073 2328 1358 2383 Israelitici
1388 2328 1577 2399 populi
1613 2345 1681 2383 ex
1715 2330 1881 2400 z’Egy-
1991 2332 2306 2402 designatur
2339 2349 2350 2386 :
2409 2339 2577 2386 mater
2635 2342 2815 2387 autem
2875 2342 3061 2388 nostra
3118 2333 3283 2405 primi
3339 2342 3590 2405 parentes

267 2429 366 2492 pto
399 2421 470 2475 ab
511 2422 588 2474 eis
622 2427 766 2490 gesta
797 2428 946 2484 sunt,
990 2436 1271 2490 pouarnus.
1310 2418 1438 2472 Filii
1492 2419 1662 2488 igitur
1718 2420 1880 2474 Israel
1992 2419 2234 2487 fuerunt,
2269 2437 2336 2473 ex
2359 2419 2560 2491 quibus
2590 2437 2779 2475 omnes
2803 2422 3068 2491 procreati
3091 2439 3313 2477 sumus:
3356 2424 3437 2478 lac
3458 2438 3589 2477 vero

267 2519 330 2564 ut;
363 2511 708 2564 Pharaonem
741 2517 794 2563 et
819 2510 1110 2579 Egyptios
1142 2507 1456 2573 evaderent,
1510 2525 1606 2578 per
1639 2507 1878 2561 medium
1992 2509 2181 2562 matris
2213 2510 2349 2564 vitia
2379 2519 2525 2576 sunt,
2559 2528 2677 2582 quae
2709 2511 2776 2565 de
2815 2512 3068 2582 originali
3105 2520 3323 2584 peccato
3362 2529 3590 2583 proces-

267 2599 406 2654 sicci
442 2597 612 2652 maris
644 2597 998 2664 transierunt,
1037 2605 1089 2651 et
1119 2613 1270 2668 aqum
1301 2599 1380 2650 eis
1404 2607 1556 2651 erant
1597 2597 1751 2668 quasi
1784 2613 1881 2666 pro
1990 2607 2218 2665 serunt;
2254 2601 2358 2654 nisi
2409 2600 2554 2654 enim
2606 2601 2869 2670 originale
2916 2608 3196 2671 peccatum
3251 2601 3460 2666 fuisset,
3509 2598 3590 2652 vi-

263 2706 435 2742 muro
466 2705 497 2741 a
529 2687 739 2742 dextris
770 2697 820 2741 et
851 2704 879 2740 a
913 2685 1157 2741 sinistris
1185 2687 1386 2755 (Exod.
1424 2704 1540 2754 x1v,
1568 2687 1682 2758 22).
1722 2685 1881 2741 Simi-
1990 2688 2128 2743 tium
2163 2691 2377 2743 nullum
2406 2697 2548 2744 esset
2622 2692 2698 2744 De
2744 2689 2848 2746 hoc
2894 2691 3084 2745 matris
3129 2691 3265 2744 lacte
3303 2689 3590 2746 Psalmista

268 2778 402 2833 liter
444 2785 500 2831 et
534 2778 766 2847 populus
800 2775 1067 2845 gentium,
1130 2783 1191 2828 ut
1241 2773 1524 2829 diabolum
1586 2791 1881 2845 omnesque
1991 2776 2255 2847 loquitur,
2289 2776 2476 2832 dicens
2511 2795 2520 2831 :
2570 2801 2586 2822 ι
2617 2779 2756 2832 Ecce
2777 2777 2925 2831 enim
2954 2778 3009 2832 in
3047 2778 3437 2850 iniquitatibus
3461 2795 3589 2834 con-

264 2867 392 2939 ejus
457 2866 722 2921 satellites
780 2865 1095 2932 evaderent,
1158 2883 1253 2936 per
1283 2881 1476 2936 aquam
1541 2863 1882 2935 baptismatis
1990 2873 2180 2936 coptus
2209 2883 2353 2930 sum,
2390 2876 2441 2921 et
2476 2867 2528 2920 in
2563 2866 2781 2935 delictis
2839 2867 3049 2938 peperit
3100 2884 3186 2922 me
3243 2875 3417 2922 mater
3471 2885 3591 2924 mea

265 2957 636 3011 transierunt.
672 2957 741 3010 Et
773 2955 865 3027 qui
898 2965 1057 3010 antea
1087 2962 1240 3008 erant
1265 2953 1368 3007 ﬁlii
1400 2953 1630 3019 diaboli,
1654 2971 1720 3008 ex
1743 2969 1883 3024 aqua
1995 2954 2167 3024 (Psal.
2204 2972 2252 3021 L,
2284 2955 2354 3025 7).
2391 2981 2407 3001 ι
2469 2954 2669 3009 IIzedus
2719 2955 2889 3025 igitur
2921 2956 2976 3010 in
3009 2956 3146 3012 lacte
3186 2957 3374 3012 matris
3403 2957 3588 3029 coqui-

264 3055 322 3101 et
351 3045 567 3116 Spiritu
594 3052 802 3111 sancto,
836 3045 926 3115 qui
962 3061 1058 3114 per
1086 3045 1397 3096 columnam
1462 3041 1608 3110 ignis
1637 3041 1880 3110 designa-
1991 3051 2100 3111 tur,
2132 3043 2260 3098 dum
2295 3043 2527 3114 quilibet
2567 3052 2817 3114 peccator
2861 3045 2983 3116 igne
3017 3045 3281 3101 vitiorum
3321 3064 3490 3118 usque
3519 3047 3588 3103 ad

265 3138 464 3202 batur,
491 3137 661 3190 renati
696 3135 874 3189 effecti
909 3141 1036 3188 sunt
1066 3133 1165 3186 ﬁlii
1199 3132 1316 3186 Dei.
1370 3133 1526 3203 Aqua
1559 3149 1686 3202 ergo
1719 3133 1882 3187 maris
1916 3176 1958 3236 Ο
1989 3132 2133 3187 diem
2165 3133 2359 3187 mortis
2385 3149 2493 3186 suae
2525 3133 2796 3187 exuritur.
2843 3133 3107 3204 Praecepit
3136 3151 3263 3206 ergo
3295 3137 3584 3205 Dominus,

266 3227 426 3282 ﬁlios
458 3227 619 3280 Israel
653 3224 908 3289 salvavit,
947 3223 1278 3276 Pharaonem
1305 3238 1434 3275 vero
1464 3239 1590 3276 cum
1625 3221 1880 3276 omnibus
1917 3221 1958 3236 ν
1991 3239 2058 3278 ne
2089 3229 2353 3293 coquatur
2380 3221 2566 3276 haedus
2599 3223 2656 3276 in
2690 3223 2824 3277 laete
2881 3223 3070 3278 matris
3117 3241 3249 3291 sua),
3301 3223 3352 3278 id
3396 3234 3496 3292 est,
3528 3234 3589 3280 ut

267 3314 618 3369 satellitibus
641 3313 754 3366 suis
778 3311 1030 3376 necavit;
1066 3310 1190 3382 quia
1214 3327 1353 3382 aqua
1382 3310 1726 3381 baptismatis
1751 3311 1878 3365 ima-
1991 3318 2240 3382 peccator
2270 3328 2378 3364 non
2429 3310 2641 3365 sinatur
2681 3327 2850 3382 usque
2882 3312 2939 3365 in
2971 3311 3114 3366 diem
3151 3312 3344 3367 mortis
3373 3329 3482 3366 sua:
3533 3311 3588 3366 in

267 3405 463 3474 ginem
497 3403 591 3456 Dei
627 3404 822 3468 salvat,
859 3408 1074 3472 peccata
1105 3399 1306 3471 quibus
1338 3399 1627 3468 servierat,
1659 3400 1880 3454 exstin-
1993 3400 2228 3471 peccatis
2258 3415 2574 3469 permanere
2611 3417 2621 3454 :
2660 3399 2752 3454 sed
2797 3408 2922 3454 ante
2952 3399 3098 3454 diem
3149 3401 3342 3456 mortis
3386 3417 3495 3455 sua-3
3521 3399 3590 3454 ad

269 3495 401 3565 guit
439 3494 591 3565 (fit);
630 3494 882 3548 diabolus
911 3502 1090 3547 autem
1140 3493 1438 3562 unicuique
1482 3492 1878 3562 exstinguitur,
1991 3493 2132 3547 bona
2164 3509 2325 3564 opera
2354 3493 2562 3564 agenda
2608 3500 2914 3560 revocetur,
2948 3511 3016 3548 ne
3047 3503 3247 3566 pereat.

271 3582 376 3656 qui
414 3600 535 3636 eum
571 3581 807 3636 ﬁdeliter
839 3598 962 3635 cum
1023 3580 1281 3634 omnibus
1313 3580 1527 3651 pompis
1559 3578 1674 3650 ejus
1731 3581 1879 3635 abre-
2077 3608 2093 3629 ε
2132 3585 2248 3638 Non
2281 3584 2460 3637 arabis
2487 3584 2651 3638 simul
2685 3583 2738 3637 in
2785 3583 2924 3638 bove
2943 3591 2995 3638 et
3036 3585 3188 3638 asino
3225 3585 3405 3653 (Deut.
3440 3600 3581 3652 XXII,

266 3672 524 3728 nuntiat.
556 3673 723 3741 Aquae
758 3687 886 3723 vero
917 3687 1034 3741 quas
1072 3687 1167 3740 pro
1203 3687 1356 3722 muro
1397 3670 1474 3722 eis
1505 3677 1659 3722 erant
1693 3686 1721 3723 a
1752 3670 1882 3724 dex-
1998 3671 2108 3742 10).
2145 3698 2160 3718 ι
2207 3673 2305 3726 Per
2335 3672 2527 3726 bovem
2562 3672 2855 3743 apostolos,
2889 3680 3223 3744 cazterosque
3256 3673 3590 3744 praedicato-

265 3762 380 3816 tris
416 3768 517 3813 eta
549 3759 808 3825 sinistris,
843 3759 1004 3812 ﬁdem
1029 3757 1386 3828 designabant
1420 3767 1683 3823 nostram,
1720 3776 1879 3830 quam
1994 3778 2113 3815 res:
2176 3777 2270 3831 per
2325 3761 2540 3816 asinum
2609 3762 2874 3832 populum
2928 3761 3241 3816 ,Ιιιὼυοι-υιη
3299 3778 3590 3832 possumus

265 3851 327 3905 in
371 3848 705 3919 baptismate
741 3846 1225 3918 percepimus,qum
1259 3864 1447 3901 murus
1478 3857 1557 3901 est
1587 3856 1788 3914 noster,
1816 3864 1884 3901 ex
1995 3849 2318 3921 intelligere.
2354 3852 2589 3905 Aramus
2632 3868 2780 3917 vero,
2814 3851 3033 3922 quando
3079 3850 3377 3906 secundum
3412 3851 3592 3906 tradi-

262 3948 516 4010 utraque
548 3946 695 4009 parte
727 3937 1026 3991 defendmts
1058 3955 1157 3992 nos
1188 3937 1328 3991 etab
1353 3937 1732 3992 lII\lSllJllll)llS
1763 3937 1883 3992 hos-
1997 3942 2199 3997 tionem
2251 3949 2562 3997 sanctorum
2597 3941 2960 4011 nosmetipsos
3008 3939 3064 3994 in
3118 3940 3278 3994 bonis
3331 3940 3589 4010 operibus

260 4031 432 4086 tibus
465 4036 517 4082 et
548 4045 578 4082 ἃ
609 4026 946 4081 \‘isihilibus.
1995 4047 2330 4085 exercemus.
2365 4032 2423 4084 In
2457 4030 2594 4084 bove
2626 4031 2794 4101 igitur
2825 4040 2876 4084 et
2906 4031 3060 4084 asino
3093 4029 3256 4083 simul
3302 4035 3436 4095 arat,
3472 4027 3587 4098 qui-

339 4130 487 4184 Post
519 4128 810 4183 transitum
846 4127 1010 4180 maris
1042 4125 1213 4182 Rubri
1263 4136 1534 4181 venerunt
1564 4128 1619 4181 in
1651 4125 1883 4194 Marath,
1995 4137 2211 4191 cunque
2292 4119 2596 4181 doctrinam
2663 4119 3034 4188 apostolorum
3071 4161 3084 4184 ,
3159 4116 3590 4186 traditionesque

258 4219 364 4274 ubi
403 4234 584 4287 aquas
617 4233 829 4269 amaras
862 4215 1220 4281 invenerunt,
1257 4233 1390 4286 quas
1438 4215 1623 4270 bibere
1654 4233 1759 4270 non
1795 4233 1883 4286 po-
1995 4208 2306 4262 Judzeorurn
2367 4208 2530 4262 simul
2564 4225 2777 4262 servare
2822 4207 3036 4261 nititur.
3093 4209 3138 4259 A
3187 4221 3294 4276 qua
3340 4203 3592 4260 doctrina

259 4315 490 4364 terant.
524 4307 593 4359 Et
634 4304 873 4359 ostendit
923 4303 1188 4357 Dominus
1238 4303 1412 4372 Moysi
1449 4303 1677 4373 lignum,
1740 4301 1884 4374 quod
1999 4298 2195 4352 Paulus
2251 4297 2527 4368 apostolus
2587 4298 2802 4351 Galatas
2857 4311 3110 4350 remeare
3176 4292 3406 4361 studuit,
3463 4310 3589 4348 cum

257 4417 401 4456 cum
451 4395 762 4450 misissetin
804 4411 990 4465 aquas,
1024 4393 1078 4447 in
1145 4390 1490 4447 dulcedinem
1529 4411 1696 4449 versze
1757 4403 1887 4448 sunt
1998 4386 2203 4440 dicere!
2238 4404 2247 4440 ε
2295 4409 2310 4430 ι
2353 4387 2396 4439 0
2432 4385 2690 4439 insensati
2734 4385 2968 4438 Galatae!
3019 4383 3140 4455 quis
3171 4400 3268 4437 vos
3300 4382 3591 4438 fascinavit

261 4485 496 4560 (Exod.
530 4502 627 4549 xv,
659 4484 747 4550 23,
798 4485 911 4553 ἐϋ).
975 4483 1074 4536 Per
1103 4499 1268 4555 aquas
1297 4499 1506 4536 amaras
1565 4483 1648 4536 lex
1712 4485 1884 4555 Moysi
1919 4535 1963 4560 ἢ
1999 4475 2216 4530 xeritati
2251 4493 2356 4529 non
2387 4476 2659 4530 obedire"?
2688 4475 2821 4530 Dico
2847 4473 2990 4527 enim
3025 4473 3202 4540 vobis,
3234 4472 3493 4544 quoniam
3544 4472 3590 4526 si

257 4535 637 4646 designatur:
675 4590 769 4643 per
801 4573 1010 4642 lignum
1045 4581 1225 4626 autem
1283 4572 1585 4642 passionem
1659 4572 1883 4639 Christi,
1919 4535 1963 4592 Β
1997 4564 2495 4632 circumcidamini,
2531 4563 2780 4620 Christus
2804 4562 2958 4618 "Obls
2982 4561 3357 4633 nihili)rOdCSt
3382 4563 3587 4633 (Galat-

261 4684 333 4721 eo
371 4663 531 4736 quod
565 4663 620 4715 in
668 4661 818 4731 ligno
855 4661 1034 4716 crucis
1091 4661 1357 4732 completa
1394 4660 1576 4727 fuerit,
1629 4660 1888 4716 debemus
2001 4675 2080 4722 III,
2120 4657 2193 4727 I).
2230 4683 2245 4703 ι
2294 4657 2591 4711 Possumus
2620 4656 2783 4710 etiam
2828 4672 2922 4726 per
2953 4655 3144 4709 bovem
3179 4653 3480 4726 quemlibet
3511 4669 3590 4706 sa-

262 4752 620 4820 intelligere.
657 4751 896 4820 Populus
936 4749 1103 4819 igitur
1151 4751 1242 4821 qui
1277 4766 1340 4802 ex
1377 4750 1615 4821 Iligypto
1646 4767 1888 4820 egressus
1999 4746 2256 4816 pientiam
2292 4746 2738 4816 praedicatorum,
2800 4761 2892 4816 per
2938 4745 3153 4798 asinum
3199 4761 3328 4798 vero
3360 4743 3589 4799 stultum

264 4852 382 4910 est,
415 4858 588 4912 aquas
617 4857 829 4894 amaras
861 4837 943 4892 im
959 4838 1110 4904 enit;
1175 4838 1301 4909 quia
1336 4839 1505 4908 legem
1565 4848 1889 4910 acceperunt
2001 4834 2329 4904 intelligere.
2365 4833 2690 4904 Przecipitur
2737 4849 2863 4902 ergo
2897 4839 2956 4886 ut
2986 4849 3095 4887 non
3127 4841 3309 4888 aretur
3336 4831 3500 4886 simul
3536 4831 3591 4885 in

265 4947 454 5006 quam
491 4929 717 5000 implere
737 4945 845 4982 non
882 4934 1179 4997 potuerunt
1204 4944 1213 4979 :
1240 4926 1330 4980 sed
1353 4928 1604 4996 gentibus
1626 4929 1690 4981 ad
1725 4927 1884 4983 ﬁdem
1999 4925 2137 4980 bove
2167 4931 2218 4978 et
2249 4923 2423 4991 asino,
2459 4923 2512 4977 id
2545 4930 2644 4989 est,
2679 4931 2738 4977 ut
2771 4940 2878 4977 non
2927 4925 3214 4993 copuletur
3261 4924 3461 4978 stultus
3512 4939 3590 4977 sa-

267 5019 498 5080 Christi
533 5015 884 5072 venientibus
914 5015 1226 5068 amaritudo
1286 5015 1419 5083 legis
1456 5032 1550 5084 per
1581 5017 1887 5086 passionem
2001 5014 2171 5086 pienti
2203 5015 2257 5068 in
2291 5013 2701 5084 prmdicationis
2734 5013 2934 5068 ofﬁcio.
2967 5014 3080 5068 IIoc
3109 5021 3288 5067 autem
3321 5013 3465 5084 quod
3496 5010 3592 5066 di—

266 5118 328 5167 et
368 5097 832 5164 resurrectionem
867 5103 1074 5160 Christi
1108 5104 1162 5157 in
1212 5103 1305 5158 dul
1345 5103 1560 5157 edinem
1594 5121 1748 5159 versa
1787 5113 1886 5173 est,
1999 5105 2074 5160 cit
2108 5123 2117 5159 :
2152 5105 2273 5160 Non
2305 5103 2501 5158 induas
2535 5111 2738 5158 vestem
2771 5119 2838 5158 ex
2876 5103 2999 5157 lana
3025 5103 3247 5174 linoque
3277 5107 3590 5156 contextam

266 5198 421 5272 quia
451 5195 517 5251 ab
569 5195 650 5251 eis
706 5192 1050 5266 spiritaliter,
1101 5208 1210 5246 non
1271 5190 1564 5246 carnaliter
1612 5191 1890 5248 intellecta
2003 5195 2181 5264 (Deut.
2242 5211 2387 5260 xxn,
2449 5193 2557 5263 ll),
2621 5194 2922 5249 secundum
2967 5193 3302 5264 superiorem
3370 5205 3590 5246 sensum

359 5381 484 5454 (63)
519 5382 722 5438 Omnes
751 5377 908 5447 edit.,
943 5376 1186 5450 operibus
1215 5377 1748 5454 consummationem;
1778 5394 1888 5434 om-
1993 5382 2156 5453 palus
2183 5379 2410 5450 gentium
2443 5380 2716 5454 servierat,
2747 5379 3070 5451 exstinguit;
3118 5393 3220 5432 nos
3270 5390 3401 5430 vero
3447 5389 3592 5428 con-

269 5451 386 5511 nes
424 5451 576 5519 mss,
611 5453 855 5523 operibus
887 5456 1006 5504 vita:
1027 5451 1540 5504 consummationem.
1571 5521 1576 5523 Α
1993 5451 2217 5509 sensum
2254 5470 2380 5507 mss.
2412 5453 2581 5507 secuti
2613 5469 2821 5507 sumus.

362 5525 487 5595 (64)
523 5518 654 5580 Grilli
687 5523 844 5590 edit.,
894 5523 1172 5592 imaginem
1221 5523 1318 5577 Dei
1346 5521 1626 5586 salutaris,
1660 5528 1891 5595 peccata
2075 5525 2189 5594 (65)
2225 5525 2427 5579 Omnes
2476 5524 2632 5590 edit.,
2682 5542 2736 5577 eo
2767 5520 2906 5595 quod
2938 5518 3347 5589 interpretatio;
3403 5532 3593 5573 omnes

273 5593 488 5666 quibus
518 5597 792 5661 serv-ierat,
826 5595 1150 5664 exstinguit:
1185 5595 1336 5648 ltom.
1376 5594 1454 5648 sic
1484 5593 1888 5661 emendaverat,
2003 5611 2227 5661 mss.,eo
2256 5596 2393 5664 quod
2427 5614 2524 5665 per
2555 5593 3053 5664 interpretatimiem.

272 5670 573 5737 Imaginem
608 5668 705 5723 Dei
747 5667 1045 5723 Saluatoris
1097 5683 1296 5737 gerens,
1323 5671 1533 5736 peccatu.
1562 5666 1751 5735 quibus
1797 5683 1889 5736 po-
