4020 6200
529 296 629 353 911

1547 288 1642 343 ΑΙ)
1681 285 1916 343 OPERA
1956 283 2015 340 S.
2043 279 2376 340 AMBROSII
2416 280 2795 337 APPENDIX.
3657 282 3734 340 912

529 440 820 500 possumus
884 421 1225 494 intelligere;
1284 422 1431 483 528
1485 434 1582 491 per
1625 418 1806 474 lanam
1862 431 2119 488 namque,
2147 413 2200 473 A
2232 412 2484 470 Christus
2505 412 2561 468 in
2592 410 2944 469 invocatione
2964 411 3047 467 sui
3078 409 3336 478 nominis,
3358 416 3409 465 et
3424 410 3577 466 Patris
3592 419 3636 466 et
3650 412 3737 484 Spi-

531 539 652 597 qua:
679 521 848 578 vestis
871 528 954 576 est
978 519 1190 584 ovium,
1220 518 1526 574 doctrinam
1571 514 1942 588 apostolorum
1980 529 1991 567 :
2027 526 2124 582 per

530 612 708 669 linum
730 627 883 678 vero,
915 607 1063 682 quod
1091 624 1160 664 ex
1182 617 1327 665 terra
1346 607 1545 674 oritur,
1577 604 1885 662 doctrinam
1910 600 2123 656 Iudaeo-

529 718 653 757 rum
682 716 972 773 possumus
1015 697 1343 770 intelligere.
1386 697 1607 752 Vestem
1639 712 1767 767 ergo
1811 692 2119 760 induimus,

528 808 652 847 cum
682 788 1044 861 nosmetipsos
1071 786 1233 843 bonis
1263 785 1520 858 operibus
1555 784 1964 842 circumdamus
1999 801 2011 838 :
2054 798 2123 837 ex

528 880 653 937 lana
677 887 858 935 autem
889 879 1113 951 linoque
1143 883 1401 933 contexta
1431 876 1609 931 utitur
1634 883 1804 942 veste,
1854 873 1950 945 qui
1995 888 2118 927 cum

527 967 922 1025 traditionibus
950 966 1321 1038 apostolorum
1352 965 1517 1021 etiam
1548 963 1874 1019 traditiones
1896 963 1921 1017 ,Ι
1931 962 2124 1017 1ιάωο-

529 1074 652 1114 rum
682 1058 804 1113 vult
833 1057 1142 1113 observare.

597 1148 864 1220 Praecepit
898 1146 1062 1202 etiam
1085 1144 1355 1202 Dominus
1396 1143 1594 1216 Moysi,
1630 1152 1693 1199 ut
1721 1142 1763 1198 si
1796 1141 1919 1216 quis
1951 1142 2122 1213 lepro-

526 1254 621 1293 sus
650 1235 950 1292 mundatus
979 1241 1137 1302 esset,
1170 1233 1385 1290 veniret
1414 1231 1481 1287 ad
1512 1231 1872 1298 sacerdotem,
1932 1239 1985 1287 et
2044 1229 2121 1285 of-

528 1327 696 1382 ferret
747 1324 885 1381 duos
936 1340 1177 1397 passeres
1227 1321 1498 1379 sacerdoti
1565 1321 1754 1393 (Leuit.
1786 1337 1908 1388 xrv,
1955 1319 2006 1386 3,
2039 1317 2119 1389 4).

527 1416 616 1471 Ex
642 1415 843 1488 quibus
898 1415 994 1470 ille
1041 1429 1214 1469 unum
1260 1412 1575 1480 immolans,
1607 1410 1896 1466 decurrere
1924 1408 2125 1464 faceret

527 1506 849 1578 sanguinem
880 1502 998 1577 ejus
1027 1503 1085 1559 in
1108 1520 1275 1576 aquas
1306 1502 1576 1569 viventes,
1601 1508 1654 1556 et
1683 1500 1965 1570 intingens
1994 1514 2126 1569 pas—

526 1612 700 1654 serem
731 1595 923 1651 vivum
953 1594 1010 1649 in
1040 1610 1225 1667 aquas,
1259 1593 1316 1647 in
1345 1591 1547 1664 quibus
1574 1587 1897 1660 sanguinem
1930 1587 2124 1642 immo-

531 1686 625 1743 lati
656 1684 890 1759 passeris
919 1684 1208 1739 decurrere
1259 1682 1463 1738 fecerat
1514 1696 1640 1736 cum
1691 1678 1845 1750 ligno
1876 1675 2121 1743 cedrino,

2231 503 2371 558 ritus
2440 500 2615 557 sancti
2686 500 2940 572 adjungit
3009 499 3369 555 ministerium
3442 499 3737 569 sacerdotum,

2231 608 2437 664 nosque
2467 608 2498 646 a
2532 590 2768 663 peccatis
2805 590 3030 657 nostris,
3081 588 3175 662 qui
3205 604 3299 659 per
3359 588 3601 660 leprosum
3637 589 3739 645 desi.

2233 698 2481 754 gnamur,
2514 696 2610 752 per
2656 695 2844 735 eorum
2898 678 3323 745 invocationem,
3373 685 3424 733 et
3474 693 3556 749 per
3590 694 3740 750 aquam

2231 772 2576 845 baptismatis
2607 770 2803 825 abluit.
2837 770 2942 837 Qui
2991 785 3171 841 passer
3201 768 3257 823 in
3287 766 3436 841 aquis
3491 768 3743 824 viventibus

2233 860 2707 932 intingijubetur;
2742 857 2871 932 quia
2930 857 3024 931 qui
3055 857 3193 913 alios
3248 856 3418 924 docet,
3479 856 3530 911 in
3585 855 3744 911 divinis

2233 950 2531 1023 Scripturis
2557 948 2782 1005 doctum
2813 964 2928 1005 esse
2957 955 3170 1020 oportet
3196 964 3207 1001 :
3250 963 3373 1001 nam
3403 945 3447 1001 si
3506 962 3652 1001 caecus
3674 963 3743 1001 ca-

2232 1058 2358 1097 cum
2418 1040 2616 1096 ducere
2663 1038 2976 1106 tentaverit,
3044 1038 3206 1093 ambo
3237 1037 3293 1092 in
3352 1036 3549 1091 foveam
3591 1034 3747 1090 cadunt

2236 1132 2448 1205 (Matth.
2480 1149 2577 1201 xv,
2615 1130 2727 1199 14).
2759 1130 2866 1198 Qui
2897 1131 3144 1202 leprosus
3173 1129 3371 1202 septies
3396 1130 3581 1201 aspergi
3608 1128 3748 1201 praeci-

2233 1223 2403 1295 pitur,
2432 1222 2561 1294 quia
2590 1222 2799 1277 nullius
2830 1221 3103 1277 munditia
3130 1220 3249 1276 sine
3291 1219 3444 1275 donis
3470 1227 3646 1290 septem
3663 1218 3748 1290 Spi-

2235 1312 2372 1366 ritus
2402 1310 2577 1368 sancti
2620 1311 2860 1383 perfecta
2890 1327 3004 1366 esse
3033 1316 3231 1382 potest.
3264 1307 3395 1376 Quis
3421 1309 3557 1363 enim
3584 1308 3681 1363 sine
3703 1306 3748 1362 ti-

2235 1417 2385 1458 more
2414 1402 2536 1470 Dei,
2564 1401 2683 1456 sine
2705 1400 2905 1473 pietate
2957 1399 3277 1472 caaterisque
3312 1396 3588 1452 virtutibus
3610 1396 3751 1451 salvus

2234 1509 2350 1548 esse
2380 1498 2557 1564 potest
2576 1492 2604 1547 ?
2634 1491 2738 1547 Sed
2769 1507 2894 1547 cum
2926 1490 3307 1562 unusquisque
3325 1504 3355 1544 a
3374 1487 3749 1561 praedicatoribus

2233 1584 2363 1641 ﬁdei
2401 1584 2638 1657 qualiter
2666 1585 2853 1641 vivere
2883 1584 3075 1640 debeat
3105 1582 3405 1640 secundum
3435 1580 3654 1636 mandata
3681 1580 3749 1635 Dei

2234 1675 2481 1743 docetur,
2513 1676 2713 1748 septies
2742 1691 2884 1748 aqua
2911 1675 3043 1729 viva
3095 1672 3414 1746 aspergitur.
3454 1671 3568 1726 Post
3612 1684 3751 1724 emun-

527 1758 673 1835 lana"
690 1776 965 1844 coccinea,
1025 1782 1079 1830 et
1108 1773 1350 1846 hyssopo
1376 1780 1685 1845 aspergeret
1713 1770 1913 1843 septies
1943 1770 2117 1842 lepro-
2151 1775 2198 1835 Β
2234 1765 2514 1822 dationem
2545 1781 2678 1821 vero
2710 1764 2911 1837 leprosi
2936 1780 3121 1836 passer
3148 1763 3316 1819 vivus
3354 1762 3409 1817 in
3435 1777 3552 1832 agro
3587 1758 3752 1814 avolare

527 1884 674 1935 sum,
730 1872 785 1922 et
839 1872 974 1921 tunc
1030 1862 1136 1919 rite
1196 1862 1578 1919 mundaretur.
1636 1862 1739 1917 Per
1784 1861 2123 1918 sacerdotem

528 1957 783 2016 Christus
812 1953 1190 2027 intelligitur:
1249 1953 1362 2009 duo
1424 1969 1556 2009 vero
1592 1967 1837 2025 passeres
1884 1950 2122 2007 duorum

527 2044 1000 2102 Testamentorum
1031 2043 1283 2100 doctores
1324 2042 1714 2115 intelliguntur
1749 2061 1760 2099 ε
1818 2058 1913 2115 per
1956 2056 2124 2113 aquas

527 2141 711 2191 autem
740 2135 992 2191 viventes
1018 2142 1288 2206 praecepta
1329 2132 1618 2205 Evangelii
1647 2132 2024 2205 designantur,
2057 2130 2124 2186 de

529 2222 729 2297 quibus
758 2223 1029 2279 Dominus
1067 2222 1204 2279 dicit
1250 2223 1309 2278 in
1356 2222 1657 2294 Evangelio
1691 2240 1702 2277 :
1748 2243 1769 2269 ι
1812 2220 1919 2288 Qui
1948 2220 2125 2277 credit

529 2313 589 2369 in
618 2330 725 2382 me,
749 2312 892 2369 sicut
922 2312 1223 2385 Scriptura,
1246 2312 1479 2367 ﬂumina
1505 2311 1573 2367 de
1592 2318 1784 2367 ventre
1812 2311 1930 2383 ejus
1952 2310 2125 2367 ﬂuent

528 2416 684 2474 aquae
714 2401 856 2458 viva
898 2402 1078 2472 (Joan.
1111 2419 1213 2470 vn,
1242 2400 1355 2473 38).
1394 2425 1413 2449 ι
1461 2401 1647 2474 Aquas
1677 2401 1835 2456 vivas
1854 2407 2036 2466 vocat,
2059 2417 2124 2456 eo

529 2491 678 2566 quod
705 2492 876 2549 vitam
909 2501 1166 2549 aeternam
1220 2500 1478 2565 praestent
1529 2490 1861 2548 facientibus
1908 2508 1988 2548 ea.
2022 2491 2125 2546 Per

528 2598 799 2655 passerem
833 2582 1385 2655 igiturimmolatum,
1409 2581 1552 2638 sicut
1572 2579 1839 2649 diximus,
1871 2580 2123 2637 doctores

528 2672 866 2743 Iudaeorum,
898 2672 1207 2730 sacerdotes
1234 2671 1514 2739 videlicet,
1551 2669 1753 2727 Scriba:
1785 2680 1838 2727 et
1859 2669 2122 2726 Pharisaei

527 2762 900 2835 designantur.
933 2762 1166 2835 Sanguis
1203 2777 1355 2830 vero,
1385 2760 1480 2834 qui
1522 2760 1690 2817 vitam
1719 2759 1918 2832 passeri
1976 2777 2125 2833 prai—

530 2851 728 2920 stabat,
769 2851 1037 2923 spiritalis
1056 2858 1139 2907 est
1170 2850 1558 2922 intelligentia,
1590 2867 1710 2923 qum
1765 2851 1824 2907 in
1854 2851 2124 2909 observa-

529 2943 778 2998 tionibus
793 2941 1106 2997 Iudaeorum
1138 2940 1361 2997 latebat.
1383 2942 1453 2996 Et
1475 2941 1617 2997 sicut
1636 2958 1821 3013 passer
1848 2942 1967 2998 sine
1988 2960 2124 2999 san-

532 3034 697 3107 guine
723 3042 974 3089 mortuus
999 3032 1260 3098 efficitur,
1291 3033 1367 3088 ita
1394 3040 1447 3087 et
1495 3035 1681 3089 multae
1711 3035 2124 3093 observationes

2232 1853 2547 1923 sinebatur;
2581 1854 2710 1927 quia
2751 1854 3133 1926 praedicatores
3164 1852 3337 1909 sancti
3385 1857 3497 1924 post
3534 1848 3752 1920 expletum

2233 1945 2481 2001 ofﬁcium
2513 1945 2919 2017 praedicationis
2958 1961 3069 2000 suae
3099 1945 3159 1999 in
3190 1959 3321 2017 agro
3347 1941 3526 2016 patria:
3574 1935 3754 1996 caelestis

2233 2040 2452 2095 avolare
2486 2046 2887 2111 promerentur.
3098 2030 3107 2037 ”

2306 2128 2366 2184 In
2398 2128 2508 2184 alio
2538 2143 2753 2201 quoque
2792 2128 2914 2184 loco
2943 2126 3210 2199 scriptum
3242 2133 3360 2193 est;
3407 2121 3525 2197 quia
3552 2116 3755 2193 praecepit

2233 2218 2502 2275 Dominus
2530 2218 2731 2290 Moysi,
2789 2224 2851 2273 ut
2910 2217 3174 2273 offerrent
3229 2216 3332 2272 ﬁlii
3359 2214 3512 2271 Israel
3547 2206 3755 2268 sacerdoti

2232 2325 2457 2381 caprum
2504 2307 2873 2377 emissarium,
2935 2314 3275 2381 poneretque
3333 2302 3565 2361 sacerdos
3609 2313 3755 2355 manus

2233 2412 2397 2473 super
2423 2408 2586 2473 caput
2607 2398 2744 2471 ejus,
2778 2409 2832 2456 et
2870 2398 3233 2456 conﬁteretur
3260 2413 3418 2470 super
3452 2411 3562 2451 eum
3588 2396 3755 2465 peccata

2232 2489 2476 2546 ﬁliorum
2509 2491 2697 2558 Israel,
2721 2498 2774 2546 et
2805 2486 3046 2545 mitteret
3076 2505 3206 2544 eum
3235 2505 3329 2562 per
3356 2485 3606 2543 hominem
3634 2495 3754 2553 para-

2232 2588 2371 2648 tum,
2404 2581 2461 2635 in
2490 2578 2803 2648 desertum;
2837 2579 3179 2652 utfportaret
3226 2587 3438 2652 peccata
3464 2574 3670 2631 filiorum
3693 2569 3756 2623 ls—

2234 2673 2343 2727 rael
2374 2672 2431 2727 in
2462 2671 2758 2727 desertum.
2792 2673 2890 2727 Ille
2944 2676 3126 2725 autem
3167 2670 3265 2745 qui
3319 2683 3525 2740 caprum
3583 2660 3749 2718 emissa-

2233 2763 2378 2819 rium
2438 2761 2496 2818 in
2526 2764 2804 2820 desertum
2841 2760 3096 2830 ducebat,
3128 2777 3247 2817 non
3303 2754 3675 2832 permittebatur
3709 2748 3750 2802 in

2233 2862 2409 2911 castra
2466 2854 2701 2929 ingredi,
2728 2854 2837 2910 nisi
2894 2854 3048 2926 prius
3105 2853 3319 2929 lavaret
3345 2849 3639 2906 vestimenta
3680 2854 3751 2896 sua

2235 2944 2419 3017 (Leuit.
2451 2961 2570 3013 xvr,
2614 2944 2699 3013 10,
2734 2942 2849 3015 24).
2882 2942 3146 2998 Eamdem
3184 2928 3311 3014 ergo
3364 2933 3749 3017 signiﬁcationem

2233 3015 2397 3089 habet
2424 3033 2696 3099 sacerdos,
2724 3048 2886 3105 quam
2917 3039 2971 3087 et
2999 3047 3164 3104 caper
3212 3029 3542 3093 emissarius;
3591 3015 3750 3093 signiﬁ-

530 3124 868 3191 Judaeorum,
900 3123 947 3180 si
976 3123 1241 3196 spiritalis
1261 3123 1627 3196 intelligentia
1654 3125 1935 3195 defuisset,
1968 3142 2123 3182 vana:
2156 3142 2200 3204 ο
2232 3133 2358 3182 cant
2388 3124 2532 3180 enim
2561 3123 2860 3180 Dominum
2893 3131 3142 3179 nostrum
3172 3123 3354 3179 Jesum
3401 3109 3753 3204 Christum:

532 3229 648 3271 esse
725 3213 1065 3270 viderentur.
1126 3214 1419 3287 Postquam
1449 3231 1577 3288 ergo
1631 3216 1853 3288 sanguis
1891 3217 2122 3288 passeris

534 3305 808 3379 apparuit,
873 3313 1036 3379 atque
1100 3306 1160 3361 in
1204 3323 1371 3379 aquas
1427 3307 1584 3363 vivas
1634 3306 1900 3376 decurrit,
1942 3324 2125 3380 passer

534 3402 785 3452 mortuus
814 3403 915 3464 est,
972 3395 1101 3470 quia
1146 3404 1435 3469 postquam
1465 3396 1703 3468 spiritali
1734 3396 2122 3469 intelligentia,

534 3499 655 3556 quae
680 3485 738 3539 in
767 3485 1245 3547 observationibus
1272 3484 1587 3541 Iudaeorum
1615 3485 1838 3553 latebat,
1870 3501 1967 3557 per
2004 3501 2118 3558 gra-

533 3572 668 3628 tiam
724 3574 949 3629 Domini
1011 3575 1185 3630 nostri
1235 3576 1362 3630 Jesu
1401 3574 1607 3631 Christi
1641 3575 1986 3630 manifestata
2022 3582 2125 3645 est,

535 3662 785 3734 quaedam
814 3664 1224 3720 observationes
1251 3665 1450 3735 legales
1478 3664 1622 3719 nihil
1644 3665 1969 3737 profuerunt
1994 3684 2005 3721 :
2033 3665 2128 3721 sed

535 3758 591 3808 et
620 3751 724 3824 ipsi
765 3752 861 3824 qui
908 3760 1132 3826 propter
1172 3751 1478 3809 custodiam
1525 3753 1659 3825 legis
1713 3753 1879 3810 ﬁdem
1919 3755 2127 3813 Christi

537 3850 884 3916 spreverunt,
927 3842 1233 3900 secundum
1281 3843 1522 3898 animam
1572 3843 1777 3899 mortui
1819 3852 1967 3901 sunt.
1999 3846 2129 3902 San-

537 3934 659 4006 guis
689 3933 860 4006 igitur
878 3933 1111 4005 passeris
1140 3933 1299 4006 aquis
1336 3933 1657 3990 viventibus
1703 3934 1972 3992 admistus
1999 3946 2081 3993 est
2112 3954 2126 4004 ;

534 4027 666 4100 quia
691 4025 872 4082 omnis
893 4026 1195 4097 Scriptura,
1236 4042 1355 4099 quae
1385 4025 1452 4081 ad
1490 4043 1698 4082 novum
1721 4026 2130 4083 Testamentum

534 4115 795 4189 pertinet,
844 4116 1114 4189 exemplis
1169 4115 1371 4171 veteris
1426 4116 1758 4172 Testamenti
1810 4116 2133 4189 spiritaliter

536 4206 836 4264 intellectis
874 4206 1083 4278 repleta
1122 4212 1203 4260 est
1234 4205 1373 4277 (66).
1421 4204 1525 4260 Per
1552 4204 1763 4276 lignum
1795 4222 1926 4263 vero
1958 4206 2129 4264 cedri-

538 4315 673 4355 num
712 4299 892 4367 Pater,
924 4315 1018 4369 per
1040 4296 1342 4369 hyssopum
1372 4296 1577 4352 Filius:
1603 4313 1700 4368 per
1728 4298 1910 4353 lanam
1943 4305 2128 4355 autem

538 4386 873 4456 coccineam,
932 4404 1053 4460 quae
1120 4387 1389 4459 fulgorem
1433 4387 1579 4461 ignis
1642 4386 1827 4458 habet,
1894 4389 2133 4462 Spiritus

540 4484 761 4534 sanctus
786 4476 1119 4548 designatur.
1152 4477 1227 4531 lis
1254 4476 1430 4532 tribus
1461 4476 1556 4548 qui
1599 4475 1704 4532 rite
1739 4478 1995 4534 mundari
2034 4496 2127 4536 vo-

542 4567 708 4635 lebat,
738 4565 1161 4639 aspergebatur;
1206 4565 1335 4636 quia
1369 4565 1558 4621 nullus
1581 4581 1678 4637 per
1703 4582 1899 4639 aquam
1934 4567 2138 4640 baptis-

541 4657 704 4716 matis
732 4674 764 4713 a
802 4659 951 4729 lepra
982 4663 1328 4728 peccatorum
1363 4654 1618 4711 mundari
1662 4665 1862 4729 potest,
1895 4658 2003 4715 nisi
2035 4662 2141 4718 sub

539 4746 891 4805 invocatione
920 4746 1096 4802 Patris
1119 4753 1172 4802 et
1192 4743 1324 4800 Filii
1351 4753 1404 4801 et
1434 4743 1675 4817 Spiritus
1704 4746 1899 4804 sancti.

611 4843 717 4902 Sed
769 4844 816 4901 si
867 4859 962 4916 per
995 4842 1113 4900 hrec
1144 4843 1251 4899 tria
1294 4843 1455 4899 Pater
1491 4850 1545 4899 et
1582 4844 1758 4901 Filius
1791 4854 1845 4902 et
1902 4845 2142 4919 Spiritus

541 4943 763 4993 sanctus
786 4933 1161 5005 designantur,
1202 4949 1302 4989 cur
1343 4949 1528 5005 passer
1578 4933 1743 4990 vivus
1786 4942 2014 5007 quartus
2051 4936 2143 4993 ad-

535 5024 791 5098 jungitur
811 5023 839 5081 ?
859 5024 960 5080 Per
988 5038 1258 5094 passerem
1281 5038 1519 5096 namque
1540 5023 1729 5078 vivum
1754 5024 2141 5095 praedicatores

542 5119 676 5176 novi
705 5117 1038 5174 Testamenti
1076 5115 1388 5188 designatos
1419 5115 1587 5171 fuisse
1629 5116 1898 5174 diximus.
1941 5119 2143 5176 Sacer-

543 5207 643 5265 dos
674 5223 801 5280 ergo
824 5206 973 5280 ligno
1001 5204 1247 5273 cedrino,
1288 5220 1475 5273 cocco,
1510 5212 1563 5259 et
1600 5204 1840 5278 hyssopo
1870 5223 2140 5279 passerem

544 5297 738 5354 vivum
801 5294 1171 5370 adjungebat;
1243 5295 1374 5369 quia
1423 5295 1692 5352 Dominus
1734 5304 1923 5353 noster
1986 5299 2141 5356 Iesus

623 5524 738 5597 (66)
771 5526 854 5581 Ita
881 5539 1046 5593 mss.;
1076 5520 1210 5579 edit.
1243 5534 1396 5592 vero,
1428 5517 1657 5594 pertinet
1683 5517 2018 5595 spiritalibus
2057 5525 2139 5583 in-

552 5596 831 5667 tellectibus
857 5598 1059 5667 repleta
1095 5601 1189 5651 est.

625 5666 742 5739 (67)
772 5665 976 5724 Omnes
1013 5667 1174 5736 edit.,
1198 5666 1429 5740 prwstiti
1453 5665 1673 5740 fuerant
1706 5685 1718 5725 :
1761 5685 1952 5726 omnes
2002 5686 2134 5727 mss.

2233 3214 2424 3272 cerdos
2453 3214 2622 3287 igitur
2647 3229 2811 3285 super
2829 3228 3055 3284 caprum
3077 3211 3420 3269 emissarium
3442 3210 3632 3280 peccata
3648 3196 3750 3254 ﬁlio-

2234 3324 2357 3363 rum
2387 3307 2553 3363 Israel
2582 3306 2866 3363 confessus
2894 3312 3006 3373 est;
3030 3305 3162 3378 quia
3184 3305 3355 3362 Filius
3377 3300 3469 3358 Dei
3495 3299 3678 3371 peccata
3692 3302 3751 3378 εθ-

2235 3397 2382 3454 neris
2402 3396 2628 3452 humani
2646 3412 2809 3468 super
2823 3377 3105 3451 hominem
3125 3412 3290 3468 quem
3305 3377 3756 3463 assumpsit,posuit,

2235 3498 2298 3546 ut
2321 3506 2420 3562 pro
2449 3490 2528 3545 eis
2558 3488 2673 3561 ipse
2696 3493 3020 3544 moreretur.
3050 3487 3154 3544 Per
3183 3487 3454 3544 desertum
3482 3494 3612 3546 vero,
3635 3469 3755 3542 cuius

2236 3581 2632 3637 habitationem
2662 3596 2852 3636 omnes
2905 3578 3154 3635 deliciosi
3189 3576 3604 3652 perhorrescunt,
3651 3573 3753 3621 cmi

2237 3670 2575 3744 designatur,
2602 3672 2819 3729 cunctis
2844 3670 2952 3728 reis
2974 3670 3134 3727 valde
3163 3666 3464 3726 horribilis.
3493 3657 3640 3719 Duxit
3660 3663 3754 3720 erg0

2239 3763 2405 3820 homo
2456 3771 2676 3836 paratus
2724 3779 2947 3835 caprum
3004 3762 3352 3818 emissarium
3411 3758 3465 3812 in
3516 3752 3752 3809 desertum,

2239 3854 2368 3926 quia
2402 3853 2577 3909 Judaei
2635 3853 2728 3926 qui
2759 3853 2826 3909 ad
2857 3852 2963 3909 hoc
3013 3852 3193 3908 scelus
3222 3842 3752 3930 perpetrandum}?

2239 3924 2365 4002 sciti
2392 3944 2611 4000 fuerant
2642 3924 2784 4014 (67),
2816 3941 3116 3999 Dominum
3145 3924 3395 3998 nostrum
3425 3932 3590 3992 Iesum
3616 3924 3751 3982 Chris-

2239 4042 2359 4090 tum
2389 4032 2804 4090 cruciﬁxeruut.
2833 4033 2922 4088 Illi
2974 4039 3158 4088 autem
3191 4031 3286 4103 qui
3313 4041 3520 4100 caprum
3575 4014 3752 4074 emissas

2241 4122 2383 4178 rium
2408 4122 2465 4177 in
2497 4121 2771 4178 desertum
2802 4120 3057 4185 duxerat,
3088 4126 3417 4192 praeceptum
3462 4119 3536 4169 est
3561 4115 3613 4163 ut
3635 4105 3753 4196 lavs-

2242 4221 2324 4270 ret
2352 4213 2505 4286 prius
2534 4212 2864 4269 vestimenta
2929 4226 3046 4280 sua,
3106 4216 3161 4266 et
3222 4209 3302 4266 sic
3354 4201 3683 4278 ingrederetur
3714 4200 3753 4241 In

2240 4315 2440 4374 castra,
2471 4306 2600 4379 quia
2631 4304 2807 4362 Judaei
2854 4303 3236 4361 interfectores
3282 4298 3479 4360 Christi
3526 4292 3578 4349 in
3624 4289 3753 4343 οδείη

2241 4395 2503 4453 Ecclesiae
2554 4394 2768 4466 ingredi
2796 4410 2909 4450 non
2967 4400 3285 4466 potuerunt,
3318 4388 3421 4446 nisi
3476 4383 3609 4457 prius
3654 4382 3754 4443 δραι

2245 4485 2588 4558 baptismatis
2617 4485 2997 4541 abluerentur.

2316 4540 2475 4627 Iit
2494 4540 2921 4626 Deuteronomio
2948 4567 3207 4640 praecepit
3248 4565 3454 4637 Moyses
3479 4555 3595 4615 filiis
3618 4540 3754 4637 Israei.

2248 4659 2469 4718 dicens:
2541 4685 2559 4707 ι
2618 4659 2676 4715 Si
2732 4656 3014 4715 transieris
3042 4673 3139 4730 per
3189 4670 3396 4728 agrum,
3448 4655 3498 4704 et
3539 4641 3756 4700 inveneris

2249 4765 2406 4805 avem
2462 4746 2814 4804 incubantem
2864 4729 3052 4820 super,
3082 4746 3264 4819 pullos
3303 4756 3460 4806 suos;
3517 4748 3575 4789 ne
3619 4729 3756 4818 tenetis

2249 4855 2406 4895 avem
2436 4855 2562 4895 cum
2591 4838 2759 4910 pullis
2784 4838 2919 4906 suis,
2955 4836 3050 4893 sed
3074 4835 3292 4892 dimitte
3318 4830 3521 4889 avolare
3567 4828 3691 4876 avem
3714 4820 3754 4863 ιη

2250 4945 2525 5000 campum,
2553 4937 2607 4986 et
2634 4936 2821 5001 captos
2851 4935 2976 4983 tene
3004 4926 3187 4995 ﬁlios;
3221 4932 3281 4981 ut
3311 4926 3463 4993 longo
3489 4914 3624 5001 vivas
3647 4911 3757 5001 ῐςωξ

2249 5034 2379 5091 pore
2411 5018 2660 5086 interra,
2719 5032 2882 5091 quam
2929 5016 3199 5073 Dominus
3244 5016 3384 5070 Deus
3440 5015 3551 5062 tuus
3597 4986 3757 5091 deflet“:

2246 5073 2350 5167 tibi
2384 5110 2564 5182 (Deut.
2593 5073 2750 5178 xim:
2768 5109 2821 5177 6,
2858 5108 2936 5181 7).
2965 5133 2983 5155 ι
3025 5104 3305 5178 Numquid
3332 5094 3565 5185 dimiss’i?
3580 5073 3755 5185 “93'.”

2248 5200 2367 5258 dies
2390 5175 2627 5274 alicujus
2656 5175 2852 5272 augere
2872 5175 3085 5272 poterat
3107 5175 3222 5271 (68)
3246 5196 3274 5252 7
3295 5193 3430 5259 Non,
3466 5182 3549 5243 sed
3563 5175 3754 5274 εΡίτίίῨῘ

2252 5291 2378 5348 liter
2462 5265 2892 5364 intelligendum
2951 5296 3052 5347 est.
3112 5265 3216 5346 Per
3282 5297 3434 5342 avem
3488 5265 3755 5342 unum“

2242 5525 2518 5600 prcepositi
2543 5506 2778 5599 fuerant.
2918 5597 2954 5600 ,Α
3083 5594 3120 5600 η
3186 5593 3196 5600 _
3378 5585 3389 5598 ,
3458 5580 3500 5600 ,Α
3555 5570 3597 5600 π

2573 5570 2843 5668 ’δι
2872 5597 3029 5668 edit.,
3064 5593 3280 5656 dimissa
3302 5580 3501 5650 avicula
3550 5570 3641 5630 diu

2246 5684 2342 5725 nos
2367 5688 2558 5744 augere
2585 5671 2817 5743 poterat.

3660 5553 3752 5617 alie-
