4068 6182
315 322 425 380 913

1245 321 1703 381 BERENGAUDI
1741 322 2115 382 EXPOSITIO
2154 323 2226 380 1N
2260 302 2765 383 APOCALYPSIN.

3521 331 3629 388 914

315 454 509 504 sancta
556 446 746 502 anima
780 444 1101 518 designatur
1142 464 1154 503 :
1204 463 1299 519 per
1344 448 1525 520 pullos
1571 456 1754 505 autem
1805 448 1923 522 ejus
1950 451 2001 511 A
2030 449 2150 505 leve
2200 449 2411 522 (Matth.
2452 466 2531 518 xi,
2569 450 2684 522 30).
2731 476 2749 497 -
2788 450 2914 506 Tres
2942 458 3123 506 autem
3182 450 3410 509 bilibres
3440 452 3629 513 hordei

315 536 464 593 bona
512 551 679 607 opera
721 534 1122 606 intelliguntur.
1177 536 1314 591 Nam
1370 536 1514 592 sicut
1569 537 1687 593 avis
1743 538 1924 609 pullos

314 643 450 684 suos
478 626 580 682 sub
618 626 733 682 alas
779 631 1090 696 congregat,
1140 632 1201 680 ut
1246 641 1337 682 eas
1382 625 1621 683 fovendo
1667 626 1918 696 nutriat;

316 716 397 773 ita
448 732 794 790 unaquaque
822 723 1010 772 sancta
1039 716 1223 771 anima
1251 732 1415 787 opera
1442 733 1541 773 sua
1570 717 1714 773 intra
1740 717 1924 774 cordis

313 815 527 864 secreta
573 805 845 874 recondit,
877 812 931 861 et
958 821 1021 862 ea
1052 822 1267 879 semper
1302 807 1552 879 augendo
1589 808 1923 880 multiplicat

310 905 372 953 et
398 896 596 963 nutrit,
628 902 690 949 ut
711 910 780 949 ex
811 893 880 950 iis
910 894 1215 950 mercedem
1256 895 1631 966 plenissimam
1671 897 1919 969 recipiat.

311 990 493 1045 Avem
524 986 711 1058 itaque
741 1002 865 1041 cum
900 985 1068 1057 pullis
1097 986 1212 1041 suis
1250 984 1587 1054 invenimus,
1634 1003 1760 1042 cum
1808 986 1921 1042 ali-

310 1093 481 1151 quem
509 1076 721 1149 justum
753 1092 852 1148 pro
883 1076 999 1132 suis
1025 1075 1187 1131 bonis
1220 1076 1479 1148 operibus
1513 1077 1746 1134 amando
1790 1093 1919 1133 am-

310 1165 636 1240 plectimur.
669 1165 847 1223 Avem
879 1165 937 1220 in
966 1181 1094 1237 agro
1122 1166 1341 1222 avolarc
1369 1166 1760 1238 permittimus,
1791 1184 1918 1225 cum

308 1272 446 1312 eum
470 1272 634 1329 quem
668 1254 1057 1327 diligebamus,
1088 1271 1184 1328 per
1206 1261 1435 1311 mortem
1460 1256 1528 1312 ad
1549 1273 1713 1329 regna
1734 1258 1917 1314 cales-

308 1344 394 1403 tia
428 1344 810 1402 conscendisse
841 1343 1175 1417 gaudemus:
1215 1343 1361 1401 ﬁlios
1404 1360 1536 1400 vero
1576 1346 1692 1419 ejus
1732 1356 1918 1420 captos

309 1443 590 1503 tenemus,
623 1435 670 1491 si
698 1433 818 1507 ejus
838 1434 983 1490 bona
1012 1451 1175 1507 opera
1202 1434 1257 1489 in
1288 1443 1469 1491 mente
1490 1434 1811 1503 retinemus,
1841 1445 1917 1493 at-

305 1541 420 1599 que
450 1525 507 1581 in
529 1541 720 1581 eorum
754 1524 1065 1580 imitatione
1094 1523 1431 1596 proﬁcimus.
1463 1525 1536 1581 Et
1563 1524 1622 1579 in
1651 1524 1756 1582 hoc
1786 1526 1918 1581 lon-

307 1614 621 1688 gitudinem
656 1614 786 1670 vita
815 1614 975 1670 nobis
1006 1613 1363 1689 acquirimus,
1405 1629 1525 1688 qua
1561 1629 1673 1670 non
1721 1615 1828 1670 nisi
1858 1614 1917 1671 in

303 1704 524 1761 calesti
555 1704 898 1761 beatitudine
922 1703 1240 1760 constitutis
1276 1702 1457 1760 datur.
1507 1705 1586 1760 De
1637 1705 1918 1776 apertione

2032 546 2178 595 sunt:
2211 556 2322 595 non
2355 540 2809 597 inconvenienter
2840 556 2967 613 ergo
2996 556 3092 612 per
3110 540 3386 596 senarium
3425 559 3631 599 nume-

2032 645 2152 684 rum
2190 629 2334 701 (71),
2356 629 2450 703 qui
2487 630 2759 701 perfectus
2797 637 2897 698 est,
2940 645 3102 701 opera
3131 638 3444 686 sanctorum
3475 630 3630 688 desi-

2031 717 2427 790 gnantur,quia
2456 718 2720 789 perfectio
2744 726 3057 774 sanctorum
3090 735 3153 774 ex
3181 718 3343 774 bonis
3370 719 3630 791 operibus

2029 806 2310 864 accrescit.
2344 807 2475 862 Tres
2504 805 2730 861 bilibres
2758 822 2885 877 ergo
2914 806 3107 863 hordei
3127 806 3353 862 denario
3381 806 3628 879 conjun—

2030 904 2267 970 guntur;
2328 897 2457 970 quia
2509 884 2779 969 quidquid
2816 896 2949 951 boni
2996 896 3155 952 electi
3203 896 3261 951 in
3292 895 3397 953 hoc
3425 897 3627 953 saculo

2029 994 2349 1058 operantur,
2396 985 2669 1058 quidquid
2715 985 2928 1041 adversi
2960 985 3266 1057 patiuntur,
3310 1002 3408 1058 pro
3440 1002 3626 1044 amore

2032 1077 2199 1132 unius
2227 1076 2325 1132 Dei
2354 1074 2753 1147 omnipotentis
2783 1082 2951 1146 agunt
2987 1082 3040 1131 et
3066 1075 3369 1147 patiuntur.

2097 1174 2274 1230 Aliter
2312 1190 2323 1228 :
2383 1189 2479 1245 per
2533 1188 2734 1245 equum
2774 1172 2814 1226 ii
2859 1172 2954 1245 qui
2984 1189 3081 1243 per
3108 1174 3280 1245 legem
3311 1174 3449 1230 salvi
3481 1174 3622 1233 facti

2027 1272 2162 1320 sunt
2212 1262 2603 1335 designantur:
2664 1278 2759 1334 per
2804 1278 3144 1318 ascensorem
3177 1262 3293 1333 ejus
3326 1263 3440 1335 ipse
3466 1262 3625 1320 dator

2027 1352 2180 1425 legis:
2218 1368 2312 1425 per
2341 1358 2596 1408 stateram
2624 1367 2755 1407 vero
2788 1350 3017 1423 aquitas
3039 1350 3240 1423 judicii
3282 1350 3623 1423 ejus.Conse-

2026 1460 2200 1517 quens
2266 1450 2349 1499 est
2402 1452 2464 1500 ut
2507 1457 2603 1516 per
2656 1441 2815 1497 binas
2872 1441 3040 1498 libras
3098 1442 3269 1500 tritici
3307 1450 3361 1499 et
3390 1459 3486 1517 per
3514 1451 3624 1500 tres

2025 1538 2257 1595 bilibres
2311 1538 2504 1595 hordei
2553 1546 2711 1595 vetus
2749 1540 3157 1595 Testamentum
3198 1538 3573 1611 intelligamus
3606 1555 3619 1596 :

2025 1644 2122 1701 per
2158 1627 2318 1684 binas
2343 1644 2471 1700 ergo
2488 1627 2657 1683 libras
2685 1627 2856 1683 tritici
2886 1627 2996 1683 duo
3026 1635 3294 1700 pracepta
3313 1628 3617 1697 charitatis,

2024 1732 2145 1790 qua
2189 1716 2249 1772 in
2288 1716 2404 1787 lege
2454 1722 2509 1771 et
2560 1716 2840 1788 prophetis
2888 1716 3198 1788 specialiter
3220 1716 3623 1773 commendan-

303 1798 464 1854 tertii
491 1797 660 1871 sigilli
690 1814 861 1870 pauca
889 1796 957 1854 de
985 1796 1177 1855 multis
1197 1796 1464 1865 diximus,
1497 1813 1645 1854 nunc
1662 1797 1911 1855 ordinem
1941 1814 1989 1876 Β
2024 1811 2142 1873 tur,
2180 1804 2559 1878 designantur,
2583 1803 2726 1861 sicut
2753 1804 3025 1861 Dominus
3051 1805 3188 1861 dicit
3207 1804 3265 1860 in
3295 1805 3617 1877 Evangelio:

303 1906 728 1965 prosequamur.

382 2018 565 2082 (Vers.
605 2017 687 2087 5.)
721 2014 923 2072 Audivi
963 2014 1171 2070 tertium
1217 2013 1423 2070 animal
1463 2013 1676 2069 dicens:
1715 2013 1839 2072 Veni
1866 2021 1915 2069 et

302 2115 463 2181 vide;
491 2115 547 2171 id
577 2123 677 2184 est,
721 2114 967 2187 intelligo
1014 2112 1339 2187 spiritaliter
1381 2108 1525 2167 529
1571 2112 1909 2185 Scripturam

305 2206 446 2278 legis
478 2206 615 2277 (69).
650 2206 722 2261 Et
750 2222 855 2259 ecce
883 2221 1045 2275 equus
1070 2204 1236 2275 niger,
1281 2208 1329 2258 et
1368 2202 1461 2274 qui
1506 2203 1711 2257 sedebat
1754 2219 1913 2274 super

302 2311 425 2349 eum
454 2293 673 2349 habebat
697 2298 949 2348 stateram
980 2292 1035 2345 in
1062 2309 1225 2346 manu
1264 2308 1381 2346 sua.
1435 2291 1537 2347 Per
1574 2306 1777 2363 equum
1812 2290 1910 2346 ni-

302 2400 466 2456 grum
515 2383 766 2439 doctores
795 2380 931 2453 legis
959 2397 1250 2454 possumus
1296 2379 1636 2452 intelligere;
1681 2377 1909 2450 nigredo

303 2476 456 2531 enim
488 2474 612 2546 equi
643 2474 760 2529 sive
790 2473 1177 2530 obscuritatem
1203 2473 1358 2546 legis,
1386 2489 1550 2546 quam
1577 2472 1907 2537 docuerunt,

302 2563 425 2620 sive
455 2562 718 2619 duritiam
749 2562 1016 2634 designat.
1055 2563 1191 2619 Nam
1220 2570 1272 2617 et
1300 2563 1515 2635 Moyses
1545 2562 1793 2617 velamen
1816 2560 1908 2615 ha-

299 2652 470 2709 bebat
490 2669 652 2724 super
676 2652 871 2707 faciem
899 2669 1074 2720 suam,
1105 2667 1170 2707 eo
1223 2650 1368 2724 quod
1415 2650 1673 2724 splendor
1722 2651 1908 2706 vultus

300 2742 443 2815 ejus,
477 2742 533 2797 id
562 2748 663 2808 est,
696 2740 961 2813 spiritalis
981 2739 1347 2813 intelligentia
1374 2739 1431 2795 in
1454 2740 1569 2811 lege
1600 2755 1631 2793 a
1660 2739 1909 2812 lippien-
1973 2784 1979 2789 .

304 2830 457 2887 tibus
484 2830 660 2886 oculis
690 2846 799 2886 non
850 2836 1031 2901 posset
1078 2827 1276 2884 videri.
1317 2827 1503 2884 Sessor
1551 2834 1732 2883 autem
1779 2828 1906 2900 equi

297 2920 578 2977 Dominus
605 2928 721 2975 est:
754 2925 956 2974 statera
987 2934 1117 2974 vero
1156 2917 1467 2989 aquitatem
1502 2916 1703 2989 judicii
1753 2917 1908 2989 lega-

300 3008 376 3064 lis
423 3007 785 3073 demonstrat,
817 3016 879 3063 ut
907 3014 988 3063 est
1019 3006 1199 3062 istud:
1240 3030 1258 3055 ‹
1283 3005 1540 3061 Animam
1572 3022 1670 3078 pro
1699 3004 1904 3073 anima,

299 3096 527 3153 oculum
556 3112 655 3168 pro
685 3096 867 3163 oculo,
923 3094 1141 3150 dentem
1186 3111 1285 3166 pro
1331 3094 1513 3158 dente,
1563 3094 1753 3167 pedem
1807 3110 1906 3166 pro

296 3185 442 3259 pede
492 3186 695 3257 (Exod.
737 3202 859 3253 xxi,
890 3184 979 3253 23,
1022 3184 1139 3256 24),
1191 3209 1209 3232 ι

292 3275 426 3348 quis
456 3273 723 3330 maculam
758 3273 899 3345 (70),
932 3273 1098 3328 talem
1130 3280 1184 3327 et
1212 3273 1483 3329 sustinere
1513 3278 1757 3345 cogatur.

375 3411 560 3481 (Vers.
589 3409 671 3480 6.)
724 3411 798 3465 Et
818 3410 1005 3465 audivi
1034 3426 1204 3465 vocem
1234 3410 1290 3464 in
1322 3410 1489 3465 medio
1513 3417 1745 3482 quatuor
1772 3411 1903 3467 ani-

294 3502 520 3559 malium
549 3500 815 3556 dicentem.
858 3501 1040 3557 Potest
1084 3517 1179 3573 per
1223 3517 1412 3558 vocem
1462 3517 1582 3573 qua
1630 3502 1774 3558 facta
1821 3511 1901 3559 est

292 3593 359 3650 in
392 3593 575 3649 medio
603 3601 839 3666 quatuor
864 3592 1209 3661 animalium,
1257 3609 1367 3648 vox
1407 3593 1666 3650 Ecclesia
1703 3594 1897 3666 accipi,

293 3682 523 3739 Domini
560 3681 995 3739 misericordiam
1052 3682 1418 3753 implorantis.
1464 3682 1690 3738 Bilibris
1738 3683 1902 3739 tritici

290 3772 542 3841 denario,
574 3778 621 3827 et
649 3779 751 3828 tres
788 3772 1000 3827 bilibres
1037 3771 1219 3827 hordei
1263 3772 1504 3836 denario,
1553 3779 1601 3827 et
1644 3773 1827 3827 vinum
1853 3778 1901 3828 et

292 3863 469 3918 oleum
495 3876 559 3915 ne
588 3861 801 3917 laseris.
835 3861 1027 3933 Magna
1056 3866 1187 3915 sunt
1215 3876 1335 3932 qua
1370 3860 1620 3932 protulit,
1654 3870 1708 3918 et
1740 3861 1899 3918 valde

293 3957 552 4014 obscura.
604 3958 708 4013 Per
735 3955 983 4013 triticum
1013 3973 1083 4013 ex
1121 3973 1229 4031 quo
1268 3956 1423 4030 panis
1467 3957 1710 4029 optimus
1755 3976 1899 4016 con-

295 4045 505 4113 ﬁcitur,
573 4043 823 4101 divinam
888 4044 1225 4118 Scripturam
1294 4062 1583 4118 possumus
1629 4048 1897 4120 accipere,

294 4155 421 4214 qua
450 4146 532 4193 est
558 4138 715 4210 panis
763 4138 1116 4194 animarum:
1172 4137 1295 4193 dua
1343 4154 1475 4194 vero
1523 4138 1677 4196 libra
1726 4139 1898 4197 tritici

292 4229 412 4287 duo
443 4230 789 4285 Testamenta
815 4227 1125 4299 designant,
1156 4227 1358 4300 quibus
1395 4228 1587 4285 divina
1615 4228 1899 4301 Scriptura

291 4319 593 4376 dividitur.
625 4320 712 4374 Ex
742 4317 810 4373 iis
838 4317 1051 4373 duabus
1081 4317 1238 4373 libris
1266 4316 1440 4373 tritici
1471 4333 1722 4389 magnam
1747 4319 1895 4377 cibo-

292 4424 423 4464 rum
455 4407 670 4478 copiam
702 4406 862 4462 nobis
892 4405 1069 4462 sancti
1099 4405 1284 4460 Patres
1311 4414 1776 4477 praeparaverunt,
1799 4408 1895 4480 qui

291 4514 418 4555 eam
478 4497 862 4569 multipliciter
916 4504 1334 4568 exposuerunt:
1392 4495 1651 4553 denarius
1708 4506 1891 4554 autem
1924 4536 1973 4596 Β

290 4587 599 4648 Dominum
636 4585 904 4658 designat.
939 4585 1091 4642 Bina
1122 4601 1249 4657 ergo
1271 4584 1426 4641 libra
1469 4585 1642 4641 tritici
1669 4585 1894 4644 denario

288 4683 660 4755 copulantur;
686 4682 815 4756 quia
846 4681 993 4755 quod
1015 4689 1201 4738 sancta
1220 4681 1507 4755 Scriptura
1537 4683 1802 4755 loquitur.
1826 4683 1895 4739 ad

288 4771 468 4829 unius
501 4772 597 4827 Dei
630 4771 1114 4844 omnipotentiam,
1167 4771 1627 4843 magnitudinem,
1681 4771 1894 4829 bonita-

292 4872 440 4930 tem,
462 4870 626 4934 atque
649 4860 996 4917 severitatem
1024 4862 1276 4932 pertinet;
1302 4860 1570 4934 quidquid
1593 4861 1737 4917 enim
1762 4861 1894 4919 boni

286 4966 424 5021 erga
456 4949 742 5022 proximos
775 4950 1009 5022 agimus,
1061 4949 1129 5005 de
1179 4951 1276 5006 illo
1305 4958 1408 5017 est,
1441 4966 1551 5006 non
1596 4950 1665 5007 de
1712 4952 1891 5009 nobis.

285 5044 403 5100 Per
465 5041 813 5115 asperitatem
872 5058 1004 5098 vero
1071 5040 1262 5097 hordei
1339 5058 1504 5113 opera
1579 5051 1893 5101 sanctorum

286 5129 661 5202 designantur
691 5146 812 5203 qua
842 5146 1029 5203 aspera
1058 5129 1278 5203 quidem
1304 5130 1566 5187 videntur
1614 5148 1709 5204 per
1755 5150 1896 5206 ope-

287 5219 594 5289 rationem,
618 5221 707 5277 sed
740 5238 862 5295 spes
889 5238 952 5277 ea
980 5220 1171 5278 suavia
1199 5220 1352 5287 facit,
1374 5221 1517 5277 sicut
1545 5220 1683 5280 dicit
1709 5223 1897 5280 Domi-

288 5328 405 5370 nus
437 5329 450 5368 :
496 5335 514 5359 ι
545 5313 745 5386 Iugum
774 5313 921 5369 enim
951 5329 1134 5370 meum
1165 5329 1331 5370 suave
1347 5320 1447 5382 est,
1468 5322 1522 5370 et
1542 5330 1682 5371 onus
1711 5331 1893 5373 meum

372 5493 489 5566 (69)
525 5496 682 5553 Rom.
713 5495 847 5553 edit.
880 5495 1016 5564 sola,
1045 5495 1139 5566 qui
1169 5495 1503 5566 Scripturam
1534 5494 1677 5566 legis.

370 5565 489 5637 (70)
521 5566 724 5623 Omnes
750 5567 909 5635 edit.,
952 5574 1000 5621 et
1037 5565 1192 5637 quale
1221 5566 1477 5636 inﬂiaerit
1520 5565 1639 5637 quis
1668 5565 1891 5634 malum,

296 5638 425 5704 tale,
461 5646 588 5694 etc.:
622 5654 751 5695 mss.
785 5648 968 5695 autem
1000 5647 1062 5694 ut
1091 5638 1150 5693 in
1174 5644 1459 5694 contextu.

376 5709 495 5783 (71)
535 5709 713 5782 Edit.,
738 5727 840 5786 per
869 5709 1140 5769 binarium
1166 5725 1464 5767 numerum.
1504 5708 1576 5767 Et
1628 5708 1795 5781 infra,
1846 5716 1895 5767 et

1267 3192 1322 3240 et
1367 3184 1582 3258 qualem
1638 3183 1906 3240 inﬂixerit
1939 3178 1984 3239 Ο

2034 1915 2054 1940 ι
2108 1894 2171 1949 In
2216 1892 2285 1948 iis
2331 1892 2547 1949 duobus
2595 1891 2869 1949 mandatis
2907 1899 3022 1949 tota
3052 1894 3143 1948 lex
3172 1893 3374 1965 pendet
3403 1902 3457 1951 et
3485 1911 3623 1967 pro-

2019 1981 2199 2055 pheta
2256 1982 2469 2054 (Matth.
2528 1998 2675 2051 xxii,
2734 1982 2851 2053 40).
2910 2006 2929 2030 ι
2996 1984 3067 2040 Et
3114 1999 3211 2055 per
3255 1990 3366 2040 tres
3394 1983 3623 2041 bilibres

2021 2070 2215 2129 hordei
2268 2078 2427 2128 vetus
2456 2072 2866 2127 Testamentum
2910 2089 3200 2146 possumus
3227 2073 3473 2145 accipere
3494 2077 3523 2141 ';
3557 2090 3622 2130 eo

2020 2159 2167 2234 quod
2197 2160 2256 2216 in
2287 2169 2398 2218 tres
2427 2168 2608 2233 partes
2636 2160 2703 2216 ab
2733 2160 2976 2217 Hebraeis
3023 2160 3326 2229 dividatur,
3378 2162 3438 2218 in
3475 2162 3622 2219 Pro—

2019 2250 2234 2322 phetas,
2285 2249 2341 2304 in
2396 2250 2612 2322 Legem,
2672 2249 2730 2305 in
2778 2249 3177 2323 Hagiographa.
3204 2249 3315 2306 Nec
3344 2250 3621 2307 inconve-

2019 2338 2236 2394 nienter
2291 2354 2387 2410 per
2425 2337 2715 2408 hordeum,
2774 2339 2922 2412 quod
2966 2355 3218 2412 asperum
3248 2338 3413 2397 habet
3441 2340 3620 2397 corti-

2018 2444 2160 2497 cem,
2215 2437 2375 2485 vetus
2404 2428 2818 2484 Testamentum
2863 2427 3431 2502 designatur,propter
3453 2445 3618 2502 aspe-

2017 2502 2237 2575 ritatem
2312 2518 2570 2575 videlicet
2648 2525 3048 2590 praceptorum
3131 2518 3387 2589 legalium
3475 2518 3610 2589 (72).

2018 2610 2157 2666 Nam
2230 2608 2374 2663 sicut
2446 2605 2714 2662 hordeum
2778 2605 2930 2679 infra
2985 2607 3330 2677 asperitatem
3389 2606 3613 2663 corticis

2016 2698 2103 2755 sui
2158 2698 2459 2753 medullam
2516 2695 2783 2763 continet,
2846 2711 2916 2749 ex
2973 2710 3081 2767 qua
3110 2694 3267 2766 panis
3295 2695 3612 2765 conﬁcitur,

2017 2785 2096 2842 ita
2133 2794 2187 2841 et
2247 2785 2394 2841 infra
2431 2785 2674 2841 litteram
2731 2783 2936 2839 veteris
2982 2782 3319 2839 Testamenti
3346 2783 3613 2857 spiritalis

2015 2872 2385 2945 intelligentia
2437 2872 2778 2940 continetur,
2808 2888 2878 2927 ex
2906 2888 3014 2945 qua
3045 2887 3076 2927 a
3106 2872 3380 2944 magistris
3408 2874 3613 2930 Eccle-

2015 2966 2110 3022 sia
2166 2964 2324 3037 panis
2371 2962 2636 3021 doctrina
2680 2962 2951 3035 spiritalis
2973 2961 3288 3033 conﬁcitur,
3323 2964 3391 3020 ad
3420 2964 3613 3020 nutri-

2015 3064 2201 3112 menta
2250 3053 2498 3111 ﬁdelium
2555 3052 2861 3126 proﬁcens;
2922 3051 3120 3110 scribit
3159 3053 3307 3110 enim
3334 3054 3613 3127 apostolus

2013 3145 2215 3200 Paulus
2261 3144 2391 3217 quia
2447 3143 2663 3199 nullum
2719 3142 2788 3199 ad
2842 3143 3145 3215 perfectum
3198 3142 3431 3200 adduxit
3480 3144 3607 3215 lex,

2012 3237 2229 3292 nullum
2271 3233 2485 3292 scilicet
2532 3250 2725 3290 eorum
2781 3233 2876 3307 qui
2926 3250 3046 3290 eam
3075 3233 3369 3290 carnaliter
3405 3232 3610 3290 intelli-

2010 3335 2147 3400 gunt
2174 3334 2228 3382 et
2264 3334 2579 3398 operantur:
2622 3340 2714 3380 eos
2742 3341 2874 3381 vero
2898 3325 2994 3398 qui
3023 3341 3140 3380 eam
3172 3324 3496 3397 spiritaliter
3525 3324 3608 3380 in-

2008 3416 2273 3489 telligunt
2340 3424 2394 3471 et
2439 3422 2735 3487 operantur
2779 3457 2795 3482 ,
2844 3413 2913 3469 ad
2979 3413 3334 3486 perfectionis
3384 3414 3606 3471 culmen

2008 3504 2127 3561 sine
2182 3503 2355 3561 dubio
2419 3503 2582 3576 erigit
2621 3502 2774 3574 (Heb.
2830 3519 2929 3571 vri,
2963 3503 3076 3575 19).
3110 3502 3240 3559 Tres
3284 3519 3413 3576 ergo
3450 3496 3607 3560 libra

2008 3592 2203 3650 hordei
2248 3593 2627 3667 duplicantur,
2668 3600 2730 3649 ut
2775 3591 2845 3649 ad
2874 3591 3176 3662 senarium,
3208 3592 3305 3666 qui
3336 3591 3607 3665 perfectus

2008 3690 2091 3740 est
2146 3698 2430 3749 numerus,
2477 3682 2823 3754 perveniant;
2852 3698 2976 3739 cum
3008 3689 3168 3737 vetus
3195 3681 3606 3739 Testamentum

2008 3789 2040 3828 a
2081 3772 2402 3829 doctoribus
2454 3771 2715 3829 Ecclesia
2765 3772 2948 3845 primo
2995 3770 3380 3841 historialiter,
3422 3778 3609 3844 postea

2006 3860 2705 3934 spiritaliterintelligitur,
2737 3860 2965 3934 ejusque
3001 3859 3265 3933 spiritalis
3299 3860 3605 3934 intelligen-

2004 3954 2085 4008 tia
2131 3949 2390 4023 operibus
2435 3949 2715 4020 impletur.
2750 3949 2851 4004 Per
2873 3948 3163 4005 denarium
3191 3956 3375 4004 autem
3405 3955 3606 4003 aterna

2006 4040 2123 4097 vita
2177 4039 2513 4111 designatur,
2563 4037 2707 4095 sicut
2733 4037 3003 4093 Dominus
3027 4037 3187 4093 docet
3216 4036 3273 4091 in
3302 4035 3605 4107 Evangelio

2008 4130 2221 4202 (Matth.
2262 4145 2361 4197 xx,
2394 4128 2474 4198 2).
2507 4128 2769 4185 Precatur
2800 4128 2970 4200 igitur
2996 4125 3297 4182 Dominum
3335 4122 3601 4191 Ecclesia,

2005 4229 2060 4278 et
2114 4220 2294 4277 dicit:
2350 4220 2576 4277 Bilibris
2627 4218 2794 4274 tritici
2846 4216 3085 4283 denario,
3140 4222 3190 4272 et
3243 4220 3348 4270 tres
3392 4214 3604 4271 bilibres

2004 4312 2191 4368 hordei
2217 4312 2460 4382 denario,
2492 4311 2550 4368 id
2576 4318 2676 4379 est,
2716 4310 2755 4366 ii
2787 4310 2880 4382 qui
2911 4309 3025 4365 duo
3057 4315 3325 4381 pracepta
3352 4306 3604 4364 charita—

2005 4402 2080 4457 tis
2111 4399 2415 4457 secundum
2462 4398 2771 4455 doctrinam
2800 4397 2957 4471 Legis
2982 4405 3145 4471 atque
3182 4395 3600 4470 Prophetarum,

2004 4497 2259 4555 Patribus
2317 4497 2575 4555 videlicet
2616 4497 2817 4555 veteris
2847 4497 3181 4554 Testamenti
3217 4515 3229 4553 :
3262 4496 3521 4553 similiter
3550 4505 3605 4555 et

2002 4591 2083 4647 eis
2123 4589 2221 4663 qui
2274 4596 2434 4645 vetus
2478 4590 2888 4645 Testamentum
2934 4587 3257 4660 spiritaliter
3285 4588 3605 4663 intelligunt

2002 4687 2057 4736 et
2106 4685 2420 4752 operantur,
2473 4678 2528 4734 id
2572 4685 2672 4745 est,
2704 4676 2962 4733 ﬁdelibus
3001 4676 3281 4747 Ecclesia,
3313 4676 3600 4734 denarium

2003 4769 2133 4825 vita
2180 4776 2399 4824 aterna
2448 4766 2674 4838 dignare
2717 4766 3041 4837 largiri.Per
3066 4765 3440 4823 austeritatem
3471 4783 3602 4823 vero

2003 4858 2125 4914 vini
2160 4858 2400 4913 activam
2430 4855 2628 4925 vitam,
2660 4872 2757 4928 per
2788 4854 3178 4928 pinguedinem
3224 4855 3331 4911 blei
3359 4864 3601 4913 contem-

2003 4948 2269 5023 plativam
2324 4963 2615 5021 possumus
2680 4946 2944 5018 accipere.
3012 4944 3173 5013 Quod
3245 4962 3373 5019 ergo
3417 4947 3596 5005 dicit:

2014 5040 2200 5098 Vinum
2253 5044 2302 5094 et
2355 5038 2533 5093 oleum
2576 5054 2643 5091 ne
2683 5037 2903 5105 laseris,
2931 5036 3040 5092 tale
3067 5044 3147 5092 est
3176 5053 3240 5093 ac
3272 5036 3317 5092 si
3348 5036 3554 5093 diceret
3582 5051 3595 5089 :

2002 5130 2113 5186 Eos
2152 5128 2247 5201 qui
2286 5127 2389 5185 tibi
2434 5143 2531 5199 per
2572 5126 2767 5183 activa
2801 5125 2931 5181 vita
2954 5141 3119 5199 opera
3164 5125 3282 5182 sive
3343 5134 3600 5182 contem-

2004 5220 2229 5293 plativa
2248 5219 2455 5275 servire
2475 5216 2831 5286 studuerunt,
2859 5232 2928 5273 ne
2951 5216 3173 5285 laseris,
3203 5231 3327 5273 cum
3357 5214 3427 5271 ad
3448 5213 3596 5287 judi-

2004 5309 2153 5368 cium
2206 5306 2446 5365 veneris.

1996 5509 2095 5620 ﬁer
2143 5498 2245 5547 tres
2271 5490 2435 5548 libras
2463 5488 2680 5557 hordei;
2716 5503 2846 5544 mss.
2878 5492 3059 5544 autem
3090 5492 3323 5559 utroque
3351 5486 3474 5544 loco
3500 5503 3597 5545 no-

2041 5582 2087 5620 is
2114 5568 2441 5620 consonant.

2041 5565 2087 5620 is
2114 5568 2441 5620 consonant.

2075 5635 2192 5706 (72)
2225 5635 2305 5691 Ita
2334 5650 2463 5706 mss.
2471 5650 2488 5706 _;
2520 5631 2653 5688 edit.
2683 5645 2832 5706 vero.
2860 5634 3082 5702 propter
3108 5628 3445 5705 asperitatem
3468 5648 3599 5691 cor-

2002 5700 2116 5764 τίσει
2143 5700 2251 5777 sui,
2281 5704 2572 5767 Medullam
2610 5700 2991 5771 continet,‘eto.
