  <div class='ocr_page' id='page_1' title='image "/cluster/home/n/w/nwhite01/storage/ocr_20150623/17/hvd.32044096580436/463.png"; bbox 0 0 4020 6200; ppageno 0'>
   <div class='ocr_carea' id='block_1_1' title="bbox 554 332 661 393">
    <p class='ocr_par' dir='ltr' id='par_1_1' title="bbox 554 332 661 393">
     <span class='ocr_line' id='line_1_1' title="bbox 554 332 661 393; baseline 0.056 -7"><span class='ocrx_word' id='word_1_1' title='bbox 554 332 661 393; x_wconf 77' lang='grc'>915</span> 
     </span>
    </p>
   </div>
   <div class='ocr_carea' id='block_1_2' title="bbox 1583 294 3759 397">
    <p class='ocr_par' dir='ltr' id='par_1_2' title="bbox 1583 294 3759 397">
     <span class='ocr_line' id='line_1_2' title="bbox 1583 294 3759 397; baseline 0.003 -7"><span class='ocrx_word' id='word_1_2' title='bbox 1583 337 1677 391; x_wconf 82' lang='lat' dir='ltr'>AD</span> <span class='ocrx_word' id='word_1_3' title='bbox 1716 334 1948 391; x_wconf 81' lang='lat' dir='ltr'>OPERA</span> <span class='ocrx_word' id='word_1_4' title='bbox 1987 334 2042 390; x_wconf 90' lang='lat' dir='ltr'>S.</span> <span class='ocrx_word' id='word_1_5' title='bbox 2086 334 2416 391; x_wconf 82' lang='lat' dir='ltr'>AMBROSII</span> <span class='ocrx_word' id='word_1_6' title='bbox 2454 335 2835 392; x_wconf 79' lang='lat' dir='ltr'>AI’PENDIX.</span> <span class='ocrx_word' id='word_1_7' title='bbox 3330 294 3331 297; x_wconf 8' lang='grc' dir='ltr'>Ἴ</span> <span class='ocrx_word' id='word_1_8' title='bbox 3682 340 3759 397; x_wconf 80' lang='lat'>916</span> 
     </span>
    </p>
   </div>
   <div class='ocr_carea' id='block_1_3' title="bbox 632 460 3762 540">
    <p class='ocr_par' dir='ltr' id='par_1_3' title="bbox 632 460 3762 540">
     <span class='ocr_line' id='line_1_3' title="bbox 632 460 3762 540; baseline 0.002 -23"><span class='ocrx_word' id='word_1_9' title='bbox 632 462 814 534; x_wconf 88' lang='lat' dir='ltr'>(Vers.</span> <span class='ocrx_word' id='word_1_10' title='bbox 867 461 945 531; x_wconf 91' lang='lat'>7.)</span> <span class='ocrx_word' id='word_1_11' title='bbox 997 460 1288 534; x_wconf 88' lang='lat' dir='ltr'>Sequitur:</span> <span class='ocrx_word' id='word_1_12' title='bbox 1343 463 1415 516; x_wconf 85' lang='lat' dir='ltr'>Et</span> <span class='ocrx_word' id='word_1_13' title='bbox 1460 478 1573 515; x_wconf 80' lang='lat' dir='ltr'>cum</span> <span class='ocrx_word' id='word_1_14' title='bbox 1605 462 1897 532; x_wconf 76' lang='lat' dir='ltr'>aperuisset</span> <span class='ocrx_word' id='word_1_15' title='bbox 1925 462 2158 532; x_wconf 75' lang='lat' dir='ltr'>sigillum</span> <span class='ocrx_word' id='word_1_16' title='bbox 2191 466 2239 524; x_wconf 82' lang='grc' dir='ltr'>Α</span> <span class='ocrx_word' id='word_1_17' title='bbox 2268 478 2363 533; x_wconf 89' lang='lat' dir='ltr'>per</span> <span class='ocrx_word' id='word_1_18' title='bbox 2410 461 2645 516; x_wconf 86' lang='lat' dir='ltr'>habebat</span> <span class='ocrx_word' id='word_1_19' title='bbox 2698 461 2754 515; x_wconf 90' lang='lat' dir='ltr'>in</span> <span class='ocrx_word' id='word_1_20' title='bbox 2808 460 3085 529; x_wconf 89' lang='lat' dir='ltr'>manibus,</span> <span class='ocrx_word' id='word_1_21' title='bbox 3134 463 3394 535; x_wconf 88' lang='lat' dir='ltr'>elegitque</span> <span class='ocrx_word' id='word_1_22' title='bbox 3439 466 3532 521; x_wconf 86' lang='lat' dir='ltr'>sibi</span> <span class='ocrx_word' id='word_1_23' title='bbox 3576 468 3762 540; x_wconf 88' lang='lat' dir='ltr'>quinque</span> 
     </span>
    </p>
   </div>
   <div class='ocr_carea' id='block_1_4' title="bbox 557 550 2154 623">
    <p class='ocr_par' dir='ltr' id='par_1_4' title="bbox 557 550 2154 623">
     <span class='ocr_line' id='line_1_4' title="bbox 557 550 2154 623; baseline -0.001 -16"><span class='ocrx_word' id='word_1_24' title='bbox 557 559 833 623; x_wconf 81' lang='lat' dir='ltr'>quartum.</span> <span class='ocrx_word' id='word_1_25' title='bbox 869 551 1094 622; x_wconf 88' lang='lat' dir='ltr'>Apertio</span> <span class='ocrx_word' id='word_1_26' title='bbox 1125 550 1293 622; x_wconf 75' lang='lat' dir='ltr'>sigilli</span> <span class='ocrx_word' id='word_1_27' title='bbox 1345 550 1523 623; x_wconf 79' lang='lat' dir='ltr'>quarti</span> <span class='ocrx_word' id='word_1_28' title='bbox 1555 551 1622 606; x_wconf 91' lang='lat' dir='ltr'>ad</span> <span class='ocrx_word' id='word_1_29' title='bbox 1653 550 1944 622; x_wconf 85' lang='lat' dir='ltr'>prophetas</span> <span class='ocrx_word' id='word_1_30' title='bbox 1975 552 2154 623; x_wconf 87' lang='lat' dir='ltr'>perti-</span> 
     </span>
    </p>
   </div>
   <div class='ocr_carea' id='block_1_5' title="bbox 556 639 2151 713">
    <p class='ocr_par' dir='ltr' id='par_1_5' title="bbox 556 639 2151 713">
     <span class='ocr_line' id='line_1_5' title="bbox 556 639 2151 713; baseline 0 -17"><span class='ocrx_word' id='word_1_31' title='bbox 556 650 670 709; x_wconf 85' lang='lat' dir='ltr'>net,</span> <span class='ocrx_word' id='word_1_32' title='bbox 704 642 797 713; x_wconf 86' lang='lat' dir='ltr'>qui</span> <span class='ocrx_word' id='word_1_33' title='bbox 828 640 1124 695; x_wconf 78' lang='lat' dir='ltr'>adventum</span> <span class='ocrx_word' id='word_1_34' title='bbox 1159 639 1385 707; x_wconf 77' lang='lat' dir='ltr'>Christi,</span> <span class='ocrx_word' id='word_1_35' title='bbox 1441 641 1770 711; x_wconf 87' lang='lat' dir='ltr'>passionem,</span> <span class='ocrx_word' id='word_1_36' title='bbox 1803 650 1856 696; x_wconf 92' lang='lat' dir='ltr'>et</span> <span class='ocrx_word' id='word_1_37' title='bbox 1886 658 2151 697; x_wconf 87' lang='lat' dir='ltr'>resurrec-</span> 
     </span>
    </p>
   </div>
   <div class='ocr_carea' id='block_1_6' title="bbox 557 729 2153 802">
    <p class='ocr_par' dir='ltr' id='par_1_6' title="bbox 557 729 2153 802">
     <span class='ocr_line' id='line_1_6' title="bbox 557 729 2153 802; baseline 0.001 -17"><span class='ocrx_word' id='word_1_38' title='bbox 557 731 767 785; x_wconf 81' lang='lat' dir='ltr'>tionem</span> <span class='ocrx_word' id='word_1_39' title='bbox 802 729 935 801; x_wconf 88' lang='lat' dir='ltr'>ejus,</span> <span class='ocrx_word' id='word_1_40' title='bbox 978 731 1430 801; x_wconf 87' lang='lat' dir='ltr'>vocationemque</span> <span class='ocrx_word' id='word_1_41' title='bbox 1460 731 1701 801; x_wconf 87' lang='lat' dir='ltr'>gentium</span> <span class='ocrx_word' id='word_1_42' title='bbox 1744 739 1797 784; x_wconf 92' lang='lat' dir='ltr'>et</span> <span class='ocrx_word' id='word_1_43' title='bbox 1821 741 2005 802; x_wconf 86' lang='lat' dir='ltr'>aperto</span> <span class='ocrx_word' id='word_1_44' title='bbox 2031 748 2153 787; x_wconf 85' lang='lat' dir='ltr'>ser—</span> 
     </span>
    </p>
   </div>
   <div class='ocr_carea' id='block_1_7' title="bbox 556 819 2154 890">
    <p class='ocr_par' dir='ltr' id='par_1_7' title="bbox 556 819 2154 890">
     <span class='ocr_line' id='line_1_7' title="bbox 556 819 2154 890; baseline 0 -16"><span class='ocrx_word' id='word_1_45' title='bbox 556 835 736 887; x_wconf 89' lang='lat' dir='ltr'>mone,</span> <span class='ocrx_word' id='word_1_46' title='bbox 787 827 841 873; x_wconf 88' lang='lat' dir='ltr'>et</span> <span class='ocrx_word' id='word_1_47' title='bbox 886 835 982 889; x_wconf 92' lang='lat' dir='ltr'>per</span> <span class='ocrx_word' id='word_1_48' title='bbox 1008 819 1186 873; x_wconf 86' lang='lat' dir='ltr'>varias</span> <span class='ocrx_word' id='word_1_49' title='bbox 1219 819 1827 890; x_wconf 68' lang='lat' dir='ltr'>ﬁgurasprtedixerunt</span> <span class='ocrx_word' id='word_1_50' title='bbox 1857 838 1867 874; x_wconf 90' lang='lat'><strong>:</strong></span> <span class='ocrx_word' id='word_1_51' title='bbox 1903 819 2154 874; x_wconf 84' lang='lat' dir='ltr'>Salvator</span> 
     </span>
    </p>
   </div>
   <div class='ocr_carea' id='block_1_8' title="bbox 556 908 2151 980">
    <p class='ocr_par' dir='ltr' id='par_1_8' title="bbox 556 908 2151 980">
     <span class='ocr_line' id='line_1_8' title="bbox 556 908 2151 980; baseline 0 -17"><span class='ocrx_word' id='word_1_52' title='bbox 556 908 726 979; x_wconf 89' lang='lat' dir='ltr'>igitur</span> <span class='ocrx_word' id='word_1_53' title='bbox 757 915 940 962; x_wconf 89' lang='lat' dir='ltr'>noster</span> <span class='ocrx_word' id='word_1_54' title='bbox 987 916 1243 980; x_wconf 91' lang='lat' dir='ltr'>quartum</span> <span class='ocrx_word' id='word_1_55' title='bbox 1278 909 1521 979; x_wconf 87' lang='lat' dir='ltr'>sigillum</span> <span class='ocrx_word' id='word_1_56' title='bbox 1552 910 1788 980; x_wconf 87' lang='lat' dir='ltr'>aperuit,</span> <span class='ocrx_word' id='word_1_57' title='bbox 1819 909 2040 979; x_wconf 82' lang='lat' dir='ltr'>quando</span> <span class='ocrx_word' id='word_1_58' title='bbox 2074 909 2151 962; x_wconf 89' lang='lat' dir='ltr'>in-</span> 
     </span>
    </p>
   </div>
   <div class='ocr_carea' id='block_1_9' title="bbox 556 999 2151 1070">
    <p class='ocr_par' dir='ltr' id='par_1_9' title="bbox 556 999 2151 1070">
     <span class='ocr_line' id='line_1_9' title="bbox 556 999 2151 1070; baseline -0.001 -16"><span class='ocrx_word' id='word_1_59' title='bbox 556 999 914 1070; x_wconf 88' lang='lat' dir='ltr'>telligentiam</span> <span class='ocrx_word' id='word_1_60' title='bbox 942 999 1328 1070; x_wconf 89' lang='lat' dir='ltr'>prophetarum</span> <span class='ocrx_word' id='word_1_61' title='bbox 1357 999 1676 1054; x_wconf 88' lang='lat' dir='ltr'>doctoribus</span> <span class='ocrx_word' id='word_1_62' title='bbox 1714 999 1971 1054; x_wconf 68' lang='lat' dir='ltr'>Ecclesice</span> <span class='ocrx_word' id='word_1_63' title='bbox 2019 1015 2151 1069; x_wconf 66' lang='lat' dir='ltr'>prae-</span> 
     </span>
    </p>
   </div>
   <div class='ocr_carea' id='block_1_10' title="bbox 557 1087 2154 1160">
    <p class='ocr_par' dir='ltr' id='par_1_10' title="bbox 557 1087 2154 1160">
     <span class='ocr_line' id='line_1_10' title="bbox 557 1087 2154 1160; baseline -0.001 -17"><span class='ocrx_word' id='word_1_64' title='bbox 557 1088 697 1144; x_wconf 90' lang='lat' dir='ltr'>buit.</span> <span class='ocrx_word' id='word_1_65' title='bbox 728 1089 830 1144; x_wconf 88' lang='lat' dir='ltr'>Sed</span> <span class='ocrx_word' id='word_1_66' title='bbox 861 1087 1093 1144; x_wconf 87' lang='lat' dir='ltr'>dedictis</span> <span class='ocrx_word' id='word_1_67' title='bbox 1152 1088 1543 1160; x_wconf 88' lang='lat' dir='ltr'>prophetarum</span> <span class='ocrx_word' id='word_1_68' title='bbox 1590 1106 1698 1144; x_wconf 89' lang='lat' dir='ltr'>non</span> <span class='ocrx_word' id='word_1_69' title='bbox 1731 1096 1809 1144; x_wconf 89' lang='lat' dir='ltr'>est</span> <span class='ocrx_word' id='word_1_70' title='bbox 1858 1089 2021 1145; x_wconf 89' lang='lat' dir='ltr'>nobis</span> <span class='ocrx_word' id='word_1_71' title='bbox 2064 1104 2154 1142; x_wconf 91' lang='lat' dir='ltr'>ne-</span> 
     </span>
    </p>
   </div>
   <div class='ocr_carea' id='block_1_11' title="bbox 556 1178 2149 1252">
    <p class='ocr_par' dir='ltr' id='par_1_11' title="bbox 556 1178 2149 1252">
     <span class='ocr_line' id='line_1_11' title="bbox 556 1178 2149 1252; baseline 0.001 -20"><span class='ocrx_word' id='word_1_72' title='bbox 556 1194 703 1233; x_wconf 91' lang='lat' dir='ltr'>cesse</span> <span class='ocrx_word' id='word_1_73' title='bbox 732 1179 1031 1251; x_wconf 83' lang='lat' dir='ltr'>quidquam</span> <span class='ocrx_word' id='word_1_74' title='bbox 1063 1178 1264 1247; x_wconf 86' lang='lat' dir='ltr'>dicere,</span> <span class='ocrx_word' id='word_1_75' title='bbox 1293 1196 1355 1233; x_wconf 89' lang='lat' dir='ltr'>eo</span> <span class='ocrx_word' id='word_1_76' title='bbox 1389 1180 1536 1252; x_wconf 91' lang='lat' dir='ltr'>quod</span> <span class='ocrx_word' id='word_1_77' title='bbox 1582 1180 1647 1235; x_wconf 89' lang='lat' dir='ltr'>ab</span> <span class='ocrx_word' id='word_1_78' title='bbox 1677 1180 1881 1235; x_wconf 87' lang='lat' dir='ltr'>eisdem</span> <span class='ocrx_word' id='word_1_79' title='bbox 1914 1179 2149 1234; x_wconf 89' lang='lat' dir='ltr'>doctori-</span> 
     </span>
    </p>
   </div>
   <div class='ocr_carea' id='block_1_12' title="bbox 556 1268 2153 1341">
    <p class='ocr_par' dir='ltr' id='par_1_12' title="bbox 556 1268 2153 1341">
     <span class='ocr_line' id='line_1_12' title="bbox 556 1268 2153 1341; baseline 0.001 -18"><span class='ocrx_word' id='word_1_80' title='bbox 556 1268 659 1323; x_wconf 88' lang='lat' dir='ltr'>bus</span> <span class='ocrx_word' id='word_1_81' title='bbox 698 1268 935 1340; x_wconf 83' lang='lat' dir='ltr'>expositi</span> <span class='ocrx_word' id='word_1_82' title='bbox 953 1268 1081 1324; x_wconf 90' lang='lat' dir='ltr'>sint.</span> <span class='ocrx_word' id='word_1_83' title='bbox 1108 1270 1177 1322; x_wconf 88' lang='lat' dir='ltr'>Et</span> <span class='ocrx_word' id='word_1_84' title='bbox 1200 1269 1327 1341; x_wconf 90' lang='lat' dir='ltr'>quia</span> <span class='ocrx_word' id='word_1_85' title='bbox 1353 1285 1465 1324; x_wconf 91' lang='lat' dir='ltr'>non</span> <span class='ocrx_word' id='word_1_86' title='bbox 1493 1269 1671 1324; x_wconf 89' lang='lat' dir='ltr'>solum</span> <span class='ocrx_word' id='word_1_87' title='bbox 1689 1286 1806 1341; x_wconf 84' lang='lat' dir='ltr'>quae</span> <span class='ocrx_word' id='word_1_88' title='bbox 1823 1286 1852 1323; x_wconf 92' lang='lat' dir='ltr'>a</span> <span class='ocrx_word' id='word_1_89' title='bbox 1870 1269 2153 1340; x_wconf 84' lang='lat' dir='ltr'>prophetis</span> 
     </span>
    </p>
   </div>
   <div class='ocr_carea' id='block_1_13' title="bbox 558 1357 2152 1431">
    <p class='ocr_par' dir='ltr' id='par_1_13' title="bbox 558 1357 2152 1431">
     <span class='ocr_line' id='line_1_13' title="bbox 558 1357 2152 1431; baseline 0 -18"><span class='ocrx_word' id='word_1_90' title='bbox 558 1357 762 1429; x_wconf 87' lang='lat' dir='ltr'>scripta</span> <span class='ocrx_word' id='word_1_91' title='bbox 811 1367 961 1426; x_wconf 89' lang='lat' dir='ltr'>sunt,</span> <span class='ocrx_word' id='word_1_92' title='bbox 1011 1359 1103 1413; x_wconf 91' lang='lat' dir='ltr'>sed</span> <span class='ocrx_word' id='word_1_93' title='bbox 1135 1366 1187 1413; x_wconf 91' lang='lat' dir='ltr'>et</span> <span class='ocrx_word' id='word_1_94' title='bbox 1217 1376 1337 1431; x_wconf 66' lang='lat' dir='ltr'>quae</span> <span class='ocrx_word' id='word_1_95' title='bbox 1370 1359 1437 1414; x_wconf 86' lang='lat' dir='ltr'>ab</span> <span class='ocrx_word' id='word_1_96' title='bbox 1476 1360 1553 1414; x_wconf 87' lang='lat' dir='ltr'>eis</span> <span class='ocrx_word' id='word_1_97' title='bbox 1584 1368 1729 1430; x_wconf 83' lang='lat' dir='ltr'>gesta</span> <span class='ocrx_word' id='word_1_98' title='bbox 1755 1367 1904 1426; x_wconf 89' lang='lat' dir='ltr'>sunt,</span> <span class='ocrx_word' id='word_1_99' title='bbox 1937 1359 2152 1430; x_wconf 89' lang='lat' dir='ltr'>spirita-</span> 
     </span>
    </p>
   </div>
   <div class='ocr_carea' id='block_1_14' title="bbox 558 1447 2151 1522">
    <p class='ocr_par' dir='ltr' id='par_1_14' title="bbox 558 1447 2151 1522">
     <span class='ocr_line' id='line_1_14' title="bbox 558 1447 2151 1522; baseline 0.004 -22"><span class='ocrx_word' id='word_1_100' title='bbox 558 1448 665 1502; x_wconf 88' lang='lat' dir='ltr'>lem</span> <span class='ocrx_word' id='word_1_101' title='bbox 697 1447 903 1503; x_wconf 82' lang='lat' dir='ltr'>habent</span> <span class='ocrx_word' id='word_1_102' title='bbox 936 1447 1356 1518; x_wconf 78' lang='lat' dir='ltr'>intelligentiam</span> <span class='ocrx_word' id='word_1_103' title='bbox 1388 1465 1557 1519; x_wconf 88' lang='lat' dir='ltr'>panca</span> <span class='ocrx_word' id='word_1_104' title='bbox 1588 1449 1653 1503; x_wconf 92' lang='lat' dir='ltr'>de</span> <span class='ocrx_word' id='word_1_105' title='bbox 1678 1450 1745 1504; x_wconf 91' lang='lat' dir='ltr'>iis</span> <span class='ocrx_word' id='word_1_106' title='bbox 1773 1466 1892 1522; x_wconf 61' lang='lat' dir='ltr'>quae</span> <span class='ocrx_word' id='word_1_107' title='bbox 1924 1456 2018 1521; x_wconf 84' lang='lat' dir='ltr'>p&#39;er</span> <span class='ocrx_word' id='word_1_108' title='bbox 2049 1452 2151 1506; x_wconf 87' lang='lat' dir='ltr'>Da-</span> 
     </span>
    </p>
   </div>
   <div class='ocr_carea' id='block_1_15' title="bbox 558 1535 1913 1609">
    <p class='ocr_par' dir='ltr' id='par_1_15' title="bbox 558 1535 1913 1609">
     <span class='ocr_line' id='line_1_15' title="bbox 558 1535 1913 1609; baseline 0.002 -19"><span class='ocrx_word' id='word_1_109' title='bbox 558 1535 675 1603; x_wconf 94' lang='lat' dir='ltr'>vid,</span> <span class='ocrx_word' id='word_1_110' title='bbox 708 1536 884 1591; x_wconf 87' lang='lat' dir='ltr'>Eliam</span> <span class='ocrx_word' id='word_1_111' title='bbox 917 1544 969 1591; x_wconf 90' lang='lat' dir='ltr'>et</span> <span class='ocrx_word' id='word_1_112' title='bbox 998 1537 1257 1592; x_wconf 64' lang='lat' dir='ltr'>Elisaaum</span> <span class='ocrx_word' id='word_1_113' title='bbox 1291 1547 1437 1609; x_wconf 86' lang='lat' dir='ltr'>gesta</span> <span class='ocrx_word' id='word_1_114' title='bbox 1463 1545 1609 1605; x_wconf 90' lang='lat' dir='ltr'>sunt,</span> <span class='ocrx_word' id='word_1_115' title='bbox 1644 1538 1913 1593; x_wconf 86' lang='lat' dir='ltr'>dicamus.</span> 
     </span>
    </p>
   </div>
   <div class='ocr_carea' id='block_1_16' title="bbox 628 1626 2154 1697">
    <p class='ocr_par' dir='ltr' id='par_1_16' title="bbox 628 1626 2154 1697">
     <span class='ocr_line' id='line_1_16' title="bbox 628 1626 2154 1697; baseline 0.003 -18"><span class='ocrx_word' id='word_1_116' title='bbox 628 1626 689 1679; x_wconf 92' lang='lat' dir='ltr'>In</span> <span class='ocrx_word' id='word_1_117' title='bbox 715 1626 919 1697; x_wconf 80' lang='lat' dir='ltr'>Regum</span> <span class='ocrx_word' id='word_1_118' title='bbox 956 1626 1237 1682; x_wconf 84' lang='lat' dir='ltr'>volumine</span> <span class='ocrx_word' id='word_1_119' title='bbox 1264 1627 1529 1697; x_wconf 89' lang='lat' dir='ltr'>scriptum</span> <span class='ocrx_word' id='word_1_120' title='bbox 1561 1626 1797 1697; x_wconf 75' lang='lat' dir='ltr'>estquia</span> <span class='ocrx_word' id='word_1_121' title='bbox 1818 1644 1941 1681; x_wconf 89' lang='lat' dir='ltr'>cum</span> <span class='ocrx_word' id='word_1_122' title='bbox 1974 1628 2154 1683; x_wconf 86' lang='lat' dir='ltr'>David</span> 
     </span>
    </p>
   </div>
   <div class='ocr_carea' id='block_1_17' title="bbox 558 1714 2153 1787">
    <p class='ocr_par' dir='ltr' id='par_1_17' title="bbox 558 1714 2153 1787">
     <span class='ocr_line' id='line_1_17' title="bbox 558 1714 2153 1787; baseline -0.001 -17"><span class='ocrx_word' id='word_1_123' title='bbox 558 1716 726 1771; x_wconf 89' lang='lat' dir='ltr'>vellet</span> <span class='ocrx_word' id='word_1_124' title='bbox 778 1731 998 1787; x_wconf 81' lang='lat' dir='ltr'>pergere</span> <span class='ocrx_word' id='word_1_125' title='bbox 1023 1716 1090 1770; x_wconf 90' lang='lat' dir='ltr'>ad</span> <span class='ocrx_word' id='word_1_126' title='bbox 1122 1732 1360 1787; x_wconf 84' lang='lat' dir='ltr'>pugnam</span> <span class='ocrx_word' id='word_1_127' title='bbox 1391 1723 1584 1771; x_wconf 89' lang='lat' dir='ltr'>contra</span> <span class='ocrx_word' id='word_1_128' title='bbox 1613 1714 1977 1783; x_wconf 72' lang='lat' dir='ltr'>Philistmum,</span> <span class='ocrx_word' id='word_1_129' title='bbox 2007 1714 2153 1770; x_wconf 87' lang='lat' dir='ltr'>dixit</span> 
     </span>
    </p>
   </div>
   <div class='ocr_carea' id='block_1_18' title="bbox 558 1807 2234 1883">
    <p class='ocr_par' dir='ltr' id='par_1_18' title="bbox 558 1807 2234 1883">
     <span class='ocr_line' id='line_1_18' title="bbox 558 1807 2234 1883; baseline 0 -21"><span class='ocrx_word' id='word_1_130' title='bbox 558 1809 627 1864; x_wconf 87' lang='lat' dir='ltr'>ad</span> <span class='ocrx_word' id='word_1_131' title='bbox 683 1807 843 1863; x_wconf 91' lang='lat' dir='ltr'>Saul:</span> <span class='ocrx_word' id='word_1_132' title='bbox 918 1830 934 1852; x_wconf 79' lang='grc' dir='ltr'>ι</span> <span class='ocrx_word' id='word_1_133' title='bbox 974 1808 1234 1863; x_wconf 88' lang='lat' dir='ltr'>Pascehat</span> <span class='ocrx_word' id='word_1_134' title='bbox 1289 1823 1480 1862; x_wconf 84' lang='lat' dir='ltr'>servus</span> <span class='ocrx_word' id='word_1_135' title='bbox 1525 1815 1654 1862; x_wconf 92' lang='lat' dir='ltr'>tuus</span> <span class='ocrx_word' id='word_1_136' title='bbox 1710 1823 1922 1877; x_wconf 86' lang='lat' dir='ltr'>gregem</span> <span class='ocrx_word' id='word_1_137' title='bbox 1986 1807 2155 1878; x_wconf 88' lang='lat' dir='ltr'>patris</span> <span class='ocrx_word' id='word_1_138' title='bbox 2187 1824 2234 1883; x_wconf 85' lang='grc' dir='ltr'><strong>Β</strong></span> 
     </span>
    </p>
   </div>
   <div class='ocr_carea' id='block_1_19' title="bbox 558 1897 2153 1970">
    <p class='ocr_par' dir='ltr' id='par_1_19' title="bbox 558 1897 2153 1970">
     <span class='ocr_line' id='line_1_19' title="bbox 558 1897 2153 1970; baseline -0.001 -18"><span class='ocrx_word' id='word_1_139' title='bbox 558 1897 669 1965; x_wconf 91' lang='lat' dir='ltr'>sui,</span> <span class='ocrx_word' id='word_1_140' title='bbox 735 1905 788 1952; x_wconf 88' lang='lat' dir='ltr'>et</span> <span class='ocrx_word' id='word_1_141' title='bbox 828 1897 1085 1952; x_wconf 74' lang='lat' dir='ltr'>veniebat</span> <span class='ocrx_word' id='word_1_142' title='bbox 1114 1899 1199 1952; x_wconf 92' lang='lat' dir='ltr'>leo</span> <span class='ocrx_word' id='word_1_143' title='bbox 1230 1898 1315 1953; x_wconf 88' lang='lat' dir='ltr'>vel</span> <span class='ocrx_word' id='word_1_144' title='bbox 1348 1914 1529 1965; x_wconf 85' lang='lat' dir='ltr'>ursus,</span> <span class='ocrx_word' id='word_1_145' title='bbox 1568 1899 1899 1970; x_wconf 84' lang='lat' dir='ltr'>tollebatque</span> <span class='ocrx_word' id='word_1_146' title='bbox 1930 1898 2153 1953; x_wconf 85' lang='lat' dir='ltr'>arietem</span> 
     </span>
    </p>
   </div>
   <div class='ocr_carea' id='block_1_20' title="bbox 559 1985 2157 2060">
    <p class='ocr_par' dir='ltr' id='par_1_20' title="bbox 559 1985 2157 2060">
     <span class='ocr_line' id='line_1_20' title="bbox 559 1985 2157 2060; baseline 0.001 -19"><span class='ocrx_word' id='word_1_147' title='bbox 559 1986 625 2041; x_wconf 89' lang='lat' dir='ltr'>de</span> <span class='ocrx_word' id='word_1_148' title='bbox 679 1985 860 2041; x_wconf 90' lang='lat' dir='ltr'>medio</span> <span class='ocrx_word' id='word_1_149' title='bbox 908 1988 1105 2059; x_wconf 82' lang='lat' dir='ltr'>gregis,</span> <span class='ocrx_word' id='word_1_150' title='bbox 1161 1996 1214 2043; x_wconf 88' lang='lat' dir='ltr'>et</span> <span class='ocrx_word' id='word_1_151' title='bbox 1262 1987 1608 2059; x_wconf 87' lang='lat' dir='ltr'>insequebar,</span> <span class='ocrx_word' id='word_1_152' title='bbox 1676 1986 2157 2060; x_wconf 84' lang='lat' dir='ltr'>percutiebamque</span> 
     </span>
    </p>
   </div>
   <div class='ocr_carea' id='block_1_21' title="bbox 560 2076 2158 2150">
    <p class='ocr_par' dir='ltr' id='par_1_21' title="bbox 560 2076 2158 2150">
     <span class='ocr_line' id='line_1_21' title="bbox 560 2076 2158 2150; baseline 0.002 -20"><span class='ocrx_word' id='word_1_153' title='bbox 560 2091 674 2141; x_wconf 91' lang='lat' dir='ltr'>eos,</span> <span class='ocrx_word' id='word_1_154' title='bbox 732 2076 1097 2150; x_wconf 88' lang='lat' dir='ltr'>eruebamque</span> <span class='ocrx_word' id='word_1_155' title='bbox 1154 2092 1279 2132; x_wconf 90' lang='lat' dir='ltr'>eum</span> <span class='ocrx_word' id='word_1_156' title='bbox 1338 2077 1405 2132; x_wconf 91' lang='lat' dir='ltr'>de</span> <span class='ocrx_word' id='word_1_157' title='bbox 1439 2093 1530 2132; x_wconf 88' lang='lat' dir='ltr'>ore</span> <span class='ocrx_word' id='word_1_158' title='bbox 1561 2093 1769 2132; x_wconf 90' lang='lat' dir='ltr'>eorum.</span> <span class='ocrx_word' id='word_1_159' title='bbox 1806 2079 1875 2132; x_wconf 88' lang='lat' dir='ltr'>Et</span> <span class='ocrx_word' id='word_1_160' title='bbox 1904 2077 1984 2131; x_wconf 93' lang='lat' dir='ltr'>illi</span> <span class='ocrx_word' id='word_1_161' title='bbox 2016 2094 2158 2133; x_wconf 89' lang='lat' dir='ltr'>con—</span> 
     </span>
    </p>
   </div>
   <div class='ocr_carea' id='block_1_22' title="bbox 559 2164 2157 2238">
    <p class='ocr_par' dir='ltr' id='par_1_22' title="bbox 559 2164 2157 2238">
     <span class='ocr_line' id='line_1_22' title="bbox 559 2164 2157 2238; baseline 0.001 -19"><span class='ocrx_word' id='word_1_162' title='bbox 559 2164 854 2237; x_wconf 88' lang='lat' dir='ltr'>surgebant</span> <span class='ocrx_word' id='word_1_163' title='bbox 908 2166 1200 2221; x_wconf 87' lang='lat' dir='ltr'>adversum</span> <span class='ocrx_word' id='word_1_164' title='bbox 1254 2182 1362 2231; x_wconf 90' lang='lat' dir='ltr'>me,</span> <span class='ocrx_word' id='word_1_165' title='bbox 1412 2176 1465 2222; x_wconf 89' lang='lat' dir='ltr'>et</span> <span class='ocrx_word' id='word_1_166' title='bbox 1504 2166 1975 2238; x_wconf 87' lang='lat' dir='ltr'>apprehendebam</span> <span class='ocrx_word' id='word_1_167' title='bbox 2009 2183 2157 2220; x_wconf 89' lang='lat' dir='ltr'>men-</span> 
     </span>
    </p>
   </div>
   <div class='ocr_carea' id='block_1_23' title="bbox 559 2257 2154 2329">
    <p class='ocr_par' dir='ltr' id='par_1_23' title="bbox 559 2257 2154 2329">
     <span class='ocr_line' id='line_1_23' title="bbox 559 2257 2154 2329; baseline 0.001 -20"><span class='ocrx_word' id='word_1_168' title='bbox 559 2262 677 2312; x_wconf 92' lang='lat' dir='ltr'>tum</span> <span class='ocrx_word' id='word_1_169' title='bbox 727 2274 939 2325; x_wconf 91' lang='lat' dir='ltr'>eorum,</span> <span class='ocrx_word' id='word_1_170' title='bbox 994 2265 1047 2313; x_wconf 90' lang='lat' dir='ltr'>et</span> <span class='ocrx_word' id='word_1_171' title='bbox 1099 2257 1452 2325; x_wconf 83' lang='lat' dir='ltr'>suffocabam,</span> <span class='ocrx_word' id='word_1_172' title='bbox 1487 2257 1993 2329; x_wconf 81' lang='lat' dir='ltr'>interficiebamqne</span> <span class='ocrx_word' id='word_1_173' title='bbox 2020 2273 2154 2322; x_wconf 89' lang='lat' dir='ltr'>eos;</span> 
     </span>
    </p>
   </div>
   <div class='ocr_carea' id='block_1_24' title="bbox 559 2348 2158 2419">
    <p class='ocr_par' dir='ltr' id='par_1_24' title="bbox 559 2348 2158 2419">
     <span class='ocr_line' id='line_1_24' title="bbox 559 2348 2158 2419; baseline 0.002 -19"><span class='ocrx_word' id='word_1_174' title='bbox 559 2363 687 2400; x_wconf 90' lang='lat' dir='ltr'>nam</span> <span class='ocrx_word' id='word_1_175' title='bbox 714 2355 767 2401; x_wconf 89' lang='lat' dir='ltr'>et</span> <span class='ocrx_word' id='word_1_176' title='bbox 815 2348 1027 2402; x_wconf 89' lang='lat' dir='ltr'>leonem</span> <span class='ocrx_word' id='word_1_177' title='bbox 1063 2357 1116 2403; x_wconf 90' lang='lat' dir='ltr'>et</span> <span class='ocrx_word' id='word_1_178' title='bbox 1142 2365 1331 2402; x_wconf 88' lang='lat' dir='ltr'>ursum</span> <span class='ocrx_word' id='word_1_179' title='bbox 1379 2348 1627 2403; x_wconf 83' lang='lat' dir='ltr'>interfeci</span> <span class='ocrx_word' id='word_1_180' title='bbox 1677 2364 1775 2419; x_wconf 90' lang='lat' dir='ltr'>ego</span> <span class='ocrx_word' id='word_1_181' title='bbox 1804 2364 1991 2404; x_wconf 82' lang='lat' dir='ltr'>servus</span> <span class='ocrx_word' id='word_1_182' title='bbox 2029 2357 2158 2403; x_wconf 87' lang='lat' dir='ltr'>tuus</span> 
     </span>
    </p>
   </div>
   <div class='ocr_carea' id='block_1_25' title="bbox 564 2434 2153 2509">
    <p class='ocr_par' dir='ltr' id='par_1_25' title="bbox 564 2434 2153 2509">
     <span class='ocr_line' id='line_1_25' title="bbox 564 2434 2153 2509; baseline 0.002 -21"><span class='ocrx_word' id='word_1_183' title='bbox 564 2434 615 2504; x_wconf 92' lang='lat'>(1</span> <span class='ocrx_word' id='word_1_184' title='bbox 672 2436 793 2505; x_wconf 83' lang='lat' dir='ltr'>Reg.</span> <span class='ocrx_word' id='word_1_185' title='bbox 854 2451 996 2503; x_wconf 83' lang='lat' dir='ltr'>xvn,</span> <span class='ocrx_word' id='word_1_186' title='bbox 1027 2435 1235 2507; x_wconf 71' lang='grc'>34-36).</span> <span class='ocrx_word' id='word_1_187' title='bbox 1270 2461 1286 2482; x_wconf 67' lang='grc' dir='ltr'><strong>ν</strong></span> <span class='ocrx_word' id='word_1_188' title='bbox 1328 2436 1507 2492; x_wconf 87' lang='lat' dir='ltr'>David</span> <span class='ocrx_word' id='word_1_189' title='bbox 1538 2435 1817 2492; x_wconf 86' lang='lat' dir='ltr'>Christum</span> <span class='ocrx_word' id='word_1_190' title='bbox 1851 2437 2153 2509; x_wconf 85' lang='lat' dir='ltr'>significat;</span> 
     </span>
    </p>
   </div>
   <div class='ocr_carea' id='block_1_26' title="bbox 560 2524 2159 2598">
    <p class='ocr_par' dir='ltr' id='par_1_26' title="bbox 560 2524 2159 2598">
     <span class='ocr_line' id='line_1_26' title="bbox 560 2524 2159 2598; baseline 0.002 -20"><span class='ocrx_word' id='word_1_191' title='bbox 560 2539 658 2594; x_wconf 91' lang='lat' dir='ltr'>per</span> <span class='ocrx_word' id='word_1_192' title='bbox 708 2524 924 2580; x_wconf 77' lang='lat' dir='ltr'>leonem</span> <span class='ocrx_word' id='word_1_193' title='bbox 984 2532 1167 2579; x_wconf 88' lang='lat' dir='ltr'>autem</span> <span class='ocrx_word' id='word_1_194' title='bbox 1192 2531 1246 2579; x_wconf 89' lang='lat' dir='ltr'>et</span> <span class='ocrx_word' id='word_1_195' title='bbox 1278 2541 1466 2580; x_wconf 88' lang='lat' dir='ltr'>ursum</span> <span class='ocrx_word' id='word_1_196' title='bbox 1502 2535 1872 2598; x_wconf 74' lang='lat' dir='ltr'>persecutores</span> <span class='ocrx_word' id='word_1_197' title='bbox 1901 2526 2159 2582; x_wconf 65' lang='lat' dir='ltr'>Ecclesia:</span> 
     </span>
    </p>
   </div>
   <div class='ocr_carea' id='block_1_27' title="bbox 562 2613 2159 2687">
    <p class='ocr_par' dir='ltr' id='par_1_27' title="bbox 562 2613 2159 2687">
     <span class='ocr_line' id='line_1_27' title="bbox 562 2613 2159 2687; baseline 0.001 -18"><span class='ocrx_word' id='word_1_198' title='bbox 562 2613 922 2685; x_wconf 88' lang='lat' dir='ltr'>designantur</span> <span class='ocrx_word' id='word_1_199' title='bbox 970 2633 981 2670; x_wconf 90' lang='lat'><strong>:</strong></span> <span class='ocrx_word' id='word_1_200' title='bbox 1035 2631 1130 2686; x_wconf 91' lang='lat' dir='ltr'>per</span> <span class='ocrx_word' id='word_1_201' title='bbox 1184 2615 1396 2669; x_wconf 90' lang='lat' dir='ltr'>leonem</span> <span class='ocrx_word' id='word_1_202' title='bbox 1457 2614 1813 2687; x_wconf 86' lang='lat' dir='ltr'>imperatores</span> <span class='ocrx_word' id='word_1_203' title='bbox 1869 2625 1921 2671; x_wconf 89' lang='lat' dir='ltr'>et</span> <span class='ocrx_word' id='word_1_204' title='bbox 1977 2615 2159 2671; x_wconf 81' lang='lat' dir='ltr'>caeteri</span> 
     </span>
    </p>
   </div>
   <div class='ocr_carea' id='block_1_28' title="bbox 562 2702 2158 2777">
    <p class='ocr_par' dir='ltr' id='par_1_28' title="bbox 562 2702 2158 2777">
     <span class='ocr_line' id='line_1_28' title="bbox 562 2702 2158 2777; baseline 0.001 -20"><span class='ocrx_word' id='word_1_205' title='bbox 562 2702 844 2775; x_wconf 83' lang='lat' dir='ltr'>principes</span> <span class='ocrx_word' id='word_1_206' title='bbox 888 2712 1045 2759; x_wconf 68' lang='lat' dir='ltr'>terrae</span> <span class='ocrx_word' id='word_1_207' title='bbox 1081 2721 1092 2759; x_wconf 73' lang='grc' dir='ltr'><strong>τ</strong></span> <span class='ocrx_word' id='word_1_208' title='bbox 1144 2721 1241 2777; x_wconf 89' lang='lat' dir='ltr'>per</span> <span class='ocrx_word' id='word_1_209' title='bbox 1267 2721 1455 2760; x_wconf 91' lang='lat' dir='ltr'>ursum</span> <span class='ocrx_word' id='word_1_210' title='bbox 1487 2703 1661 2759; x_wconf 70' lang='lat' dir='ltr'>Judaei</span> <span class='ocrx_word' id='word_1_211' title='bbox 1709 2703 1977 2775; x_wconf 87' lang='lat' dir='ltr'>designati</span> <span class='ocrx_word' id='word_1_212' title='bbox 2009 2712 2158 2773; x_wconf 91' lang='lat' dir='ltr'>sunt,</span> 
     </span>
    </p>
   </div>
   <div class='ocr_carea' id='block_1_29' title="bbox 565 2792 2160 2867">
    <p class='ocr_par' dir='ltr' id='par_1_29' title="bbox 565 2792 2160 2867">
     <span class='ocr_line' id='line_1_29' title="bbox 565 2792 2160 2867; baseline 0.001 -19"><span class='ocrx_word' id='word_1_213' title='bbox 565 2792 662 2865; x_wconf 87' lang='lat' dir='ltr'>qui</span> <span class='ocrx_word' id='word_1_214' title='bbox 715 2794 1017 2850; x_wconf 90' lang='lat' dir='ltr'>Ecclesiam</span> <span class='ocrx_word' id='word_1_215' title='bbox 1076 2795 1175 2851; x_wconf 87' lang='lat' dir='ltr'>Dei</span> <span class='ocrx_word' id='word_1_216' title='bbox 1232 2796 1504 2867; x_wconf 85' lang='lat' dir='ltr'>persecuti</span> <span class='ocrx_word' id='word_1_217' title='bbox 1543 2802 1723 2851; x_wconf 91' lang='lat' dir='ltr'>sunt:</span> <span class='ocrx_word' id='word_1_218' title='bbox 1785 2811 1882 2865; x_wconf 91' lang='lat' dir='ltr'>per</span> <span class='ocrx_word' id='word_1_219' title='bbox 1935 2795 2160 2850; x_wconf 89' lang='lat' dir='ltr'>arietem</span> 
     </span>
    </p>
   </div>
   <div class='ocr_carea' id='block_1_30' title="bbox 564 2885 2163 2957">
    <p class='ocr_par' dir='ltr' id='par_1_30' title="bbox 564 2885 2163 2957">
     <span class='ocr_line' id='line_1_30' title="bbox 564 2885 2163 2957; baseline 0.001 -18"><span class='ocrx_word' id='word_1_220' title='bbox 564 2901 696 2939; x_wconf 90' lang='lat' dir='ltr'>vero</span> <span class='ocrx_word' id='word_1_221' title='bbox 724 2893 992 2957; x_wconf 84' lang='lat' dir='ltr'>martyres</span> <span class='ocrx_word' id='word_1_222' title='bbox 1031 2885 1411 2957; x_wconf 84' lang='lat' dir='ltr'>designantur.</span> <span class='ocrx_word' id='word_1_223' title='bbox 1465 2886 1574 2941; x_wconf 92' lang='lat' dir='ltr'>Leo</span> <span class='ocrx_word' id='word_1_224' title='bbox 1605 2886 1775 2957; x_wconf 88' lang='lat' dir='ltr'>igitur</span> <span class='ocrx_word' id='word_1_225' title='bbox 1800 2893 1854 2941; x_wconf 91' lang='lat' dir='ltr'>et</span> <span class='ocrx_word' id='word_1_226' title='bbox 1883 2902 2042 2941; x_wconf 92' lang='lat' dir='ltr'>ursus</span> <span class='ocrx_word' id='word_1_227' title='bbox 2072 2902 2163 2940; x_wconf 84' lang='lat' dir='ltr'>ve-</span> 
     </span>
    </p>
   </div>
   <div class='ocr_carea' id='block_1_31' title="bbox 564 2972 2164 3045">
    <p class='ocr_par' dir='ltr' id='par_1_31' title="bbox 564 2972 2164 3045">
     <span class='ocr_line' id='line_1_31' title="bbox 564 2972 2164 3045; baseline 0.002 -19"><span class='ocrx_word' id='word_1_228' title='bbox 564 2972 670 3040; x_wconf 88' lang='lat' dir='ltr'>nit,</span> <span class='ocrx_word' id='word_1_229' title='bbox 724 2980 887 3045; x_wconf 88' lang='lat' dir='ltr'>atque</span> <span class='ocrx_word' id='word_1_230' title='bbox 935 2974 1161 3029; x_wconf 87' lang='lat' dir='ltr'>arietem</span> <span class='ocrx_word' id='word_1_231' title='bbox 1219 2974 1286 3029; x_wconf 90' lang='lat' dir='ltr'>de</span> <span class='ocrx_word' id='word_1_232' title='bbox 1327 2974 1507 3028; x_wconf 91' lang='lat' dir='ltr'>medio</span> <span class='ocrx_word' id='word_1_233' title='bbox 1534 2974 1708 3044; x_wconf 88' lang='lat' dir='ltr'>gregis</span> <span class='ocrx_word' id='word_1_234' title='bbox 1738 2973 2001 3041; x_wconf 86' lang='lat' dir='ltr'>abstulit;</span> <span class='ocrx_word' id='word_1_235' title='bbox 2034 2974 2164 3045; x_wconf 87' lang='lat' dir='ltr'>quia</span> 
     </span>
    </p>
   </div>
   <div class='ocr_carea' id='block_1_32' title="bbox 563 3061 2157 3133">
    <p class='ocr_par' dir='ltr' id='par_1_32' title="bbox 563 3061 2157 3133">
     <span class='ocr_line' id='line_1_32' title="bbox 563 3061 2157 3133; baseline 0.001 -17"><span class='ocrx_word' id='word_1_236' title='bbox 563 3069 939 3132; x_wconf 84' lang='lat' dir='ltr'>persecutores</span> <span class='ocrx_word' id='word_1_237' title='bbox 990 3063 1250 3133; x_wconf 88' lang='lat' dir='ltr'>quosdam</span> <span class='ocrx_word' id='word_1_238' title='bbox 1308 3062 1375 3117; x_wconf 90' lang='lat' dir='ltr'>de</span> <span class='ocrx_word' id='word_1_239' title='bbox 1396 3062 1643 3117; x_wconf 87' lang='lat' dir='ltr'>Ecclesia</span> <span class='ocrx_word' id='word_1_240' title='bbox 1671 3061 1858 3117; x_wconf 88' lang='lat' dir='ltr'>ﬁdeles</span> <span class='ocrx_word' id='word_1_241' title='bbox 1892 3063 2157 3131; x_wconf 87' lang='lat' dir='ltr'>tulerunt,</span> 
     </span>
    </p>
   </div>
   <div class='ocr_carea' id='block_1_33' title="bbox 2266 548 3763 621">
    <p class='ocr_par' dir='ltr' id='par_1_33' title="bbox 2266 548 3763 621">
     <span class='ocr_line' id='line_1_33' title="bbox 2266 548 3763 621; baseline 0.004 -18"><span class='ocrx_word' id='word_1_242' title='bbox 2266 549 2684 621; x_wconf 90' lang='lat' dir='ltr'>limpidissimos</span> <span class='ocrx_word' id='word_1_243' title='bbox 2720 548 2930 620; x_wconf 85' lang='lat' dir='ltr'>lapides</span> <span class='ocrx_word' id='word_1_244' title='bbox 2977 548 3045 604; x_wconf 87' lang='lat' dir='ltr'>de</span> <span class='ocrx_word' id='word_1_245' title='bbox 3092 556 3348 618; x_wconf 87' lang='lat' dir='ltr'>torrente,</span> <span class='ocrx_word' id='word_1_246' title='bbox 3403 562 3452 607; x_wconf 90' lang='lat' dir='ltr'>et</span> <span class='ocrx_word' id='word_1_247' title='bbox 3477 552 3609 608; x_wconf 86' lang='lat' dir='ltr'>misit</span> <span class='ocrx_word' id='word_1_248' title='bbox 3630 570 3700 609; x_wconf 85' lang='lat' dir='ltr'>eos</span> <span class='ocrx_word' id='word_1_249' title='bbox 3720 555 3763 610; x_wconf 90' lang='lat' dir='ltr'>in</span> 
     </span>
    </p>
   </div>
   <div class='ocr_carea' id='block_1_34' title="bbox 2263 638 3765 711">
    <p class='ocr_par' dir='ltr' id='par_1_34' title="bbox 2263 638 3765 711">
     <span class='ocr_line' id='line_1_34' title="bbox 2263 638 3765 711; baseline 0.004 -19"><span class='ocrx_word' id='word_1_250' title='bbox 2263 655 2489 711; x_wconf 90' lang='lat' dir='ltr'>peram,</span> <span class='ocrx_word' id='word_1_251' title='bbox 2546 655 2711 710; x_wconf 90' lang='lat' dir='ltr'>quam</span> <span class='ocrx_word' id='word_1_252' title='bbox 2763 638 2998 694; x_wconf 86' lang='lat' dir='ltr'>habebat</span> <span class='ocrx_word' id='word_1_253' title='bbox 3046 654 3263 706; x_wconf 89' lang='lat' dir='ltr'>secum,</span> <span class='ocrx_word' id='word_1_254' title='bbox 3316 649 3367 696; x_wconf 91' lang='lat' dir='ltr'>et</span> <span class='ocrx_word' id='word_1_255' title='bbox 3410 641 3607 696; x_wconf 81' lang='lat' dir='ltr'>fundam</span> <span class='ocrx_word' id='word_1_256' title='bbox 3643 660 3765 698; x_wconf 86' lang='lat' dir='ltr'>manu</span> 
     </span>
    </p>
   </div>
   <div class='ocr_carea' id='block_1_35' title="bbox 2264 726 3763 797">
    <p class='ocr_par' dir='ltr' id='par_1_35' title="bbox 2264 726 3763 797">
     <span class='ocr_line' id='line_1_35' title="bbox 2264 726 3763 797; baseline 0.003 -16"><span class='ocrx_word' id='word_1_257' title='bbox 2264 727 2414 794; x_wconf 86' lang='lat' dir='ltr'>tulit,</span> <span class='ocrx_word' id='word_1_258' title='bbox 2450 734 2503 782; x_wconf 88' lang='lat' dir='ltr'>et</span> <span class='ocrx_word' id='word_1_259' title='bbox 2542 726 2811 797; x_wconf 88' lang='lat' dir='ltr'>processit</span> <span class='ocrx_word' id='word_1_260' title='bbox 2847 735 3038 781; x_wconf 89' lang='lat' dir='ltr'>contra</span> <span class='ocrx_word' id='word_1_261' title='bbox 3075 727 3425 783; x_wconf 76' lang='lat' dir='ltr'>Philistteum.</span> <span class='ocrx_word' id='word_1_262' title='bbox 3456 729 3543 784; x_wconf 89' lang='lat' dir='ltr'>Per</span> <span class='ocrx_word' id='word_1_263' title='bbox 3569 729 3763 786; x_wconf 85' lang='lat' dir='ltr'>baculum</span> 
     </span>
    </p>
   </div>
   <div class='ocr_carea' id='block_1_36' title="bbox 2264 818 3765 893">
    <p class='ocr_par' dir='ltr' id='par_1_36' title="bbox 2264 818 3765 893">
     <span class='ocr_line' id='line_1_36' title="bbox 2264 818 3765 893; baseline 0.001 -20"><span class='ocrx_word' id='word_1_264' title='bbox 2264 835 2372 889; x_wconf 91' lang='lat' dir='ltr'>quo</span> <span class='ocrx_word' id='word_1_265' title='bbox 2421 818 2589 873; x_wconf 91' lang='lat' dir='ltr'>homo</span> <span class='ocrx_word' id='word_1_266' title='bbox 2636 826 2995 885; x_wconf 89' lang='lat' dir='ltr'>sustentatur,</span> <span class='ocrx_word' id='word_1_267' title='bbox 3045 818 3276 889; x_wconf 87' lang='lat' dir='ltr'>apostoli</span> <span class='ocrx_word' id='word_1_268' title='bbox 3333 818 3662 891; x_wconf 86' lang='lat' dir='ltr'>designantur,</span> <span class='ocrx_word' id='word_1_269' title='bbox 3699 822 3765 893; x_wconf 88' lang='lat' dir='ltr'>qui</span> 
     </span>
    </p>
   </div>
   <div class='ocr_carea' id='block_1_37' title="bbox 2264 906 3770 984">
    <p class='ocr_par' dir='ltr' id='par_1_37' title="bbox 2264 906 3770 984">
     <span class='ocr_line' id='line_1_37' title="bbox 2264 906 3770 984; baseline 0.007 -27"><span class='ocrx_word' id='word_1_270' title='bbox 2264 906 2547 961; x_wconf 85' lang='lat' dir='ltr'>Christum</span> <span class='ocrx_word' id='word_1_271' title='bbox 2610 907 2766 978; x_wconf 91' lang='lat' dir='ltr'>quasi</span> <span class='ocrx_word' id='word_1_272' title='bbox 2812 907 3213 972; x_wconf 88' lang='lat' dir='ltr'>sustinuerunt,</span> <span class='ocrx_word' id='word_1_273' title='bbox 3269 926 3389 965; x_wconf 91' lang='lat' dir='ltr'>cum</span> <span class='ocrx_word' id='word_1_274' title='bbox 3444 927 3565 983; x_wconf 90' lang='lat' dir='ltr'>opus</span> <span class='ocrx_word' id='word_1_275' title='bbox 3605 921 3770 984; x_wconf 84' lang='lat' dir='ltr'>propter</span> 
     </span>
    </p>
   </div>
   <div class='ocr_carea' id='block_1_38' title="bbox 2264 996 3771 1071">
    <p class='ocr_par' dir='ltr' id='par_1_38' title="bbox 2264 996 3771 1071">
     <span class='ocr_line' id='line_1_38' title="bbox 2264 996 3771 1071; baseline 0.007 -22"><span class='ocrx_word' id='word_1_276' title='bbox 2264 996 2409 1069; x_wconf 92' lang='lat' dir='ltr'>quod</span> <span class='ocrx_word' id='word_1_277' title='bbox 2445 996 2502 1050; x_wconf 91' lang='lat' dir='ltr'>in</span> <span class='ocrx_word' id='word_1_278' title='bbox 2535 997 2805 1052; x_wconf 91' lang='lat' dir='ltr'>mundum</span> <span class='ocrx_word' id='word_1_279' title='bbox 2837 1000 3512 1071; x_wconf 81' lang='lat' dir='ltr'>venerat,compleverunt,</span> <span class='ocrx_word' id='word_1_280' title='bbox 3540 1002 3771 1059; x_wconf 88' lang='lat' dir='ltr'>sicutdicit</span> 
     </span>
    </p>
   </div>
   <div class='ocr_carea' id='block_1_39' title="bbox 2263 1085 3773 1160">
    <p class='ocr_par' dir='ltr' id='par_1_39' title="bbox 2263 1085 3773 1160">
     <span class='ocr_line' id='line_1_39' title="bbox 2263 1085 3773 1160; baseline 0.006 -22"><span class='ocrx_word' id='word_1_281' title='bbox 2263 1085 2543 1155; x_wconf 87' lang='lat' dir='ltr'>apostolus</span> <span class='ocrx_word' id='word_1_282' title='bbox 2601 1085 2802 1141; x_wconf 88' lang='lat' dir='ltr'>Paulus</span> <span class='ocrx_word' id='word_1_283' title='bbox 2855 1104 2865 1140; x_wconf 96' lang='lat'><strong>:</strong></span> <span class='ocrx_word' id='word_1_284' title='bbox 2933 1110 2949 1133; x_wconf 82' lang='grc' dir='ltr'>ι</span> <span class='ocrx_word' id='word_1_285' title='bbox 3004 1086 3103 1142; x_wconf 89' lang='lat' dir='ltr'>Dei</span> <span class='ocrx_word' id='word_1_286' title='bbox 3152 1090 3295 1142; x_wconf 91' lang='lat' dir='ltr'>enim</span> <span class='ocrx_word' id='word_1_287' title='bbox 3344 1089 3594 1160; x_wconf 83' lang='lat' dir='ltr'>adjutores</span> <span class='ocrx_word' id='word_1_288' title='bbox 3634 1108 3773 1147; x_wconf 88' lang='lat' dir='ltr'>sumus</span> 
     </span>
    </p>
   </div>
   <div class='ocr_carea' id='block_1_40' title="bbox 2266 1173 3774 1248">
    <p class='ocr_par' dir='ltr' id='par_1_40' title="bbox 2266 1173 3774 1248">
     <span class='ocr_line' id='line_1_40' title="bbox 2266 1173 3774 1248; baseline 0.005 -22"><span class='ocrx_word' id='word_1_289' title='bbox 2266 1173 2313 1243; x_wconf 93' lang='grc' dir='ltr'>(Ι</span> <span class='ocrx_word' id='word_1_290' title='bbox 2347 1174 2470 1229; x_wconf 83' lang='lat' dir='ltr'>Cor.</span> <span class='ocrx_word' id='word_1_291' title='bbox 2506 1190 2588 1241; x_wconf 89' lang='grc' dir='ltr'>ιιι,</span> <span class='ocrx_word' id='word_1_292' title='bbox 2621 1174 2705 1243; x_wconf 89' lang='grc'>9).</span> <span class='ocrx_word' id='word_1_293' title='bbox 2744 1198 2762 1221; x_wconf 77' lang='grc' dir='ltr'>ι</span> <span class='ocrx_word' id='word_1_294' title='bbox 2805 1175 2906 1229; x_wconf 88' lang='lat' dir='ltr'>Per</span> <span class='ocrx_word' id='word_1_295' title='bbox 2936 1191 3119 1246; x_wconf 87' lang='lat' dir='ltr'>peram</span> <span class='ocrx_word' id='word_1_296' title='bbox 3168 1184 3347 1231; x_wconf 87' lang='lat' dir='ltr'>autem</span> <span class='ocrx_word' id='word_1_297' title='bbox 3395 1177 3503 1248; x_wconf 88' lang='lat' dir='ltr'>ejus</span> <span class='ocrx_word' id='word_1_298' title='bbox 3527 1178 3774 1234; x_wconf 80' lang='lat' dir='ltr'>humanitas</span> 
     </span>
    </p>
   </div>
   <div class='ocr_carea' id='block_1_41' title="bbox 2263 1261 3774 1339">
    <p class='ocr_par' dir='ltr' id='par_1_41' title="bbox 2263 1261 3774 1339">
     <span class='ocr_line' id='line_1_41' title="bbox 2263 1261 3774 1339; baseline 0.004 -24"><span class='ocrx_word' id='word_1_299' title='bbox 2263 1261 2580 1332; x_wconf 89' lang='lat' dir='ltr'>designatur</span> <span class='ocrx_word' id='word_1_300' title='bbox 2614 1281 2625 1317; x_wconf 91' lang='lat'><strong>:</strong></span> <span class='ocrx_word' id='word_1_301' title='bbox 2670 1278 2767 1332; x_wconf 90' lang='lat' dir='ltr'>per</span> <span class='ocrx_word' id='word_1_302' title='bbox 2796 1262 3039 1334; x_wconf 88' lang='lat' dir='ltr'>quinque</span> <span class='ocrx_word' id='word_1_303' title='bbox 3073 1262 3279 1335; x_wconf 89' lang='lat' dir='ltr'>lapides</span> <span class='ocrx_word' id='word_1_304' title='bbox 3300 1264 3527 1338; x_wconf 87' lang='lat' dir='ltr'>quinque</span> <span class='ocrx_word' id='word_1_305' title='bbox 3547 1266 3652 1321; x_wconf 90' lang='lat' dir='ltr'>libri</span> <span class='ocrx_word' id='word_1_306' title='bbox 3668 1268 3774 1339; x_wconf 73' lang='lat' dir='ltr'>Moy-</span> 
     </span>
    </p>
   </div>
   <div class='ocr_carea' id='block_1_42' title="bbox 2264 1353 3775 1432">
    <p class='ocr_par' dir='ltr' id='par_1_42' title="bbox 2264 1353 3775 1432">
     <span class='ocr_line' id='line_1_42' title="bbox 2264 1353 3775 1432; baseline 0.005 -25"><span class='ocrx_word' id='word_1_307' title='bbox 2264 1353 2330 1419; x_wconf 87' lang='lat' dir='ltr'>si,</span> <span class='ocrx_word' id='word_1_308' title='bbox 2386 1370 2522 1425; x_wconf 89' lang='lat' dir='ltr'>quos</span> <span class='ocrx_word' id='word_1_309' title='bbox 2570 1353 2625 1407; x_wconf 90' lang='lat' dir='ltr'>in</span> <span class='ocrx_word' id='word_1_310' title='bbox 2671 1370 2855 1425; x_wconf 90' lang='lat' dir='ltr'>peram</span> <span class='ocrx_word' id='word_1_311' title='bbox 2898 1356 3084 1422; x_wconf 87' lang='lat' dir='ltr'>misit;</span> <span class='ocrx_word' id='word_1_312' title='bbox 3124 1358 3253 1428; x_wconf 89' lang='lat' dir='ltr'>quia</span> <span class='ocrx_word' id='word_1_313' title='bbox 3301 1359 3564 1413; x_wconf 88' lang='lat' dir='ltr'>scientiam</span> <span class='ocrx_word' id='word_1_314' title='bbox 3592 1360 3775 1432; x_wconf 85' lang='lat' dir='ltr'>quinque</span> 
     </span>
    </p>
   </div>
   <div class='ocr_carea' id='block_1_43' title="bbox 2266 1441 3775 1519">
    <p class='ocr_par' dir='ltr' id='par_1_43' title="bbox 2266 1441 3775 1519">
     <span class='ocr_line' id='line_1_43' title="bbox 2266 1441 3775 1519; baseline 0.004 -24"><span class='ocrx_word' id='word_1_315' title='bbox 2266 1441 2532 1497; x_wconf 92' lang='lat' dir='ltr'>librorum</span> <span class='ocrx_word' id='word_1_316' title='bbox 2554 1443 2790 1511; x_wconf 88' lang='lat' dir='ltr'>homini,</span> <span class='ocrx_word' id='word_1_317' title='bbox 2827 1460 2986 1515; x_wconf 91' lang='lat' dir='ltr'>quem</span> <span class='ocrx_word' id='word_1_318' title='bbox 3017 1447 3548 1518; x_wconf 88' lang='lat' dir='ltr'>assumpserat,dedit</span> <span class='ocrx_word' id='word_1_319' title='bbox 3570 1466 3579 1502; x_wconf 91' lang='lat'>:</span> <span class='ocrx_word' id='word_1_320' title='bbox 3600 1464 3676 1519; x_wconf 90' lang='lat' dir='ltr'>per</span> <span class='ocrx_word' id='word_1_321' title='bbox 3691 1448 3775 1501; x_wconf 53' lang='lat' dir='ltr'>iuno</span> 
     </span>
    </p>
   </div>
   <div class='ocr_carea' id='block_1_44' title="bbox 2264 1530 3775 1608">
    <p class='ocr_par' dir='ltr' id='par_1_44' title="bbox 2264 1530 3775 1608">
     <span class='ocr_line' id='line_1_44' title="bbox 2264 1530 3775 1608; baseline 0.003 -22"><span class='ocrx_word' id='word_1_322' title='bbox 2264 1530 2389 1586; x_wconf 89' lang='lat' dir='ltr'>dam</span> <span class='ocrx_word' id='word_1_323' title='bbox 2441 1541 2620 1587; x_wconf 88' lang='lat' dir='ltr'>autem</span> <span class='ocrx_word' id='word_1_324' title='bbox 2673 1532 2792 1603; x_wconf 90' lang='lat' dir='ltr'>ejus</span> <span class='ocrx_word' id='word_1_325' title='bbox 2841 1534 3085 1605; x_wconf 90' lang='lat' dir='ltr'>linguam</span> <span class='ocrx_word' id='word_1_326' title='bbox 3116 1537 3360 1608; x_wconf 88' lang='lat' dir='ltr'>accipere</span> <span class='ocrx_word' id='word_1_327' title='bbox 3392 1552 3663 1608; x_wconf 89' lang='lat' dir='ltr'>possumus.</span> <span class='ocrx_word' id='word_1_328' title='bbox 3689 1537 3775 1590; x_wconf 86' lang='lat' dir='ltr'>Pro-</span> 
     </span>
    </p>
   </div>
   <div class='ocr_carea' id='block_1_45' title="bbox 2266 1616 3778 1679">
    <p class='ocr_par' dir='ltr' id='par_1_45' title="bbox 2266 1616 3778 1679">
     <span class='ocr_line' id='line_1_45' title="bbox 2266 1616 3778 1679; baseline 0.003 -8"><span class='ocrx_word' id='word_1_329' title='bbox 2266 1616 2442 1672; x_wconf 88' lang='lat' dir='ltr'>cessio</span> <span class='ocrx_word' id='word_1_330' title='bbox 2467 1635 2598 1674; x_wconf 89' lang='lat' dir='ltr'>vero</span> <span class='ocrx_word' id='word_1_331' title='bbox 2630 1619 2805 1674; x_wconf 88' lang='lat' dir='ltr'>David</span> <span class='ocrx_word' id='word_1_332' title='bbox 2837 1629 3029 1675; x_wconf 89' lang='lat' dir='ltr'>contra</span> <span class='ocrx_word' id='word_1_333' title='bbox 3063 1622 3406 1679; x_wconf 62' lang='lat' dir='ltr'>Philistwum</span> <span class='ocrx_word' id='word_1_334' title='bbox 3436 1623 3625 1678; x_wconf 89' lang='lat' dir='ltr'>duobus</span> <span class='ocrx_word' id='word_1_335' title='bbox 3649 1622 3778 1677; x_wconf 90' lang='lat' dir='ltr'>modis</span> 
     </span>
    </p>
   </div>
   <div class='ocr_carea' id='block_1_46' title="bbox 2265 1709 3778 1784">
    <p class='ocr_par' dir='ltr' id='par_1_46' title="bbox 2265 1709 3778 1784">
     <span class='ocr_line' id='line_1_46' title="bbox 2265 1709 3778 1784; baseline 0.003 -23"><span class='ocrx_word' id='word_1_336' title='bbox 2265 1709 2566 1762; x_wconf 89' lang='lat' dir='ltr'>secundum</span> <span class='ocrx_word' id='word_1_337' title='bbox 2623 1709 2939 1781; x_wconf 87' lang='lat' dir='ltr'>allegoriam</span> <span class='ocrx_word' id='word_1_338' title='bbox 3004 1711 3243 1783; x_wconf 86' lang='lat' dir='ltr'>intelligi</span> <span class='ocrx_word' id='word_1_339' title='bbox 3313 1720 3521 1784; x_wconf 86' lang='lat' dir='ltr'>potest;</span> <span class='ocrx_word' id='word_1_340' title='bbox 3581 1711 3778 1783; x_wconf 81' lang='lat' dir='ltr'>processit</span> 
     </span>
    </p>
   </div>
   <div class='ocr_carea' id='block_1_47' title="bbox 2266 1798 3779 1874">
    <p class='ocr_par' dir='ltr' id='par_1_47' title="bbox 2266 1798 3779 1874">
     <span class='ocr_line' id='line_1_47' title="bbox 2266 1798 3779 1874; baseline 0.002 -24"><span class='ocrx_word' id='word_1_341' title='bbox 2266 1813 2499 1868; x_wconf 87' lang='lat' dir='ltr'>namque</span> <span class='ocrx_word' id='word_1_342' title='bbox 2531 1798 2783 1853; x_wconf 81' lang='lat' dir='ltr'>Salvator</span> <span class='ocrx_word' id='word_1_343' title='bbox 2806 1809 2994 1855; x_wconf 88' lang='lat' dir='ltr'>noster</span> <span class='ocrx_word' id='word_1_344' title='bbox 3025 1811 3220 1858; x_wconf 89' lang='lat' dir='ltr'>contra</span> <span class='ocrx_word' id='word_1_345' title='bbox 3248 1802 3589 1868; x_wconf 64' lang='lat' dir='ltr'>Philistmum,</span> <span class='ocrx_word' id='word_1_346' title='bbox 3617 1799 3779 1874; x_wconf 85' lang='lat' dir='ltr'>quando</span> 
     </span>
    </p>
   </div>
   <div class='ocr_carea' id='block_1_48' title="bbox 2267 1885 3779 1962">
    <p class='ocr_par' dir='ltr' id='par_1_48' title="bbox 2267 1885 3779 1962">
     <span class='ocr_line' id='line_1_48' title="bbox 2267 1885 3779 1962; baseline 0.003 -22"><span class='ocrx_word' id='word_1_347' title='bbox 2267 1885 2466 1941; x_wconf 90' lang='lat' dir='ltr'>ductus</span> <span class='ocrx_word' id='word_1_348' title='bbox 2495 1894 2576 1941; x_wconf 90' lang='lat' dir='ltr'>est</span> <span class='ocrx_word' id='word_1_349' title='bbox 2610 1887 2667 1941; x_wconf 90' lang='lat' dir='ltr'>in</span> <span class='ocrx_word' id='word_1_350' title='bbox 2692 1887 2967 1943; x_wconf 87' lang='lat' dir='ltr'>desertum</span> <span class='ocrx_word' id='word_1_351' title='bbox 2999 1906 3029 1943; x_wconf 92' lang='lat' dir='ltr'>a</span> <span class='ocrx_word' id='word_1_352' title='bbox 3058 1890 3269 1962; x_wconf 87' lang='lat' dir='ltr'>Spiritu</span> <span class='ocrx_word' id='word_1_353' title='bbox 3300 1899 3498 1958; x_wconf 87' lang='lat' dir='ltr'>sancto,</span> <span class='ocrx_word' id='word_1_354' title='bbox 3528 1898 3581 1946; x_wconf 87' lang='lat' dir='ltr'>ut</span> <span class='ocrx_word' id='word_1_355' title='bbox 3608 1899 3779 1945; x_wconf 83' lang='lat' dir='ltr'>tentare-</span> 
     </span>
    </p>
   </div>
   <div class='ocr_carea' id='block_1_49' title="bbox 2266 1976 3778 2053">
    <p class='ocr_par' dir='ltr' id='par_1_49' title="bbox 2266 1976 3778 2053">
     <span class='ocr_line' id='line_1_49' title="bbox 2266 1976 3778 2053; baseline 0.003 -23"><span class='ocrx_word' id='word_1_356' title='bbox 2266 1985 2357 2031; x_wconf 89' lang='lat' dir='ltr'>tur</span> <span class='ocrx_word' id='word_1_357' title='bbox 2384 1993 2416 2031; x_wconf 92' lang='lat' dir='ltr'>a</span> <span class='ocrx_word' id='word_1_358' title='bbox 2443 1976 2688 2046; x_wconf 89' lang='lat' dir='ltr'>diabolo,</span> <span class='ocrx_word' id='word_1_359' title='bbox 2725 1979 3077 2052; x_wconf 89' lang='lat' dir='ltr'>vinceretque</span> <span class='ocrx_word' id='word_1_360' title='bbox 3120 1981 3426 2037; x_wconf 90' lang='lat' dir='ltr'>diabolum.</span> <span class='ocrx_word' id='word_1_361' title='bbox 3479 1983 3693 2053; x_wconf 83' lang='lat' dir='ltr'>Quinque</span> <span class='ocrx_word' id='word_1_362' title='bbox 3729 1981 3778 2034; x_wconf 49' lang='lat' dir='ltr'>la.</span> 
     </span>
    </p>
   </div>
   <div class='ocr_carea' id='block_1_50' title="bbox 2271 2066 3780 2141">
    <p class='ocr_par' dir='ltr' id='par_1_50' title="bbox 2271 2066 3780 2141">
     <span class='ocr_line' id='line_1_50' title="bbox 2271 2066 3780 2141; baseline 0.003 -21"><span class='ocrx_word' id='word_1_363' title='bbox 2271 2066 2424 2137; x_wconf 89' lang='lat' dir='ltr'>pides</span> <span class='ocrx_word' id='word_1_364' title='bbox 2468 2067 2647 2122; x_wconf 89' lang='lat' dir='ltr'>David</span> <span class='ocrx_word' id='word_1_365' title='bbox 2694 2068 2752 2123; x_wconf 91' lang='lat' dir='ltr'>in</span> <span class='ocrx_word' id='word_1_366' title='bbox 2802 2085 2988 2140; x_wconf 86' lang='lat' dir='ltr'>peram</span> <span class='ocrx_word' id='word_1_367' title='bbox 3040 2070 3216 2141; x_wconf 87' lang='lat' dir='ltr'>misit,</span> <span class='ocrx_word' id='word_1_368' title='bbox 3260 2073 3352 2129; x_wconf 90' lang='lat' dir='ltr'>sed</span> <span class='ocrx_word' id='word_1_369' title='bbox 3394 2090 3460 2129; x_wconf 85' lang='lat' dir='ltr'>ex</span> <span class='ocrx_word' id='word_1_370' title='bbox 3499 2088 3597 2127; x_wconf 89' lang='lat' dir='ltr'>uno</span> <span class='ocrx_word' id='word_1_371' title='bbox 3621 2071 3780 2128; x_wconf 82' lang='lat' dir='ltr'>Goliam</span> 
     </span>
    </p>
   </div>
   <div class='ocr_carea' id='block_1_51' title="bbox 2268 2156 3780 2233">
    <p class='ocr_par' dir='ltr' id='par_1_51' title="bbox 2268 2156 3780 2233">
     <span class='ocr_line' id='line_1_51' title="bbox 2268 2156 3780 2233; baseline 0.003 -24"><span class='ocrx_word' id='word_1_372' title='bbox 2268 2156 2565 2227; x_wconf 85' lang='lat' dir='ltr'>prostravit</span> <span class='ocrx_word' id='word_1_373' title='bbox 2594 2175 2607 2224; x_wconf 89' lang='lat'>;</span> <span class='ocrx_word' id='word_1_374' title='bbox 2644 2157 2773 2228; x_wconf 89' lang='lat' dir='ltr'>quia</span> <span class='ocrx_word' id='word_1_375' title='bbox 2804 2160 3056 2216; x_wconf 73' lang='lat' dir='ltr'>Salvator</span> <span class='ocrx_word' id='word_1_376' title='bbox 3085 2173 3275 2219; x_wconf 84' lang='lat' dir='ltr'>noster</span> <span class='ocrx_word' id='word_1_377' title='bbox 3306 2163 3571 2219; x_wconf 86' lang='lat' dir='ltr'>scientiam</span> <span class='ocrx_word' id='word_1_378' title='bbox 3598 2162 3780 2233; x_wconf 83' lang='lat' dir='ltr'>quinque</span> 
     </span>
    </p>
   </div>
   <div class='ocr_carea' id='block_1_52' title="bbox 2270 2247 3779 2323">
    <p class='ocr_par' dir='ltr' id='par_1_52' title="bbox 2270 2247 3779 2323">
     <span class='ocr_line' id='line_1_52' title="bbox 2270 2247 3779 2323; baseline 0.003 -23"><span class='ocrx_word' id='word_1_379' title='bbox 2270 2247 2535 2301; x_wconf 88' lang='lat' dir='ltr'>librorum</span> <span class='ocrx_word' id='word_1_380' title='bbox 2571 2250 2859 2321; x_wconf 64' lang='lat' dir='ltr'>mqualiter</span> <span class='ocrx_word' id='word_1_381' title='bbox 2880 2254 3140 2323; x_wconf 84' lang='lat' dir='ltr'>possedit,</span> <span class='ocrx_word' id='word_1_382' title='bbox 3166 2255 3261 2309; x_wconf 88' lang='lat' dir='ltr'>sed</span> <span class='ocrx_word' id='word_1_383' title='bbox 3285 2271 3350 2309; x_wconf 90' lang='lat' dir='ltr'>ex</span> <span class='ocrx_word' id='word_1_384' title='bbox 3381 2270 3504 2321; x_wconf 91' lang='lat' dir='ltr'>uno,</span> <span class='ocrx_word' id='word_1_385' title='bbox 3535 2253 3582 2308; x_wconf 87' lang='lat' dir='ltr'>id</span> <span class='ocrx_word' id='word_1_386' title='bbox 3601 2260 3667 2306; x_wconf 89' lang='lat' dir='ltr'>est</span> <span class='ocrx_word' id='word_1_387' title='bbox 3682 2253 3779 2306; x_wconf 87' lang='lat' dir='ltr'>Deu-</span> 
     </span>
    </p>
   </div>
   <div class='ocr_carea' id='block_1_53' title="bbox 2269 2337 3780 2415">
    <p class='ocr_par' dir='ltr' id='par_1_53' title="bbox 2269 2337 3780 2415">
     <span class='ocr_line' id='line_1_53' title="bbox 2269 2337 3780 2415; baseline 0.003 -27"><span class='ocrx_word' id='word_1_388' title='bbox 2269 2337 2618 2406; x_wconf 31' lang='lat' dir='ltr'>teronomio,‘</span> <span class='ocrx_word' id='word_1_389' title='bbox 2648 2337 2796 2394; x_wconf 89' lang='lat' dir='ltr'>trina</span> <span class='ocrx_word' id='word_1_390' title='bbox 2844 2343 3161 2398; x_wconf 82' lang='lat' dir='ltr'>testimonia</span> <span class='ocrx_word' id='word_1_391' title='bbox 3219 2345 3522 2415; x_wconf 88' lang='lat' dir='ltr'>assumpsit,</span> <span class='ocrx_word' id='word_1_392' title='bbox 3549 2358 3608 2397; x_wconf 85' lang='lat' dir='ltr'>ex</span> <span class='ocrx_word' id='word_1_393' title='bbox 3635 2339 3780 2412; x_wconf 84' lang='lat' dir='ltr'>quibus</span> 
     </span>
    </p>
   </div>
   <div class='ocr_carea' id='block_1_54' title="bbox 2268 2426 3779 2489">
    <p class='ocr_par' dir='ltr' id='par_1_54' title="bbox 2268 2426 3779 2489">
     <span class='ocr_line' id='line_1_54' title="bbox 2268 2426 3779 2489; baseline 0.001 -11"><span class='ocrx_word' id='word_1_394' title='bbox 2268 2431 2377 2479; x_wconf 88' lang='lat' dir='ltr'>tres</span> <span class='ocrx_word' id='word_1_395' title='bbox 2407 2426 2741 2482; x_wconf 87' lang='lat' dir='ltr'>tentationes</span> <span class='ocrx_word' id='word_1_396' title='bbox 2765 2426 2968 2484; x_wconf 88' lang='lat' dir='ltr'>diaboli</span> <span class='ocrx_word' id='word_1_397' title='bbox 2986 2430 3219 2487; x_wconf 88' lang='lat' dir='ltr'>devicit.</span> <span class='ocrx_word' id='word_1_398' title='bbox 3242 2435 3310 2488; x_wconf 89' lang='lat' dir='ltr'>Et</span> <span class='ocrx_word' id='word_1_399' title='bbox 3325 2433 3460 2489; x_wconf 90' lang='lat' dir='ltr'>sicut</span> <span class='ocrx_word' id='word_1_400' title='bbox 3481 2429 3635 2488; x_wconf 86' lang='lat' dir='ltr'>David</span> <span class='ocrx_word' id='word_1_401' title='bbox 3656 2426 3779 2483; x_wconf 83' lang='lat' dir='ltr'>funda</span> 
     </span>
    </p>
   </div>
   <div class='ocr_carea' id='block_1_55' title="bbox 2270 2516 3780 2592">
    <p class='ocr_par' dir='ltr' id='par_1_55' title="bbox 2270 2516 3780 2592">
     <span class='ocr_line' id='line_1_55' title="bbox 2270 2516 3780 2592; baseline 0.001 -23"><span class='ocrx_word' id='word_1_402' title='bbox 2270 2516 2505 2587; x_wconf 90' lang='lat' dir='ltr'>lapidem</span> <span class='ocrx_word' id='word_1_403' title='bbox 2537 2516 2695 2588; x_wconf 88' lang='lat' dir='ltr'>jecit,</span> <span class='ocrx_word' id='word_1_404' title='bbox 2727 2528 2780 2575; x_wconf 89' lang='lat' dir='ltr'>et</span> <span class='ocrx_word' id='word_1_405' title='bbox 2803 2520 3017 2576; x_wconf 88' lang='lat' dir='ltr'>Goliam</span> <span class='ocrx_word' id='word_1_406' title='bbox 3053 2523 3373 2592; x_wconf 87' lang='lat' dir='ltr'>interfecit;</span> <span class='ocrx_word' id='word_1_407' title='bbox 3406 2526 3473 2579; x_wconf 88' lang='lat' dir='ltr'>ita</span> <span class='ocrx_word' id='word_1_408' title='bbox 3504 2531 3551 2577; x_wconf 89' lang='lat' dir='ltr'>et</span> <span class='ocrx_word' id='word_1_409' title='bbox 3575 2520 3780 2577; x_wconf 75' lang='lat' dir='ltr'>Dominus</span> 
     </span>
    </p>
   </div>
   <div class='ocr_carea' id='block_1_56' title="bbox 2270 2606 3781 2683">
    <p class='ocr_par' dir='ltr' id='par_1_56' title="bbox 2270 2606 3781 2683">
     <span class='ocr_line' id='line_1_56' title="bbox 2270 2606 3781 2683; baseline 0 -24"><span class='ocrx_word' id='word_1_410' title='bbox 2270 2613 2455 2660; x_wconf 90' lang='lat' dir='ltr'>noster</span> <span class='ocrx_word' id='word_1_411' title='bbox 2482 2606 2636 2661; x_wconf 90' lang='lat' dir='ltr'>Jesus</span> <span class='ocrx_word' id='word_1_412' title='bbox 2684 2606 2934 2665; x_wconf 85' lang='lat' dir='ltr'>Christus</span> <span class='ocrx_word' id='word_1_413' title='bbox 2966 2611 3153 2682; x_wconf 89' lang='lat' dir='ltr'>lingua</span> <span class='ocrx_word' id='word_1_414' title='bbox 3203 2623 3399 2669; x_wconf 70' lang='lat' dir='ltr'>sancta:</span> <span class='ocrx_word' id='word_1_415' title='bbox 3445 2610 3696 2683; x_wconf 71' lang='lat' dir='ltr'>Scriptura:</span> <span class='ocrx_word' id='word_1_416' title='bbox 3718 2614 3781 2660; x_wconf 83' lang='lat' dir='ltr'>te-</span> 
     </span>
    </p>
   </div>
   <div class='ocr_carea' id='block_1_57' title="bbox 2270 2694 3534 2775">
    <p class='ocr_par' dir='ltr' id='par_1_57' title="bbox 2270 2694 3534 2775">
     <span class='ocr_line' id='line_1_57' title="bbox 2270 2694 3534 2775; baseline 0.005 -27"><span class='ocrx_word' id='word_1_417' title='bbox 2270 2694 2529 2750; x_wconf 89' lang='lat' dir='ltr'>stimonia</span> <span class='ocrx_word' id='word_1_418' title='bbox 2558 2698 2811 2766; x_wconf 90' lang='lat' dir='ltr'>protulit,</span> <span class='ocrx_word' id='word_1_419' title='bbox 2843 2708 2897 2754; x_wconf 89' lang='lat' dir='ltr'>et</span> <span class='ocrx_word' id='word_1_420' title='bbox 2926 2700 3219 2757; x_wconf 88' lang='lat' dir='ltr'>diabolum</span> <span class='ocrx_word' id='word_1_421' title='bbox 3251 2700 3534 2775; x_wconf 88' lang='lat' dir='ltr'>superavit.</span> 
     </span>
    </p>
   </div>
   <div class='ocr_carea' id='block_1_58' title="bbox 2341 2781 3780 2864">
    <p class='ocr_par' dir='ltr' id='par_1_58' title="bbox 2341 2781 3780 2864">
     <span class='ocr_line' id='line_1_58' title="bbox 2341 2781 3780 2864; baseline -0.002 -25"><span class='ocrx_word' id='word_1_422' title='bbox 2341 2785 2553 2840; x_wconf 90' lang='lat' dir='ltr'>Aliter:</span> <span class='ocrx_word' id='word_1_423' title='bbox 2588 2787 2831 2857; x_wconf 88' lang='lat' dir='ltr'>perrexit</span> <span class='ocrx_word' id='word_1_424' title='bbox 2858 2790 3037 2845; x_wconf 84' lang='lat' dir='ltr'>David</span> <span class='ocrx_word' id='word_1_425' title='bbox 3067 2792 3135 2848; x_wconf 88' lang='lat' dir='ltr'>ad</span> <span class='ocrx_word' id='word_1_426' title='bbox 3189 2809 3418 2864; x_wconf 87' lang='lat' dir='ltr'>pugnam</span> <span class='ocrx_word' id='word_1_427' title='bbox 3449 2796 3614 2847; x_wconf 85' lang='lat' dir='ltr'>contra</span> <span class='ocrx_word' id='word_1_428' title='bbox 3646 2781 3780 2841; x_wconf 84' lang='lat' dir='ltr'>Phili-</span> 
     </span>
    </p>
   </div>
   <div class='ocr_carea' id='block_1_59' title="bbox 2271 2874 3778 2948">
    <p class='ocr_par' dir='ltr' id='par_1_59' title="bbox 2271 2874 3778 2948">
     <span class='ocr_line' id='line_1_59' title="bbox 2271 2874 3778 2948; baseline 0.005 -20"><span class='ocrx_word' id='word_1_429' title='bbox 2271 2880 2461 2928; x_wconf 77' lang='lat' dir='ltr'>stzeum</span> <span class='ocrx_word' id='word_1_430' title='bbox 2498 2890 2510 2928; x_wconf 93' lang='lat'>:</span> <span class='ocrx_word' id='word_1_431' title='bbox 2549 2874 2808 2929; x_wconf 90' lang='lat' dir='ltr'>similiter</span> <span class='ocrx_word' id='word_1_432' title='bbox 2824 2885 2877 2932; x_wconf 88' lang='lat' dir='ltr'>et</span> <span class='ocrx_word' id='word_1_433' title='bbox 2897 2876 3171 2948; x_wconf 87' lang='lat' dir='ltr'>Christus,</span> <span class='ocrx_word' id='word_1_434' title='bbox 3204 2891 3263 2937; x_wconf 91' lang='lat' dir='ltr'>ut</span> <span class='ocrx_word' id='word_1_435' title='bbox 3295 2881 3557 2937; x_wconf 89' lang='lat' dir='ltr'>diabolum</span> <span class='ocrx_word' id='word_1_436' title='bbox 3578 2875 3778 2935; x_wconf 68' lang='lat' dir='ltr'>vinceret.</span> 
     </span>
    </p>
   </div>
   <div class='ocr_carea' id='block_1_60' title="bbox 2273 2957 3779 3043">
    <p class='ocr_par' dir='ltr' id='par_1_60' title="bbox 2273 2957 3779 3043">
     <span class='ocr_line' id='line_1_60' title="bbox 2273 2957 3779 3043; baseline -0.001 -27"><span class='ocrx_word' id='word_1_437' title='bbox 2273 2962 2340 3016; x_wconf 90' lang='lat' dir='ltr'>ad</span> <span class='ocrx_word' id='word_1_438' title='bbox 2371 2961 2676 3034; x_wconf 88' lang='lat' dir='ltr'>passionem</span> <span class='ocrx_word' id='word_1_439' title='bbox 2697 2968 3029 3036; x_wconf 89' lang='lat' dir='ltr'>properavit.</span> <span class='ocrx_word' id='word_1_440' title='bbox 3056 2971 3241 3026; x_wconf 89' lang='lat' dir='ltr'>David</span> <span class='ocrx_word' id='word_1_441' title='bbox 3274 2970 3445 3043; x_wconf 88' lang='lat' dir='ltr'>lapide</span> <span class='ocrx_word' id='word_1_442' title='bbox 3472 2966 3654 3024; x_wconf 88' lang='lat' dir='ltr'>Goliam</span> <span class='ocrx_word' id='word_1_443' title='bbox 3678 2957 3779 3030; x_wconf 56' lang='lat' dir='ltr'>deje°</span> 
     </span>
    </p>
   </div>
   <div class='ocr_carea' id='block_1_61' title="bbox 2272 3052 3779 3122">
    <p class='ocr_par' dir='ltr' id='par_1_61' title="bbox 2272 3052 3779 3122">
     <span class='ocr_line' id='line_1_61' title="bbox 2272 3052 3779 3122; baseline 0.001 -14"><span class='ocrx_word' id='word_1_444' title='bbox 2272 3053 2369 3120; x_wconf 88' lang='lat' dir='ltr'>cit,</span> <span class='ocrx_word' id='word_1_445' title='bbox 2411 3052 2670 3108; x_wconf 87' lang='lat' dir='ltr'>similiter</span> <span class='ocrx_word' id='word_1_446' title='bbox 2698 3062 2751 3108; x_wconf 89' lang='lat' dir='ltr'>et</span> <span class='ocrx_word' id='word_1_447' title='bbox 2783 3055 3035 3114; x_wconf 88' lang='lat' dir='ltr'>Christus</span> <span class='ocrx_word' id='word_1_448' title='bbox 3065 3059 3351 3116; x_wconf 87' lang='lat' dir='ltr'>diabolum</span> <span class='ocrx_word' id='word_1_449' title='bbox 3378 3067 3539 3115; x_wconf 89' lang='lat' dir='ltr'>morte</span> <span class='ocrx_word' id='word_1_450' title='bbox 3558 3071 3637 3111; x_wconf 87' lang='lat' dir='ltr'>sua</span> <span class='ocrx_word' id='word_1_451' title='bbox 3663 3063 3779 3122; x_wconf 76' lang='lat' dir='ltr'>pete-</span> 
     </span>
    </p>
   </div>
   <div class='ocr_carea' id='block_1_62' title="bbox 563 3136 3778 3243">
    <p class='ocr_par' dir='ltr' id='par_1_62' title="bbox 563 3136 3778 3243">
     <span class='ocr_line' id='line_1_62' title="bbox 563 3136 3778 3243; baseline 0 -38"><span class='ocrx_word' id='word_1_452' title='bbox 563 3158 727 3221; x_wconf 88' lang='lat' dir='ltr'>atque</span> <span class='ocrx_word' id='word_1_453' title='bbox 755 3166 855 3221; x_wconf 92' lang='lat' dir='ltr'>pro</span> <span class='ocrx_word' id='word_1_454' title='bbox 877 3149 1083 3207; x_wconf 90' lang='lat' dir='ltr'>Christi</span> <span class='ocrx_word' id='word_1_455' title='bbox 1104 3150 1329 3207; x_wconf 89' lang='lat' dir='ltr'>nomine</span> <span class='ocrx_word' id='word_1_456' title='bbox 1349 3150 1767 3207; x_wconf 87' lang='lat' dir='ltr'>interfecerunt.</span> <span class='ocrx_word' id='word_1_457' title='bbox 1801 3150 1871 3206; x_wconf 89' lang='lat' dir='ltr'>Et</span> <span class='ocrx_word' id='word_1_458' title='bbox 1891 3151 2034 3207; x_wconf 92' lang='lat' dir='ltr'>sicut</span> <span class='ocrx_word' id='word_1_459' title='bbox 2061 3154 2161 3206; x_wconf 90' lang='lat' dir='ltr'>Da-</span> <span class='ocrx_word' id='word_1_460' title='bbox 2194 3183 2237 3243; x_wconf 70' lang='grc' dir='ltr'><strong>Ο</strong></span> <span class='ocrx_word' id='word_1_461' title='bbox 2277 3145 2399 3199; x_wconf 78' lang='lat' dir='ltr'>mit.</span> <span class='ocrx_word' id='word_1_462' title='bbox 2434 3145 2682 3217; x_wconf 81' lang='lat' dir='ltr'>Cumque</span> <span class='ocrx_word' id='word_1_463' title='bbox 2722 3147 2962 3216; x_wconf 79' lang='lat' dir='ltr'>gladium</span> <span class='ocrx_word' id='word_1_464' title='bbox 2996 3165 3106 3204; x_wconf 88' lang='lat' dir='ltr'>non</span> <span class='ocrx_word' id='word_1_465' title='bbox 3138 3150 3367 3207; x_wconf 88' lang='lat' dir='ltr'>haberet</span> <span class='ocrx_word' id='word_1_466' title='bbox 3386 3151 3439 3205; x_wconf 91' lang='lat' dir='ltr'>in</span> <span class='ocrx_word' id='word_1_467' title='bbox 3468 3162 3613 3203; x_wconf 85' lang='lat' dir='ltr'>manu</span> <span class='ocrx_word' id='word_1_468' title='bbox 3630 3136 3778 3243; x_wconf 45' lang='lat' dir='ltr'>[iuvit],</span> 
     </span>
    </p>
   </div>
   <div class='ocr_carea' id='block_1_63' title="bbox 563 3239 2158 3312">
    <p class='ocr_par' dir='ltr' id='par_1_63' title="bbox 563 3239 2158 3312">
     <span class='ocr_line' id='line_1_63' title="bbox 563 3239 2158 3312; baseline 0.001 -18"><span class='ocrx_word' id='word_1_469' title='bbox 563 3239 661 3296; x_wconf 91' lang='lat' dir='ltr'>vid</span> <span class='ocrx_word' id='word_1_470' title='bbox 706 3239 919 3295; x_wconf 88' lang='lat' dir='ltr'>leonem</span> <span class='ocrx_word' id='word_1_471' title='bbox 976 3247 1029 3295; x_wconf 90' lang='lat' dir='ltr'>et</span> <span class='ocrx_word' id='word_1_472' title='bbox 1084 3257 1273 3296; x_wconf 91' lang='lat' dir='ltr'>ursum</span> <span class='ocrx_word' id='word_1_473' title='bbox 1330 3239 1610 3297; x_wconf 87' lang='lat' dir='ltr'>insecutus</span> <span class='ocrx_word' id='word_1_474' title='bbox 1672 3240 1963 3312; x_wconf 87' lang='lat' dir='ltr'>percussit,</span> <span class='ocrx_word' id='word_1_475' title='bbox 1996 3248 2158 3312; x_wconf 88' lang='lat' dir='ltr'>atque</span> 
     </span>
    </p>
   </div>
   <div class='ocr_carea' id='block_1_64' title="bbox 562 3328 2161 3388">
    <p class='ocr_par' dir='ltr' id='par_1_64' title="bbox 562 3328 2161 3388">
     <span class='ocr_line' id='line_1_64' title="bbox 562 3328 2161 3388; baseline 0.003 -6"><span class='ocrx_word' id='word_1_476' title='bbox 562 3328 788 3385; x_wconf 87' lang='lat' dir='ltr'>arietem</span> <span class='ocrx_word' id='word_1_477' title='bbox 837 3329 904 3385; x_wconf 90' lang='lat' dir='ltr'>de</span> <span class='ocrx_word' id='word_1_478' title='bbox 946 3345 1040 3385; x_wconf 90' lang='lat' dir='ltr'>ore</span> <span class='ocrx_word' id='word_1_479' title='bbox 1097 3345 1288 3385; x_wconf 86' lang='lat' dir='ltr'>eorum</span> <span class='ocrx_word' id='word_1_480' title='bbox 1337 3329 1520 3385; x_wconf 88' lang='lat' dir='ltr'>eruit:</span> <span class='ocrx_word' id='word_1_481' title='bbox 1559 3328 1815 3384; x_wconf 90' lang='lat' dir='ltr'>similiter</span> <span class='ocrx_word' id='word_1_482' title='bbox 1848 3337 1901 3385; x_wconf 90' lang='lat' dir='ltr'>et</span> <span class='ocrx_word' id='word_1_483' title='bbox 1934 3331 2161 3388; x_wconf 84' lang='lat' dir='ltr'>Redem-</span> 
     </span>
    </p>
   </div>
   <div class='ocr_carea' id='block_1_65' title="bbox 563 3417 2161 3491">
    <p class='ocr_par' dir='ltr' id='par_1_65' title="bbox 563 3417 2161 3491">
     <span class='ocr_line' id='line_1_65' title="bbox 563 3417 2161 3491; baseline 0.001 -17"><span class='ocrx_word' id='word_1_484' title='bbox 563 3426 688 3489; x_wconf 91' lang='lat' dir='ltr'>ptor</span> <span class='ocrx_word' id='word_1_485' title='bbox 734 3428 920 3475; x_wconf 89' lang='lat' dir='ltr'>noster</span> <span class='ocrx_word' id='word_1_486' title='bbox 976 3417 1241 3491; x_wconf 89' lang='lat' dir='ltr'>quosdam</span> <span class='ocrx_word' id='word_1_487' title='bbox 1273 3435 1343 3473; x_wconf 88' lang='lat' dir='ltr'>ex</span> <span class='ocrx_word' id='word_1_488' title='bbox 1372 3418 1815 3488; x_wconf 88' lang='lat' dir='ltr'>persecutoribus</span> <span class='ocrx_word' id='word_1_489' title='bbox 1844 3427 2161 3489; x_wconf 89' lang='lat' dir='ltr'>persecutus</span> 
     </span>
    </p>
   </div>
   <div class='ocr_carea' id='block_1_66' title="bbox 562 3507 2160 3579">
    <p class='ocr_par' dir='ltr' id='par_1_66' title="bbox 562 3507 2160 3579">
     <span class='ocr_line' id='line_1_66' title="bbox 562 3507 2160 3579; baseline 0.001 -18"><span class='ocrx_word' id='word_1_490' title='bbox 562 3514 664 3574; x_wconf 90' lang='lat' dir='ltr'>est,</span> <span class='ocrx_word' id='word_1_491' title='bbox 716 3509 938 3579; x_wconf 85' lang='lat' dir='ltr'>quando</span> <span class='ocrx_word' id='word_1_492' title='bbox 986 3507 1064 3563; x_wconf 91' lang='lat' dir='ltr'>eis</span> <span class='ocrx_word' id='word_1_493' title='bbox 1093 3524 1307 3579; x_wconf 87' lang='lat' dir='ltr'>poenam</span> <span class='ocrx_word' id='word_1_494' title='bbox 1339 3523 1502 3579; x_wconf 89' lang='lat' dir='ltr'>quam</span> <span class='ocrx_word' id='word_1_495' title='bbox 1536 3507 1907 3575; x_wconf 86' lang='lat' dir='ltr'>merebantur,</span> <span class='ocrx_word' id='word_1_496' title='bbox 1939 3508 1995 3563; x_wconf 93' lang='lat' dir='ltr'>in</span> <span class='ocrx_word' id='word_1_497' title='bbox 2027 3524 2160 3579; x_wconf 73' lang='lat' dir='ltr'>prae-</span> 
     </span>
    </p>
   </div>
   <div class='ocr_carea' id='block_1_67' title="bbox 564 3597 2157 3669">
    <p class='ocr_par' dir='ltr' id='par_1_67' title="bbox 564 3597 2157 3669">
     <span class='ocr_line' id='line_1_67' title="bbox 564 3597 2157 3669; baseline 0.002 -19"><span class='ocrx_word' id='word_1_498' title='bbox 564 3597 707 3651; x_wconf 89' lang='lat' dir='ltr'>senti</span> <span class='ocrx_word' id='word_1_499' title='bbox 760 3598 963 3651; x_wconf 63' lang='lat' dir='ltr'>saiculo</span> <span class='ocrx_word' id='word_1_500' title='bbox 1013 3599 1300 3669; x_wconf 86' lang='lat' dir='ltr'>irrogavit,</span> <span class='ocrx_word' id='word_1_501' title='bbox 1357 3600 1501 3654; x_wconf 90' lang='lat' dir='ltr'>sicut</span> <span class='ocrx_word' id='word_1_502' title='bbox 1545 3598 1725 3669; x_wconf 89' lang='lat' dir='ltr'>primo</span> <span class='ocrx_word' id='word_1_503' title='bbox 1759 3599 2157 3667; x_wconf 88' lang='lat' dir='ltr'>530&#39;Herodi,</span> 
     </span>
    </p>
   </div>
   <div class='ocr_carea' id='block_1_68' title="bbox 565 3691 2157 3764">
    <p class='ocr_par' dir='ltr' id='par_1_68' title="bbox 565 3691 2157 3764">
     <span class='ocr_line' id='line_1_68' title="bbox 565 3691 2157 3764; baseline 0.002 -17"><span class='ocrx_word' id='word_1_504' title='bbox 565 3697 619 3747; x_wconf 90' lang='lat' dir='ltr'>et</span> <span class='ocrx_word' id='word_1_505' title='bbox 656 3691 856 3747; x_wconf 89' lang='lat' dir='ltr'>iterum</span> <span class='ocrx_word' id='word_1_506' title='bbox 896 3693 1158 3764; x_wconf 87' lang='lat' dir='ltr'>secundo,</span> <span class='ocrx_word' id='word_1_507' title='bbox 1216 3703 1269 3751; x_wconf 91' lang='lat' dir='ltr'>et</span> <span class='ocrx_word' id='word_1_508' title='bbox 1320 3695 1505 3764; x_wconf 89' lang='lat' dir='ltr'>tertio,</span> <span class='ocrx_word' id='word_1_509' title='bbox 1555 3704 1610 3751; x_wconf 93' lang='lat' dir='ltr'>et</span> <span class='ocrx_word' id='word_1_510' title='bbox 1643 3695 1833 3750; x_wconf 91' lang='lat' dir='ltr'>multis</span> <span class='ocrx_word' id='word_1_511' title='bbox 1860 3696 2003 3751; x_wconf 89' lang='lat' dir='ltr'>aliis.</span> <span class='ocrx_word' id='word_1_512' title='bbox 2036 3697 2157 3752; x_wconf 92' lang='lat' dir='ltr'>Per-</span> 
     </span>
    </p>
   </div>
   <div class='ocr_carea' id='block_1_69' title="bbox 563 3777 2153 3853">
    <p class='ocr_par' dir='ltr' id='par_1_69' title="bbox 563 3777 2153 3853">
     <span class='ocr_line' id='line_1_69' title="bbox 563 3777 2153 3853; baseline 0.003 -20"><span class='ocrx_word' id='word_1_513' title='bbox 563 3777 736 3833; x_wconf 90' lang='lat' dir='ltr'>cussit</span> <span class='ocrx_word' id='word_1_514' title='bbox 763 3778 985 3851; x_wconf 83' lang='lat' dir='ltr'>quippe,</span> <span class='ocrx_word' id='word_1_515' title='bbox 1027 3782 1244 3853; x_wconf 89' lang='lat' dir='ltr'>quando</span> <span class='ocrx_word' id='word_1_516' title='bbox 1275 3798 1366 3838; x_wconf 90' lang='lat' dir='ltr'>eos</span> <span class='ocrx_word' id='word_1_517' title='bbox 1389 3790 1591 3838; x_wconf 64' lang='lat' dir='ltr'>aeterna</span> <span class='ocrx_word' id='word_1_518' title='bbox 1631 3790 1806 3838; x_wconf 91' lang='lat' dir='ltr'>morte</span> <span class='ocrx_word' id='word_1_519' title='bbox 1834 3783 2118 3839; x_wconf 89' lang='lat' dir='ltr'>damnavit</span> <span class='ocrx_word' id='word_1_520' title='bbox 2142 3800 2153 3837; x_wconf 91' lang='lat'><strong>:</strong></span> 
     </span>
    </p>
   </div>
   <div class='ocr_carea' id='block_1_70' title="bbox 563 3865 2156 3944">
    <p class='ocr_par' dir='ltr' id='par_1_70' title="bbox 563 3865 2156 3944">
     <span class='ocr_line' id='line_1_70' title="bbox 563 3865 2156 3944; baseline 0.003 -24"><span class='ocrx_word' id='word_1_521' title='bbox 563 3865 788 3922; x_wconf 87' lang='lat' dir='ltr'>arietem</span> <span class='ocrx_word' id='word_1_522' title='bbox 817 3867 884 3923; x_wconf 91' lang='lat' dir='ltr'>de</span> <span class='ocrx_word' id='word_1_523' title='bbox 915 3885 1007 3924; x_wconf 92' lang='lat' dir='ltr'>ore</span> <span class='ocrx_word' id='word_1_524' title='bbox 1034 3886 1221 3925; x_wconf 89' lang='lat' dir='ltr'>eorum</span> <span class='ocrx_word' id='word_1_525' title='bbox 1251 3871 1416 3940; x_wconf 89' lang='lat' dir='ltr'>eruit,</span> <span class='ocrx_word' id='word_1_526' title='bbox 1451 3872 1579 3944; x_wconf 91' lang='lat' dir='ltr'>quia</span> <span class='ocrx_word' id='word_1_527' title='bbox 1613 3872 1873 3943; x_wconf 89' lang='lat' dir='ltr'>populum</span> <span class='ocrx_word' id='word_1_528' title='bbox 1902 3871 2156 3927; x_wconf 86' lang='lat' dir='ltr'>ﬁdelium</span> 
     </span>
    </p>
   </div>
   <div class='ocr_carea' id='block_1_71' title="bbox 564 3956 2159 4016">
    <p class='ocr_par' dir='ltr' id='par_1_71' title="bbox 564 3956 2159 4016">
     <span class='ocr_line' id='line_1_71' title="bbox 564 3956 2159 4016; baseline 0.002 -5"><span class='ocrx_word' id='word_1_529' title='bbox 564 3956 632 4012; x_wconf 88' lang='lat' dir='ltr'>ab</span> <span class='ocrx_word' id='word_1_530' title='bbox 662 3973 852 4012; x_wconf 91' lang='lat' dir='ltr'>eorum</span> <span class='ocrx_word' id='word_1_531' title='bbox 895 3956 1223 4015; x_wconf 88' lang='lat' dir='ltr'>laceratione</span> <span class='ocrx_word' id='word_1_532' title='bbox 1253 3959 1529 4016; x_wconf 89' lang='lat' dir='ltr'>liberavit.</span> <span class='ocrx_word' id='word_1_533' title='bbox 1565 3961 1635 4015; x_wconf 90' lang='lat' dir='ltr'>Et</span> <span class='ocrx_word' id='word_1_534' title='bbox 1674 3961 1871 4015; x_wconf 90' lang='lat' dir='ltr'>iterum</span> <span class='ocrx_word' id='word_1_535' title='bbox 1904 3959 1990 4015; x_wconf 92' lang='lat' dir='ltr'>illi</span> <span class='ocrx_word' id='word_1_536' title='bbox 2016 3975 2159 4015; x_wconf 91' lang='lat' dir='ltr'>con-</span> 
     </span>
    </p>
   </div>
   <div class='ocr_carea' id='block_1_72' title="bbox 561 4045 2159 4121">
    <p class='ocr_par' dir='ltr' id='par_1_72' title="bbox 561 4045 2159 4121">
     <span class='ocr_line' id='line_1_72' title="bbox 561 4045 2159 4121; baseline 0.003 -22"><span class='ocrx_word' id='word_1_537' title='bbox 561 4045 857 4117; x_wconf 88' lang='lat' dir='ltr'>surgebant</span> <span class='ocrx_word' id='word_1_538' title='bbox 886 4046 1176 4103; x_wconf 90' lang='lat' dir='ltr'>adversum</span> <span class='ocrx_word' id='word_1_539' title='bbox 1203 4048 1403 4116; x_wconf 90' lang='lat' dir='ltr'>David,</span> <span class='ocrx_word' id='word_1_540' title='bbox 1442 4049 1570 4121; x_wconf 90' lang='lat' dir='ltr'>quia</span> <span class='ocrx_word' id='word_1_541' title='bbox 1604 4049 1943 4120; x_wconf 90' lang='lat' dir='ltr'>temporibus</span> <span class='ocrx_word' id='word_1_542' title='bbox 1968 4065 2159 4121; x_wconf 89' lang='lat' dir='ltr'>perse-</span> 
     </span>
    </p>
   </div>
   <div class='ocr_carea' id='block_1_73' title="bbox 562 4136 2156 4208">
    <p class='ocr_par' dir='ltr' id='par_1_73' title="bbox 562 4136 2156 4208">
     <span class='ocr_line' id='line_1_73' title="bbox 562 4136 2156 4208; baseline 0.001 -17"><span class='ocrx_word' id='word_1_543' title='bbox 562 4142 819 4191; x_wconf 89' lang='lat' dir='ltr'>cutorum</span> <span class='ocrx_word' id='word_1_544' title='bbox 850 4150 976 4192; x_wconf 89' lang='lat' dir='ltr'>cum</span> <span class='ocrx_word' id='word_1_545' title='bbox 1022 4136 1115 4191; x_wconf 91' lang='lat' dir='ltr'>alii</span> <span class='ocrx_word' id='word_1_546' title='bbox 1146 4138 1497 4208; x_wconf 90' lang='lat' dir='ltr'>punirentur,</span> <span class='ocrx_word' id='word_1_547' title='bbox 1530 4138 1623 4193; x_wconf 90' lang='lat' dir='ltr'>alii</span> <span class='ocrx_word' id='word_1_548' title='bbox 1656 4145 1846 4193; x_wconf 89' lang='lat' dir='ltr'>contra</span> <span class='ocrx_word' id='word_1_549' title='bbox 1876 4137 2156 4194; x_wconf 86' lang='lat' dir='ltr'>Christum</span> 
     </span>
    </p>
   </div>
   <div class='ocr_carea' id='block_1_74' title="bbox 562 4222 2157 4300">
    <p class='ocr_par' dir='ltr' id='par_1_74' title="bbox 562 4222 2157 4300">
     <span class='ocr_line' id='line_1_74' title="bbox 562 4222 2157 4300; baseline 0.003 -23"><span class='ocrx_word' id='word_1_550' title='bbox 562 4222 935 4295; x_wconf 86' lang='lat' dir='ltr'>insurgebant,</span> <span class='ocrx_word' id='word_1_551' title='bbox 971 4233 1033 4281; x_wconf 90' lang='lat' dir='ltr'>ut</span> <span class='ocrx_word' id='word_1_552' title='bbox 1081 4226 1201 4299; x_wconf 90' lang='lat' dir='ltr'>ejus</span> <span class='ocrx_word' id='word_1_553' title='bbox 1234 4243 1431 4282; x_wconf 89' lang='lat' dir='ltr'>nomen</span> <span class='ocrx_word' id='word_1_554' title='bbox 1460 4235 1623 4300; x_wconf 88' lang='lat' dir='ltr'>atque</span> <span class='ocrx_word' id='word_1_555' title='bbox 1674 4229 1947 4283; x_wconf 86' lang='lat' dir='ltr'>culturam</span> <span class='ocrx_word' id='word_1_556' title='bbox 1975 4227 2157 4282; x_wconf 88' lang='lat' dir='ltr'>fundi-</span> 
     </span>
    </p>
   </div>
   <div class='ocr_carea' id='block_1_75' title="bbox 559 4314 2156 4388">
    <p class='ocr_par' dir='ltr' id='par_1_75' title="bbox 559 4314 2156 4388">
     <span class='ocr_line' id='line_1_75' title="bbox 559 4314 2156 4388; baseline 0.003 -23"><span class='ocrx_word' id='word_1_557' title='bbox 559 4318 649 4366; x_wconf 91' lang='lat' dir='ltr'>tus</span> <span class='ocrx_word' id='word_1_558' title='bbox 675 4314 1221 4386; x_wconf 86' lang='lat' dir='ltr'>exstinguerent.Sed</span> <span class='ocrx_word' id='word_1_559' title='bbox 1248 4316 1427 4372; x_wconf 89' lang='lat' dir='ltr'>David</span> <span class='ocrx_word' id='word_1_560' title='bbox 1448 4315 1891 4388; x_wconf 87' lang='lat' dir='ltr'>apprehendebat</span> <span class='ocrx_word' id='word_1_561' title='bbox 1912 4323 2156 4372; x_wconf 90' lang='lat' dir='ltr'>mentum</span> 
     </span>
    </p>
   </div>
   <div class='ocr_carea' id='block_1_76' title="bbox 559 4404 2152 4477">
    <p class='ocr_par' dir='ltr' id='par_1_76' title="bbox 559 4404 2152 4477">
     <span class='ocr_line' id='line_1_76' title="bbox 559 4404 2152 4477; baseline 0.005 -24"><span class='ocrx_word' id='word_1_562' title='bbox 559 4415 776 4468; x_wconf 89' lang='lat' dir='ltr'>eorum,</span> <span class='ocrx_word' id='word_1_563' title='bbox 835 4412 887 4458; x_wconf 90' lang='lat' dir='ltr'>et</span> <span class='ocrx_word' id='word_1_564' title='bbox 934 4404 1255 4474; x_wconf 76' lang='lat' dir='ltr'>suti‘ocabat,</span> <span class='ocrx_word' id='word_1_565' title='bbox 1308 4405 1777 4477; x_wconf 79' lang='lat' dir='ltr'>interﬁciebatque</span> <span class='ocrx_word' id='word_1_566' title='bbox 1821 4421 1913 4460; x_wconf 90' lang='lat' dir='ltr'>eos</span> <span class='ocrx_word' id='word_1_567' title='bbox 1952 4406 2006 4460; x_wconf 71' lang='lat' dir='ltr'>tI</span> <span class='ocrx_word' id='word_1_568' title='bbox 2031 4407 2152 4476; x_wconf 61' lang='lat' dir='ltr'>Reg,</span> 
     </span>
    </p>
   </div>
   <div class='ocr_carea' id='block_1_77' title="bbox 558 4492 2153 4567">
    <p class='ocr_par' dir='ltr' id='par_1_77' title="bbox 558 4492 2153 4567">
     <span class='ocr_line' id='line_1_77' title="bbox 558 4492 2153 4567; baseline 0.005 -23"><span class='ocrx_word' id='word_1_569' title='bbox 558 4505 700 4557; x_wconf 83' lang='lat' dir='ltr'>xvn,</span> <span class='ocrx_word' id='word_1_570' title='bbox 750 4492 864 4560; x_wconf 83' lang='lat'>35).</span> <span class='ocrx_word' id='word_1_571' title='bbox 921 4493 1024 4548; x_wconf 91' lang='lat' dir='ltr'>Per</span> <span class='ocrx_word' id='word_1_572' title='bbox 1080 4502 1352 4561; x_wconf 90' lang='lat' dir='ltr'>mentum,</span> <span class='ocrx_word' id='word_1_573' title='bbox 1417 4496 1561 4567; x_wconf 92' lang='lat' dir='ltr'>quod</span> <span class='ocrx_word' id='word_1_574' title='bbox 1593 4495 1675 4550; x_wconf 93' lang='lat' dir='ltr'>ori</span> <span class='ocrx_word' id='word_1_575' title='bbox 1706 4503 1787 4551; x_wconf 90' lang='lat' dir='ltr'>est</span> <span class='ocrx_word' id='word_1_576' title='bbox 1816 4494 2153 4567; x_wconf 81' lang='lat' dir='ltr'>proximum,</span> 
     </span>
    </p>
   </div>
   <div class='ocr_carea' id='block_1_78' title="bbox 557 4577 2150 4656">
    <p class='ocr_par' dir='ltr' id='par_1_78' title="bbox 557 4577 2150 4656">
     <span class='ocr_line' id='line_1_78' title="bbox 557 4577 2150 4656; baseline 0.004 -24"><span class='ocrx_word' id='word_1_577' title='bbox 557 4577 911 4653; x_wconf 60' lang='lat' dir='ltr'>blasphemia</span> <span class='ocrx_word' id='word_1_578' title='bbox 939 4582 1251 4637; x_wconf 74' lang='lat' dir='ltr'>Judaeorum</span> <span class='ocrx_word' id='word_1_579' title='bbox 1283 4591 1451 4654; x_wconf 91' lang='lat' dir='ltr'>atque</span> <span class='ocrx_word' id='word_1_580' title='bbox 1500 4600 1834 4654; x_wconf 83' lang='lat' dir='ltr'>paganorum</span> <span class='ocrx_word' id='word_1_581' title='bbox 1865 4583 2150 4656; x_wconf 88' lang='lat' dir='ltr'>designan-</span> 
     </span>
    </p>
   </div>
   <div class='ocr_carea' id='block_1_79' title="bbox 557 4668 2148 4745">
    <p class='ocr_par' dir='ltr' id='par_1_79' title="bbox 557 4668 2148 4745">
     <span class='ocr_line' id='line_1_79' title="bbox 557 4668 2148 4745; baseline 0.001 -20"><span class='ocrx_word' id='word_1_582' title='bbox 557 4677 666 4725; x_wconf 91' lang='lat' dir='ltr'>tur.</span> <span class='ocrx_word' id='word_1_583' title='bbox 708 4668 962 4726; x_wconf 89' lang='lat' dir='ltr'>Christus</span> <span class='ocrx_word' id='word_1_584' title='bbox 1018 4678 1265 4727; x_wconf 89' lang='lat' dir='ltr'>mentum</span> <span class='ocrx_word' id='word_1_585' title='bbox 1316 4681 1721 4744; x_wconf 87' lang='lat' dir='ltr'>persecutorum</span> <span class='ocrx_word' id='word_1_586' title='bbox 1768 4674 2148 4745; x_wconf 88' lang='lat' dir='ltr'>apprehendit,</span> 
     </span>
    </p>
   </div>
   <div class='ocr_carea' id='block_1_80' title="bbox 556 4759 2150 4836">
    <p class='ocr_par' dir='ltr' id='par_1_80' title="bbox 556 4759 2150 4836">
     <span class='ocr_line' id='line_1_80' title="bbox 556 4759 2150 4836; baseline 0.004 -22"><span class='ocrx_word' id='word_1_587' title='bbox 556 4766 610 4814; x_wconf 88' lang='lat' dir='ltr'>et</span> <span class='ocrx_word' id='word_1_588' title='bbox 654 4759 962 4827; x_wconf 70' lang='lat' dir='ltr'>suffocavit,</span> <span class='ocrx_word' id='word_1_589' title='bbox 1013 4761 1398 4834; x_wconf 87' lang='lat' dir='ltr'>interfecitque</span> <span class='ocrx_word' id='word_1_590' title='bbox 1445 4777 1575 4829; x_wconf 85' lang='lat' dir='ltr'>eos;</span> <span class='ocrx_word' id='word_1_591' title='bbox 1612 4763 1831 4834; x_wconf 90' lang='lat' dir='ltr'>quando</span> <span class='ocrx_word' id='word_1_592' title='bbox 1860 4762 2150 4836; x_wconf 87' lang='lat' dir='ltr'>imperato-</span> 
     </span>
    </p>
   </div>
   <div class='ocr_carea' id='block_1_81' title="bbox 555 4846 2149 4916">
    <p class='ocr_par' dir='ltr' id='par_1_81' title="bbox 555 4846 2149 4916">
     <span class='ocr_line' id='line_1_81' title="bbox 555 4846 2149 4916; baseline 0.005 -14"><span class='ocrx_word' id='word_1_593' title='bbox 555 4846 709 4904; x_wconf 89' lang='lat' dir='ltr'>ribus</span> <span class='ocrx_word' id='word_1_594' title='bbox 737 4848 797 4904; x_wconf 88' lang='lat' dir='ltr'>in</span> <span class='ocrx_word' id='word_1_595' title='bbox 827 4850 1105 4908; x_wconf 90' lang='lat' dir='ltr'>Christum</span> <span class='ocrx_word' id='word_1_596' title='bbox 1140 4850 1511 4916; x_wconf 86' lang='lat' dir='ltr'>credentibus,</span> <span class='ocrx_word' id='word_1_597' title='bbox 1535 4852 1716 4907; x_wconf 90' lang='lat' dir='ltr'>omnis</span> <span class='ocrx_word' id='word_1_598' title='bbox 1741 4853 1959 4909; x_wconf 89' lang='lat' dir='ltr'>cultura</span> <span class='ocrx_word' id='word_1_599' title='bbox 1987 4861 2040 4909; x_wconf 90' lang='lat' dir='ltr'>et</span> <span class='ocrx_word' id='word_1_600' title='bbox 2070 4870 2149 4910; x_wconf 85' lang='lat' dir='ltr'>er-</span> 
     </span>
    </p>
   </div>
   <div class='ocr_carea' id='block_1_82' title="bbox 553 4936 2150 5013">
    <p class='ocr_par' dir='ltr' id='par_1_82' title="bbox 553 4936 2150 5013">
     <span class='ocr_line' id='line_1_82' title="bbox 553 4936 2150 5013; baseline 0.003 -21"><span class='ocrx_word' id='word_1_601' title='bbox 553 4952 647 4992; x_wconf 86' lang='lat' dir='ltr'>ror</span> <span class='ocrx_word' id='word_1_602' title='bbox 679 4937 967 5009; x_wconf 83' lang='lat' dir='ltr'>gentilium</span> <span class='ocrx_word' id='word_1_603' title='bbox 999 4936 1077 4993; x_wconf 88' lang='lat' dir='ltr'>ita</span> <span class='ocrx_word' id='word_1_604' title='bbox 1104 4938 1407 4995; x_wconf 74' lang='lat' dir='ltr'>suffocatus</span> <span class='ocrx_word' id='word_1_605' title='bbox 1433 4944 1532 5004; x_wconf 83' lang='lat' dir='ltr'>est,</span> <span class='ocrx_word' id='word_1_606' title='bbox 1576 4947 1639 4994; x_wconf 89' lang='lat' dir='ltr'>ut</span> <span class='ocrx_word' id='word_1_607' title='bbox 1669 4940 1858 4997; x_wconf 91' lang='lat' dir='ltr'>nullus</span> <span class='ocrx_word' id='word_1_608' title='bbox 1887 4957 2150 5013; x_wconf 90' lang='lat' dir='ltr'>persecu-</span> 
     </span>
    </p>
   </div>
   <div class='ocr_carea' id='block_1_83' title="bbox 550 5026 2147 5101">
    <p class='ocr_par' dir='ltr' id='par_1_83' title="bbox 550 5026 2147 5101">
     <span class='ocr_line' id='line_1_83' title="bbox 550 5026 2147 5101; baseline 0.002 -19"><span class='ocrx_word' id='word_1_609' title='bbox 550 5033 735 5082; x_wconf 91' lang='lat' dir='ltr'>torum</span> <span class='ocrx_word' id='word_1_610' title='bbox 764 5026 989 5082; x_wconf 89' lang='lat' dir='ltr'>auderet</span> <span class='ocrx_word' id='word_1_611' title='bbox 1018 5042 1079 5083; x_wconf 89' lang='lat' dir='ltr'>os</span> <span class='ocrx_word' id='word_1_612' title='bbox 1105 5026 1173 5082; x_wconf 91' lang='lat' dir='ltr'>ad</span> <span class='ocrx_word' id='word_1_613' title='bbox 1203 5027 1697 5099; x_wconf 87' lang='lat' dir='ltr'>blasphemandum</span> <span class='ocrx_word' id='word_1_614' title='bbox 1720 5028 2002 5086; x_wconf 88' lang='lat' dir='ltr'>Christum</span> <span class='ocrx_word' id='word_1_615' title='bbox 2024 5046 2147 5101; x_wconf 89' lang='lat' dir='ltr'>ape-</span> 
     </span>
    </p>
   </div>
   <div class='ocr_carea' id='block_1_84' title="bbox 550 5117 2145 5191">
    <p class='ocr_par' dir='ltr' id='par_1_84' title="bbox 550 5117 2145 5191">
     <span class='ocr_line' id='line_1_84' title="bbox 550 5117 2145 5191; baseline 0.001 -17"><span class='ocrx_word' id='word_1_616' title='bbox 550 5119 679 5187; x_wconf 90' lang='lat' dir='ltr'>rire;</span> <span class='ocrx_word' id='word_1_617' title='bbox 726 5134 1026 5191; x_wconf 88' lang='lat' dir='ltr'>omnesque</span> <span class='ocrx_word' id='word_1_618' title='bbox 1051 5117 1311 5174; x_wconf 87' lang='lat' dir='ltr'>exstincti</span> <span class='ocrx_word' id='word_1_619' title='bbox 1335 5125 1484 5187; x_wconf 89' lang='lat' dir='ltr'>sunt,</span> <span class='ocrx_word' id='word_1_620' title='bbox 1516 5117 1866 5175; x_wconf 88' lang='lat' dir='ltr'>credentibus</span> <span class='ocrx_word' id='word_1_621' title='bbox 1898 5118 1959 5173; x_wconf 90' lang='lat' dir='ltr'>in</span> <span class='ocrx_word' id='word_1_622' title='bbox 1989 5119 2145 5176; x_wconf 88' lang='lat' dir='ltr'>Chri-</span> 
     </span>
    </p>
   </div>
   <div class='ocr_carea' id='block_1_85' title="bbox 548 5206 1159 5279">
    <p class='ocr_par' dir='ltr' id='par_1_85' title="bbox 548 5206 1159 5279">
     <span class='ocr_line' id='line_1_85' title="bbox 548 5206 1159 5279; baseline -0.007 -14"><span class='ocrx_word' id='word_1_623' title='bbox 548 5214 693 5265; x_wconf 80' lang='lat' dir='ltr'>stum</span> <span class='ocrx_word' id='word_1_624' title='bbox 727 5208 981 5279; x_wconf 82' lang='lat' dir='ltr'>gentibus</span> <span class='ocrx_word' id='word_1_625' title='bbox 1015 5206 1159 5278; x_wconf 87' lang='lat'>(73).</span> 
     </span>
    </p>
   </div>
   <div class='ocr_carea' id='block_1_86' title="bbox 620 5293 2143 5354">
    <p class='ocr_par' dir='ltr' id='par_1_86' title="bbox 620 5293 2143 5354">
     <span class='ocr_line' id='line_1_86' title="bbox 620 5293 2143 5354; baseline -0.003 -1"><span class='ocrx_word' id='word_1_626' title='bbox 620 5296 769 5353; x_wconf 91' lang='lat' dir='ltr'>Idem</span> <span class='ocrx_word' id='word_1_627' title='bbox 826 5307 1008 5354; x_wconf 90' lang='lat' dir='ltr'>autem</span> <span class='ocrx_word' id='word_1_628' title='bbox 1040 5293 1220 5352; x_wconf 89' lang='lat' dir='ltr'>David</span> <span class='ocrx_word' id='word_1_629' title='bbox 1244 5311 1369 5351; x_wconf 87' lang='lat' dir='ltr'>cum</span> <span class='ocrx_word' id='word_1_630' title='bbox 1396 5293 1465 5350; x_wconf 91' lang='lat' dir='ltr'>ad</span> <span class='ocrx_word' id='word_1_631' title='bbox 1501 5294 1706 5351; x_wconf 90' lang='lat' dir='ltr'>bellum</span> <span class='ocrx_word' id='word_1_632' title='bbox 1735 5302 1927 5351; x_wconf 88' lang='lat' dir='ltr'>contra</span> <span class='ocrx_word' id='word_1_633' title='bbox 1972 5294 2143 5349; x_wconf 89' lang='lat' dir='ltr'>Phili-</span> 
     </span>
    </p>
   </div>
   <div class='ocr_carea' id='block_1_87' title="bbox 548 5382 2141 5456">
    <p class='ocr_par' dir='ltr' id='par_1_87' title="bbox 548 5382 2141 5456">
     <span class='ocr_line' id='line_1_87' title="bbox 548 5382 2141 5456; baseline -0.003 -14"><span class='ocrx_word' id='word_1_634' title='bbox 548 5392 741 5442; x_wconf 66' lang='lat' dir='ltr'>staeum</span> <span class='ocrx_word' id='word_1_635' title='bbox 770 5385 896 5453; x_wconf 90' lang='lat' dir='ltr'>iret,</span> <span class='ocrx_word' id='word_1_636' title='bbox 928 5384 1187 5440; x_wconf 88' lang='lat' dir='ltr'>baculum</span> <span class='ocrx_word' id='word_1_637' title='bbox 1219 5399 1381 5439; x_wconf 89' lang='lat' dir='ltr'>suum</span> <span class='ocrx_word' id='word_1_638' title='bbox 1412 5382 1542 5438; x_wconf 90' lang='lat' dir='ltr'>tulit</span> <span class='ocrx_word' id='word_1_639' title='bbox 1570 5400 1776 5454; x_wconf 88' lang='lat' dir='ltr'>secum,</span> <span class='ocrx_word' id='word_1_640' title='bbox 1815 5400 1976 5456; x_wconf 87' lang='lat' dir='ltr'>quem</span> <span class='ocrx_word' id='word_1_641' title='bbox 2005 5399 2141 5439; x_wconf 89' lang='lat' dir='ltr'>sem-</span> 
     </span>
    </p>
   </div>
   <div class='ocr_carea' id='block_1_88' title="bbox 618 5490 2140 5565">
    <p class='ocr_par' dir='ltr' id='par_1_88' title="bbox 618 5490 2140 5565">
     <span class='ocr_line' id='line_1_88' title="bbox 618 5490 2140 5565; baseline 0 -16"><span class='ocrx_word' id='word_1_642' title='bbox 618 5493 735 5565; x_wconf 89' lang='grc'>(73)</span> <span class='ocrx_word' id='word_1_643' title='bbox 771 5495 1057 5563; x_wconf 81' lang='lat' dir='ltr'>Omnesque</span> <span class='ocrx_word' id='word_1_644' title='bbox 1083 5490 1327 5545; x_wconf 72' lang='lat' dir='ltr'>exstincti</span> <span class='ocrx_word' id='word_1_645' title='bbox 1369 5496 1510 5565; x_wconf 70' lang='lat' dir='ltr'>sunt,</span> <span class='ocrx_word' id='word_1_646' title='bbox 1542 5492 1869 5548; x_wconf 76' lang='lat' dir='ltr'>credentibus</span> <span class='ocrx_word' id='word_1_647' title='bbox 1900 5493 1955 5547; x_wconf 76' lang='lat' dir='ltr'>in</span> <span class='ocrx_word' id='word_1_648' title='bbox 1988 5492 2140 5550; x_wconf 73' lang='lat' dir='ltr'>Chri-</span> 
     </span>
    </p>
   </div>
   <div class='ocr_carea' id='block_1_89' title="bbox 544 5561 1589 5715">
    <p class='ocr_par' dir='ltr' id='par_1_89' title="bbox 544 5561 1589 5715">
     <span class='ocr_line' id='line_1_89' title="bbox 544 5561 1589 5628; baseline 0.001 -10"><span class='ocrx_word' id='word_1_649' title='bbox 544 5561 681 5619; x_wconf 71' lang='lat' dir='ltr'>stum</span> <span class='ocrx_word' id='word_1_650' title='bbox 715 5561 1066 5628; x_wconf 51' lang='lat' dir='ltr'>&quot;antibusfex</span> <span class='ocrx_word' id='word_1_651' title='bbox 1092 5579 1221 5619; x_wconf 88' lang='lat' dir='ltr'>mss.</span> <span class='ocrx_word' id='word_1_652' title='bbox 1255 5561 1589 5619; x_wconf 89' lang='lat' dir='ltr'>restituitur.</span> 
     </span>
     <span class='ocr_line' id='line_1_90' title="bbox 618 5582 1589 5715; baseline 0.002 -27"><span class='ocrx_word' id='word_1_653' title='bbox 618 5582 745 5715; x_wconf 52' lang='lat'>(7&amp;3</span> <span class='ocrx_word' id='word_1_654' title='bbox 766 5636 969 5715; x_wconf 75' lang='lat' dir='ltr'>Omnes</span> <span class='ocrx_word' id='word_1_655' title='bbox 996 5634 1170 5715; x_wconf 84' lang='lat' dir='ltr'>_edi_t.,</span> <span class='ocrx_word' id='word_1_656' title='bbox 1219 5634 1535 5703; x_wconf 72' lang='lat' dir='ltr'>Philisthcei,</span> <span class='ocrx_word' id='word_1_657' title='bbox 1575 5653 1589 5690; x_wconf 76' lang='grc' dir='ltr'>ε</span> 
     </span>
    </p>
   </div>
   <div class='ocr_carea' id='block_1_90' title="bbox 618 5634 2142 5709">
    <p class='ocr_par' dir='ltr' id='par_1_90' title="bbox 618 5634 2142 5709">
     <span class='ocr_line' id='line_1_91' title="bbox 618 5634 2142 5709; baseline 0.005 -21"><span class='ocrx_word' id='word_1_658' title='bbox 618 5634 735 5709; x_wconf 76' lang='grc'>(74)</span> <span class='ocrx_word' id='word_1_659' title='bbox 766 5636 969 5709; x_wconf 81' lang='lat' dir='ltr'>Omnes</span> <span class='ocrx_word' id='word_1_660' title='bbox 1011 5634 1170 5703; x_wconf 88' lang='lat' dir='ltr'>edit.,</span> <span class='ocrx_word' id='word_1_661' title='bbox 1219 5634 1535 5703; x_wconf 73' lang='lat' dir='ltr'>Philisthtei,</span> <span class='ocrx_word' id='word_1_662' title='bbox 1575 5640 1623 5690; x_wconf 89' lang='lat' dir='ltr'>et</span> <span class='ocrx_word' id='word_1_663' title='bbox 1649 5642 1807 5709; x_wconf 83' lang='lat' dir='ltr'>caput</span> <span class='ocrx_word' id='word_1_664' title='bbox 1836 5636 1985 5695; x_wconf 76' lang='lat' dir='ltr'>illius</span> <span class='ocrx_word' id='word_1_665' title='bbox 2014 5656 2142 5695; x_wconf 85' lang='lat' dir='ltr'>am-</span> 
     </span>
    </p>
   </div>
   <div class='ocr_carea' id='block_1_91' title="bbox 538 5708 1163 5776">
    <p class='ocr_par' dir='ltr' id='par_1_91' title="bbox 538 5708 1163 5776">
     <span class='ocr_line' id='line_1_92' title="bbox 538 5708 1163 5776; baseline 0.005 -17"><span class='ocrx_word' id='word_1_666' title='bbox 538 5708 766 5776; x_wconf 80' lang='lat' dir='ltr'>putavit.</span> <span class='ocrx_word' id='word_1_667' title='bbox 799 5708 903 5763; x_wconf 83' lang='lat' dir='ltr'>Iste</span> <span class='ocrx_word' id='word_1_668' title='bbox 932 5712 1025 5774; x_wconf 84' lang='lat' dir='ltr'>est,</span> <span class='ocrx_word' id='word_1_669' title='bbox 1058 5712 1163 5762; x_wconf 87' lang='lat' dir='ltr'>etc.</span> 
     </span>
    </p>
   </div>
   <div class='ocr_carea' id='block_1_92' title="bbox 2272 3227 3778 3305">
    <p class='ocr_par' dir='ltr' id='par_1_92' title="bbox 2272 3227 3778 3305">
     <span class='ocr_line' id='line_1_93' title="bbox 2272 3227 3778 3305; baseline -0.001 -17"><span class='ocrx_word' id='word_1_670' title='bbox 2272 3235 2405 3289; x_wconf 87' lang='lat' dir='ltr'>tulit</span> <span class='ocrx_word' id='word_1_671' title='bbox 2444 3233 2683 3305; x_wconf 88' lang='lat' dir='ltr'>gladium</span> <span class='ocrx_word' id='word_1_672' title='bbox 2742 3236 3046 3305; x_wconf 75' lang='lat' dir='ltr'>Philistzei,</span> <span class='ocrx_word' id='word_1_673' title='bbox 3093 3246 3145 3293; x_wconf 91' lang='lat' dir='ltr'>et</span> <span class='ocrx_word' id='word_1_674' title='bbox 3197 3239 3461 3296; x_wconf 81' lang='lat' dir='ltr'>interfecit</span> <span class='ocrx_word' id='word_1_675' title='bbox 3501 3252 3609 3292; x_wconf 92' lang='lat' dir='ltr'>eum</span> <span class='ocrx_word' id='word_1_676' title='bbox 3647 3227 3778 3303; x_wconf 76' lang='lat' dir='ltr'>gladio</span> 
     </span>
    </p>
   </div>
   <div class='ocr_carea' id='block_1_93' title="bbox 2269 3314 3776 3401">
    <p class='ocr_par' dir='ltr' id='par_1_93' title="bbox 2269 3314 3776 3401">
     <span class='ocr_line' id='line_1_94' title="bbox 2269 3314 3776 3401; baseline -0.006 -20"><span class='ocrx_word' id='word_1_677' title='bbox 2269 3342 2368 3381; x_wconf 91' lang='lat' dir='ltr'>suo</span> <span class='ocrx_word' id='word_1_678' title='bbox 2417 3326 2557 3397; x_wconf 80' lang='grc'>(74),</span> <span class='ocrx_word' id='word_1_679' title='bbox 2591 3327 2949 3399; x_wconf 67' lang='lat' dir='ltr'>praeciditque</span> <span class='ocrx_word' id='word_1_680' title='bbox 2991 3336 3154 3400; x_wconf 88' lang='lat' dir='ltr'>caput</span> <span class='ocrx_word' id='word_1_681' title='bbox 3206 3330 3342 3401; x_wconf 90' lang='lat' dir='ltr'>ejus.</span> <span class='ocrx_word' id='word_1_682' title='bbox 3389 3327 3595 3385; x_wconf 88' lang='lat' dir='ltr'>Gladius</span> <span class='ocrx_word' id='word_1_683' title='bbox 3625 3314 3776 3377; x_wconf 83' lang='lat' dir='ltr'>diaboli</span> 
     </span>
    </p>
   </div>
   <div class='ocr_carea' id='block_1_94' title="bbox 2269 3408 3776 3476">
    <p class='ocr_par' dir='ltr' id='par_1_94' title="bbox 2269 3408 3776 3476">
     <span class='ocr_line' id='line_1_95' title="bbox 2269 3408 3776 3476; baseline -0.001 -6"><span class='ocrx_word' id='word_1_684' title='bbox 2269 3432 2416 3470; x_wconf 89' lang='lat' dir='ltr'>mors</span> <span class='ocrx_word' id='word_1_685' title='bbox 2462 3423 2543 3471; x_wconf 89' lang='lat' dir='ltr'>est</span> <span class='ocrx_word' id='word_1_686' title='bbox 2574 3433 2587 3471; x_wconf 91' lang='lat'><strong>:</strong></span> <span class='ocrx_word' id='word_1_687' title='bbox 2650 3441 2668 3464; x_wconf 77' lang='grc' dir='ltr'>ι</span> <span class='ocrx_word' id='word_1_688' title='bbox 2693 3417 2910 3473; x_wconf 88' lang='lat' dir='ltr'>Invidia</span> <span class='ocrx_word' id='word_1_689' title='bbox 2937 3418 3081 3472; x_wconf 90' lang='lat' dir='ltr'>enim</span> <span class='ocrx_word' id='word_1_690' title='bbox 3121 3419 3334 3476; x_wconf 88' lang='lat' dir='ltr'>diaboli</span> <span class='ocrx_word' id='word_1_691' title='bbox 3364 3436 3500 3475; x_wconf 90' lang='lat' dir='ltr'>mors</span> <span class='ocrx_word' id='word_1_692' title='bbox 3531 3412 3717 3471; x_wconf 79' lang='lat' dir='ltr'>intravit</span> <span class='ocrx_word' id='word_1_693' title='bbox 3738 3408 3776 3461; x_wconf 81' lang='lat' dir='ltr'>in</span> 
     </span>
    </p>
   </div>
   <div class='ocr_carea' id='block_1_95' title="bbox 2268 3502 3775 3585">
    <p class='ocr_par' dir='ltr' id='par_1_95' title="bbox 2268 3502 3775 3585">
     <span class='ocr_line' id='line_1_96' title="bbox 2268 3502 3775 3585; baseline 0 -20"><span class='ocrx_word' id='word_1_694' title='bbox 2268 3509 2454 3565; x_wconf 90' lang='lat' dir='ltr'>orbem</span> <span class='ocrx_word' id='word_1_695' title='bbox 2516 3518 2781 3566; x_wconf 89' lang='lat' dir='ltr'>terrarum</span> <span class='ocrx_word' id='word_1_696' title='bbox 2838 3511 2991 3580; x_wconf 80' lang='lat' dir='ltr'>(Sap.</span> <span class='ocrx_word' id='word_1_697' title='bbox 3034 3528 3096 3576; x_wconf 85' lang='lat' dir='ltr'>II,</span> <span class='ocrx_word' id='word_1_698' title='bbox 3144 3513 3260 3585; x_wconf 72' lang='grc'>24).</span> <span class='ocrx_word' id='word_1_699' title='bbox 3312 3540 3329 3562; x_wconf 81' lang='grc'><strong><em>›</em></strong></span> <span class='ocrx_word' id='word_1_700' title='bbox 3384 3516 3481 3569; x_wconf 91' lang='lat' dir='ltr'>Iste</span> <span class='ocrx_word' id='word_1_701' title='bbox 3507 3519 3579 3565; x_wconf 89' lang='lat' dir='ltr'>est</span> <span class='ocrx_word' id='word_1_702' title='bbox 3601 3502 3775 3579; x_wconf 69' lang='lat' dir='ltr'>gladius.</span> 
     </span>
    </p>
   </div>
   <div class='ocr_carea' id='block_1_96' title="bbox 2269 3591 3777 3675">
    <p class='ocr_par' dir='ltr' id='par_1_96' title="bbox 2269 3591 3777 3675">
     <span class='ocr_line' id='line_1_97' title="bbox 2269 3591 3777 3675; baseline 0.004 -30"><span class='ocrx_word' id='word_1_703' title='bbox 2269 3607 2376 3664; x_wconf 92' lang='lat' dir='ltr'>quo</span> <span class='ocrx_word' id='word_1_704' title='bbox 2407 3591 2647 3663; x_wconf 88' lang='lat' dir='ltr'>primum</span> <span class='ocrx_word' id='word_1_705' title='bbox 2679 3592 2983 3663; x_wconf 87' lang='lat' dir='ltr'>hominem,</span> <span class='ocrx_word' id='word_1_706' title='bbox 3017 3600 3221 3658; x_wconf 88' lang='lat' dir='ltr'>deinde</span> <span class='ocrx_word' id='word_1_707' title='bbox 3248 3620 3411 3675; x_wconf 82' lang='lat' dir='ltr'>genus</span> <span class='ocrx_word' id='word_1_708' title='bbox 3439 3602 3693 3656; x_wconf 87' lang='lat' dir='ltr'>humanum</span> <span class='ocrx_word' id='word_1_709' title='bbox 3719 3605 3777 3643; x_wconf 70' lang='grc' dir='ltr'>ιιεο</span> 
     </span>
    </p>
   </div>
   <div class='ocr_carea' id='block_1_97' title="bbox 2269 3682 3777 3761">
    <p class='ocr_par' dir='ltr' id='par_1_97' title="bbox 2269 3682 3777 3761">
     <span class='ocr_line' id='line_1_98' title="bbox 2269 3682 3777 3761; baseline 0.003 -25"><span class='ocrx_word' id='word_1_710' title='bbox 2269 3697 2373 3753; x_wconf 90' lang='lat' dir='ltr'>que</span> <span class='ocrx_word' id='word_1_711' title='bbox 2420 3682 2553 3737; x_wconf 89' lang='lat' dir='ltr'>dum</span> <span class='ocrx_word' id='word_1_712' title='bbox 2600 3699 2631 3737; x_wconf 84' lang='lat' dir='ltr'>a</span> <span class='ocrx_word' id='word_1_713' title='bbox 2683 3684 2912 3743; x_wconf 89' lang='lat' dir='ltr'>Christo</span> <span class='ocrx_word' id='word_1_714' title='bbox 2943 3688 3329 3761; x_wconf 89' lang='lat' dir='ltr'>redimeretur,</span> <span class='ocrx_word' id='word_1_715' title='bbox 3362 3687 3628 3748; x_wconf 84' lang='lat' dir='ltr'>interfecit.</span> <span class='ocrx_word' id='word_1_716' title='bbox 3663 3682 3777 3736; x_wconf 80' lang='grc' dir='ltr'>Ηιωο</span> 
     </span>
    </p>
   </div>
   <div class='ocr_carea' id='block_1_98' title="bbox 2268 3769 3777 3852">
    <p class='ocr_par' dir='ltr' id='par_1_98' title="bbox 2268 3769 3777 3852">
     <span class='ocr_line' id='line_1_99' title="bbox 2268 3769 3777 3852; baseline -0.002 -25"><span class='ocrx_word' id='word_1_717' title='bbox 2268 3771 2509 3843; x_wconf 79' lang='lat' dir='ltr'>gladium</span> <span class='ocrx_word' id='word_1_718' title='bbox 2562 3772 2937 3845; x_wconf 88' lang='lat' dir='ltr'>incurrimus,</span> <span class='ocrx_word' id='word_1_719' title='bbox 2991 3796 3115 3835; x_wconf 90' lang='lat' dir='ltr'>cum</span> <span class='ocrx_word' id='word_1_720' title='bbox 3167 3797 3452 3852; x_wconf 87' lang='lat' dir='ltr'>peccamus</span> <span class='ocrx_word' id='word_1_721' title='bbox 3504 3796 3514 3832; x_wconf 94' lang='lat'>:</span> <span class='ocrx_word' id='word_1_722' title='bbox 3566 3774 3644 3831; x_wconf 87' lang='lat' dir='ltr'>sed</span> <span class='ocrx_word' id='word_1_723' title='bbox 3671 3769 3777 3824; x_wconf 82' lang='lat' dir='ltr'>hunc</span> 
     </span>
    </p>
   </div>
   <div class='ocr_carea' id='block_1_99' title="bbox 2269 3862 3774 3940">
    <p class='ocr_par' dir='ltr' id='par_1_99' title="bbox 2269 3862 3774 3940">
     <span class='ocr_line' id='line_1_100' title="bbox 2269 3862 3774 3940; baseline 0 -23"><span class='ocrx_word' id='word_1_724' title='bbox 2269 3862 2509 3935; x_wconf 87' lang='lat' dir='ltr'>gladium</span> <span class='ocrx_word' id='word_1_725' title='bbox 2543 3862 2801 3920; x_wconf 89' lang='lat' dir='ltr'>Christus</span> <span class='ocrx_word' id='word_1_726' title='bbox 2831 3877 2941 3917; x_wconf 90' lang='lat' dir='ltr'>non</span> <span class='ocrx_word' id='word_1_727' title='bbox 2977 3864 3244 3934; x_wconf 88' lang='lat' dir='ltr'>habebat;</span> <span class='ocrx_word' id='word_1_728' title='bbox 3279 3868 3403 3940; x_wconf 90' lang='lat' dir='ltr'>quia</span> <span class='ocrx_word' id='word_1_729' title='bbox 3431 3873 3674 3940; x_wconf 81' lang='lat' dir='ltr'>peccatum</span> <span class='ocrx_word' id='word_1_730' title='bbox 3698 3871 3774 3913; x_wconf 79' lang='lat' dir='ltr'>non</span> 
     </span>
    </p>
   </div>
   <div class='ocr_carea' id='block_1_100' title="bbox 2267 3943 3777 4024">
    <p class='ocr_par' dir='ltr' id='par_1_100' title="bbox 2267 3943 3777 4024">
     <span class='ocr_line' id='line_1_101' title="bbox 2267 3943 3777 4024; baseline 0.002 -17"><span class='ocrx_word' id='word_1_731' title='bbox 2267 3953 2488 4024; x_wconf 89' lang='lat' dir='ltr'>fecerat,</span> <span class='ocrx_word' id='word_1_732' title='bbox 2529 3971 2630 4012; x_wconf 90' lang='lat' dir='ltr'>nec</span> <span class='ocrx_word' id='word_1_733' title='bbox 2677 3956 2937 4012; x_wconf 87' lang='lat' dir='ltr'>inventus</span> <span class='ocrx_word' id='word_1_734' title='bbox 2984 3958 3162 4014; x_wconf 84' lang='lat' dir='ltr'>fuerat</span> <span class='ocrx_word' id='word_1_735' title='bbox 3203 3960 3363 4015; x_wconf 91' lang='lat' dir='ltr'>dolus</span> <span class='ocrx_word' id='word_1_736' title='bbox 3409 3960 3462 4014; x_wconf 90' lang='lat' dir='ltr'>in</span> <span class='ocrx_word' id='word_1_737' title='bbox 3506 3971 3588 4012; x_wconf 90' lang='lat' dir='ltr'>ore</span> <span class='ocrx_word' id='word_1_738' title='bbox 3612 3950 3705 4021; x_wconf 80' lang='lat' dir='ltr'>ejus</span> <span class='ocrx_word' id='word_1_739' title='bbox 3738 3943 3777 4011; x_wconf 74' lang='grc' dir='ltr'>(Ι</span> 
     </span>
    </p>
   </div>
   <div class='ocr_carea' id='block_1_101' title="bbox 2267 4044 3774 4123">
    <p class='ocr_par' dir='ltr' id='par_1_101' title="bbox 2267 4044 3774 4123">
     <span class='ocr_line' id='line_1_102' title="bbox 2267 4044 3774 4123; baseline -0.007 -24"><span class='ocrx_word' id='word_1_740' title='bbox 2267 4046 2410 4101; x_wconf 88' lang='lat' dir='ltr'>Petr.</span> <span class='ocrx_word' id='word_1_741' title='bbox 2436 4063 2496 4116; x_wconf 83' lang='lat' dir='ltr'>II,</span> <span class='ocrx_word' id='word_1_742' title='bbox 2521 4047 2636 4119; x_wconf 78' lang='lat'>22).</span> <span class='ocrx_word' id='word_1_743' title='bbox 2664 4048 2934 4119; x_wconf 85' lang='lat' dir='ltr'>Originali</span> <span class='ocrx_word' id='word_1_744' title='bbox 2960 4066 3180 4122; x_wconf 89' lang='lat' dir='ltr'>quoque</span> <span class='ocrx_word' id='word_1_745' title='bbox 3211 4059 3426 4123; x_wconf 87' lang='lat' dir='ltr'>peccato</span> <span class='ocrx_word' id='word_1_746' title='bbox 3448 4044 3685 4105; x_wconf 87' lang='lat' dir='ltr'>obnoxius</span> <span class='ocrx_word' id='word_1_747' title='bbox 3697 4048 3774 4091; x_wconf 86' lang='lat' dir='ltr'>non</span> 
     </span>
    </p>
   </div>
   <div class='ocr_carea' id='block_1_102' title="bbox 2266 4136 3775 4215">
    <p class='ocr_par' dir='ltr' id='par_1_102' title="bbox 2266 4136 3775 4215">
     <span class='ocr_line' id='line_1_103' title="bbox 2266 4136 3775 4215; baseline -0.003 -26"><span class='ocrx_word' id='word_1_748' title='bbox 2266 4144 2382 4191; x_wconf 90' lang='lat' dir='ltr'>erat</span> <span class='ocrx_word' id='word_1_749' title='bbox 2407 4153 2420 4202; x_wconf 90' lang='lat'><strong>;</strong></span> <span class='ocrx_word' id='word_1_750' title='bbox 2451 4137 2582 4208; x_wconf 91' lang='lat' dir='ltr'>quia</span> <span class='ocrx_word' id='word_1_751' title='bbox 2628 4153 2698 4192; x_wconf 86' lang='lat' dir='ltr'>ex</span> <span class='ocrx_word' id='word_1_752' title='bbox 2725 4138 3027 4195; x_wconf 91' lang='lat' dir='ltr'>concubitu</span> <span class='ocrx_word' id='word_1_753' title='bbox 3057 4140 3188 4209; x_wconf 87' lang='lat' dir='ltr'>viri,</span> <span class='ocrx_word' id='word_1_754' title='bbox 3220 4142 3315 4215; x_wconf 89' lang='lat' dir='ltr'>qui</span> <span class='ocrx_word' id='word_1_755' title='bbox 3343 4140 3456 4196; x_wconf 90' lang='lat' dir='ltr'>sine</span> <span class='ocrx_word' id='word_1_756' title='bbox 3486 4140 3672 4210; x_wconf 86' lang='lat' dir='ltr'>peccato</span> 
     </span>
    </p>
   </div>
   <div class='ocr_carea' id='block_1_103' title="bbox 2267 4212 3771 4306">
    <p class='ocr_par' dir='ltr' id='par_1_103' title="bbox 2267 4212 3771 4306">
     <span class='ocr_line' id='line_1_104' title="bbox 2267 4212 3771 4306; baseline -0.007 -28"><span class='ocrx_word' id='word_1_757' title='bbox 2267 4238 2379 4278; x_wconf 90' lang='lat' dir='ltr'>non</span> <span class='ocrx_word' id='word_1_758' title='bbox 2410 4232 2609 4296; x_wconf 88' lang='lat' dir='ltr'>potest,</span> <span class='ocrx_word' id='word_1_759' title='bbox 2642 4234 2797 4282; x_wconf 87' lang='lat' dir='ltr'>ortus</span> <span class='ocrx_word' id='word_1_760' title='bbox 2838 4245 2949 4283; x_wconf 91' lang='lat' dir='ltr'>non</span> <span class='ocrx_word' id='word_1_761' title='bbox 2996 4229 3194 4285; x_wconf 88' lang='lat' dir='ltr'>fuerat.</span> <span class='ocrx_word' id='word_1_762' title='bbox 3228 4212 3474 4288; x_wconf 80' lang='lat' dir='ltr'>Christus</span> <span class='ocrx_word' id='word_1_763' title='bbox 3513 4224 3669 4293; x_wconf 80' lang='lat' dir='ltr'>itaque</span> <span class='ocrx_word' id='word_1_764' title='bbox 3690 4212 3771 4306; x_wconf 79' lang='lat'>(75)</span> 
     </span>
    </p>
   </div>
   <div class='ocr_carea' id='block_1_104' title="bbox 2267 4309 3772 4387">
    <p class='ocr_par' dir='ltr' id='par_1_104' title="bbox 2267 4309 3772 4387">
     <span class='ocr_line' id='line_1_105' title="bbox 2267 4309 3772 4387; baseline 0.003 -19"><span class='ocrx_word' id='word_1_765' title='bbox 2267 4314 2363 4386; x_wconf 91' lang='lat' dir='ltr'>qui</span> <span class='ocrx_word' id='word_1_766' title='bbox 2392 4323 2625 4371; x_wconf 90' lang='lat' dir='ltr'>mortem</span> <span class='ocrx_word' id='word_1_767' title='bbox 2655 4334 2725 4373; x_wconf 90' lang='lat' dir='ltr'>ex</span> <span class='ocrx_word' id='word_1_768' title='bbox 2750 4317 2937 4375; x_wconf 89' lang='lat' dir='ltr'>debito</span> <span class='ocrx_word' id='word_1_769' title='bbox 2983 4335 3093 4375; x_wconf 92' lang='lat' dir='ltr'>non</span> <span class='ocrx_word' id='word_1_770' title='bbox 3124 4318 3378 4387; x_wconf 82' lang='lat' dir='ltr'>habebat,</span> <span class='ocrx_word' id='word_1_771' title='bbox 3424 4334 3452 4372; x_wconf 89' lang='lat' dir='ltr'>a</span> <span class='ocrx_word' id='word_1_772' title='bbox 3491 4309 3679 4371; x_wconf 82' lang='lat' dir='ltr'>diabolo</span> <span class='ocrx_word' id='word_1_773' title='bbox 3708 4315 3772 4373; x_wconf 62' lang='lat'>‘1‘“</span> 
     </span>
    </p>
   </div>
   <div class='ocr_carea' id='block_1_105' title="bbox 2266 4405 3772 4477">
    <p class='ocr_par' dir='ltr' id='par_1_105' title="bbox 2266 4405 3772 4477">
     <span class='ocr_line' id='line_1_106' title="bbox 2266 4405 3772 4477; baseline -0.006 -20"><span class='ocrx_word' id='word_1_774' title='bbox 2266 4411 2458 4458; x_wconf 89' lang='lat' dir='ltr'>auctor</span> <span class='ocrx_word' id='word_1_775' title='bbox 2486 4405 2604 4477; x_wconf 89' lang='lat' dir='ltr'>ejus</span> <span class='ocrx_word' id='word_1_776' title='bbox 2634 4413 2771 4475; x_wconf 89' lang='lat' dir='ltr'>erat,</span> <span class='ocrx_word' id='word_1_777' title='bbox 2790 4415 3020 4463; x_wconf 89' lang='lat' dir='ltr'>mortem</span> <span class='ocrx_word' id='word_1_778' title='bbox 3046 4407 3342 4475; x_wconf 89' lang='lat' dir='ltr'>mutuavit,</span> <span class='ocrx_word' id='word_1_779' title='bbox 3362 4413 3414 4462; x_wconf 91' lang='lat' dir='ltr'>et</span> <span class='ocrx_word' id='word_1_780' title='bbox 3438 4419 3526 4476; x_wconf 91' lang='lat' dir='ltr'>per</span> <span class='ocrx_word' id='word_1_781' title='bbox 3542 4414 3642 4458; x_wconf 86' lang='lat' dir='ltr'>eam</span> <span class='ocrx_word' id='word_1_782' title='bbox 3666 4405 3772 4449; x_wconf 82' lang='lat' dir='ltr'>eum-</span> 
     </span>
    </p>
   </div>
   <div class='ocr_carea' id='block_1_106' title="bbox 2265 4488 3771 4567">
    <p class='ocr_par' dir='ltr' id='par_1_106' title="bbox 2265 4488 3771 4567">
     <span class='ocr_line' id='line_1_107' title="bbox 2265 4488 3771 4567; baseline -0.011 -15"><span class='ocrx_word' id='word_1_783' title='bbox 2265 4489 2389 4546; x_wconf 84' lang='lat' dir='ltr'>dem</span> <span class='ocrx_word' id='word_1_784' title='bbox 2437 4494 2741 4567; x_wconf 89' lang='lat' dir='ltr'>principem</span> <span class='ocrx_word' id='word_1_785' title='bbox 2789 4495 2983 4552; x_wconf 90' lang='lat' dir='ltr'>mortis</span> <span class='ocrx_word' id='word_1_786' title='bbox 3012 4495 3307 4552; x_wconf 85' lang='lat' dir='ltr'>interfecit.</span> <span class='ocrx_word' id='word_1_787' title='bbox 3341 4496 3438 4550; x_wconf 87' lang='lat' dir='ltr'>Per</span> <span class='ocrx_word' id='word_1_788' title='bbox 3462 4496 3609 4562; x_wconf 87' lang='lat' dir='ltr'>caput</span> <span class='ocrx_word' id='word_1_789' title='bbox 3639 4488 3771 4540; x_wconf 85' lang='lat' dir='ltr'>autem</span> 
     </span>
    </p>
   </div>
   <div class='ocr_carea' id='block_1_107' title="bbox 2260 4577 3768 4656">
    <p class='ocr_par' dir='ltr' id='par_1_107' title="bbox 2260 4577 3768 4656">
     <span class='ocr_line' id='line_1_108' title="bbox 2260 4577 3768 4656; baseline -0.009 -21"><span class='ocrx_word' id='word_1_790' title='bbox 2260 4581 2527 4638; x_wconf 72' lang='lat' dir='ltr'>Philistaei</span> <span class='ocrx_word' id='word_1_791' title='bbox 2557 4601 2727 4656; x_wconf 89' lang='lat' dir='ltr'>genus</span> <span class='ocrx_word' id='word_1_792' title='bbox 2759 4585 3064 4641; x_wconf 90' lang='lat' dir='ltr'>humanum</span> <span class='ocrx_word' id='word_1_793' title='bbox 3113 4586 3171 4640; x_wconf 91' lang='lat' dir='ltr'>in</span> <span class='ocrx_word' id='word_1_794' title='bbox 3225 4585 3330 4641; x_wconf 91' lang='lat' dir='ltr'>hoc</span> <span class='ocrx_word' id='word_1_795' title='bbox 3360 4585 3474 4639; x_wconf 91' lang='lat' dir='ltr'>loco</span> <span class='ocrx_word' id='word_1_796' title='bbox 3502 4577 3768 4647; x_wconf 84' lang='lat' dir='ltr'>designatur.</span> 
     </span>
    </p>
   </div>
   <div class='ocr_carea' id='block_1_108' title="bbox 2260 4662 3772 4747">
    <p class='ocr_par' dir='ltr' id='par_1_108' title="bbox 2260 4662 3772 4747">
     <span class='ocr_line' id='line_1_109' title="bbox 2260 4662 3772 4747; baseline -0.003 -23"><span class='ocrx_word' id='word_1_797' title='bbox 2260 4670 2515 4727; x_wconf 70' lang='lat' dir='ltr'>Praecidit</span> <span class='ocrx_word' id='word_1_798' title='bbox 2569 4674 2748 4730; x_wconf 88' lang='lat' dir='ltr'>David</span> <span class='ocrx_word' id='word_1_799' title='bbox 2813 4683 2976 4747; x_wconf 91' lang='lat' dir='ltr'>caput</span> <span class='ocrx_word' id='word_1_800' title='bbox 3050 4674 3352 4742; x_wconf 73' lang='lat' dir='ltr'>Philistaai,</span> <span class='ocrx_word' id='word_1_801' title='bbox 3410 4671 3529 4744; x_wconf 86' lang='lat' dir='ltr'>quia</span> <span class='ocrx_word' id='word_1_802' title='bbox 3578 4662 3772 4724; x_wconf 66' lang='lat' dir='ltr'>Christus</span> 
     </span>
    </p>
   </div>
   <div class='ocr_carea' id='block_1_109' title="bbox 2208 4746 3768 4832">
    <p class='ocr_par' dir='ltr' id='par_1_109' title="bbox 2208 4746 3768 4832">
     <span class='ocr_line' id='line_1_110' title="bbox 2208 4746 3768 4832; baseline -0.021 5"><span class='ocrx_word' id='word_1_803' title='bbox 2208 4800 2209 4807; x_wconf 46' lang='grc' dir='ltr'><strong>η</strong></span> <span class='ocrx_word' id='word_1_804' title='bbox 2259 4776 2291 4815; x_wconf 70' lang='grc'><strong>³</strong></span> <span class='ocrx_word' id='word_1_805' title='bbox 2313 4776 2539 4832; x_wconf 74' lang='lat' dir='ltr'>corPore</span> <span class='ocrx_word' id='word_1_806' title='bbox 2564 4763 2772 4820; x_wconf 91' lang='lat' dir='ltr'>diaboli</span> <span class='ocrx_word' id='word_1_807' title='bbox 2799 4746 3099 4821; x_wconf 74' lang='lat' dir='ltr'>eleCtorum</span> <span class='ocrx_word' id='word_1_808' title='bbox 3118 4762 3517 4819; x_wconf 86' lang='lat' dir='ltr'>multitudinem</span> <span class='ocrx_word' id='word_1_809' title='bbox 3538 4746 3768 4825; x_wconf 77' lang='lat' dir='ltr'>separavit-</span> 
     </span>
    </p>
   </div>
   <div class='ocr_carea' id='block_1_110' title="bbox 2258 4835 3769 4925">
    <p class='ocr_par' dir='ltr' id='par_1_110' title="bbox 2258 4835 3769 4925">
     <span class='ocr_line' id='line_1_111' title="bbox 2258 4835 3769 4925; baseline -0.009 -20"><span class='ocrx_word' id='word_1_810' title='bbox 2258 4850 2471 4907; x_wconf 89' lang='lat' dir='ltr'>Detulit</span> <span class='ocrx_word' id='word_1_811' title='bbox 2500 4851 2639 4908; x_wconf 91' lang='lat' dir='ltr'>illud</span> <span class='ocrx_word' id='word_1_812' title='bbox 2670 4853 2729 4909; x_wconf 91' lang='lat' dir='ltr'>in</span> <span class='ocrx_word' id='word_1_813' title='bbox 2759 4854 3080 4921; x_wconf 87' lang='lat' dir='ltr'>Jerusalem,</span> <span class='ocrx_word' id='word_1_814' title='bbox 3113 4852 3244 4925; x_wconf 90' lang='lat' dir='ltr'>quia</span> <span class='ocrx_word' id='word_1_815' title='bbox 3272 4846 3653 4907; x_wconf 86' lang='lat' dir='ltr'>multitudinem</span> <span class='ocrx_word' id='word_1_816' title='bbox 3694 4835 3769 4891; x_wconf 85' lang='lat' dir='ltr'>ele-</span> 
     </span>
    </p>
   </div>
   <div class='ocr_carea' id='block_1_111' title="bbox 2256 4937 3768 5015">
    <p class='ocr_par' dir='ltr' id='par_1_111' title="bbox 2256 4937 3768 5015">
     <span class='ocr_line' id='line_1_112' title="bbox 2256 4937 3768 5015; baseline -0.004 -21"><span class='ocrx_word' id='word_1_817' title='bbox 2256 4947 2470 4996; x_wconf 89' lang='lat' dir='ltr'>ctorum</span> <span class='ocrx_word' id='word_1_818' title='bbox 2491 4941 2552 4997; x_wconf 89' lang='lat' dir='ltr'>in</span> <span class='ocrx_word' id='word_1_819' title='bbox 2581 4944 2789 5000; x_wconf 80' lang='lat' dir='ltr'>caelesti</span> <span class='ocrx_word' id='word_1_820' title='bbox 2814 4943 3179 5011; x_wconf 89' lang='lat' dir='ltr'>beatitudine,</span> <span class='ocrx_word' id='word_1_821' title='bbox 3209 4958 3329 5015; x_wconf 68' lang='lat' dir='ltr'>quae</span> <span class='ocrx_word' id='word_1_822' title='bbox 3355 4937 3627 4996; x_wconf 84' lang='lat' dir='ltr'>Jerusalem</span> <span class='ocrx_word' id='word_1_823' title='bbox 3653 4937 3768 4982; x_wconf 65' lang='lat' dir='ltr'>voca“</span> 
     </span>
    </p>
   </div>
   <div class='ocr_carea' id='block_1_112' title="bbox 2255 5032 2711 5096">
    <p class='ocr_par' dir='ltr' id='par_1_112' title="bbox 2255 5032 2711 5096">
     <span class='ocr_line' id='line_1_113' title="bbox 2255 5032 2711 5096; baseline 0.013 -14"><span class='ocrx_word' id='word_1_824' title='bbox 2255 5034 2365 5096; x_wconf 90' lang='lat' dir='ltr'>tur,</span> <span class='ocrx_word' id='word_1_825' title='bbox 2397 5032 2711 5088; x_wconf 90' lang='lat' dir='ltr'>collocavit.</span> 
     </span>
    </p>
   </div>
   <div class='ocr_carea' id='block_1_113' title="bbox 2326 5105 3769 5197">
    <p class='ocr_par' dir='ltr' id='par_1_113' title="bbox 2326 5105 3769 5197">
     <span class='ocr_line' id='line_1_114' title="bbox 2326 5105 3769 5197; baseline -0.004 -24"><span class='ocrx_word' id='word_1_826' title='bbox 2326 5119 2406 5174; x_wconf 91' lang='lat' dir='ltr'>De</span> <span class='ocrx_word' id='word_1_827' title='bbox 2432 5121 2557 5175; x_wconf 88' lang='lat' dir='ltr'>Elia</span> <span class='ocrx_word' id='word_1_828' title='bbox 2578 5138 2710 5177; x_wconf 89' lang='lat' dir='ltr'>vero</span> <span class='ocrx_word' id='word_1_829' title='bbox 2727 5123 3013 5191; x_wconf 65' lang='lat' dir='ltr'>etElisaeo,</span> <span class='ocrx_word' id='word_1_830' title='bbox 3038 5123 3291 5197; x_wconf 88' lang='lat' dir='ltr'>quamvis</span> <span class='ocrx_word' id='word_1_831' title='bbox 3309 5134 3491 5177; x_wconf 89' lang='lat' dir='ltr'>eorum</span> <span class='ocrx_word' id='word_1_832' title='bbox 3509 5115 3633 5170; x_wconf 83' lang='lat' dir='ltr'>facta</span> <span class='ocrx_word' id='word_1_833' title='bbox 3652 5105 3769 5197; x_wconf 57' lang='lat' dir='ltr'>piem</span> 
     </span>
    </p>
   </div>
   <div class='ocr_carea' id='block_1_114' title="bbox 2255 5193 3765 5281">
    <p class='ocr_par' dir='ltr' id='par_1_114' title="bbox 2255 5193 3765 5281">
     <span class='ocr_line' id='line_1_115' title="bbox 2255 5193 3765 5281; baseline -0.013 -19"><span class='ocrx_word' id='word_1_834' title='bbox 2255 5205 2368 5263; x_wconf 89' lang='lat' dir='ltr'>sint</span> <span class='ocrx_word' id='word_1_835' title='bbox 2396 5209 2745 5281; x_wconf 87' lang='lat' dir='ltr'>spiritalibus</span> <span class='ocrx_word' id='word_1_836' title='bbox 2802 5193 3074 5280; x_wconf 64' lang='lat' dir='ltr'>sensibus,</span> <span class='ocrx_word' id='word_1_837' title='bbox 3103 5228 3166 5267; x_wconf 90' lang='lat' dir='ltr'>ea</span> <span class='ocrx_word' id='word_1_838' title='bbox 3194 5203 3557 5268; x_wconf 87' lang='lat' dir='ltr'>tantummodo</span> <span class='ocrx_word' id='word_1_839' title='bbox 3584 5193 3765 5271; x_wconf 81' lang='lat' dir='ltr'>profera-</span> 
     </span>
    </p>
   </div>
   <div class='ocr_carea' id='block_1_115' title="bbox 2253 5283 3766 5375">
    <p class='ocr_par' dir='ltr' id='par_1_115' title="bbox 2253 5283 3766 5375">
     <span class='ocr_line' id='line_1_116' title="bbox 2253 5283 3766 5375; baseline -0.017 -15"><span class='ocrx_word' id='word_1_840' title='bbox 2253 5313 2398 5369; x_wconf 84' lang='lat' dir='ltr'>mu8,</span> <span class='ocrx_word' id='word_1_841' title='bbox 2429 5315 2549 5371; x_wconf 63' lang='lat' dir='ltr'>quae</span> <span class='ocrx_word' id='word_1_842' title='bbox 2607 5316 2639 5354; x_wconf 88' lang='lat' dir='ltr'>a</span> <span class='ocrx_word' id='word_1_843' title='bbox 2687 5301 2927 5357; x_wconf 88' lang='lat' dir='ltr'>Domino</span> <span class='ocrx_word' id='word_1_844' title='bbox 2974 5301 3033 5357; x_wconf 88' lang='lat' dir='ltr'>in</span> <span class='ocrx_word' id='word_1_845' title='bbox 3078 5299 3377 5372; x_wconf 82' lang='lat' dir='ltr'>Evangelia</span> <span class='ocrx_word' id='word_1_846' title='bbox 3413 5283 3766 5375; x_wconf 62' lang='lat' dir='ltr'>commemorth</span> 
     </span>
    </p>
   </div>
   <div class='ocr_carea' id='block_1_116' title="bbox 2253 5367 3763 5449">
    <p class='ocr_par' dir='ltr' id='par_1_116' title="bbox 2253 5367 3763 5449">
     <span class='ocr_line' id='line_1_117' title="bbox 2253 5367 3763 5449; baseline -0.002 -5"><span class='ocrx_word' id='word_1_847' title='bbox 2253 5398 2400 5446; x_wconf 90' lang='lat' dir='ltr'>sunt.</span> <span class='ocrx_word' id='word_1_848' title='bbox 2434 5390 2568 5445; x_wconf 90' lang='lat' dir='ltr'>Nam</span> <span class='ocrx_word' id='word_1_849' title='bbox 2598 5407 2724 5447; x_wconf 90' lang='lat' dir='ltr'>cum</span> <span class='ocrx_word' id='word_1_850' title='bbox 2763 5393 2998 5448; x_wconf 85' lang='lat' dir='ltr'>venisset</span> <span class='ocrx_word' id='word_1_851' title='bbox 3028 5393 3296 5449; x_wconf 91' lang='lat' dir='ltr'>Dominus</span> <span class='ocrx_word' id='word_1_852' title='bbox 3324 5389 3381 5443; x_wconf 90' lang='lat' dir='ltr'>in</span> <span class='ocrx_word' id='word_1_853' title='bbox 3416 5377 3667 5443; x_wconf 63' lang='lat' dir='ltr'>Nazareth,</span> <span class='ocrx_word' id='word_1_854' title='bbox 3693 5367 3763 5424; x_wconf 70' lang='lat' dir='ltr'>d“</span> 
     </span>
    </p>
   </div>
   <div class='ocr_carea' id='block_1_117' title="bbox 2326 5484 3764 5568">
    <p class='ocr_par' dir='ltr' id='par_1_117' title="bbox 2326 5484 3764 5568">
     <span class='ocr_line' id='line_1_118' title="bbox 2326 5484 3764 5568; baseline -0.003 -17"><span class='ocrx_word' id='word_1_855' title='bbox 2326 5496 2439 5568; x_wconf 82' lang='lat'>(75)</span> <span class='ocrx_word' id='word_1_856' title='bbox 2480 5498 2560 5552; x_wconf 89' lang='lat' dir='ltr'>Ita</span> <span class='ocrx_word' id='word_1_857' title='bbox 2588 5513 2781 5554; x_wconf 89' lang='lat' dir='ltr'>omnes</span> <span class='ocrx_word' id='word_1_858' title='bbox 2810 5516 2962 5565; x_wconf 90' lang='lat' dir='ltr'>mss.;</span> <span class='ocrx_word' id='word_1_859' title='bbox 3011 5514 3203 5555; x_wconf 90' lang='lat' dir='ltr'>omnes</span> <span class='ocrx_word' id='word_1_860' title='bbox 3232 5511 3360 5568; x_wconf 78' lang='lat' dir='ltr'>vero</span> <span class='ocrx_word' id='word_1_861' title='bbox 3387 5492 3532 5568; x_wconf 30' lang='lat' dir='ltr'>edit...</span> <span class='ocrx_word' id='word_1_862' title='bbox 3555 5484 3764 5568; x_wconf 39' lang='grc' dir='ltr'>,οζηιριξξξίδ</span> 
     </span>
    </p>
   </div>
   <div class='ocr_carea' id='block_1_118' title="bbox 2250 5551 3763 5694">
    <p class='ocr_par' dir='ltr' id='par_1_118' title="bbox 2250 5551 3763 5694">
     <span class='ocr_line' id='line_1_119' title="bbox 2250 5551 3763 5694; baseline -0.007 -73"><span class='ocrx_word' id='word_1_863' title='bbox 2250 5551 2545 5694; x_wconf 37' lang='lat' dir='ltr'>eratque</span> <span class='ocrx_word' id='word_1_864' title='bbox 2572 5551 3196 5641; x_wconf 55' lang='lat' dir='ltr'>a‘paeaa‘a~&#39;tu;&#39;;aaa&#39;</span> <span class='ocrx_word' id='word_1_865' title='bbox 3214 5567 3408 5639; x_wconf 81' lang='lat' dir='ltr'>fuerat.</span> <span class='ocrx_word' id='word_1_866' title='bbox 3446 5551 3657 5619; x_wconf 53' lang='lat' dir='ltr'>curtum</span> <span class='ocrx_word' id='word_1_867' title='bbox 3677 5551 3763 5601; x_wconf 70' lang='lat' dir='ltr'>ita-</span> 
     </span>
     <span class='ocr_line' id='line_1_120' title="bbox 2250 5655 2495 5694; baseline 0 0"><span class='ocrx_word' id='word_1_868' title='bbox 2250 5656 2367 5694; x_wconf 84' lang='lat' dir='ltr'>aue.</span> <span class='ocrx_word' id='word_1_869' title='bbox 2392 5655 2421 5694; x_wconf 81' lang='grc' dir='ltr'>Θ</span> <span class='ocrx_word' id='word_1_870' title='bbox 2447 5656 2495 5694; x_wconf 81' lang='grc'>0.</span> 
     </span>
    </p>
   </div>
   <div class='ocr_carea' id='block_1_119' title="bbox 2248 5655 2495 5710">
    <p class='ocr_par' dir='ltr' id='par_1_119' title="bbox 2248 5655 2495 5710">
     <span class='ocr_line' id='line_1_121' title="bbox 2248 5655 2495 5710; baseline 0.008 -16"><span class='ocrx_word' id='word_1_871' title='bbox 2248 5656 2367 5710; x_wconf 84' lang='lat' dir='ltr'>que,</span> <span class='ocrx_word' id='word_1_872' title='bbox 2392 5655 2495 5696; x_wconf 86' lang='lat' dir='ltr'>etc.</span> 
     </span>
    </p>
   </div>
  </div>
