4068 6182
330 364 435 422 917

1240 355 1698 414 BEBENGAUDI
1737 351 2112 410 EXPOSITIO
2152 353 2223 409 IN
2259 351 2761 408 APOCALYPSIN.

3538 346 3648 403 918

330 494 537 543 xerunt
564 483 616 540 ei
654 483 909 540 concives
940 482 1057 554 ejus
1081 472 1107 536 ἐ
1157 505 1176 527 ι
1197 482 1410 549 Quanta
1450 478 1764 535 audivimus
1795 478 1937 534 facta
1964 481 2017 539 Α
2045 476 2139 549 qui
2168 483 2223 532 et
2251 475 2502 546 angustia
2539 474 2695 546 panis
2738 480 3035 540 vocantur;
3068 472 3196 544 quia
3224 471 3411 526 nullus
3440 469 3649 542 pradi-

332 578 393 632 in
426 574 835 647 Capharnaum,
880 572 966 628 fac
1010 580 1064 628 et
1110 571 1203 627 hic
1254 571 1309 625 in
1350 570 1525 642 patria
1553 576 1648 625 tua
1679 570 1830 641 (Luc.
1861 585 1941 637 ιν,

331 666 453 736 23).
489 687 507 710 ι
548 663 816 736 Dixitque
847 662 927 718 eis
959 679 970 716 :
1020 685 1036 708 ι
1078 661 1253 716 Amen
1289 660 1414 716 dico
1444 658 1620 724 vobis,
1649 658 1778 729 quia
1803 657 1941 711 mul-

330 764 404 812 ta
443 753 630 810 vidua
685 762 844 809 erant
887 752 943 807 in
999 750 1195 808 diebus
1224 750 1361 805 Elia
1392 751 1449 805 in
1481 749 1668 814 Israel,
1724 747 1942 820 quando

329 848 585 903 clausum
643 850 725 899 est
770 844 991 909 calum,
1046 848 1099 896 et
1142 840 1211 895 ad
1251 839 1460 893 nullam
1491 838 1712 893 illarum
1744 837 1943 891 missus

330 943 422 991 est
451 933 621 999 Elias,
661 931 770 987 nisi
823 931 879 985 in
937 930 1217 1001 Sareptam
1261 927 1502 983 Sidonia
1549 926 1617 981 ad
1652 926 1940 981 mulierem

329 1023 584 1079 viduam.
632 1021 705 1076 Et
752 1018 914 1075 multi
968 1017 1167 1089 leprosi
1214 1024 1371 1071 erant
1413 1016 1471 1070 in
1518 1016 1714 1072 diebus
1755 1012 1941 1069 Elisai

331 1114 398 1169 in
428 1112 611 1176 Israel,
632 1116 685 1165 et
715 1125 877 1164 nemo
906 1124 1096 1162 eorum
1129 1108 1429 1163 mundatus
1453 1114 1554 1166 est.
1575 1105 1941 1160 nisiNaaman

329 1204 509 1274 Syrus
540 1200 703 1270 (Ibid.
736 1198 945 1270 25-27).
994 1222 1013 1246 ι
1081 1198 1141 1253 In
1196 1197 1401 1267 Regum
1465 1195 1748 1249 volumine
1795 1192 1944 1250 scri—

329 1300 493 1365 ptum
551 1298 634 1346 est
679 1288 828 1362 quia,
891 1303 1017 1344 cum
1074 1286 1328 1358 capisset
1380 1284 1572 1341 Achab
1625 1300 1724 1339 rex
1777 1283 1944 1339 Israel

330 1382 518 1439 Eliam
566 1378 839 1452 persequi,
895 1376 1248 1450 praecipiente
1277 1374 1537 1442 Domino,
1582 1372 1719 1427 abiit
1752 1373 1807 1427 in
1839 1371 1945 1427 de-

328 1480 565 1538 sertum,
618 1478 673 1524 et
727 1468 870 1523 sedit
916 1465 1075 1538 juxta
1134 1473 1429 1520 torrentem
1487 1462 1735 1520 Charib:
1789 1464 1946 1519 corvi

328 1574 556 1634 quoque
616 1555 935 1615 deferebant
993 1553 1042 1609 ei
1098 1570 1263 1625 panes
1319 1561 1373 1609 et
1428 1538 1843 1617 carnes'mane,
1889 1558 1947 1608 et

329 1666 505 1724 panes
554 1655 609 1704 et
658 1662 848 1704 carnes
912 1660 1156 1716 vespere,
1217 1650 1271 1698 et
1321 1642 1543 1697 bibebat
1580 1641 1648 1696 de
1697 1648 1943 1697 torrente

332 1742 461 1814 (ΙΙΙ
493 1742 614 1810 Reg.
650 1754 790 1804 xvn,
825 1736 963 1808 3-6).
998 1735 1151 1791 Elias
1182 1734 1462 1792 Christum
1511 1732 1813 1804 ﬁgurabat:
1848 1749 1943 1804 per

327 1838 636 1887 torrentem
694 1836 875 1883 autem
950 1825 1157 1910 Charib
1222 1825 1393 1896 legem
1461 1822 1723 1879 debemus
1781 1823 1938 1878 intel-
1971 1850 2018 1910 Β

327 1921 521 1992 ligere.
557 1917 762 1975 Charib
783 1905 1176 1988 interpretatur
1204 1912 1574 1979 mendacium,
1628 1927 1738 1968 non
1784 1913 1933 1984 quod

327 2011 425 2065 lex
482 2007 829 2064 mendacium
901 2007 1016 2072 sit;
1095 2006 1274 2060 solent
1348 2019 1585 2075 namque
1640 2002 1934 2075 prudentes

329 2113 637 2171 proponere
687 2095 1035 2153 auditoribus
1082 2092 1197 2149 suis
1243 2091 1547 2165 parabolas,
1599 2098 1662 2146 ut
1692 2090 1935 2164 apertius

326 2188 716 2259 intelligantur
741 2202 822 2254 ea,
874 2201 994 2257 qua
1021 2183 1203 2239 dicere
1232 2183 1453 2248 volunt,
1492 2188 1545 2237 et
1572 2180 1935 2237 introducunt

328 2279 537 2336 bestias
565 2285 618 2333 et
663 2291 792 2332 aves
831 2276 1134 2347 loquentes.
1168 2272 1325 2339 Quod
1356 2271 1398 2326 si
1431 2272 1547 2328 sola
1570 2270 1739 2326 verba
1766 2285 1936 2341 para-

327 2369 590 2426 bolarum
648 2367 930 2433 attendas,
1007 2363 1354 2419 mendacium
1412 2378 1527 2418 esse
1586 2360 1927 2433 prospicies:

328 2461 418 2516 sin
464 2474 599 2514 vero
646 2472 893 2523 sensum,
933 2455 1223 2511 veritatem
1258 2451 1532 2524 probabis.
1581 2449 1851 2507 Similiter
1878 2456 1931 2505 et

327 2550 581 2623 quadam
614 2554 882 2621 praecepta
932 2545 1146 2617 legalia,
1196 2543 1241 2599 si
1277 2543 1517 2599 litteram
1546 2539 1930 2596 tantummodo

326 2639 601 2706 attendas,
655 2635 874 2693 inutilia
931 2633 1034 2690 tibi
1086 2632 1466 2688 videbuntur:
1527 2631 1573 2687 si
1626 2630 1928 2703 spiritalem

328 2726 985 2800 intelligentiam,veritas
1013 2724 1116 2781 tibi
1148 2740 1341 2797 magna
1368 2723 1427 2778 in
1460 2723 1644 2778 littera
1674 2723 1926 2793 refulget.

326 2820 590 2890 Quadam
623 2817 791 2890 igitur
829 2823 1099 2888 pracepta
1126 2815 1321 2886 legalia
1352 2814 1556 2870 Judais
1581 2812 1927 2868 mendacium

326 2918 482 2978 sunt,
531 2908 660 2981 quia
698 2923 760 2962 ea
797 2905 1090 2962 carnaliter
1138 2904 1496 2974 intelligunt;
1555 2901 1716 2958 nobis
1744 2909 1929 2956 autem

326 3000 556 3066 veritas,
613 2997 743 3069 quia
787 3011 850 3051 ea
917 2994 1240 3066 spiritaliter
1288 2993 1593 3065 intelligere
1651 3006 1927 3047 curamus.

327 3090 435 3145 Per
462 3104 658 3144 corvos
691 3102 822 3141 vero
850 3083 1157 3141 sacerdotes
1202 3082 1519 3139 Judaorum
1549 3080 1927 3151 designantur,

325 3176 608 3234 velamine
653 3174 901 3249 cordium
952 3190 1177 3231 suorum
1232 3173 1547 3230 tenebrosi:
1594 3186 1691 3243 per
1740 3183 1930 3225 carnes

320 3267 458 3340 juge
488 3266 817 3324 sacriﬁcium
850 3265 996 3338 quod
1026 3281 1184 3320 mane
1223 3273 1276 3320 et
1327 3276 1549 3335 vespere
1577 3259 1925 3316 offerebatur.

327 3363 506 3417 Panes
531 3368 715 3416 autem
747 3374 913 3431 panes
940 3356 1332 3431 propositionis
1373 3355 1775 3419 demonstrant,
1833 3348 1929 3423 qui

327 3448 553 3505 assidue
598 3448 655 3503 in
704 3454 999 3519 conspectu
1029 3445 1250 3502 Domini
1286 3443 1630 3516 ponebantur
1664 3458 1675 3496 :
1706 3438 1931 3495 bibebat

326 3554 466 3594 vero
510 3537 578 3592 de
604 3545 866 3603 torrente,
911 3535 1040 3608 quia
1068 3535 1125 3590 in
1157 3531 1634 3590 observationibus
1666 3528 1932 3601 legalibus

328 3628 587 3688 Christus
611 3626 1002 3683 delectabatur.
1047 3626 1173 3681 Post
1202 3622 1320 3679 dies
1357 3629 1539 3678 autem
1568 3620 1774 3675 multos
1811 3616 1931 3673 sic—

326 3726 490 3777 catus
521 3725 601 3773 est
630 3725 881 3785 torrens;
932 3715 1061 3789 quia
1109 3715 1363 3769 veniente
1406 3711 1627 3770 Christo
1656 3709 1714 3765 in
1744 3724 1927 3775 carne,

326 3821 386 3868 et
421 3810 784 3883 Evangelium
817 3807 1169 3880 praedicante,
1199 3801 1509 3861 observatio
1534 3801 1725 3873 legalis
1745 3815 1932 3856 cessa—

330 3903 420 3958 vit
447 3920 461 3969 ;
502 3908 665 3974 atque
693 3900 761 3956 ab
791 3900 889 3955 illo
915 3906 1159 3970 tempore
1188 3895 1330 3951 nihil
1361 3892 1590 3966 profuit,
1623 3891 1767 3947 sicut
1795 3889 1933 3946 dicit

330 3990 607 4048 Dominus
638 4008 650 4045 :
693 4013 712 4036 ι
743 3990 857 4045 Lex
885 3996 939 4043 et
968 3986 1246 4059 propheta
1298 3999 1471 4056 usque
1526 3981 1594 4036 ad
1645 3981 1932 4047 Joannem,

330 4093 440 4141 etc.
475 4084 688 4153 (Matth.
725 4099 808 4150 χι,
843 4080 955 4151 13).
987 4105 1005 4127 ι
1049 4080 1118 4134 Et
1147 4078 1346 4132 iterum
1385 4074 1525 4131 dicit
1553 4073 1620 4129 ad
1648 4072 1811 4129 Israel
1842 4086 1938 4142 per

330 4172 659 4246 prophetam
696 4173 767 4226 :‘c
796 4172 874 4227 Ne
902 4168 1143 4224 offeratis
1170 4168 1318 4223 ultra
1344 4164 1675 4222 sacriﬁcium
1707 4161 1929 4215 frustra.

332 4266 625 4320 lncensum
657 4260 995 4317 abominatio
1041 4264 1124 4314 est
1169 4256 1307 4311 mihi
1343 4273 1354 4310 :
1400 4252 1715 4309 neomenias
1735 4258 1788 4306 et
1818 4249 1935 4305 sab-

329 4355 462 4410 bata
504 4360 687 4407 vestra
733 4366 843 4405 non
889 4350 1083 4415 feram,
1142 4344 1320 4417 iniqui
1367 4350 1496 4399 sunt
1543 4349 1716 4397 coetus
1763 4338 1935 4396 vestri

332 4446 474 4518 (Isa.
510 4461 546 4511 ι,
583 4442 695 4507 13).
731 4464 749 4487 ι

2051 575 2202 623 cator
2233 582 2474 638 unquam
2504 564 2571 620 ad
2606 579 2698 619 eos
2744 570 3060 629 accesserat,
3113 561 3206 634 qui
3239 560 3499 633 pabulum
3531 575 3648 615 ver-

2050 655 2106 711 bi
2136 655 2234 712 Dei
2265 655 2342 711 eis
2386 652 2711 726 impertiret.
2768 652 3014 725 Cumque
3052 652 3292 707 venisset
3337 649 3404 705 ad
3434 658 3647 721 portam

2050 746 2315 813 civitatis,
2361 744 2613 817 apparuit
2642 742 2693 798 ei
2725 742 2923 799 mulier
2953 741 3142 809 vidua,
3184 739 3450 811 colligens
3479 740 3646 810 ligna.

2048 834 2312 890 Eamdem
2369 831 2825 905 signiﬁcationem
2887 830 3050 885 habet
3118 827 3319 884 mulier
3377 842 3541 899 quam
3596 832 3652 883 et

2050 924 2283 991 civitas;
2318 922 2590 995 signiﬁcat
2618 920 2766 976 enim
2798 919 3099 977 Ecclesiam
3132 929 3208 973 ex'
3232 917 3485 990 gentibus
3513 933 3649 972 con-

2016 1020 2023 1025 ’
2051 1020 2322 1085 gregatam
2352 1030 2362 1066 :
2388 1011 2559 1067 vidua
2584 1026 2715 1065 vero
2743 1017 2881 1077 erat,
2904 1009 3033 1081 quia
3052 1010 3223 1064 Deum
3245 1007 3428 1062 virum
3459 1022 3646 1072 suum,

2051 1101 2288 1175 peccatis
2334 1100 2449 1156 suis
2496 1098 2863 1171 exigentibus,
2919 1096 3249 1169 perdiderat.
3306 1096 3379 1150 Et
3427 1095 3649 1156 vocavit

2053 1208 2193 1260 eam,
2236 1191 2490 1262 dixitque
2518 1188 2569 1243 ei
2603 1206 2614 1243 :
2678 1213 2696 1235 ι
2722 1188 2872 1244 Affer
2908 1187 3046 1242 mihi
3090 1185 3374 1258 paululum
3404 1201 3556 1258 aqua
3588 1183 3649 1239 in

2055 1297 2201 1349 vase,
2233 1288 2296 1335 ut
2324 1280 2507 1335 bibam
2541 1276 2661 1349 (III
2684 1279 2807 1347 Reg.
2842 1293 2981 1344 xvn,
3017 1275 3129 1347 10).
3162 1299 3179 1323 ι
3223 1274 3437 1331 Minora
3466 1273 3647 1345 petiit,

2052 1379 2114 1427 ut
2152 1370 2221 1426 ad
2270 1369 2478 1442 majora
2525 1366 2877 1440 perveniret;
2933 1380 3222 1438 possumus
3270 1379 3504 1436 namque
3553 1378 3649 1435 per

2054 1460 2339 1533 paululum
2386 1475 2560 1532 aqua,
2616 1455 2760 1529 quod
2794 1455 3039 1512 animum
3071 1452 3309 1510 sitientis
3338 1452 3643 1524 refrigerat,

2051 1556 2392 1612 voluntatem
2444 1552 2787 1608 audientium
2836 1549 3159 1622 intelligere,
3211 1547 3341 1621 quia
3385 1546 3531 1603 sicut
3577 1545 3647 1601 si-

2050 1644 2239 1700 tientis
2270 1643 2515 1714 linguam
2544 1658 2682 1714 aqua
2711 1640 3015 1710 refrigerat,
3047 1639 3123 1694 ita
3150 1647 3203 1694 et
3225 1635 3644 1711 pradicatorum

2051 1743 2259 1791 mentes
2291 1739 2577 1807 promptus
2611 1730 2828 1785 animus
2874 1728 3210 1784 auditorum.
3261 1726 3507 1798 Cumque
3550 1724 3646 1780 illa

2049 1832 2295 1897 pergeret
2344 1831 2406 1878 ut
2454 1822 2688 1889 afferret,
2744 1818 3005 1875 clamavit
3060 1824 3182 1889 post
3236 1823 3447 1887 tergum
3504 1813 3641 1885 ejus,

2046 1914 2236 1971 dicens
2270 1930 2281 1967 :
2331 1937 2349 1960 ι
2378 1911 2529 1967 Aﬂ‘er
2566 1910 2706 1965 mihi
2737 1917 2791 1966 et
2837 1908 3141 1965 buccellam
3173 1905 3330 1978 panis
3373 1905 3432 1960 in
3474 1919 3644 1958 manu

2043 2013 2137 2060 tua
2169 2002 2330 2073 (Ibid.
2364 2001 2476 2072 11).
2510 2024 2528 2047 ι
2573 1998 2737 2065 Quasi
2769 2004 2891 2069 post
2917 2005 3129 2069 tergum
3159 1995 3318 2053 nobis
3345 2002 3448 2063 est,
3495 1991 3643 2065 quod

2043 2098 2360 2171 ignoramus
2386 2112 2398 2149 :
2432 2095 2584 2150 Elias
2611 2109 2739 2164 ergo
2766 2100 2891 2164 post
2920 2099 3129 2163 tergum
3165 2087 3417 2144 mulieris
3444 2087 3644 2142 clama-

2043 2189 2146 2256 vit,
2178 2187 2303 2261 quia
2335 2185 2718 2258 pradicatores
2747 2181 2923 2239 sancti
2955 2179 3209 2253 gentibus
3236 2180 3432 2246 Deum,
3475 2192 3637 2249 quem

2042 2277 2388 2352 ignorabant,
2421 2275 2897 2347 pradicaverunt;
2948 2270 3094 2326 unde
3124 2276 3179 2324 et
3210 2284 3306 2341 per
3330 2267 3636 2351 buccellam

2043 2369 2201 2442 panis
2232 2367 2392 2424 initia
2420 2366 2548 2422 ﬁdei
2578 2380 2867 2438 possumus
2897 2361 3224 2434 intelligere.

2110 2515 2183 2569 Et
2211 2513 2341 2586 quia
2375 2512 2457 2567 illi
2504 2516 2876 2583 competenter
2915 2508 2985 2564 ad
3029 2507 3193 2563 ﬁdem
3240 2504 3493 2570 veniunt,
3541 2502 3638 2574 qui

2041 2603 2262 2659 student
2292 2603 2447 2674 prius
2477 2610 2696 2673 peccata
2724 2615 2821 2654 sua
2846 2595 3117 2663 conﬁteri,
3160 2600 3304 2650 recte
3332 2590 3629 2661 subditur:

2038 2692 2302 2764 Dixitque
2351 2691 2401 2746 ei
2446 2689 2644 2744 mulier
2677 2706 2689 2743 :
2755 2711 2773 2735 ι
2803 2685 2960 2741 Vivit
2996 2682 3266 2740 Dominus
3308 2682 3453 2735 Deus
3482 2686 3630 2747 tuus,

2016 2780 2168 2853 quia
2197 2796 2307 2835 non
2335 2778 2508 2834 habeo
2537 2792 2756 2848 panem,
2799 2774 2908 2830 nisi
2939 2778 3204 2846 quantum
3234 2776 3413 2841 potest
3441 2767 3634 2840 pugil-

2039 2870 2125 2926 lus
2157 2885 2347 2941 capere
2396 2867 2586 2923 farina
2633 2867 2692 2921 in
2731 2863 2953 2937 hydria,
3001 2871 3056 2918 et
3088 2860 3373 2933 paululum
3418 2856 3525 2913 olei
3575 2856 3633 2913 in

2039 2959 2261 3032 lecytho
2287 2956 2572 3031 (172211.12).
2595 2980 2613 3002 ι
2650 2952 2927 3027 Lecythus
2946 2967 3043 3006 vas
3070 2956 3207 3017 erat,
3225 2948 3283 3003 in
3313 2962 3420 3020 quo
3449 2945 3634 3001 oleum

2038 3049 2379 3106 servabatur.
2430 3047 2726 3102 Possumus
2774 3058 2906 3097 vero
2939 3056 3035 3113 per
3066 3038 3299 3094 farinam
3342 3034 3632 3103 rationem,

2041 3159 2135 3216 per
2182 3141 2364 3197 oleum
2404 3148 2585 3195 autem
2641 3151 2805 3209 opera
2859 3130 3249 3189 misericordia
3301 3127 3627 3200 intelligere.

1961 3211 2005 3271 θ’
2039 3230 2275 3288 Gentilis
2305 3246 2432 3300 ergo
2463 3227 2700 3299 populus
2727 3238 3061 3296 cognoscens
3089 3237 3145 3276 se
3174 3218 3413 3291 graviter
3455 3231 3635 3273 erras-

2036 3336 2114 3388 se,
2149 3317 2512 3375 conﬁtebatur
2544 3314 2686 3370 nihil
2720 3314 2777 3368 in
2807 3329 2864 3368 se
2890 3311 3023 3367 boni
3054 3324 3202 3377 esse;
3252 3306 3360 3362 nisi
3390 3313 3634 3361 tantum-

2037 3407 2202 3464 modo
2247 3405 2394 3479 quod
2436 3420 2628 3477 parum
2673 3402 2926 3468 rationis,
2973 3407 3027 3455 et
3055 3414 3245 3471 parum
3278 3412 3348 3452 ex
3377 3393 3637 3468 operibus

2040 3493 2431 3554 misericordia
2486 3493 2767 3549 videretur
2818 3488 3037 3545 habere.
3101 3485 3346 3543 Gentiles
3400 3496 3638 3555 namque

2038 3604 2233 3662 parum
2273 3583 2506 3641 rationis
2533 3580 2841 3648 habebant;
2875 3579 3006 3654 quia
3032 3593 3102 3634 ex
3132 3581 3284 3649 parte
3324 3571 3638 3629 rationabi-

2038 3681 2139 3748 les,
2182 3694 2253 3734 ex
2292 3676 2537 3732 maxima
2582 3681 2763 3728 autem
2817 3678 2968 3744 parte
3008 3664 3413 3724 irrationabiles
3459 3668 3635 3718 erant.

2039 3768 2184 3836 Quid
2222 3767 2370 3823 enim
2412 3761 2866 3829 irrationabilius,
2915 3774 3079 3832 quam
3123 3755 3304 3812 dicere
3348 3752 3500 3824 ligno
3543 3757 3640 3807 aut

2040 3857 2212 3929 lapidi
2250 3874 2260 3911 :
2303 3857 2449 3911 Deus
2480 3868 2635 3907 meus
2662 3866 2719 3906 es
2750 3849 2848 3904 tu?
2886 3846 3172 3903 Habebam
3201 3851 3257 3900 et
3292 3857 3487 3914 parum
3522 3838 3641 3929 mi—

2041 3946 2386 4011 sericordia;
2435 3944 2565 4015 quia
2608 3942 2725 4013 ipsa
2766 3946 2963 3993 natura
3002 3950 3143 4007 sape
3172 3949 3264 3988 eos
3304 3930 3372 3986 ad
3403 3929 3509 3985 hoc
3537 3927 3638 3983 im-
3678 3992 3686 4003 ι

2043 4035 2301 4110 pellebat,
2344 4040 2406 4088 ut
2444 4014 2659 4087 miseris
2700 4025 3077 4084 subvenirent.
3126 4022 3227 4076 Per
3254 4034 3384 4073 vasa
3418 4031 3549 4071 vero
3578 4014 3638 4069 in

2043 4126 2244 4200 quibus
2288 4122 2465 4179 farina
2505 4128 2560 4177 et
2587 4120 2770 4175 oleum
2801 4113 3205 4177 continebatur,
3253 4121 3442 4162 eorum
3472 4103 3639 4160 corda

2043 4193 2418 4287 designantur.
2461 4237 2478 4259 ι
2507 4212 2592 4267 En
2613 4208 2813 4280 colligo
2841 4205 2951 4261 duo
2982 4203 3148 4274 ligna,
3178 4205 3241 4254 ut
3270 4193 3567 4287 ingrediar,
3584 4201 3640 4251 et

2044 4284 2240 4362 faciam
2292 4304 2431 4359 illud
2463 4300 2602 4356 mihi
2648 4306 2702 4355 et
2747 4296 2863 4351 ﬁlio
2916 4309 3059 4361 meo,
3107 4296 3169 4346 ut
3207 4284 3557 4362 comedamus
3584 4290 3640 4342 et

2381 4390 2594 4463 (Ibid.).
2627 4414 2644 4437 ι
2689 4387 2861 4460 Ligna
2887 4401 3007 4458 qua
3039 4358 3097 4437 in
3125 4358 3638 4449 civitatecolligun-

2044 4493 2156 4555 tur,
2186 4484 2330 4541 nihil
2360 4481 2619 4539 utilitatis
2661 4478 2885 4542 habent,
2935 4472 3133 4530 nisiut
3162 4468 3276 4543 igni
3313 4467 3638 4545 comburan-

426 4577 445 4644 _'
483 4553 554 4644 Et
580 4550 726 4606 dim
756 4547 1024 4644 Domina?
1039 4543 1350 4644 .adiam:
1385 4539 1535 4638 vad.e
1569 4540 1630 4639 in.
1657 4537 1936 4644 saepta?
1966 4576 2015 4635 D
2359 4537 2508 4644 ligna
2554 4556 2724 4642 igitur
2768 4537 2977 4624 errores
3026 4537 3316 4636 gentilium
3367 4537 3642 4615 diabolica

325 4640 719 4707 Sidoniorum,
750 4646 802 4694 et
833 4634 1083 4692 manebis
1122 4633 1229 4699 ibi;
1279 4628 1514 4704 pracepi
1545 4628 1690 4684 enim
1720 4626 1797 4681 ibi
1819 4642 1936 4680 mu-

325 4729 464 4789 lieri
498 4729 681 4784 vidua
738 4736 798 4783 ut
847 4733 1030 4799 pascat
1085 4732 1139 4779 te
1189 4723 1303 4795 (III
1328 4723 1451 4792 Reg.
1483 4737 1626 4784 xvn,
1651 4719 1733 4787 9).
1765 4741 1783 4763 ι
1827 4715 1933 4782 Qui

325 4836 698 4891 consurgens,
749 4816 885 4873 abiit
939 4815 997 4871 in
1039 4815 1340 4885 Sareptam.
1388 4810 1539 4865 Elias
1570 4810 1625 4864 in
1654 4800 1933 4878 Sareptam

325 4908 514 4974 abiit;
560 4907 688 4980 quia
718 4905 934 4962 Judaos
957 4902 1192 4976 perﬁdos
1224 4900 1478 4959 Christus
1524 4897 1934 4968 derelinquens,

329 5015 437 5073 per
486 4997 760 5070 apostolos
819 5011 946 5051 suos
992 4991 1250 5048 transivit
1295 4990 1363 5045 ad
1413 4996 1598 5061 gentes
1645 5006 1655 5043 :
1716 4987 1938 5056 Sarepta

326 5104 471 5145 vera
526 5101 786 5143 succensa
847 5084 1257 5157 interpretatur,
1317 5079 1402 5134 vel
1457 5076 1709 5149 angustia
1731 5073 1932 5146 panis;

328 5177 569 5253 gentiles
621 5176 842 5248 quippe,
875 5172 1149 5244 5311qui
1205 5177 1358 5225 erant
1402 5167 1599 5224 civitas
1624 5163 1851 5230 diaboli,
1883 5169 1939 5217 et

328 5274 435 5349 qui
467 5291 563 5347 per
602 5275 879 5345 Sareptam
921 5271 1296 5343 designantur,
1358 5267 1482 5338 igne
1522 5264 1785 5319 vitiorum
1820 5275 1938 5315 suc-

328 5364 487 5423 censi
519 5371 694 5418 erant.
736 5364 816 5418 De
859 5361 963 5417 hoc
995 5361 1117 5432 igne
1146 5357 1426 5429 Scriptura
1457 5352 1594 5409 dicit
1628 5370 1639 5407 :
1689 5376 1706 5397 ι
1738 5350 1940 5405 Omnes

332 5470 440 5510 vos
468 5452 830 5509 accendentes
864 5451 1066 5523 ignem,
1121 5445 1353 5504 accincti
1403 5441 1639 5499 ﬂammis
1666 5438 1940 5496 ambulate

333 5543 399 5601 in
434 5544 642 5597 lumine
684 5542 826 5612 ignis
873 5539 1065 5607 vestri,
1116 5548 1171 5596 et
1201 5537 1257 5592 in
1295 5533 1529 5590 ﬂammis
1557 5548 1693 5605 quas
1716 5543 1939 5585 succen-

333 5632 504 5689 distis
542 5629 702 5686 vobis
734 5631 869 5703 (Isa.
903 5646 956 5696 L,
994 5628 1096 5699 11).
1147 5652 1163 5673 ι
1209 5624 1296 5681 Illi
1328 5638 1561 5694 namque
1592 5618 1827 5675 flammis
1856 5632 1940 5672 ac-

335 5718 513 5778 cincti
559 5727 709 5789 sunt,
752 5718 849 5792 qui
892 5717 1018 5792 igne
1043 5716 1309 5775 vitiorum
1338 5712 1582 5787 undique
1608 5712 1939 5773 exuruntur,

2045 4665 2235 4722 fraude
2264 4662 2477 4720 inventi
2512 4660 2889 4733 designantur.
2936 4653 3134 4711 Mulier
3169 4652 3319 4723 ligna
3345 4649 3456 4706 duo
3484 4646 3639 4705 colli-

2044 4756 2220 4828 gebat,
2246 4754 2373 4826 quia
2403 4751 2625 4825 gentilis
2650 4748 2884 4823 populus
2913 4761 2981 4801 ex
3011 4742 3265 4800 doctrina
3291 4738 3641 4828 philosopho-

2044 4827 2167 4900 rum
2219 4850 2382 4915 atque
2428 4848 2710 4914 poetarum
2762 4837 3009 4893 diversos
3065 4848 3276 4889 errores
3328 4827 3639 4900 colligebat,

2045 4951 2146 5007 pro
2176 4933 2376 5006 quibus
2406 4939 2668 5003 perpetuo
2700 4926 2958 4984 incendio
2997 4922 3322 4982 traderetur.
3369 4920 3474 4977 Sed
3507 4916 3643 4992 quid

2047 5034 2146 5092 est,
2179 5023 2326 5097 quod
2355 5023 2532 5079 dicit:
2593 5045 2611 5068 ι
2648 5022 2717 5077 Ut
2745 5017 3097 5077 comedamus
3141 5022 3196 5071 et
3234 5009 3577 5069 moriamur?
3607 5032 3627 5056 ι

2048 5116 2155 5171 Nos
2185 5113 2331 5170 enim
2367 5112 2491 5168 ideo
2520 5108 2881 5176 comedimus,
2905 5114 2967 5162 ut
2988 5106 3158 5161 vitam
3191 5103 3250 5159 in
3280 5114 3506 5173 corpore
3532 5112 3641 5153 ser-

2048 5220 2242 5260 vemus
2274 5221 2285 5258 :
2314 5202 2433 5257 hac
2463 5207 2642 5255 autem
2676 5197 2798 5253 ideo
2826 5214 2882 5252 se
2907 5195 3043 5251 dicit
3072 5190 3376 5257 comedere,
3421 5196 3482 5244 ut
3513 5202 3643 5240 mo-

2048 5295 2259 5359 riatur;
2321 5290 2450 5364 quia
2510 5288 2763 5345 doctrina
2830 5284 3120 5359 gentilium
3182 5286 3413 5336 mortem
3470 5273 3646 5346 magis

2049 5382 2217 5439 infert
2247 5397 2406 5453 quam
2438 5378 2630 5434 vitam.

2120 5523 2206 5581 Ad
2249 5539 2411 5597 quam
2459 5521 2610 5577 Elias
2651 5538 2663 5576 :
2724 5544 2743 5567 ‹
2786 5515 2958 5584 Vade,
3010 5522 3064 5569 et
3110 5511 3195 5567 fac
3236 5508 3379 5566 sicut
3412 5504 3644 5597 dixisti,

2051 5594 2428 5671 verumtamen
2476 5608 2615 5665 mihi
2660 5608 2746 5664 fac
2774 5622 2843 5662 ex
2890 5604 3008 5677 ipsa
3062 5598 3298 5657 farinula
3340 5594 3644 5654 subcineri-

2050 5704 2199 5763 cium
2227 5715 2423 5775 panem
2452 5697 2767 5773 parvulum,
2808 5699 2863 5749 et
2889 5691 3023 5749 all‘er
3049 5688 3119 5748 ad
3157 5703 3279 5757 me;
3323 5685 3430 5746 tibi
3459 5693 3644 5745 autem
