4060 6208
595 283 700 342 919

1598 297 1695 352 ΑΙ)
1734 295 1969 354 OPERA
2007 296 2061 353 S.
2099 298 2429 358 AMBROSII
2466 299 2844 357 APPENDIX.
3720 310 3795 367 920

596 418 651 465 et
680 409 797 467 ﬁlio
843 420 939 469 tuo
987 415 1152 471 facies
1208 426 1393 489 postea
1441 419 1605 490 (Ibid.
1641 421 1753 492 13).
1792 447 1810 469 ι
1863 423 1964 477 Per
2000 439 2194 494 panem
2227 427 2278 484 A
2310 424 2674 480 mercenarios
2714 433 2875 481 vocat
2927 427 3109 497 (Joan.
3169 445 3224 497 x,
3276 430 3381 500 l2).
3440 432 3638 490 Elisaeus
3675 436 3797 507 igitur

597 496 752 568 ﬁdes,
799 517 893 572 per
940 503 1180 560 cinerem
1219 523 1350 562 vero
1380 526 1521 580 saepe
1563 511 1887 581 poenitentia
1936 512 2198 583 designa—

596 599 710 661 tur,
758 596 902 652 sicut
930 597 1066 654 dicit
1093 600 1284 657 beatus
1313 603 1415 658 Job
1445 604 1512 659 ad
1548 606 1844 661 Dominum
1881 625 1892 662 :
1938 631 1955 654 ι
1987 607 2197 663 Idcirco

597 680 711 752 ipse
742 700 826 738 me
854 687 1222 758 reprehendo,
1272 700 1324 746 et
1353 709 1452 763 ago
1498 696 1876 765 paenitentiam
1907 695 1965 750 in
2006 697 2195 751 favilla

595 780 660 852 et,
695 773 877 829 cinere
920 777 1042 847 (Job
1077 795 1214 847 XLII,
1248 781 1326 851 6).
1371 807 1388 829 ι
1454 783 1616 838 Panis
1665 785 1833 855 igitur
1880 786 2062 841 cinere
2108 803 2192 842 co-

595 847 864 932 operitur,
916 883 1041 921 cum
1075 869 1309 939 quilibet
1356 871 1597 928 inﬁdelis
1637 874 1702 928 ad
1748 875 1911 930 ﬁdem
1943 876 2190 942 veniens,

594 951 834 1021 primum
890 956 1073 1011 studet
1101 957 1298 1013 deﬂere
1341 961 1482 1015 mala
1515 978 1635 1033 quae
1665 962 1829 1031 fecit;
1880 973 1939 1020 ut
1981 981 2194 1020 conve—

592 1040 838 1097 nientius
881 1043 950 1098 ad
998 1044 1162 1100 ﬁdem
1212 1047 1418 1104 Christi
1463 1052 1905 1122 percipiendam,
1954 1071 2072 1126 qum
2127 1057 2184 1110 in

591 1127 923 1200 baptismate
976 1131 1159 1200 datur,
1207 1135 1447 1192 accedat.
1500 1139 1652 1194 Elias
1701 1140 1884 1212 itaque
1932 1145 2186 1216 praecepit

592 1219 813 1274 mulieri
849 1228 910 1275 ut
950 1237 1018 1276 ex
1048 1222 1229 1278 farina
1258 1241 1451 1296 panem
1485 1227 1704 1297 faceret,
1754 1230 1968 1302 sibique
1998 1232 2187 1288 defer-

591 1317 710 1375 ret;
745 1309 873 1381 quia
919 1310 1302 1380 przedicatores
1351 1316 1525 1371 sancti
1576 1326 1759 1388 gentes
1800 1319 2186 1391 hortabantur,

591 1403 652 1450 ut
680 1412 748 1452 ex
781 1397 1011 1455 rationis
1040 1400 1184 1456 bono
1215 1401 1362 1473 quod
1389 1420 1420 1458 a
1459 1407 1572 1461 Deo
1598 1419 1968 1480 perceperant,
2001 1411 2185 1466 cibum

591 1484 723 1541 ﬁdei
774 1489 892 1543 Deo
947 1502 1332 1562 prmpararent,
1389 1495 1602 1568 sibique
1657 1498 1960 1567 deferrent;
2019 1501 2184 1558 ﬁdem

591 1592 828 1651 namque
864 1582 1241 1656 unusquisque
1271 1585 1338 1640 ad
1370 1585 1704 1656 baptismum
1753 1590 1999 1660 veniens,
2034 1610 2183 1664 pra:—

589 1666 823 1722 dicatori
857 1668 1055 1737 defert,
1097 1689 1222 1726 cum
1268 1673 1335 1727 ad
1371 1674 1855 1747 interrogationem
1889 1681 2186 1739 sacerdotis

2305 513 2591 569 sanitatem
2643 515 2906 581 contulit,
2946 523 3000 571 et
3039 515 3186 572 Giezi
3214 519 3438 590 pretium
3465 523 3678 594 accepit;
3705 526 3799 596 quia

2303 601 2371 657 ab
2423 602 2502 657 eis
2543 619 2680 675 quos
2736 603 2928 659 divina
2986 605 3357 662 misericordia
3401 610 3572 676 salvat,
3619 615 3798 682 perversi

2303 689 2552 747 doctores
2582 693 2819 762 pretium
2851 693 3104 750 sanitatis
3127 695 3374 766 exigunt.
3422 699 3485 753 Et
3522 697 3626 754 ideo
3664 699 3797 757 hare-

2302 779 2398 834 des
2453 781 2613 851 lepra;
2674 797 2863 837 eorum
2920 783 3251 852 efﬁciuntur,
3305 785 3426 857 quia
3463 786 3516 840 in
3563 788 3694 842 malis
3715 805 3799 860 qua

2299 868 2391 924 isti
2433 885 2527 941 per
2576 873 2805 942 gratiam
2848 873 2947 928 Dei
3005 883 3464 947 contempserunt,
3504 888 3800 948 permanentes

2299 958 2709 1016 damnationem
2736 962 2840 1016 sibi
2874 972 3192 1035 perpetuam
3214 967 3516 1036 acquirunt.
3546 967 3611 1020 De
3627 969 3797 1037 apertio-

2301 1049 2463 1105 nibus
2518 1060 2753 1122 quatuor
2810 1052 3121 1124 sigillorum
3153 1071 3272 1126 quae
3302 1055 3366 1109 ad
3396 1063 3540 1111 vetus
3565 1056 3799 1112 Testameu

2297 1143 2414 1191 tum
2437 1137 2708 1208 pertinere
2740 1147 2948 1195 certum
2983 1149 3085 1208 est,
3118 1158 3288 1213 pauca
3316 1141 3380 1198 de
3401 1144 3572 1200 multis
3589 1144 3799 1208 diximus;

2297 1235 2359 1282 ut
2393 1229 2894 1287 demonstraremus
2923 1233 3063 1288 nihil
3104 1234 3254 1289 aliud
3277 1251 3388 1290 esse
3413 1235 3682 1306 sigillorum
3697 1254 3800 1309 aper-

2296 1317 2523 1386 tionem,
2567 1321 2675 1375 nisi
2723 1321 3250 1379 demonstrationem
3283 1324 3591 1396 spiritalium
3612 1342 3801 1381 sensuum

2297 1407 2354 1463 in
2382 1409 2554 1465 veteri
2583 1411 2958 1481 Testamento,
2993 1429 3113 1485 quae
3145 1413 3307 1469 nobis
3335 1429 3426 1488 per
3445 1413 3685 1471 Christum
3706 1416 3802 1472 facta

2294 1505 2395 1553 est.

2368 1590 2551 1661 (Vers.
2610 1591 2692 1661 8.)
2750 1591 3013 1665 Sequitur
3046 1610 3058 1649 :
3111 1594 3184 1649 Et
3213 1611 3319 1649 ecce
3350 1611 3502 1664 equus
3522 1595 3736 1666 pallidus,
3774 1603 3805 1649 et

2293 1678 2384 1749 qui
2436 1679 2641 1735 sedebat
2691 1696 2851 1751 super
2906 1697 3042 1749 eum,
3096 1699 3286 1737 nomen
3348 1688 3484 1744 532
3527 1684 3602 1738 illi
3627 1700 3738 1737 mors
3774 1689 3804 1738 et

590 1757 826 1827 qualiter
853 1759 1059 1827 credat,
1094 1761 1422 1831 conﬁtetur;
1459 1765 1610 1821 Elias
1641 1783 1832 1838 panem
1874 1786 2034 1841 quem
2066 1789 2181 1828 mu-
2211 1786 2258 1847 Β
2292 1777 2538 1848 infernus
2603 1780 2914 1850 sequebatur
2979 1800 3113 1839 eum.
3165 1784 3438 1841 Videntur
3489 1785 3594 1839 haec
3635 1799 3727 1855 quas
3759 1780 3802 1836 de

591 1845 712 1900 lieri
743 1847 918 1903 facere
949 1849 1224 1921 praecepit,
1277 1853 1538 1920 comedit,
1571 1855 1700 1927 quia
1737 1859 2014 1928 profectus
2044 1861 2181 1916 ﬁlio-

587 1949 711 1988 rum
763 1951 970 1992 merces
1023 1945 1104 1992 est
1153 1940 1594 2010 praedicatorum.
1645 1944 1986 2018 Quapropter
2032 1951 2183 2007 Elias

590 2024 809 2079 mulieri
841 2028 1097 2100 praecepit
1128 2037 1188 2084 ut
1211 2031 1316 2086 sibi
1344 2033 1605 2104 primum,
1639 2044 1823 2108 postea
1851 2040 1957 2095 sibi
1985 2049 2038 2097 et
2065 2043 2182 2098 ﬁlio

587 2131 688 2170 suo
727 2131 920 2186 panem
975 2129 1328 2190 praepararet;
1381 2123 1510 2195 quia
1550 2127 1838 2184 conversio
1883 2133 2182 2200 peccatoris

588 2203 940 2275 praedicatori
972 2207 1149 2277 primo
1177 2208 1484 2281 imputatur
1515 2231 1526 2269 :
1582 2223 1767 2286 postea
1797 2233 1927 2273 vero
1957 2237 2181 2277 conver-

587 2310 680 2349 sus
720 2311 914 2365 panem
961 2297 1066 2351 sibi
1116 2309 1403 2371 praeparat,
1450 2319 1576 2359 cum
1621 2305 1679 2360 in
1723 2307 1884 2363 bonis
1926 2312 2182 2381 operibus

587 2383 943 2455 semetipsum
975 2402 1252 2455 exercens,
1287 2396 1346 2443 ut
1384 2390 1559 2449 haeres
1597 2395 1832 2452 caelestis
1870 2399 2057 2468 patriae
2089 2401 2182 2459 ﬁat

589 2473 819 2529 obtinet.
873 2474 1030 2541 Quod
1075 2485 1255 2533 autem
1297 2480 1375 2535 ait
1411 2481 1606 2540 Elias:
1673 2512 1690 2532 ‹
1735 2487 1945 2559 Hydria
1990 2489 2180 2548 farina

588 2577 700 2617 non
737 2562 974 2632 deﬁciet,
1012 2581 1113 2623 nec
1160 2567 1412 2640 lecythus
1451 2572 1556 2626 olei
1602 2573 1882 2632 minuetur
1921 2595 2092 2652 usque
2122 2582 2179 2636 in

587 2650 756 2719 diem,
798 2652 858 2707 in
888 2669 994 2724 qua
1022 2654 1250 2712 daturus
1297 2666 1380 2714 est
1417 2661 1687 2718 Dominus
1735 2667 1980 2736 pluviam
2006 2650 2182 2741 super

589 2749 790 2796 terram
825 2743 939 2812 (ΙΙΙ
971 2745 1093 2815 Reg.
1127 2762 1265 2813 xvn,
1301 2747 1390 2820 14)
1419 2767 1432 2816 ;
1461 2773 1478 2797 ι
1522 2751 1664 2807 illud
1707 2753 1999 2825 signiﬁcat,
2033 2759 2180 2830 quod

586 2828 724 2884 ﬁdes
779 2830 846 2885 ab
885 2833 1184 2888 electorum
1239 2837 1498 2894 cordibus
1552 2839 1802 2914 bonaque
1857 2861 2019 2916 opera
2049 2828 2178 2904 non

587 2917 864 2987 deﬁcient,
918 2937 1089 2992 usque
1133 2923 1265 2978 dum
1311 2926 1579 2983 Dominus
1618 2930 1687 2986 ad
1727 2929 2000 3002 judicium
2052 2954 2177 2994 cum

587 3006 848 3063 omnibus
879 3011 1082 3067 sanctis
1111 3012 1224 3067 suis
1252 3013 1456 3071 veniat.

660 3103 929 3162 Similiter
956 3115 1010 3163 et
1038 3109 1270 3166 Elisaeus
1300 3111 1582 3172 Christum
1615 3115 1902 3189 ﬁgurabat,
1932 3121 2174 3180 Naaman
2211 3139 2255 3201 ο
2287 3122 2555 3194 pallidum
2587 3123 2848 3179 habuisse
2901 3124 3166 3181 dicuntur
3219 3145 3232 3182 ξ

589 3207 723 3248 vero
743 3195 1008 3266 populum
1040 3199 1305 3269 gentium.
1325 3201 1482 3266 Multi
1518 3205 1715 3276 leprosi
1736 3217 1890 3264 erant
1910 3211 1966 3266 in
1992 3213 2178 3286 Israel,

585 3288 640 3338 et
671 3299 832 3339 nemo
858 3301 1046 3342 eorum
1078 3288 1376 3347 mundatus
1403 3301 1503 3362 est,
1551 3295 1656 3351 nisi
1689 3297 1929 3355 Naaman
1958 3301 2129 3374 Syrus
2163 3325 2176 3374 ;

585 3372 716 3446 quia
745 3375 1000 3431 veniente
1030 3375 1250 3434 Christo
1297 3379 1354 3435 in
1385 3399 1567 3454 carne,
1616 3393 1669 3441 et
1697 3387 1868 3444 Judaei
1902 3399 1954 3446 et
1994 3372 2179 3463 gentes

587 3459 741 3532 lepra
784 3470 1132 3534 peccatorum
1186 3485 1408 3525 suorum
1459 3474 1782 3532 circumdati
1834 3488 2031 3536 erant:
2084 3483 2178 3539 sed

584 3547 786 3605 Iudaeis
836 3551 893 3605 in
946 3553 1236 3625 iniquitate
1281 3574 1378 3613 sua
1424 3560 1888 3635 permanentibus,
1934 3579 2118 3639 gentes
2147 3589 2179 3626 a

584 3633 735 3706 lepra
767 3646 1113 3708 peccatorum
1144 3659 1368 3700 suorum
1402 3648 1674 3706 mundatze
1715 3633 1881 3710 sunt.
1911 3633 2176 3730 Praecepit

584 3738 713 3795 ergo
756 3725 992 3783 Elisaaus
1038 3730 1301 3802 Naaman,
1347 3733 1580 3793 dicens:
1647 3765 1664 3786 ι
1704 3741 1854 3798 Vade
1897 3753 1951 3800 et
1995 3725 2174 3804 lavare

585 3815 787 3886 septies
820 3815 874 3872 in
921 3819 1177 3890 Iordane,
1223 3831 1278 3879 et
1308 3825 1536 3898 recipiet
1577 3829 1867 3887 sanitatem
1898 3850 2024 3890 caro
2060 3844 2170 3906 tua,

581 3910 744 3976 atque
776 3907 1130 3966 mundaberis
1161 3911 1270 3984 (IV
1299 3915 1424 3986 Reg.
1458 3933 1514 3984 v,
1543 3917 1654 3990 10).
1689 3944 1706 3967 ι
1748 3921 1923 3989 Abiit,
1956 3932 2009 3979 et
2040 3926 2175 3984 lavit

581 3992 639 4048 in
671 3994 908 4051 Iordane
953 3999 1170 4071 septies,
1221 4009 1274 4056 et
1305 4005 1558 4061 restituta
1585 4014 1666 4062 est
1706 4025 1832 4065 caro
1877 4011 1993 4083 ejus
2031 4014 2174 4071 sicut

579 4098 706 4139 caro
759 4087 916 4157 pueri
950 4091 1187 4159 parvuli,
1219 4097 1272 4146 et
1301 4093 1598 4151 mundatus
1627 4107 1708 4154 est
1735 4117 1766 4155 a
1805 4102 1972 4174 lepra.
2015 4105 2173 4177 Aqua

577 4169 832 4228 Iordanis
888 4174 1224 4247 baptismum
1281 4179 1625 4253 ﬁgurabant,
1685 4203 1748 4242 eo
1803 4169 1948 4261 quod
1999 4169 2174 4249 in-ea

578 4258 832 4318 Christus
889 4263 1196 4336 baptizatus
1244 4269 1335 4326 sit.
1396 4273 1636 4329 Naaman
1701 4258 1856 4350 aquis
1919 4281 2172 4339 Iordanis

576 4347 797 4443 ablutus
826 4359 927 4422 est,
975 4362 1028 4409 et
1057 4356 1206 4428 lepra
1242 4361 1576 4432 mundatus;
1627 4347 1766 4438 quia
1783 4370 2015 4440 populus
2046 4388 2169 4443 gen-

2292 1867 2474 1939 equite
2507 1877 2702 1940 quarto
2732 1869 3018 1939 dicuntur,
3041 1872 3105 1927 ad
3135 1874 3531 1931 Antichristum
3558 1873 3797 1945 pertinere:

2292 1955 2386 2012 sed
2417 1956 2545 2029 quia
2573 1958 2882 2030 superiores
2934 1969 3044 2017 tres
3072 1963 3288 2036 equites
3337 1964 3392 2019 in
3444 1965 3622 2020 bonam
3654 1969 3801 2034 partem

2292 2045 2636 2117 interpretati
2685 2065 2896 2118 sumus,
2947 2059 3009 2106 ut
3054 2053 3543 2109 convenirentcum
3571 2049 3804 2124 apertioni—

2290 2133 2392 2189 bus
2421 2137 2593 2191 trium
2624 2137 2933 2208 sigillorum
2958 2159 2970 2206 ;
3025 2141 3247 2199 ordinis
3278 2143 3536 2199 rectitudo
3562 2142 3803 2213 cogit,utet

2291 2226 2458 2282 istum
2508 2227 2565 2281 in
2638 2228 2839 2284 bonam
2890 2239 3100 2302 partem
3157 2233 3542 2304 intelligamus,
3600 2238 3802 2302 quatenus

2290 2315 2583 2371 concordet
2612 2334 2736 2374 cum
2785 2320 3066 2390 apertione
3123 2323 3309 2394 quarti
3368 2321 3543 2394 sigilli,
3583 2337 3716 2392 quam
3757 2316 3800 2371 ad

2289 2403 2581 2475 prophetas
2633 2407 2906 2477 pertinere
2931 2408 3456 2467 demonstravimus.
3497 2412 3661 2482 Equus
3685 2407 3803 2479 igitur

2289 2494 2528 2565 pallidus
2557 2495 2848 2567 prophetas
2878 2499 3154 2569 signiﬁcat
3215 2519 3229 2555 :
3289 2502 3459 2573 pallor
3486 2517 3601 2555 vero
3631 2495 3801 2553 diversis

2289 2586 2467 2640 modis
2522 2586 2722 2642 accidit
2770 2587 3140 2654 hominibus;
3193 2590 3488 2664 aliquando
3531 2605 3723 2660 namque
3743 2601 3802 2657 pa-

2293 2689 2441 2740 vore,
2472 2675 2769 2747 aliquando
2801 2677 3082 2748 languore,
3122 2679 3436 2754 aliquando
3487 2687 3638 2736 morte
3681 2683 3805 2729 totum

2289 2779 2486 2834 corpus
2514 2773 2838 2837 occupante,
2883 2768 3188 2842 multisque
3225 2771 3403 2827 modis
3430 2770 3544 2825 aliis
3577 2767 3806 2840 pallescunt

2289 2851 2561 2910 homines.
2625 2854 2914 2926 Prophetae
2971 2857 3177 2929 itaque,
3255 2860 3348 2932 qui
3401 2859 3585 2930 populo
3625 2849 3802 2927 peccanti

2289 2943 2657 3016 praedicebant
2697 2945 2844 3016 quod
2892 2946 2950 3000 in
2985 2947 3237 3018 rapinam
3265 2957 3317 3004 et
3344 2948 3567 3021 gladium
3595 2954 3639 3002 et
3666 2939 3804 3015 perdi-

2288 3034 2494 3089 tionem
2573 3034 2836 3090 darentur
2871 3079 2884 3103 ,
2956 3053 3069 3091 non
3150 3037 3588 3094 inconvenienter
3630 3034 3802 3089 colorem

3292 3145 3459 3184 sessor
3501 3133 3654 3181 autem
3686 3117 3802 3188 hujus

2289 3212 2416 3284 equi
2446 3212 2714 3268 Dominus
2739 3220 2839 3281 est,
2865 3215 2958 3286 qui
2990 3215 3048 3269 in
3075 3217 3362 3288 prophetis
3391 3217 3498 3273 suis
3525 3208 3797 3304 inhabitant.

2289 3299 2395 3355 Sed
2442 3300 2600 3356 valde
2657 3301 2860 3357 durum
2921 3303 3160 3372 videtur,
3248 3305 3391 3380 quod
3451 3319 3626 3360 nomen
3663 3299 3800 3354 mortis

2288 3389 2544 3445 habuisse
2574 3390 2781 3446 dicitur
2803 3409 2816 3458 ;
2854 3391 2968 3463 ipse
2995 3395 3143 3449 enim
3172 3396 3295 3452 vita
3317 3403 3396 3452 est
3415 3393 3637 3450 omnium
3659 3390 3798 3480 electo-

2288 3494 2408 3533 rum
2457 3495 2706 3546 suorum,
2760 3481 2905 3536 sicut
2971 3481 3086 3553 ipse
3143 3482 3320 3541 dicit:
3386 3507 3402 3530 α
3445 3483 3549 3553 Ego
3595 3493 3692 3534 sum
3721 3480 3800 3527 Vlla

2284 3569 2472 3632 (Joan.
2507 3585 2622 3636 xxv,
2647 3569 2727 3639 6).
2755 3594 2771 3617 ι
2807 3569 2912 3625 Sed
2939 3571 2985 3625 si
3021 3570 3322 3643 diligenter
3340 3573 3623 3644 Scripturas
3638 3564 3798 3622 divinas

2285 3656 2708 3727 inspexerimus,
2733 3657 3079 3715 inveniemus
3096 3661 3401 3717 Dominum
3418 3669 3640 3716 nostrum
3665 3655 3796 3710 Iesum

2284 3745 2565 3803 Christum
2595 3745 2758 3802 etiam
2791 3753 3022 3804 mortem
3067 3753 3278 3807 vocari.
3321 3751 3449 3806 Nam
3478 3752 3605 3806 sicut
3631 3745 3719 3798 vita
3743 3745 3796 3794 est

2283 3835 2532 3890 omnium
2561 3836 2881 3904 electorum,
2907 3838 3108 3910 quibus
3138 3841 3388 3912 quotidie
3417 3840 3574 3894 vitam
3601 3842 3793 3890 ateruam

2280 3924 2510 3996 largitur
2537 3942 2550 3992 ;
2599 3925 2677 3980 ita
2712 3933 2766 3982 et
2805 3943 2952 3982 mors
2979 3927 3091 3984 dici
3123 3937 3304 4000 potest
3333 3929 3677 4001 reproborum,
3700 3931 3796 3992 (1110s

2278 4030 2378 4086 pro
2429 4014 2727 4071 sceleribus
2781 4015 2899 4071 suis
2954 4017 3203 4088 quotidie
3268 4019 3428 4074 morti
3465 4015 3616 4073 tradit
3648 4020 3793 4082 perpe-

2279 4112 2387 4160 tuas
2421 4123 2434 4172 ;
2491 4106 2608 4178 ipse
2659 4105 2808 4161 enim
2847 4105 3010 4164 habet
3051 4116 3374 4179 potestatem
3407 4108 3625 4164 animam
3649 4109 3692 4157 et
3713 4112 3791 4168 cpt-

2279 4209 2382 4265 pus
2418 4194 2642 4266 perdere
2683 4195 2738 4250 in
2793 4196 3095 4267 gehennam
3131 4199 3348 4270 (Matth.
3399 4215 3454 4265 x,
3493 4196 3597 4267 28).
3638 4191 3790 4248 Nomen

2277 4298 2404 4355 ergo
2431 4284 2624 4340 mortis
2650 4283 2907 4341 habuisse
2935 4286 3160 4354 dicitur,
3197 4291 3330 4361 quia
3349 4286 3628 4344 Israelitico
3645 4274 3791 4368 ρορυιρ

2277 4373 2522 4443 peccanti
2552 4381 2782 4429 mortem
2807 4375 3017 4443 intulit,
3048 4375 3194 4432 sicut
3213 4377 3272 4432 in
3303 4377 3514 4434 cantico
3542 4375 3789 4429 Deuteronl-

578 4431 721 4492 tium
779 4457 918 4513 aqua
970 4445 1112 4499 sacri
1163 4446 1510 4518 baptismatis
1553 4469 1584 4508 a
1627 4455 1776 4526 lepra
1823 4467 2164 4529 peccatorum
2196 4502 2244 4561 D
2277 4461 2375 4517 mii
2450 4461 2566 4535 ipse
2640 4465 2928 4522 manifeste
3000 4467 3385 4536 demonstrat,
3459 4483 3574 4525 cum
3637 4458 3786 4516 dicit:

578 4543 800 4561 Quini-nm
853 4538 932 4561 Λοθ
964 4543 1292 4561 Ανηη-ηιιο--,.
1365 4538 1582 4561 0-_4-__-
1845 4547 1855 4556 ι
1965 4550 1977 4561 ι
2117 4551 2126 4561 ι
2338 4552 2360 4561 ν
2443 4553 2452 4561 .
2942 4557 2951 4561 -
3028 4557 3042 4561 -
3755 4556 3785 4561 4-

575 4543 803 4584 suorum
852 4538 933 4586 est
963 4543 1314 4606 expurgatus.
1363 4538 1594 4611 Septena
1640 4561 1771 4600 vero
1810 4547 1927 4618 ejus
1965 4550 2166 4609 lavatio

574 4618 953 4689 septiformem
1029 4622 1295 4695 Spiritum
1369 4637 1619 4686 sanctum
1692 4633 1986 4707 ﬁgurabat,
2069 4657 2166 4712 per

572 4706 732 4778 cujus
759 4710 1134 4782 operationem
1158 4717 1408 4774 remissio
1437 4706 1782 4793 peccatorum
1815 4728 1870 4783 in
1893 4729 2163 4802 baptismo

571 4795 765 4867 datur;
818 4801 948 4874 quia
986 4803 1130 4861 sicut
1175 4823 1374 4879 corpus
1420 4809 1719 4870 visibiliter
1756 4817 1914 4890 aquis
1958 4795 2160 4893 baptis-

570 4889 770 4958 matis,
832 4892 909 4950 ita
963 4895 1148 4952 anima
1203 4897 1568 4960 invisibiliter
1637 4923 1734 4978 per
1784 4889 2157 4980 operationem

567 4980 806 5054 Spiritus
870 4988 1045 5045 sancti
1108 5007 1139 5046 a
1191 4996 1426 5064 peccatis
1491 4999 1750 5056 omnibus
1804 5003 2154 5060 emundatur.

565 5069 715 5128 Giezi
743 5083 922 5132 autem
954 5079 1048 5152 qui
1074 5082 1309 5152 pretium
1351 5087 1602 5143 sanitatis
1629 5105 1659 5144 a
1686 5091 1928 5146 Naaman
1960 5109 2156 5164 perce-

562 5159 666 5233 pit,
701 5162 1016 5240 lepramque
1045 5169 1162 5242 ejus
1191 5170 1562 5243 haereditavit,
1617 5193 1708 5233 eos
1740 5159 2006 5251 designat,
2058 5184 2154 5255 qui

562 5249 869 5310 doctrinam
901 5275 1012 5313 sua:
1042 5259 1450 5333 praedicationis
1497 5265 1817 5324 hominibus
1863 5249 2110 5327 vendunt
2139 5291 2151 5330 :

561 5356 699 5414 quos
752 5346 1023 5404 Dominus
1074 5348 1134 5405 in
1193 5351 1494 5424 Evangelio
1554 5370 1666 5411 non
1734 5365 1994 5429 pastores,
2061 5361 2155 5418 sed

633 5504 750 5590 (76)
791 5507 919 5590 Post
947 5524 1138 5565 vocem
1167 5511 1476 5590 napis-sima,
1517 5515 1696 5590 codex_
1720 5516 1874 5574 Gem.
1907 5518 2152 5590 subjun-

616 5581 656 5654 ιε
697 5583 746 5631 et
769 5584 989 5658 cratera;
1045 5583 1428 5658 necﬂulterius
1475 5586 1728 5658 producit
1772 5581 2151 5650 testimonium

599 5643 726 5720 ujus
745 5649 944 5709 cantici
958 5643 985 5720 ;'
1000 5651 1134 5710 edit.
1157 5653 1298 5713 illud
1317 5643 1624 5718 extendunt
1640 5643 1818 5737 usque
1828 5643 2151 5723 summa

2290 4575 2308 4599 ι
2338 4552 2486 4624 Ignis
2517 4570 2810 4610 succensus
2829 4563 2911 4612 est
2938 4557 2995 4612 in
3018 4557 3200 4614 furore
3221 4575 3364 4627 meo,
3385 4567 3436 4615 et
3461 4553 3650 4612 ardebit
3667 4556 3787 4617 usque

2272 4640 2341 4697 ad
2383 4641 2588 4698 inferni
2636 4644 2935 4702 novissima
2985 4647 3150 4718 (76):
3211 4647 3591 4720 devorabitque
3640 4647 3788 4696 terram

2271 4747 2396 4787 cum
2431 4733 2674 4803 germine
2706 4750 2828 4805 suo,
2859 4743 2913 4791 et
2943 4737 3217 4793 montium
3247 4737 3589 4793 fundamenta
3620 4723 3786 4786 combu-

2270 4828 2372 4876 ret.
2406 4820 2756 4896 Congregabo
2805 4840 2968 4896 super
3013 4842 3106 4882 eos
3161 4828 3326 4892 mala,
3371 4833 3423 4882 et
3450 4822 3649 4895 sagittas
3685 4824 3787 4868 meas

2268 4911 2556 4982 complebo
2585 4913 2643 4967 in
2673 4913 2784 4970 eis:
2819 4923 3212 4971 consumentur
3232 4916 3405 4983 fame;
3437 4921 3487 4969 et
3514 4902 3786 5001 devorabtmt

2268 5017 2359 5058 eos
2388 5020 2515 5060 aves
2544 5021 2730 5062 morsu
2759 5007 3126 5063 amarissimo.
3179 5010 3380 5064 Dentes
3417 5003 3682 5062 bestiarum
3715 5004 3786 5047 ιω·

2267 5093 2482 5150 mittam
2528 5096 2585 5151 in
2615 5112 2706 5152 eos
2730 5113 2854 5153 cum
2887 5097 3072 5154 furore
3104 5098 3438 5154 trahentium
3459 5109 3608 5166 super
3633 5095 3781 5179 tedam

2265 5191 2426 5256 atque
2455 5186 2810 5257 serpentium.
2846 5188 3002 5244 Foris
3036 5188 3272 5245 vastabit
3298 5205 3389 5244 eos
3417 5183 3628 5259 gladius,
3648 5182 3691 5232 et
3714 5184 3781 5224 ιη’

2264 5281 2354 5330 tus
2383 5291 2573 5347 pavor,
2607 5283 2662 5332 et
2683 5277 2893 5350 reliqua
2928 5279 3103 5350 (Deut.
3137 5296 3318 5346 χχχιι,
3350 5275 3548 5346 22-25).
3579 5294 3594 5315 υ

2336 5363 2496 5422 Hunc
2533 5365 2772 5439 e(mitem
2822 5367 3072 5425 infernus
3109 5367 3454 5443 sequebatur,
3501 5360 3615 5436 quia
3638 5360 3780 5410 omnes

2259 5523 2562 5606 comburat;
2601 5542 2700 5582 nos
2728 5544 2859 5586 vero
2879 5539 3203 5588 ceterorum
3234 5530 3358 5587 cod.
3386 5515 3666 5586 auctoritati
3686 5525 3774 5568 mo-

2260 5609 2374 5650 rem
2408 5612 2693 5671 gessrmus.
