4026 6172
276 320 387 378 921

1174 319 1633 377 BERENGAUDI
1673 317 2048 376 EXPOSITIO
2087 318 2159 375 IN
2198 318 2703 377 APOCALYPSIN.

3477 326 3587 384 922

270 443 377 517 qui
417 440 877 498 comminationes
907 442 1298 514 prophetarum
1340 460 1474 517 quas
1504 459 1571 500 ex
1619 460 1712 500 ore
1758 446 1878 500 Do-
1903 442 1963 505 A
1990 452 2043 500 et
2091 444 2394 500 mercedem
2433 446 2650 517 plenam
2699 445 2947 501 laborum
2998 462 3221 503 suorum
3274 464 3305 503 a
3350 451 3592 510 Domino

271 534 418 592 mini
449 533 515 589 ad
547 533 808 607 populum
835 535 1197 605 protulerant,
1221 543 1691 607 contempserunt,
1713 537 1877 591 infer-

270 644 385 684 nus
420 626 725 682 absorbuit.
760 625 914 682 Unde
942 633 997 681 et
1024 627 1273 699 sequitur
1308 644 1319 681 :
1354 629 1429 682 Et
1452 628 1578 682 data
1607 633 1681 681 est
1708 627 1755 681 ei
1768 643 1878 697 po-

272 723 434 772 testas
462 716 520 770 in
548 722 781 786 quatuor
803 722 989 787 partes
1038 722 1193 770 terra:
1232 716 1460 771 occidere
1503 716 1560 771 in
1603 717 1802 787 gladio,
1832 721 1879 770 et

266 805 439 876 fame,
470 812 519 860 et
554 812 738 872 morte,
771 811 821 860 et
848 806 1022 861 bestiis
1053 812 1225 861 terrae.
1272 806 1374 861 Per
1421 813 1657 879 quatuor
1698 812 1876 877 partes

266 903 436 952 terra;
447 895 629 951 omnis
650 904 791 951 terra
808 897 970 951 Israel
993 894 1314 968 designatur
1337 897 1477 967 (77).
1501 896 1748 963 Qualiter
1766 912 1873 950 au-

268 996 386 1045 tem
434 988 491 1044 in
540 988 741 1060 gladio,
782 997 837 1044 et
874 987 1037 1055 fame,
1070 996 1123 1044 et
1158 996 1355 1057 morte,
1387 996 1441 1043 et
1486 988 1677 1045 bestiis
1714 995 1870 1042 terrae

266 1078 587 1149 consumpti
619 1076 845 1144 fuerint,
879 1076 1007 1132 libri
1037 1076 1435 1149 Prophetarum
1475 1087 1636 1150 atque
1665 1079 1869 1148 Regum

265 1178 459 1241 aperte
504 1167 901 1223 demonstrant.
966 1167 1330 1234 Quaerendum
1375 1182 1506 1221 vero
1571 1166 1730 1222 nobis
1791 1175 1872 1222 est

263 1275 375 1315 cur
401 1258 611 1330 apertio
641 1265 879 1331 quatuor
915 1257 1226 1329 sigillorum
1256 1256 1324 1313 ad
1367 1265 1525 1312 vetus
1552 1256 1878 1312 Testamen—

264 1354 417 1415 tum,
468 1347 637 1403 trium
684 1363 817 1402 vero
879 1346 947 1402 ad
1015 1362 1223 1402 novum
1288 1346 1573 1418 pertineat.
1631 1347 1878 1413 Quatuor

268 1452 514 1509 namque
563 1444 695 1491 sunt
740 1437 1031 1505 elementa,
1078 1436 1280 1508 quibus
1328 1436 1631 1493 secundum
1676 1453 1876 1507 corpus

262 1524 661 1593 subsistimus;
697 1532 853 1580 vetus
900 1525 1070 1597 igitur
1116 1526 1526 1581 Testamentum
1558 1526 1612 1581 in
1645 1533 1875 1598 quater-

266 1612 431 1670 nario
460 1630 692 1670 numero
714 1630 824 1669 non
851 1613 1308 1669 inconvenienter
1332 1614 1557 1686 ponitur
1582 1633 1594 1682 ;
1626 1615 1755 1688 quia
1786 1616 1875 1670 lex

265 1704 449 1776 Moysi
468 1704 609 1760 nihil
629 1703 780 1760 aliud
796 1705 999 1777 populo
1021 1706 1310 1773 Hebraico,
1326 1705 1433 1760 nisi
1447 1722 1509 1761 ea
1524 1722 1642 1778 quae
1660 1705 1726 1760 ad
1742 1722 1871 1778 qua-

1988 534 2309 606 percipient.
2341 535 2477 589 Nam
2510 536 2658 591 hunc
2688 535 2832 591 diem
2864 536 3133 591 Dominus
3160 536 3588 596 desiderandum

1985 640 2099 702 esse
2146 623 2435 695 discipulis
2479 626 2595 681 suis
2648 626 3040 695 manifestavit,
3094 645 3221 684 cum
3276 629 3433 702 signa
3480 632 3590 688 diei

1980 701 2179 775 judicii
2202 716 2539 787 praediceret,
2559 716 2774 773 dicens:
2807 742 2824 764 ‹
2840 717 2976 774 Cum
2995 726 3176 775 autem
3200 718 3454 776 videritis
3475 722 3591 780 haec

1983 802 2123 871 ﬁeri,
2164 804 2417 876 respicite
2447 814 2500 861 et
2531 808 2706 863 levate
2734 808 2914 878 capita
2942 818 3151 876 vestra;
3185 810 3446 881 quoniam
3479 828 3589 883 ap-

1984 893 2377 964 propinquavit
2412 896 2719 968 redemptio
2763 906 2943 954 vestra
2983 900 3133 969 (Luc.
3166 916 3282 964 xxx,
3312 900 3426 969 28).
3460 924 3478 948 ι
3518 901 3589 956 Et

1982 982 2041 1038 in
2071 984 2316 1040 oratione
2343 984 2633 1041 Dominica
2656 987 2872 1043 assidue
2902 989 3156 1060 petimus,
3184 1008 3209 1039 «
3242 997 3299 1043 ut
3330 989 3589 1048 adveniat

1982 1086 2207 1143 regnum
2260 1081 2415 1128 tuum
2466 1074 2677 1143 (Matth.
2719 1092 2798 1143 v1,
2833 1077 2947 1145 10).
2983 1102 3000 1125 ι
3044 1077 3246 1133 Verum
3294 1078 3423 1150 quia
3452 1095 3589 1135 san-

1987 1166 2201 1215 ctorum
2234 1162 2561 1218 resurrectio
2590 1171 2750 1235 atque
2781 1164 3105 1235 gloriﬁcatio
3152 1166 3209 1221 in
3256 1166 3346 1223 die
3388 1166 3586 1239 judicii

1985 1248 2100 1317 ﬁet,
2132 1258 2184 1305 et
2216 1249 2333 1305 dies
2367 1250 2565 1322 judicii
2596 1253 2877 1309 damnatio
2925 1255 3029 1310 erit
3060 1255 3381 1327 impiorum,
3412 1257 3585 1314 sancti

1985 1338 2253 1395 ultionem
2284 1342 2350 1396 de
2384 1342 2626 1400 inimicis
2662 1345 2775 1400 suis
2812 1347 3112 1417 postulant,
3144 1348 3363 1421 quando
3394 1356 3587 1420 petunt

1985 1436 2047 1482 ut
2096 1428 2212 1484 dies
2258 1432 2477 1486 Domini
2529 1433 2749 1499 veniat;
2804 1436 2933 1506 quia
2980 1452 3044 1491 eo
3090 1436 3180 1493 die
3233 1437 3587 1495 damnatione

1983 1525 2243 1589 perpetua
2271 1519 2697 1578 damnabuntur.
2727 1522 2830 1578 Sed
2871 1524 2963 1580 hic
2990 1526 3220 1597 quaastio
3255 1526 3454 1595 oritur,
3486 1544 3585 1584 cur

1982 1608 2157 1662 sancti
2226 1608 2369 1664 diem
2444 1612 2666 1666 Domini
2744 1613 3073 1683 desiderent,
3132 1632 3262 1672 cum
3319 1617 3588 1689 propheta

1980 1694 2128 1751 dicat
2162 1714 2173 1752 :
2223 1723 2240 1745 ι
2267 1698 2362 1754 Vae
2402 1698 2840 1757 desiderantibus
2868 1703 3014 1758 diem
3052 1704 3271 1759 Domini
3306 1706 3492 1773 (Amos
3525 1724 3581 1776 v,

266 1803 399 1851 tuor
447 1796 719 1851 elementa
770 1794 1070 1868 pertinent,
1102 1795 1459 1867 repromittit.
1492 1796 1707 1850 Novum
1738 1813 1869 1852 vero
1899 1786 2125 1868 1318)?
2167 1811 2185 1833 ⁸
2245 1787 2459 1845 Scimus
2511 1807 2745 1863 namque
2793 1792 2938 1848 diem
2990 1794 3212 1849 Domini
3265 1795 3585 1853 damnatio-

265 1887 677 1942 Testamentum
727 1886 783 1941 in
834 1886 1076 1942 ternario
1125 1901 1354 1940 numero
1403 1885 1627 1957 ponitur
1675 1904 1689 1953 ;
1741 1886 1871 1958 quia

264 1975 407 2031 ﬁdes
435 1985 634 2033 sanctae
665 1975 975 2044 Trinitatis,
1010 1974 1126 2030 sine
1156 1991 1264 2048 qua
1290 1976 1431 2030 salvi
1460 1990 1575 2030 esse
1607 1990 1718 2030 non
1747 1992 1868 2047 pos-

265 2081 481 2133 sumus,
513 2064 570 2120 in
600 2081 665 2121 eo
695 2065 1005 2137 specialiter
1031 2063 1468 2120 commendatur.

343 2154 525 2224 (Vers.
576 2156 657 2225 9.)
707 2157 781 2211 Et
821 2171 937 2209 cum
976 2152 1268 2225 aper-uisset
1314 2152 1545 2223 sigillum
1603 2154 1866 2225 quintum.

264 2243 462 2312 Quinti
510 2244 678 2317 sigilli
723 2243 952 2316 apertio,
994 2242 1135 2299 sexti
1180 2249 1235 2297 et
1280 2242 1519 2314 septimi,
1572 2242 1715 2299 sicut
1754 2242 1866 2314 jam

264 2333 538 2402 diximus,
560 2332 627 2389 ad
648 2334 988 2406 apertiouem
1011 2332 1142 2389 novi
1163 2331 1499 2388 Testamenti
1521 2331 1760 2404 pertinet
1784 2350 1795 2388 :
1816 2341 1870 2389 et

265 2424 528 2497 quamvis
573 2441 783 2480 novum
838 2424 1246 2480 Testamentum
1296 2423 1506 2493 apertio
1552 2424 1625 2479 sit
1668 2423 1869 2480 veteris

265 2513 604 2571 Testamenti
633 2533 647 2583 ;
690 2522 873 2570 tamen
905 2514 1081 2569 multa
1108 2513 1165 2568 in
1194 2528 1259 2569 eo
1287 2512 1516 2569 obscure
1562 2520 1864 2584 ponuntur,

263 2620 389 2679 quae
436 2619 655 2660 necesse
709 2611 792 2659 est
855 2610 919 2657 ut
979 2609 1345 2674 exponantur.
1404 2602 1578 2672 Igitur
1626 2600 1869 2673 sigillum

272 2694 554 2767 quintum,
602 2700 819 2749 sextum
867 2699 923 2748 et
980 2692 1275 2763 septimum
1334 2690 1585 2747 Salvator
1634 2689 1869 2763 aperuit,

272 2782 495 2858 quando
524 2799 586 2838 ea
626 2768 748 2855 quae
793 2798 890 2855 per
934 2780 1221 2853 parabolas
1261 2780 1377 2853 ipse
1422 2779 1640 2836 locutus
1681 2787 1783 2845 est,
1819 2783 1873 2832 et

270 2873 575 2947 ﬁguraliter
631 2874 815 2947 gessit,
900 2872 1221 2929 doctoribus
1277 2870 1538 2927 Ecclesiae
1594 2869 1869 2942 patefecit.

269 2963 378 3019 Sed
421 2963 490 3019 de
518 2963 862 3036 expositione
906 2962 1038 3018 novi
1069 2960 1404 3017 Testamenti
1433 2975 1544 3015 non
1584 2966 1666 3014 est
1710 2956 1873 3013 nobis

270 3068 493 3109 necesse
539 3051 839 3125 quidquam
869 3049 1074 3119 dicere,
1116 3065 1181 3105 eo
1213 3047 1362 3122 quod
1392 3064 1424 3103 a
1453 3046 1657 3105 sanctis
1685 3044 1873 3101 Patri-

273 3140 379 3197 bus
444 3140 771 3196 mirabiliter
833 3146 888 3195 et
945 3137 1331 3211 multipliciter
1394 3136 1468 3192 sit
1530 3136 1865 3207 expositum.

270 3228 465 3296 Quinti
498 3228 667 3302 igitur
711 3227 882 3301 sigilli
923 3227 1134 3300 apertio
1178 3226 1246 3283 ad
1288 3234 1558 3298 martyres
1583 3223 1818 3297 pertinet
1852 3241 1866 3291 ;

265 3320 527 3395 quintum
551 3336 684 3376 vero
703 3319 947 3392 sigillum
965 3326 1098 3375 tunc
1117 3317 1370 3375 Christus
1388 3316 1622 3389 aperuit,
1647 3313 1869 3388 quando

264 3427 329 3466 ea
358 3426 481 3482 quae
528 3424 625 3481 per
663 3408 948 3481 parabolas
993 3416 1047 3464 et
1089 3406 1350 3481 quasdam
1394 3406 1597 3479 ﬁguras
1625 3405 1692 3461 de
1735 3421 1869 3477 per-

264 3499 551 3555 secutione
586 3505 916 3570 martyrum,
948 3504 1003 3552 et
1048 3496 1445 3570 gloriﬁcatione
1475 3511 1664 3551 eorum
1694 3494 1861 3564 dixit,

262 3586 589 3644 doctoribus
632 3585 892 3643 Ecclesiae
955 3585 1352 3641 manifestavit.
1404 3584 1638 3657 Aperuit
1699 3584 1864 3640 etiam

261 3676 526 3750 quintum
569 3675 837 3749 sigillum,
899 3673 1122 3748 quando
1167 3674 1247 3731 eis
1307 3675 1583 3731 caelestem
1634 3672 1865 3745 gloriam

264 3781 431 3839 quam
470 3765 814 3836 promiserat,
860 3763 1118 3831 contulit,
1151 3760 1352 3836 bosque
1392 3762 1451 3818 in
1484 3762 1689 3819 mundo
1724 3760 1865 3833 apud

263 3854 519 3911 homines
561 3853 907 3911 clariﬁcavit.
957 3854 1076 3912 Vidi
1124 3854 1219 3909 sub
1279 3855 1455 3909 altare
1515 3854 1613 3909 Dei
1652 3853 1863 3907 animas

260 3941 657 4013 interfectorum
703 3949 921 4015 propter
971 3943 1186 3998 verbum
1246 3943 1366 4011 Dei,
1405 3949 1452 3997 et
1512 3940 1861 3997 testimonium

262 4032 407 4099 Jesu,
468 4031 609 4102 quod
662 4031 936 4086 habebant.
1004 4032 1193 4087 Altare
1248 4032 1347 4089 Dei
1404 4031 1656 4089 Christus
1710 4038 1793 4086 est
1842 4046 1854 4085 :

260 4119 464 4176 animae
496 4119 666 4192 igitur
694 4130 1007 4178 sanctorum
1051 4121 1154 4177 sub
1193 4122 1362 4177 altare
1390 4121 1699 4195 quiescunt,
1731 4120 1861 4194 quia

256 4212 406 4267 sicut
453 4212 620 4283 capiti
659 4211 942 4284 supposita
986 4219 1116 4268 sunt
1153 4211 1416 4278 membra,
1475 4212 1636 4284 eique
1667 4212 1859 4268 cohae-

257 4308 405 4368 rent,
460 4300 539 4356 ita
583 4308 638 4356 et
684 4301 883 4357 animae
932 4308 1246 4371 sanctorum
1295 4301 1353 4355 in
1416 4301 1624 4356 cmlesti
1682 4300 1856 4372 gloria

254 4389 596 4457 constitutae,
640 4390 864 4448 Christo
910 4392 1170 4447 salvatori
1213 4388 1472 4461 subjectae
1514 4396 1663 4458 sunt,
1694 4390 1853 4463 eique

256 4497 357 4554 per
383 4479 835 4552 conjunctionem
867 4484 1242 4539 membrorum
1273 4490 1591 4539 nectuntur.

331 4571 516 4641 (Vers.
566 4571 650 4639 10,
697 4573 811 4644 11.)
869 4574 944 4630 Et
1000 4573 1301 4629 clamabant
1340 4590 1458 4629 voce
1496 4590 1708 4643 magna,
1763 4572 1858 4627 di-

252 4668 423 4718 centes
474 4680 486 4717 :
544 4664 836 4733 Usquequo,
889 4663 1112 4719 Domine
1152 4669 1363 4719 sanctus
1408 4672 1454 4719 et
1513 4680 1686 4730 verus,
1750 4678 1857 4718 non

243 4750 468 4821 judicas
492 4758 539 4806 et
566 4769 672 4807 non
692 4752 932 4809 vindicas
958 4752 1266 4824 sanguinem
1285 4758 1526 4809 nostrum
1557 4754 1619 4808 de
1645 4752 1732 4817 iis,
1764 4752 1859 4822 qui

252 4841 501 4896 habitant
528 4841 588 4896 in
617 4847 763 4897 terra
792 4844 822 4898 i’
854 4842 991 4898 Cum
1031 4842 1312 4914 Scriptura
1341 4843 1621 4917 praecipiat
1651 4842 1854 4896 malum

253 4947 357 5003 pro
385 4931 533 4986 malo
570 4947 682 4986 non
711 4930 938 4988 reddere
984 4932 1160 5004 (Rom.
1206 4950 1312 5001 xu,
1360 4934 1471 5003 17),
1506 4941 1559 4989 et
1590 4930 1857 4988 Dominus

250 5020 405 5076 dicat
434 5019 495 5076 in
525 5021 827 5093 Evangelio
860 5040 871 5077 :
935 5045 953 5069 ι
1003 5022 1229 5096 Diligite
1260 5022 1515 5079 inimicos
1543 5029 1772 5090 vestros,
1805 5028 1858 5077 et

250 5109 558 5166 benefacite
607 5109 676 5166 iis
717 5110 812 5183 qui
861 5110 1099 5168 oderunt
1149 5128 1250 5168 vos
1295 5111 1508 5183 (Matth.
1553 5128 1610 5176 ν,
1656 5111 1749 5182 44)
1780 5130 1793 5179 ;
1825 5134 1842 5157 ι

248 5200 388 5274 quid
415 5208 499 5258 est
526 5201 673 5274 quod
720 5202 894 5259 sancti
928 5203 985 5258 in
1014 5202 1330 5259 caelestibus
1370 5202 1656 5259 constituti
1688 5202 1851 5257 ultio-

249 5306 376 5347 nem
407 5289 475 5347 de
504 5291 748 5348 inimicis
776 5292 892 5348 suis
916 5300 1185 5363 expetunt
1214 5293 1241 5349 ?
1265 5292 1370 5348 Sed
1402 5292 1606 5349 scimus
1636 5299 1853 5349 sanctos

247 5377 353 5435 Dei
388 5378 536 5434 diem
585 5377 846 5435 ultimum
893 5379 1225 5446 desiderare,
1273 5380 1330 5435 in
1368 5396 1477 5452 quo
1523 5388 1578 5435 et
1625 5397 1855 5452 corpora

323 5476 446 5546 (77)
479 5475 683 5547 Omnes
712 5475 873 5544 edit.,
893 5477 1065 5531 omnis
1108 5484 1255 5533 terra
1280 5477 1585 5547 designatur
1611 5495 1624 5544 ;
1661 5494 1855 5533 omnes

247 5564 384 5603 vero
416 5564 546 5603 mss.
579 5546 789 5602 addunt
834 5557 893 5608 τὸ
940 5550 1134 5617 Israel,
1168 5547 1312 5622 quod
1362 5546 1728 5605 necessarium
1762 5550 1852 5606 hic

244 5643 377 5702 esse
390 5627 696 5702 ostendunt
722 5628 1029 5702 sequentia.

319 5699 440 5773 (78)
491 5699 816 5775 Quicumque
862 5699 1122 5758 inebriari
1166 5715 1340 5777 usque
1383 5700 1452 5759 ad
1510 5700 1603 5775 qui
1658 5717 1856 5777 equum

1886 4533 1936 4592 D

1976 1892 2101 1932 nem
2152 1894 2269 1934 esse
2315 1879 2634 1951 impiorum,
2683 1882 2825 1937 sicut
2866 1881 2978 1953 jam
3031 1882 3298 1939 diximus.
3332 1885 3404 1939 Et
3451 1886 3585 1957 quid

1977 1981 2195 2021 necesse
2243 1967 2349 2023 fuit
2390 1969 2669 2040 prophetae
2716 1971 2898 2026 dicere
2948 1990 2960 2027 :
3019 1995 3037 2019 ‹
3078 1973 3173 2029 Va:
3213 1972 3585 2029 desideranti-

1976 2053 2083 2110 bus
2127 2055 2278 2111 diem
2320 2058 2581 2113 Domini!
2629 2084 2646 2105 ι
2704 2076 2829 2115 cum
2870 2062 3059 2117 nullus
3089 2061 3294 2133 impius
3338 2064 3587 2135 reperia-

1978 2148 2089 2210 tur,
2119 2143 2214 2215 qui
2245 2152 2339 2200 aut
2370 2153 2598 2201 mortem
2640 2164 2816 2217 suam,
2849 2156 2943 2204 aut
2984 2149 3127 2205 diem
3178 2152 3400 2208 Domini
3431 2152 3586 2209 desi-

1978 2229 2166 2297 deret;
2218 2249 2282 2288 eo
2329 2234 2476 2307 quod
2525 2236 2580 2290 in
2631 2252 2695 2291 eo
2740 2236 2990 2293 damnari
3040 2239 3285 2296 metuit?
3337 2242 3408 2296 Et
3456 2242 3584 2314 quia

1977 2335 2171 2375 verum
2232 2331 2313 2379 est
2370 2323 2515 2397 quod
2578 2326 2844 2398 propheta
2902 2326 3067 2396 dixit,
3139 2328 3582 2402 investigandum

1976 2412 2140 2469 nobis
2181 2422 2261 2470 est
2310 2416 2443 2489 quid
2486 2417 2778 2489 signiﬁcet.
2812 2420 3103 2475 Damnatio
3142 2420 3343 2493 quippe
3374 2420 3585 2493 impio-

1983 2518 2105 2556 rum
2160 2513 2288 2560 sunt
2336 2514 2554 2577 peccata
2605 2524 2616 2562 :
2670 2507 2983 2580 quicunque
3038 2524 3165 2580 ergo
3218 2526 3344 2565 cum
3399 2519 3582 2566 scorto

1983 2590 2131 2646 coire
2190 2592 2484 2663 desiderat,
2542 2595 2954 2652 damnationem
3019 2614 3172 2653 suam
3234 2598 3505 2654 desiderat
3562 2616 3575 2653 :

1983 2680 2299 2754 quicunque
2342 2683 2603 2738 inebriari
2656 2684 2774 2755 (78)
2826 2684 3118 2752 desiderat,
3169 2684 3576 2740 damnationem

1958 2782 2136 2823 ‘suam
2168 2769 2441 2825 desiderat
2475 2789 2487 2826 :
2528 2772 2622 2843 qui
2652 2788 2852 2843 equum
2891 2780 2986 2826 aut
3014 2773 3211 2827 bovem
3247 2779 3341 2826 aut
3369 2771 3580 2845 aliquid

1984 2856 2115 2913 huic
2143 2857 2219 2912 rei
2248 2858 2430 2915 simile
2462 2860 2633 2915 furari
2662 2859 2956 2928 desiderat,
2985 2860 3391 2916 damnationem
3422 2877 3578 2917 suam

1981 2945 2253 3003 desiderat
2296 2965 2307 3004 :
2353 2949 2445 3021 qui
2487 2948 2748 3005 damnum
2802 2949 3026 3022 aliquod
3074 2950 3328 3022 proximo
3376 2950 3580 3007 inferre

1984 3034 2276 3104 desiderat,
2308 3036 2717 3094 damnationem
2748 3055 2902 3093 suam
2932 3038 3223 3095 desiderat.
3250 3038 3424 3112 Igitur
3449 3039 3581 3113 quia

1981 3124 2262 3182 damnatio
2292 3126 2589 3199 impiorum
2620 3127 2726 3183 erit
2755 3126 2873 3183 dies
2896 3126 3116 3198 judicii,
3161 3128 3476 3201 quicunque
3517 3144 3581 3184 ea

1978 3215 2182 3271 scelera
2234 3216 2576 3272 committere
2629 3215 2903 3273 desiderat
2959 3234 3057 3289 pro
3114 3217 3316 3289 quibus
3372 3216 3431 3272 in
3488 3216 3579 3275 die

1969 3301 2172 3376 judicii
2203 3303 2574 3374 damnabitur,
2608 3305 2756 3361 diem
2802 3304 3050 3374 Domini,
3089 3305 3147 3361 id
3187 3313 3291 3376 est,
3338 3306 3579 3363 damna-

1976 3396 2184 3452 tionem
2217 3413 2371 3453 suam
2402 3396 2697 3454 desiderat.

2047 3487 2121 3542 Et
2148 3486 2287 3541 datm
2313 3493 2437 3541 sunt
2475 3488 2588 3543 illis
2628 3488 2849 3559 singulm
2878 3489 3027 3543 stolte
3052 3487 3204 3544 albae.
3248 3487 3411 3545 Stolae
3438 3487 3577 3545 alba

1976 3574 2151 3646 gloria
2204 3582 2287 3631 est
2350 3584 2663 3632 sanctarum
2719 3577 3053 3641 animarum,
3110 3576 3355 3649 singulas
3404 3576 3577 3633 stolas

1975 3665 2130 3720 albas
2175 3664 2352 3721 sancti
2400 3665 2498 3721 Dei
2544 3682 2693 3722 nunc
2738 3666 3059 3739 possident;
3097 3666 3227 3739 quia
3254 3666 3577 3738 corporibus

1972 3759 2119 3817 533
2149 3764 2209 3818 in
2250 3771 2394 3819 terra
2441 3765 2871 3838 quiescentibus,
2911 3767 3083 3823 solius
3109 3766 3305 3822 anima:
3334 3766 3576 3824 beatitu-

1971 3856 2101 3913 dine
2122 3865 2326 3913 aaterna
2345 3857 2705 3930 perfruuntur
2728 3860 2848 3929 (79)
2876 3876 2886 3914 :
2914 3858 3073 3914 binas
3100 3859 3268 3914 stolas
3299 3866 3430 3916 tunc
3458 3874 3575 3930 per-

1968 3945 2197 4018 cipient,
2255 3962 2380 4001 cum
2448 3953 2569 4017 post
2636 3945 3091 4003 resurrectionem
3158 3946 3379 4014 animae,
3447 3963 3571 4003 cum

1968 4034 2291 4106 corporibus
2320 4034 2548 4107 gloriam
2583 4036 2820 4092 caelestis
2850 4035 3039 4107 patria
3078 4034 3199 4089 sine
3242 4033 3351 4088 ﬁne
3400 4033 3573 4105 possi-

1967 4121 2195 4178 debunt.
2247 4123 2321 4178 Et
2364 4122 2558 4178 dictum
2604 4130 2680 4177 est
2720 4122 2832 4178 illis
2880 4128 2938 4176 ut
2982 4120 3359 4190 requiescerent
3395 4120 3566 4175 adhuc

1968 4218 2166 4283 tempus
2194 4212 2475 4277 modicum,
2506 4213 2664 4268 donec
2686 4212 3007 4283 impleantur
3031 4211 3269 4265 conservi
3292 4226 3495 4275 eorum,
3516 4215 3565 4264 et

1963 4300 2165 4372 fratres
2183 4317 2365 4355 eorum
2385 4302 2478 4371 qui
2504 4301 2855 4373 interﬁciendi
2873 4307 3015 4369 sunt,
3036 4300 3170 4355 sicut
3188 4305 3237 4354 et
3260 4298 3364 4354 illi.
3397 4299 3569 4354 Tem-

1966 4410 2068 4467 pus
2093 4392 2372 4448 modicum
2396 4400 2614 4465 tempus
2633 4401 2713 4449 est
2732 4409 2905 4465 usque
2918 4392 2988 4447 ad
3005 4391 3152 4448 diem
3162 4390 3365 4463 judicii
3386 4408 3398 4446 :
3423 4388 3571 4463 quod

1966 4481 2247 4538 modicum
2272 4480 2480 4537 idcirco
2500 4481 2728 4549 dicitur,
2741 4480 2872 4555 quia
2890 4481 2949 4536 in
2964 4478 3372 4552 comparatione
3391 4478 3569 4534 futuri

1965 4572 2232 4643 temporis
2278 4571 2439 4627 valde
2483 4570 2763 4628 modicum
2796 4579 2897 4628 est.
2929 4569 3114 4627 Sancti
3151 4585 3279 4641 ergo
3324 4568 3422 4642 qui
3463 4566 3571 4624 hoc

1966 4662 2301 4730 desiderant,
2366 4670 2429 4718 ut
2472 4662 2592 4718 dies
2642 4661 2838 4734 judicii
2893 4661 3010 4731 ﬁat,
3063 4661 3121 4717 in
3171 4677 3278 4733 qua
3327 4668 3382 4715 et
3437 4676 3570 4716 cor-

1966 4770 2099 4827 pora
2136 4762 2191 4810 et
2231 4752 2537 4809 mercedem
2588 4753 2805 4826 plenam
2852 4752 3104 4809 laborum
3144 4767 3369 4808 suorum
3417 4748 3570 4806 reci-

1967 4843 2142 4915 piant,
2176 4851 2392 4916 tempus
2421 4840 2702 4899 modicum
2733 4850 3048 4914 exspectare
3071 4840 3361 4914 jubentur,
3393 4840 3571 4895 donec

1966 4933 2262 5006 impleatur
2320 4947 2585 4987 numerus
2657 4931 2889 4987 fratrum
2955 4947 3185 4998 eorum;
3262 4929 3392 5003 quia
3451 4928 3570 4985 dies

1960 5023 2161 5097 judicii
2209 5040 2320 5079 non
2370 5023 2575 5090 veniet,
2626 5039 2800 5097 usque
2844 5022 2976 5079 dum
3026 5022 3332 5095 impleatur
3384 5020 3567 5077 omnis

1968 5129 2230 5169 numerus
2285 5112 2607 5169 electorum.
2666 5112 2771 5170 Sed
2824 5111 3180 5185 quaerendum
3246 5110 3406 5167 nobis
3462 5117 3562 5176 est,

1963 5220 2063 5261 cur
2100 5205 2229 5260 solae
2257 5204 2455 5260 animm
2494 5219 2592 5275 pro
2631 5202 2837 5260 Christi
2886 5202 3112 5259 nomine
3149 5200 3562 5257 interfectorum

1964 5296 2067 5353 sub
2104 5298 2274 5354 altare
2313 5298 2412 5353 Dei
2452 5295 2747 5370 quievisse,
2796 5302 2852 5351 et
2899 5295 3067 5351 stolas
3116 5292 3360 5366 singulas
3398 5307 3564 5347 acce-

1964 5386 2108 5459 pisse
2139 5387 2390 5459 legantur
2422 5404 2434 5443 :
2479 5403 2607 5443 cum
2640 5400 2834 5441 omnes
2876 5384 3177 5441 electorum
3216 5380 3416 5437 anima:
3458 5378 3564 5436 sub

1965 5500 1994 5541 e
2023 5501 2152 5540 mss.
2188 5486 2519 5542 restituitur.

2038 5558 2155 5637 (79)
2188 5559 2277 5637 ΔΙιίι
2309 5575 2437 5613 mss.
2465 5575 2493 5637 ;Δ
2510 5556 2652 5637 θᾶὶῑ.Δ
2690 5563 2895 5629 autem,
2924 5553 3073 5609 stolis
3110 5549 3306 5606 animos
3342 5548 3560 5611 beatitu~

1963 5627 2105 5684 diuis
2131 5635 2338 5685 (sternte
2359 5628 2744 5702 perfruuntur.
