4026 6172
573 326 680 383 923

574 454 680 509 hoc
713 454 881 510 altare
914 454 1220 525 quiescant,
1251 450 1574 523 easdemque
1601 451 1768 506 stolas
1801 456 1854 504 et
1881 448 2011 519 ipsae
2049 464 2171 519 pos-
2203 448 2253 507 A

571 545 786 601 sideant
807 545 835 599 ?
861 543 964 598 Per
989 541 1202 596 animas
1228 540 1398 612 igitur
1418 540 1831 595 interfectorum
1855 555 1964 594 non
1991 539 2168 593 solum

572 641 859 705 martyres,
891 631 981 686 sed
1022 638 1076 685 et
1117 647 1309 685 omnes
1346 630 1558 685 animas
1593 628 1867 699 justorum
1909 628 2172 683 debemus

567 722 853 792 accipere;
906 737 972 775 eo
1017 719 1163 793 quod
1193 729 1246 775 et
1278 720 1377 790 ipsi
1430 718 1639 773 mundo
1683 718 1793 773 sint
1839 717 2067 784 mortui,
2110 724 2172 771 ut

565 811 680 865 Deo
709 809 982 876 viverent,
1014 809 1156 864 sicut
1184 808 1322 863 dicit
1358 807 1654 879 Apostolus
1687 825 1698 862 :
1745 832 1761 853 ι
1792 805 1990 861 Mortui
2023 804 2169 861 enim

565 899 717 966 estis,
750 906 803 954 et
836 899 951 953 vita
990 907 1173 954 vestra
1202 897 1522 954 abscondita
1570 905 1650 952 est
1696 913 1821 951 cum
1863 896 2084 952 Christo
2114 896 2170 950 in

565 990 678 1044 Deo
731 990 959 1049 (Coloss.
1018 1005 1101 1053 ιιι,
1163 987 1242 1055 3).
1291 1011 1308 1033 ι
1376 988 1447 1041 Et
1505 986 1572 1041 de
1624 993 1917 1055 semetipso
1966 983 2104 1040 dicit
2156 1003 2167 1039 :

581 1103 599 1125 ι
660 1077 798 1133 Mihi
854 1078 1098 1133 mundus
1153 1076 1454 1132 cruciﬁxus
1513 1082 1614 1143 est,
1675 1082 1729 1129 et
1796 1091 1894 1145 ego
1968 1073 2172 1129 mundo

569 1166 776 1237 (Galat.
829 1184 907 1232 v1,
961 1166 1096 1237 1’s);
1146 1190 1164 1212 ι
1223 1173 1277 1220 et
1324 1182 1336 1220 :
1394 1189 1413 1211 ‹
1451 1164 1655 1220 Omnes
1699 1161 1794 1235 qui
1843 1164 2041 1217 volunt
2087 1162 2175 1234 pie

565 1256 754 1311 vivere
808 1256 864 1311 in
923 1256 1144 1313 Christo
1198 1256 1346 1323 Jesu,
1399 1254 1833 1327 persecutionem
1888 1254 2174 1324 patiuntur

570 1345 658 1414 (II
674 1346 808 1401 Tim.
826 1363 908 1412 ιιι,
928 1344 1016 1415 12)
1036 1364 1048 1411 ;
1066 1371 1082 1393 ι
1110 1353 1196 1401 et:
1234 1368 1251 1390 ε
1272 1346 1374 1399 Per
1394 1345 1593 1398 multas
1615 1343 1997 1399 tribulationes
2015 1358 2172 1413 opor-

566 1440 646 1488 tet
665 1450 765 1489 nos
792 1434 996 1490 intrare
1018 1438 1073 1489 in
1096 1450 1326 1505 regnum
1356 1434 1453 1489 Dei
1488 1434 1627 1503 (Act.
1656 1451 1776 1502 xiv,
1800 1433 1915 1503 21).
1941 1457 1958 1478 ι
1993 1431 2095 1487 Sed
2118 1440 2173 1487 et

565 1523 802 1579 Joannes
830 1532 1024 1580 auctor
1062 1523 1229 1595 hujus
1270 1523 1396 1578 libri
1444 1522 1671 1579 calicem
1707 1521 1927 1578 Domini
1971 1520 2172 1575 bibisse

566 1611 918 1682 describitur,
950 1630 1076 1669 cum
1109 1613 1227 1669 sine
1263 1612 1431 1684 gladii
1473 1610 1847 1684 peremptione
1876 1609 2166 1681 quieverit.

639 1705 823 1776 (Vers.
873 1703 986 1772 12.)
1039 1705 1113 1757 Et
1158 1719 1276 1757 cum
1321 1702 1612 1773 aperuisset
1654 1700 1891 1771 sigillum
1942 1706 2165 1755 sextum.

1611 324 1707 380 AD
1745 322 1981 380 ΟΡΕΒΑ
2017 321 2073 379 S.
2114 320 2449 378 AMBROSII
2483 321 2863 379 APPENDIX.

3712 342 3790 399 924

2360 447 2542 519 (Vers.
2577 446 2688 517 14.)
2720 451 2794 504 Et
2824 448 3011 503 cwlum
3058 448 3291 515 recessit,
3323 450 3444 505 sicut
3486 454 3598 509 liber
3623 459 3793 520 involu-

2281 553 2385 604 tus.
2408 538 2509 592 Per
2529 538 2729 592 ccelum
2756 545 2914 591 vetus
2935 536 3347 592 Testamentum
3367 538 3639 612 designatur
3659 566 3668 602 :
3688 550 3792 608 liber

2282 640 2415 679 vero
2446 624 3023 700 quando_involvitur,
3061 624 3182 695 ejus
3217 625 3473 697 scriptura
3492 631 3551 685 ab
3573 634 3714 690 oculis
3735 639 3794 694 in.

2280 713 2553 767 tuentium
2587 713 2962 768 absconditur.
3001 712 3162 768 Liber
3192 730 3321 783 ergo
3347 714 3525 772 Judaeis
3573 720 3792 782 involutus

2280 808 2382 867 est,
2420 801 2549 872 quia
2577 802 2880 872 spiritalem
2923 802 3363 872 intelligentiam
3404 804 3451 859 in
3490 810 3636 862 veteri
3661 811 3795 869 Testa

2284 898 2489 958 mento,
2524 907 2644 962 quae
2676 890 2956 947 Christum
2991 890 3418 959 demonstrabat,
3450 894 3704 969 intelligere
3726 918 3792 957 uo-

2286 983 2534 1035 luerunt.
2567 982 2778 1037 Caelum
2805 980 2989 1053 itaque
3006 981 3150 1037 sicut
3176 981 3318 1036 liber
3336 982 3594 1041 involutus
3612 992 3792 1059 recessit,

2283 1070 2412 1141 quia
2460 1077 2617 1124 vetus
2667 1070 3078 1126 Testamentum
3123 1069 3346 1125 Judaaos
3388 1071 3663 1145 dereliquit,
3688 1088 3729 1133 et
3748 1080 3794 1134 ad

2284 1167 2470 1231 gentes
2500 1159 2776 1215 transivit.
2824 1162 2897 1215 Et
2948 1160 3119 1214 omnis
3148 1176 3295 1213 mons
3341 1167 3387 1215 et
3428 1162 3597 1217 insula:
3635 1166 3683 1219 de
3709 1168 3797 1223 locis

2282 1251 2392 1304 suis
2420 1256 2574 1304 motae
2602 1256 2744 1304 sunt.
2773 1250 2843 1304 Et
2859 1250 2985 1322 quia
3016 1248 3329 1305 Iudaeorum
3361 1259 3498 1306 terra
3526 1263 3797 1313 monstruosa

2283 1347 2386 1406 est,
2435 1355 2729 1410 possumus
2762 1355 2857 1410 per
2889 1346 3102 1393 montes
3146 1355 3238 1394 eos
3280 1340 3374 1411 qui
3418 1339 3472 1395 in
3521 1342 3798 1410 civitatibus,

2281 1444 2376 1499 per
2396 1426 2604 1482 insulas
2623 1435 2802 1483 autem
2824 1444 2915 1482 eos
2932 1427 3025 1499 qui
3050 1427 3107 1482 in
3121 1428 3510 1498 campestribus
3525 1429 3794 1499 habitabant,

2281 1515 2607 1587 intelligere.
2637 1516 2741 1584 Qui
2773 1517 2841 1573 de
2868 1516 3002 1572 locis
3034 1516 3148 1571 suis
3178 1516 3313 1572 moti
3345 1527 3489 1583 sunt,
3519 1519 3632 1591 quia
3658 1537 3799 1576 omnes

2281 1614 2376 1692 aut
2404 1606 2778 1673 exterminati,
2818 1612 2913 1661 aut
2942 1606 3000 1661 in
3032 1604 3409 1677 captivitatem
3435 1608 3575 1665 ducti
3602 1617 3722 1665 sunt.

2355 1720 2537 1794 (Vers.
2574 1723 2661 1790 15,
2707 1722 2794 1789 16,
2828 1723 2941 1791 17.)
2972 1724 3048 1778 Et
3074 1740 3216 1794 reges
3248 1728 3421 1791 terra,
3443 1730 3488 1778 et
3510 1724 3746 1796 principes,
3770 1734 3801 1780 et

568 1792 749 1863 Sigilli
771 1792 913 1847 sexti
944 1793 1152 1864 apertio
1182 1793 1250 1848 ad
1281 1791 1593 1847 Judaaorum
1619 1790 2003 1862 dejectionem,
2025 1790 2167 1847 sicut
2194 1812 2239 1873 Β
2278 1790 2495 1879 tribuni,
2520 1818 2567 1866 et
2594 1813 2796 1881 dim-tes,
2828 1819 2875 1866 ει
2898 1790 3084 1881 form,
3134 1790 3184 1867 ξι
3226 1790 3415 1867 omni,
3444 1790 3607 1867 δειξυηδ
3637 1790 3676 1868 εξ
3709 1790 3801 1868 mm

564 1881 833 1947 diximus,
887 1888 942 1935 et
986 1881 1053 1935 ad
1106 1881 1349 1952 gentium
1398 1881 1740 1936 vocationem
1786 1881 2043 1952 pertinet.
2094 1881 2165 1937 Et

564 1969 693 2042 quia
718 1969 970 2026 Christus
990 1969 1056 2025 de
1076 1970 1393 2026 Judmorum
1417 1970 1727 2042 perditione
1746 1979 1799 2025 et
1819 1969 1885 2025 de
1918 1969 2160 2041 gentium

563 2058 829 2114 electione
859 2061 1034 2115 multa
1064 2076 1159 2131 per
1187 2059 1470 2131 parabolas
1512 2066 1593 2114 est
1638 2061 1874 2127 locutus,
1908 2059 2157 2132 quaedam

565 2168 572 2191 ι
601 2150 725 2201 tiam
761 2148 942 2218 gessit,
977 2163 1096 2220 quae
1129 2147 1235 2205 hoc
1260 2148 1720 2219 designaverunt;
1755 2157 1971 2204 sextum
2012 2149 2160 2220 sigil-

562 2243 677 2297 lum
726 2245 960 2315 aperuit,
1002 2246 1222 2317 quando
1267 2246 1586 2302 doctoribus
1630 2246 1890 2302 Ecclesiae
1936 2262 1997 2301 ea
2040 2263 2158 2319 quas

560 2347 658 2403 per
712 2332 910 2405 ﬁguras
960 2335 1105 2391 dixit
1166 2336 1415 2405 eLfecit,
1476 2352 1572 2408 per
1616 2335 1996 2407 inspirationis
2046 2353 2157 2391 suae

562 2424 789 2495 gratiam
832 2426 1106 2497 patefecit.
1150 2428 1382 2498 Aperuit
1426 2427 1591 2483 etiam
1631 2434 1845 2482 sextum
1891 2427 2156 2499 sigillum,

559 2514 778 2585 quando
823 2530 886 2569 ea
937 2532 1056 2588 qua:
1104 2515 1385 2587 praedixit,
1436 2530 1598 2587 opere
1648 2516 1922 2587 implevit.
1983 2520 2160 2573 Terra:

558 2609 729 2657 motus
773 2603 946 2672 factus
995 2611 1069 2659 est
1114 2622 1355 2676 magnus.
1407 2605 1510 2659 Per
1552 2614 1751 2661 terrain
1797 2607 1854 2661 in
1894 2606 1999 2663 hoc
2036 2608 2158 2664 loco

557 2691 731 2747 Judaei
762 2692 1120 2765 designantur
1152 2712 1163 2749 :
1197 2701 1354 2749 terra:
1388 2702 1569 2750 motus
1598 2694 1772 2750 factus
1797 2704 1877 2751 est
1907 2712 2155 2768 magnus,

558 2780 777 2852 quando
823 2798 854 2837 a
912 2782 1173 2839 Romanis
1228 2782 1348 2838 haec
1400 2800 1529 2854 gens
1580 2791 1662 2838 est
1724 2785 2023 2841 devastata.
2086 2788 2160 2841 Et

557 2872 637 2925 sol
692 2870 868 2940 factus
922 2878 994 2926 est
1054 2871 1223 2941 niger,
1290 2872 1424 2926 sicut
1486 2889 1665 2927 saccus
1730 2873 1989 2930 cilicinus.
2055 2876 2158 2931 Per

554 2959 722 3013 solem
780 2959 924 3013 idem
980 2959 1296 3014 Judzeorum
1356 2963 1593 3032 populus
1639 2962 1958 3035 designatur
2009 2984 2019 3021 :
2074 2972 2153 3027 sol

554 3044 723 3116 igitur
767 3045 945 3102 factus
991 3055 1073 3103 est
1110 3047 1286 3119 niger,
1338 3056 1595 3122 tanquam
1636 3068 1825 3109 saccus
1865 3054 2151 3126 cilicinus;

2271 1902 2655 1956 absconderant
2680 1919 2732 1956 se
2762 1903 2818 1956 in
2842 1902 3123 1973 speluncis,
3166 1909 3213 1957 et
3236 1903 3296 1957 in
3332 1904 3493 1974 petris
3519 1903 3749 1968 montium,
3770 1911 3801 1956 et

2272 1993 2455 2047 dicunt
2476 1992 2735 2046 montibus
2766 2009 2783 2045 :
2814 1992 2999 2048 Cadite
3018 2008 3315 2062 supernos,
3334 1998 3383 2046 et
3399 1992 3668 2046 abscondite
3692 2009 3762 2046 nos
3779 2011 3801 2046 a

2271 2080 2409 2151 facie
2439 2081 2659 2135 sedentis
2688 2097 2847 2151 super
2876 2082 3140 2148 thronum,
3173 2087 3222 2133 et
3248 2082 3319 2135 ab
3342 2081 3429 2135 ira
3446 2081 3800 2151 Agni,quoniam

2270 2172 2407 2226 venit
2433 2171 2543 2226 dies
2575 2187 2795 2240 magnus
2824 2170 2922 2224 ira’
2950 2170 3208 2240 ipsorum,
3241 2175 3296 2223 et
3324 2170 3440 2240 quis
3466 2170 3641 2241 poterit
3663 2172 3803 2224 stare?

2268 2261 2370 2315 Per
2398 2276 2547 2331 reges
2575 2268 2757 2327 terrae,
2783 2259 3060 2330 principes
3089 2265 3143 2314 et
3172 2258 3449 2327 tribunos,
3481 2276 3566 2314 eos
3591 2259 3671 2331 qui
3698 2259 3799 2313 hanc

2268 2356 2482 2422 gentem
2528 2364 2711 2420 regere
2758 2347 3110 2415 videbantur,
3158 2364 3456 2419 possumus
3491 2349 3752 2420 intelligere
3791 2367 3799 2403 :

2268 2458 2363 2513 per
2417 2440 2619 2495 divites
2659 2447 2712 2494 et
2759 2439 2950 2506 fortes,
2995 2455 3182 2494 servos
3226 2448 3286 2495 et
3342 2440 3556 2507 liberos,
3608 2447 3800 2494 cateiam

2268 2528 2703 2585 multitudinem.
2737 2527 2986 2595 Qualiter
3018 2537 3197 2583 autem
3231 2544 3296 2583 se
3319 2529 3375 2583 in
3403 2529 3659 2601 speluncis
3681 2535 3723 2582 et
3743 2544 3803 2599 pe-

2264 2620 2367 2675 tris
2425 2619 2697 2673 montium
2757 2618 3186 2686 absconderunt,
3252 2618 3529 2689 Iosephus
3579 2617 3803 2672 manifeste

2265 2716 2467 2774 narrat,
2496 2707 2593 2780 qui
2622 2706 2965 2762 eversionem
2995 2708 3305 2763 Jerusalem
3340 2706 3591 2763 describit
3613 2704 3804 2776 (Ioseph.

2265 2799 2368 2854 lib.
2403 2817 2462 2853 γι
2493 2799 2569 2853 De
2603 2797 2733 2851 bello
2764 2797 3010 2862 Iudaico,
3045 2812 3093 2851 c.
3135 2797 3193 2851 11
3229 2804 3287 2851 et
3329 2799 3484 2868 seq.).
3517 2797 3671 2851 Tanta
3691 2794 3802 2850 enim

2264 2888 2369 2942 fuit
2400 2885 2646 2950 afﬂictio,
2683 2892 2744 2939 ut
2792 2900 2918 2939 cum
2955 2884 3097 2938 fame
3127 2883 3359 2940 diutina
3394 2889 3804 2946 consumerentur,

2263 2986 2316 3033 et
2345 2976 2412 3031 ab
2456 2974 2708 3030 hostibus
2741 2974 3002 3040 exterius,
3044 2982 3099 3028 et
3145 2975 3332 3031 multo
3376 2975 3606 3031 deterius
3643 2990 3670 3027 a
3708 2986 3803 3043 pra-

2261 3064 2499 3120 donibus
2546 3064 2880 3119 intrinsecus
2921 3061 3303 3133 aﬂligerentur
3339 3083 3351 3119 :
3383 3062 3733 3119 absconderint
3764 3073 3804 3112 se

553 3134 681 3233 quia
718 3138 953 3234 populus
996 3136 1313 3194 Judaeorum
1364 3138 1457 3234 qui
1508 3148 1730 3234 propter
1777 3144 2149 3215 cognitionem
2181 3175 2224 3234 Ο
2263 3152 2320 3207 in
2344 3152 2524 3225 puteis
2554 3162 2607 3207 et
2644 3152 2862 3219 cloacis,
2912 3159 2966 3206 et
3012 3152 3069 3207 in
3103 3152 3443 3224 quibusdam
3475 3161 3623 3208 terra:
3649 3146 3806 3204 abditis

550 3223 718 3279 unius
745 3224 865 3293 Dei,
903 3233 957 3281 et
987 3235 1206 3299 propter
1234 3228 1536 3284 custodiam
1577 3229 1730 3301 legis,
1764 3232 1917 3289 velut
1962 3234 2042 3289 sol
2092 3234 2149 3290 in

551 3314 779 3379 mundo,
812 3315 1114 3386 refulgebat
1152 3317 1297 3372 inter
1328 3325 1550 3373 cmteras
1595 3326 1800 3391 gentes,
1852 3321 2027 3378 factus
2068 3333 2149 3379 est

548 3401 806 3457 omnibus
829 3402 1148 3459 hominibus
1171 3404 1397 3460 odiosus
1419 3414 1639 3478 propter
1656 3408 1973 3480 iniquitates
1992 3428 2143 3479 suas;

547 3506 703 3547 sacco
756 3508 992 3565 namque
1043 3493 1368 3565 pcenitentes
1422 3496 1753 3561 vestiuntur,
1806 3506 1867 3553 ut
1903 3499 2147 3556 indicent

548 3594 604 3634 se
656 3595 772 3635 esse
827 3589 1157 3652 peccatores.
1233 3583 1324 3638 Sol
1394 3599 1520 3655 ergo
1590 3586 1930 3657 nigredinem
2003 3588 2145 3645 sacci

548 3666 765 3735 habuit,
797 3670 926 3742 quia
954 3673 1213 3729 omnibus
1257 3674 1511 3745 gentibus
1558 3675 1802 3732 facinora
1829 3678 2141 3734 Judaeorum

547 3764 861 3830 patuerunt.
896 3762 969 3816 Et
998 3763 1121 3817 luna
1156 3762 1301 3833 facta
1328 3770 1401 3818 est
1430 3765 1565 3819 sicut
1601 3767 1835 3837 sanguis.
1877 3767 2140 3824 Eamdem

546 3847 1006 3919 signiﬁcationem
1063 3851 1228 3910 habet
1286 3854 1416 3908 luna
1473 3870 1634 3926 quam
1690 3856 1809 3924 sol;
1869 3857 2143 3929 signiﬁcat

545 3953 783 4011 namque
813 3940 1176 4014 Synagogam.
1224 3944 1377 3999 Luna
1417 3961 1546 4017 ergo
1580 3946 1814 4018 speciem
1860 3949 2145 4020 sanguinis

546 4026 801 4085 habuisse
849 4030 969 4087 visa
1015 4041 1117 4101 est,
1173 4033 1301 4105 quia
1357 4034 1616 4090 omnibus
1669 4036 1870 4092 claruit
1926 4038 2143 4094 Judwos

542 4126 765 4191 propter
792 4121 1113 4179 effusionem
1145 4125 1430 4197 sanguinis
1469 4125 1676 4184 Christi
1719 4135 2141 4202 sanctorumque

541 4206 659 4278 ejus
686 4226 802 4265 esse
830 4210 1058 4268 deletos.

616 4308 796 4379 (Vera.
856 4311 968 4383 13.)
1023 4314 1097 4368 Et
1144 4316 1306 4370 stellce
1360 4315 1657 4371 ceciderunt
1713 4333 1873 4388 super
1921 4325 2136 4381 terram,

541 4393 675 4448 sicut
711 4398 840 4467 ﬁcus
878 4400 1037 4453 mittit
1071 4418 1278 4470 grossos
1314 4419 1456 4471 suos,
1505 4421 1624 4458 cum
1676 4424 1710 4460 a
1756 4413 1905 4461 vento
1949 4425 2137 4479 magno

541 4489 794 4541 movetur.
826 4487 929 4541 Per
956 4490 1139 4544 stellas
1168 4491 1444 4562 principes
1473 4494 1817 4550 sacerdotum
1850 4493 2135 4568 designan-

540 4578 651 4639 tur,
676 4572 879 4629 Scribze
904 4582 958 4630 et
988 4576 1273 4645 Pharisaei;
1306 4597 1401 4650 per
1426 4580 1590 4637 ﬁcum
1614 4590 1795 4638 autem
1817 4592 2019 4642 terram
2046 4587 2135 4642 Ju-

539 4660 785 4717 daeorum
827 4679 1116 4734 possumus
1146 4667 1453 4740 intelligere
1485 4689 1497 4726 :
1530 4672 1701 4743 grossi
1731 4690 1861 4728 vero
1890 4674 2132 4746 ejusdem

539 4750 753 4808 arboris
781 4752 995 4810 fructus
1025 4755 1251 4814 inutiles
1280 4767 1568 4829 vocantur,
1590 4762 1684 4833 qui
1715 4763 1825 4818 cito
1853 4764 2131 4834 labuntur,

536 4858 663 4898 cum
710 4842 873 4898 arbor
914 4844 1101 4901 eadem
1147 4855 1310 4903 vento
1366 4851 1699 4908 concutitur.
1760 4854 1923 4910 Ficus
1968 4855 2137 4926 igitur

539 4937 706 4986 vento
735 4942 1009 4989 commota
1042 4942 1142 5002 est,
1176 4945 1230 4992 et
1259 4937 1483 4995 inutiles
1523 4940 1733 4999 fructus
1762 4961 1792 4999 a
1823 4960 1878 4999 se
1912 4945 2131 5013 emisit;

537 5020 666 5094 quia
713 5030 858 5078 terra
918 5024 1253 5083 Judazorum-
1284 5043 1315 5082 a
1368 5030 1629 5087 Romanis
1684 5032 1873 5087 invasa
1923 5041 2024 5101 est,
2083 5044 2137 5091 et

537 5120 753 5183 gentem
793 5112 1047 5169 inutilem
1092 5123 1147 5171 et
1191 5118 1304 5172 Deo
1345 5118 1609 5176 odibilem
1654 5138 1686 5176 a
1722 5138 1779 5177 se
1808 5122 2043 5193 expulit,
2075 5133 2133 5179 ut

537 5199 806 5256 habitatio
853 5202 1009 5258 ﬁeret
1044 5204 1313 5262 ﬁdelium.
1364 5207 1545 5265 Stellae
1596 5211 1779 5283 itaque
1821 5227 2132 5281 grossorum

538 5306 691 5348 more
714 5292 772 5347 in
799 5299 999 5349 terram
1029 5293 1383 5365 ceciderunt;
1415 5299 1541 5370 quia
1568 5315 1660 5355 eos
1681 5300 1776 5373 qui
1809 5317 1905 5371 per
1932 5301 2131 5358 doctri-

531 5399 660 5440 nam
691 5384 827 5458 legis
855 5387 1007 5444 velut
1035 5388 1205 5447 stellae
1235 5390 1293 5446 in
1320 5393 1523 5464 populo
1551 5392 1915 5464 refulgebant,
1943 5394 2131 5451 eadem

533 5489 694 5545 poena
720 5478 1016 5549 conclusit,
1051 5495 1171 5554 quae
1204 5489 1258 5539 et
1292 5490 1542 5539 cauterem
1583 5482 2021 5540 multitudinem.

606 5607 723 5680 (80)
747 5609 951 5669 Omnes
969 5610 1421 5681 edit.,secundum
1451 5615 1827 5673 humanitatem
1845 5616 2038 5684 viride,
2072 5618 2167 5673 hoc
2216 5616 2496 5672 secundum
2543 5615 2868 5672 divinitatem

533 5684 667 5732 extu

2164 4540 2211 4598 D

2260 3242 2412 3307 locis,
2446 3242 2728 3312 cupientes
2759 3241 2919 3308 mori,
2951 3248 3013 3295 ut
3040 3240 3321 3312 prolixam
3358 3241 3622 3297 miseriam
3653 3234 3801 3292 mortis

2257 3333 2584 3404 compendio
2614 3331 2990 3388 terminarent.
3047 3331 3150 3399 Qui
3194 3333 3369 3387 etiam
3413 3332 3634 3388 scientes
3667 3344 3713 3382 se
3736 3341 3805 3397 pro

2257 3420 2554 3476 sceleribus
2582 3421 2696 3476 suis
2726 3420 2829 3476 ista
2869 3420 3001 3491 pati,
3045 3427 3098 3475 et
3149 3429 3280 3492 post
3312 3428 3542 3477 mortem
3572 3434 3623 3473 se
3648 3412 3803 3470 inferni

2255 3525 2443 3581 poenas
2489 3523 2615 3563 esse
2661 3523 2933 3579 passuros,
2973 3508 3280 3579 cupiebant
3319 3518 3384 3564 ut
3424 3505 3702 3571 montibus,
3734 3499 3807 3556 sub

2254 3597 2454 3670 quibus
2498 3595 2918 3663 delitescebant,
2961 3596 3420 3668 opprimerentur
3469 3604 3523 3652 et
3563 3588 3804 3649 absconde-

2253 3695 2445 3743 rentur
2472 3703 2504 3742 a
2534 3686 2672 3742 facie
2702 3686 2799 3741 Dei
2829 3693 2883 3741 et
2912 3702 2943 3741 a
2973 3685 3109 3740 facie
3139 3685 3357 3743 Christi
3381 3686 3517 3758 ejus,
3540 3700 3687 3759 quem
3711 3694 3808 3751 gra-

2251 3776 2396 3831 viter
2424 3782 2694 3831 noverant
2723 3791 2779 3830 se
2809 3774 3122 3831 offendisse.
3152 3776 3297 3831 Nam
3326 3784 3383 3831 et
3436 3775 3688 3831 Dominus
3710 3780 3803 3824 cum

2251 3864 2317 3919 ad
2348 3858 2653 3936 passionem
2685 3863 2995 3931 duceretur,
3025 3862 3131 3919 hoc
3154 3880 3253 3920 eos
3292 3880 3414 3921 esse
3457 3876 3693 3937 passuros
3716 3871 3803 3913 inu-

2250 3952 2477 4008 lieribus
2516 3968 2573 4007 se
2611 3951 3038 4008 lamentantibus
3075 3952 3368 4024 praedixit,
3396 3952 3616 4008 dicens:
3650 3944 3807 4002 «Filia

2247 4041 2567 4108 Jerusalem,
2614 4040 2786 4096 nolite
2851 4040 2981 4096 ﬂere
3038 4057 3205 4112 super
3263 4059 3377 4111 me,
3430 4040 3523 4097 sed
3556 4053 3699 4111 super
3735 4046 3808 4087 vos

2248 4130 2392 4202 ipsas
2420 4131 2565 4199 ﬂete,
2592 4138 2648 4186 et
2676 4146 2840 4202 super
2870 4130 3014 4186 ﬁlios
3043 4139 3291 4200 vestros,
3325 4131 3461 4204 quia
3484 4144 3606 4185 ecce
3631 4122 3805 4180 venient

2247 4218 2364 4275 dies
2412 4220 2634 4291 quando
2685 4219 2872 4276 dicent
2905 4238 2917 4275 :
2951 4219 3132 4275 Beata:
3169 4220 3418 4287 steriles,
3457 4234 3577 4291 quae.
3609 4228 3707 4270 non
3745 4221 3804 4279 ge-

2247 4317 2508 4377 nuerunt,
2557 4318 2612 4365 et
2657 4308 2826 4365 ubera
2883 4326 3002 4382 quas
3058 4325 3171 4364 non
3229 4310 3584 4366 lactaverunt
3633 4306 3643 4359 l
3692 4300 3807 4354 Tunc

2247 4397 2517 4470 incipient
2563 4398 2745 4455 dicere
2786 4398 3069 4453 montibus
3115 4416 3127 4454 :
3182 4396 3382 4454 Cadite
3426 4411 3589 4468 super
3612 4391 3805 4449 nostel

2246 4489 2482 4544 collibus
2528 4507 2539 4544 :
2588 4488 2875 4560 Cooperite
2915 4505 3034 4544 nos.
3082 4488 3224 4555 Quia
3271 4489 3323 4543 si
3372 4488 3433 4542 in
3494 4481 3654 4538 viridi
3692 4476 3805 4546 ligno

2246 4576 2364 4634 haec
2383 4578 2614 4645 faciunt,
2638 4578 2696 4634 in
2717 4578 2872 4635 arido
2894 4579 3029 4651 quid
3050 4577 3146 4634 ﬁet
3168 4579 3329 4647 (Luc.
3356 4592 3528 4643 χχιιι,
3548 4567 3714 4637 28-31)
3739 4562 3793 4617 7'

2244 4666 2312 4722 Se
2337 4667 2515 4723 viride
2564 4668 2791 4739 lingm,
2829 4668 2956 4724 illos
2984 4684 3115 4724 vero
3148 4668 3368 4739 lignum
3404 4666 3619 4721 aridum
3648 4660 3801 4712 vocat:

2244 4776 2307 4815 ac
2330 4759 2375 4815 si
2409 4752 2641 4816 dixisset
2676 4779 2687 4817 :
2721 4760 2778 4815 Si
2808 4760 2865 4815 in
2898 4774 2983 4814 me
3019 4758 3115 4832 qui
3142 4759 3366 4830 lignum
3400 4773 3523 4813 sum
3554 4745 3803 4842 secundat}1

2246 4848 2666 4917 humanitatem,
2743 4849 2922 4905 viride
3001 4856 3184 4904 autem
3256 4846 3570 4905 secundum
3645 4838 3806 4894 divini-

2243 4945 2409 4993 tatem
2443 4938 2584 5009 (80),
2641 4939 2697 4994 id
2747 4945 2846 5005 est,
2878 4939 2975 5010 qui
3026 4939 3173 4993 Deus
3225 4954 3360 4993 sum
3416 4943 3473 4992 et
3506 4934 3679 4996 homo,
3718 4924 3806 5018 Mf

2246 5007 2458 5084 faciunt
2491 5045 2504 5094 ;
2541 5028 2597 5083 in
2633 5028 2746 5083 illis
2771 5028 2865 5100 qui
2894 5007 3121 5099 ilignum
3171 5035 3309 5083 sunt
3346 5026 3588 5088 aridum,
3618 5020 3745 5082 534
3766 5007 3807 5063 id

2243 5133 2344 5192 est,
2389 5124 2482 5198 qui
2525 5123 2863 5180 viriditatem
2909 5123 3036 5179 ﬁdei
3079 5131 3189 5179 non
3234 5123 3472 5188 habent,
3522 5115 3648 5192 quid
3686 5105 3806 5204 ﬁet?

2243 5197 2603 5280 Subauditur,
2666 5214 2900 5285 pessime
2947 5214 3229 5286 peribunt.
3292 5213 3403 5269 Sed
3449 5220 3504 5267 et
3550 5208 3699 5265 arbor
3734 5197 3806 5254 ἢεί

2242 5320 2403 5376 quam
2434 5304 2704 5360 Dominus
2733 5314 2859 5360 ante
2878 5303 3181 5377 passionem
3217 5299 3608 5358 maledicendo
3632 5291 3804 5377 aridatn

2242 5375 2392 5462 fecit,
2423 5403 2486 5449 eo
2516 5393 2663 5468 quod
2694 5394 2751 5449 in
2790 5410 2852 5449 ea
2879 5375 3121 5451 fructum
3150 5409 3266 5448 non
3300 5390 3595 5465 reperisset
3619 5375 3802 5471 (Μξῖίξθ

2242 5498 2361 5552 xxr,
2397 5483 2486 5553 19)
2514 5463 2544 5549 ;’
2561 5482 2777 5539 eosdem
2813 5482 3030 5539 Judreos
3059 5463 3407 5553 designavit,
3440 5493 3577 5552 quos
3614 5463 3801 5526 maledi-

2917 5632 2939 5681 ;
2990 5614 3190 5672 rectius
3272 5630 3409 5669 mss.
3470 5618 3531 5666 ut
3585 5608 3638 5662 in
3689 5613 3791 5658 con-
