4026 6172
204 344 308 401 925

1105 340 1562 399 BERENGAUDI
1598 340 1973 397 EXPOSITIO
2008 340 2079 396 IN
2116 340 2622 398 APOCALYPSIN.

3406 346 3511 405 926

202 469 386 526 ctione
418 475 678 540 perpetua
707 466 1013 535 damnavit,
1053 483 1118 523 eo
1147 467 1293 540 quod
1323 467 1386 522 in-
1410 467 1524 523 illis
1554 467 1794 523 fructum
1826 470 1875 530 A
1979 467 2161 539 (Vers.
2192 466 2273 537 4.)
2306 468 2378 522 Ει
2413 466 2599 521 audivi
2626 483 2904 521 numerum
2935 473 3284 538 signatorum,
3306 477 3513 525 centum

201 558 331 614 ﬁdei
364 556 578 612 nullum
612 557 916 628 reperisset.

274 649 502 707 CAPUT
532 649 652 705 VII.
693 679 765 690 —
796 649 977 719 (Vers.
1013 649 1089 720 1.)
1122 651 1251 705 Post
1281 650 1386 703 haec
1416 648 1524 702 vidi
1569 654 1801 718 quatuor

202 741 415 810 angelos
452 746 646 794 stantes
691 756 851 810 super
908 746 1139 809 quatuor
1191 741 1412 810 angulos
1467 744 1637 793 terrae.
1693 739 1800 792 Ju-

203 831 445 887 daaorum
476 828 783 900 dejectione
799 829 1096 900 praemissa,
1129 845 1278 884 nunc
1299 830 1534 902 qualiter
1555 827 1799 883 Ecclesia

203 937 271 975 ex
300 919 555 991 gentibus
582 926 906 990 congregata
945 918 1132 987 fuerit,
1170 934 1389 973 narrare
1426 919 1665 974 inchoat.
1698 919 1799 972 Per

203 1018 438 1082 quatuor
467 1009 668 1081 quippe
698 1010 920 1080 angelos
950 1017 1185 1081 quatuor
1224 1025 1387 1079 regna
1416 1007 1795 1079 designantur,

204 1100 559 1172 Assyriorum
607 1099 839 1166 scilicet,
893 1099 1199 1165 Persarum,
1231 1098 1590 1153 Macedonum
1635 1106 1799 1170 atque

205 1192 596 1247 Romanorum.
647 1188 748 1244 Sed
800 1188 929 1261 quia
964 1197 1201 1260 potestas
1230 1196 1465 1261 quatuor
1503 1204 1796 1258 regnorum

200 1279 269 1335 ad
316 1280 462 1334 solos
509 1280 783 1336 Romanos
832 1280 1140 1347 transierat,
1183 1295 1277 1350 per
1316 1285 1551 1351 quatuor
1583 1277 1803 1349 angelos

203 1370 307 1425 soli
338 1368 569 1425 Romani
601 1370 1008 1441 intelliguntur,
1037 1370 1129 1442 qui
1162 1377 1479 1441 potestatem
1513 1368 1619 1423 sibi
1657 1384 1802 1440 qua-

204 1470 330 1516 tuor
359 1477 650 1531 regnorum
680 1459 1125 1517 vindicaverant:
1164 1477 1257 1532 per
1284 1467 1519 1531 quatuor
1549 1476 1679 1514 vero
1708 1476 1800 1514 an-

202 1554 360 1623 gulos
412 1551 682 1605 universae
724 1558 928 1621 gentes,
982 1567 1102 1622 quas
1153 1550 1295 1604 intra
1343 1556 1576 1620 quatuor
1607 1549 1798 1604 mundi

203 1642 387 1711 plagas
416 1637 792 1703 continentur,
842 1637 1221 1709 designantur,
1253 1654 1386 1709 quas
1418 1638 1522 1693 sibi
1565 1636 1798 1694 Romani

202 1728 569 1801 subjecerant.
626 1730 866 1784 Tenentes
909 1735 1139 1799 quatuor
1188 1735 1360 1782 ventos
1393 1734 1562 1794 terrie,
1595 1745 1659 1781 ne
1686 1730 1799 1797 [la-

1909 556 2267 626 quadraginta
2318 563 2549 625 quatuor
2596 556 2770 611 millia
2817 558 3013 627 signati
3058 575 3123 611 ea:
3177 559 3318 613 omni
3367 560 3510 614 tribu

1908 646 2144 715 ﬁliorum
2193 646 2385 700 Israel.
2448 646 2549 700 Per
2594 656 2814 702 centum
2868 646 3225 720 quadraginta
3273 658 3509 720 quatuor

1910 735 2085 790 millia
2115 737 2400 807 praesentis
2428 738 2687 793 Ecclesia:
2724 739 2884 793 electi
2920 739 3311 811 designantur;
3360 739 3511 794 duo-

1908 824 2089 879 decies
2135 841 2369 898 namque
2412 825 2652 882 duodeni
2690 827 2831 883 ﬁunt
2881 835 3102 883 centum
3148 827 3511 899 quadraginta

1908 923 2162 985 quatuor.
2220 915 2422 971 Omnes
2476 916 2644 987 igitur
2675 917 2767 989 qui
2816 916 2977 972 fidem
3020 916 3313 974 duodecim
3365 934 3508 990 apo-

1908 1004 2175 1059 stolorum
2224 1005 2570 1073 custodiunt,
2620 1016 2883 1078 actusque
2933 1006 3244 1074 imitantur,
3296 1008 3355 1064 in
3403 1008 3507 1064 hoc

1907 1109 2139 1147 numero
2168 1094 2496 1151 consistunt.
2551 1095 2655 1151 Sed
2696 1097 3048 1168 querendum
3089 1098 3247 1154 nobis
3275 1107 3377 1165 est,
3410 1115 3510 1155 cur

1910 1199 1980 1238 ex
2009 1184 2161 1239 omni
2202 1185 2351 1241 tribu
2398 1185 2640 1242 filiorum
2688 1188 2849 1242 Israel
2893 1190 3205 1261 congregati
3251 1206 3364 1246 esse
3412 1190 3510 1246 di-

1910 1282 2123 1341 cantur,
2174 1291 2299 1330 cum
2355 1277 2531 1332 multo
2580 1277 2762 1348 plures
2807 1293 2876 1332 ex
2923 1278 3177 1349 gentibus
3227 1297 3389 1352 quam
3439 1298 3509 1337 ex

1910 1361 2113 1417 Judaeis
2132 1363 2486 1420 crediderint.
2514 1366 2721 1421 Verum
2744 1366 2788 1422 si
2822 1367 3303 1439 interpretationes
3334 1370 3507 1424 nomi-

1911 1467 2041 1505 num
2081 1451 2439 1521 attendimus,
2477 1454 2532 1508 in
2580 1455 2901 1511 nominibus
2931 1457 3220 1512 duodecim
3258 1457 3507 1513 tribuum

1909 1557 2099 1596 omnes
2119 1543 2321 1598 electos
2354 1545 2687 1613 reperiemus
2711 1546 2828 1617 (81)
2854 1566 2866 1609 ;
2900 1547 3127 1602 nomina
3152 1547 3352 1620 quippe
3376 1548 3509 1604 duo-

1909 1630 2086 1687 decim
2125 1633 2378 1688 tribuunt
2406 1634 2470 1689 ad
2499 1651 2688 1691 omnes
2717 1637 2918 1692 electos
2949 1638 3245 1708 pertinent.

1982 1732 2164 1801 ('Vers.
2206 1732 2362 1802 5-8.)
2418 1734 2507 1787 Ex
2551 1734 2694 1788 tribu
2728 1735 2869 1789 Juda
2905 1735 3173 1789 duodecim
3210 1735 3385 1791 millia
3423 1736 3508 1790 si-

203 1826 318 1873 rent
356 1836 515 1889 super
544 1824 761 1886 terram,
791 1836 953 1888 neque
978 1835 1135 1888 super
1164 1835 1327 1884 mare,
1362 1834 1522 1887 neque
1552 1819 1605 1871 in
1631 1820 1799 1872 ullam
1831 1843 1878 1904 Β
1907 1820 2054 1889 gnati
2082 1838 2098 1874 :
2147 1839 2212 1875 es:
2263 1821 2407 1876 tribu
2440 1822 2619 1879 Ruben
2651 1823 2923 1877 duodecim
2966 1824 3139 1878 millia
3169 1824 3363 1893 signa-ti
3394 1841 3410 1877 :
3444 1842 3509 1879 ex

200 1910 467 1964 arborem.
500 1909 601 1963 Per
631 1918 824 1963 ventos
864 1908 957 1981 qui
1006 1908 1179 1964 nubes
1216 1908 1481 1975 excitant,
1511 1916 1572 1962 ut
1599 1915 1798 1962 terram

202 1999 495 2070 irrigantes
544 1998 737 2055 faciem
788 1998 905 2069 ejus
952 1998 1180 2053 hilarem
1216 1997 1466 2066 reddant,
1497 2014 1559 2052 ac
1597 1996 1803 2053 fructi-

204 2089 376 2144 feram
422 2087 647 2155 faciant,
680 2105 785 2159 pax
824 2088 1040 2144 cunctis
1080 2106 1132 2143 m
1159 2087 1406 2143 nrtalibus
1434 2094 1619 2158 optata
1647 2085 1802 2141 desi-

202 2188 422 2250 gnatur,
452 2195 571 2251 quae.
619 2186 675 2234 et
732 2187 941 2234 mentes
998 2178 1286 2233 hominum
1336 2177 1599 2245 laetificat,
1649 2184 1703 2231 et
1740 2184 1803 2232 ut

205 2270 444 2344 propriis
479 2270 816 2326 utilitatibus
854 2270 1185 2337 deserviant,
1218 2270 1531 2326 facultatem
1564 2270 1796 2326 tribuit:

205 2377 299 2433 per
343 2370 541 2416 terram
582 2369 637 2417 et
684 2377 832 2416 mare
876 2376 1066 2416 omnes
1113 2368 1298 2431 gentes
1343 2360 1675 2431 figurantur;
1708 2378 1804 2432 per

203 2448 424 2503 arbores
469 2456 673 2515 autem,
720 2447 757 2502 ii
789 2447 883 2520 qui
927 2448 1070 2502 inter
1111 2463 1203 2502 eos
1248 2446 1615 2519 principatum
1656 2456 1800 2503 tene-

205 2537 359 2591 bant.
390 2535 638 2602 Quatuor
666 2553 793 2608 ergo
822 2537 1002 2609 angeli
1029 2544 1264 2609 quatuor
1297 2546 1490 2592 ventos
1522 2536 1799 2605 tenebant,

207 2642 276 2680 ne
324 2624 522 2681 ﬂarent
564 2641 727 2698 super
780 2633 1019 2689 terram;
1076 2625 1205 2698 quia
1252 2626 1504 2694 Romani,
1559 2625 1656 2698 qui
1710 2642 1804 2697 per

205 2720 446 2784 quatuor
474 2715 697 2784 angelos
724 2712 1103 2784 designantur,
1143 2729 1362 2768 omnem
1394 2720 1591 2768 terram
1636 2713 1802 2771 ccedi-

206 2802 334 2870 bus,
382 2811 436 2859 et
482 2803 710 2875 rapinis,
760 2811 814 2857 et
852 2803 1124 2858 mortibus
1173 2802 1463 2859 hominum
1511 2804 1801 2874 replentes,

205 2908 321 2947 non
367 2891 621 2949 sinebant
672 2907 842 2964 genus
889 2891 1192 2947 humanum
1250 2901 1500 2964 pacatum
1559 2908 1675 2947 esse
1743 2907 1806 2947 ac

203 2980 455 3054 quietum
468 3022 482 3037 .

282 3071 466 3141 (Vers.
499 3070 578 3142 2.)
610 3072 683 3126 Et
722 3071 831 3127 vidi
874 3072 1101 3127 alterum
1146 3072 1389 3143 angelum
1426 3071 1806 3127 descendentem

202 3163 273 3218 ab
305 3167 427 3216 ortu
469 3162 618 3227 solis,
649 3163 913 3218 habentem
943 3165 1147 3235 signum
1198 3163 1295 3219 Dei
1340 3163 1464 3217 vivi.
1510 3162 1665 3217 Alter
1697 3177 1806 3215 an-

204 3251 364 3323 gelus
411 3250 664 3306 Christus
693 3260 793 3320 est,
834 3252 901 3307 de
934 3269 1043 3324 quo
1080 3252 1346 3323 scriptum
1378 3258 1490 3308 est:
1540 3276 1558 3298 ι
1585 3250 1658 3304 Et
1696 3266 1807 3305 vo-

203 3340 427 3396 cabitur
472 3357 673 3397 nomen
718 3341 835 3413 ejus
877 3343 1058 3415 magni
1108 3344 1326 3400 consilii
1384 3343 1628 3414 Angelus
1669 3342 1803 3413 (Isa.

205 3446 289 3496 ιχ,
315 3429 396 3499 6).
428 3454 445 3475 ι
488 3431 605 3502 lpse
642 3438 724 3487 est
747 3433 851 3500 sol,
883 3432 950 3487 de
979 3449 1087 3505 quo
1117 3432 1382 3505 scripturn
1414 3440 1531 3488 est:
1578 3455 1596 3478 ι
1635 3430 1808 3486 Vobis

204 3525 392 3575 autem
425 3518 749 3575 timentibus
774 3537 975 3577 nomen
1006 3538 1187 3577 meum
1221 3522 1429 3576 orietur
1448 3521 1527 3575 sol
1551 3518 1804 3591 justitiae,

204 3617 262 3664 et
287 3608 497 3667 sanitas
527 3612 583 3664 in
626 3611 819 3682 pennis
843 3611 959 3683 ejus
990 3612 1244 3683 (Malach.
1280 3629 1355 3679 ιν,
1390 3611 1470 3682 2).
1507 3636 1526 3658 ι
1569 3610 1653 3665 Ab
1681 3618 1807 3666 ortu

205 3699 349 3754 solis
374 3698 629 3756 Christus
651 3701 953 3770 descendit,
1000 3701 1057 3757 id
1101 3709 1205 3769 est,
1237 3719 1267 3757 a
1296 3702 1624 3773 semetipso:
1659 3716 1807 3771 quo—

206 3788 361 3844 niam
390 3804 502 3843 non
539 3805 609 3844 ex
639 3790 939 3846 concubitu
966 3791 1074 3846 viri
1104 3806 1323 3847 carnem
1355 3790 1667 3863 assumpsit,
1712 3790 1805 3845 sed

206 3893 239 3932 a
262 3877 580 3949 semetipso,
612 3883 704 3951 qui
736 3880 927 3952 utique
981 3879 1086 3936 sibi
1126 3896 1342 3936 carnem
1398 3880 1803 3936 immaculatam

206 3982 281 4021 ex
301 3983 465 4023 carne
490 3968 737 4040 Virginis
756 3970 980 4025 creavit.
1001 3970 1229 4042 Signum
1253 3977 1434 4025 autem
1464 3970 1561 4025 Dei
1595 3970 1708 4024 vivi
1727 3976 1808 4024 est

209 4055 514 4112 divinitas:
550 4073 675 4112 nam
708 4058 767 4112 in
812 4076 975 4116 carne
1019 4060 1249 4131 positus,
1282 4060 1498 4132 signum
1550 4058 1648 4114 Dei
1688 4058 1805 4113 vivi

208 4144 445 4212 habuit;
493 4146 622 4219 quia
668 4164 731 4203 ea
778 4164 941 4220 opera
971 4148 1135 4220 gessit
1181 4164 1301 4220 quas
1358 4148 1807 4205 demonstrabant

204 4251 336 4291 eum
392 4235 619 4291 unicum
675 4253 791 4294 esse
848 4239 1050 4294 Filium
1096 4238 1217 4304 Dei,
1279 4237 1422 4294 sicut
1469 4238 1582 4311 ipse
1621 4238 1802 4295 dicit:

220 4352 238 4374 σ
281 4327 460 4399 Opera
489 4343 609 4399 quas
640 4344 738 4399 ego
764 4328 927 4397 facio,
960 4328 1076 4400 ipsa
1105 4327 1482 4383 testimonium
1514 4328 1807 4400 perhibent

201 4414 274 4471 de
307 4430 395 4469 me
424 4416 610 4484 (Joan.
644 4432 701 4483 χ,
734 4417 849 4488 25).
883 4441 901 4463 ι

280 4509 469 4581 (Vers.
501 4510 582 4581 3.)
624 4513 699 4566 Et
735 4513 984 4567 clamavit
1037 4530 1152 4567 voce
1192 4530 1383 4585 magna
1438 4522 1670 4584 quatuor
1699 4533 1809 4570 an-

1913 1910 2053 1963 tribu
2087 1911 2202 1965 Gad
2238 1912 2508 1965 duodecim
2568 1913 2739 1968 millia
2787 1914 3027 1984 signati:
3078 1932 3142 1967 e1:
3187 1914 3325 1968 tribu
3374 1915 3511 1969 Aser

1910 1998 2177 2051 duodecim
2229 2000 2400 2055 millia
2449 2001 2681 2069 signati:
2734 2019 2798 2055 ea:
2833 2003 2975 2056 tribu
3017 2003 3353 2073 Nephthalim
3383 2002 3509 2057 duo-

1910 2086 2071 2140 decim
2119 2087 2297 2143 millia
2351 2088 2590 2159 signati:
2657 2107 2721 2143 ex
2768 2091 2912 2144 tribu
2953 2092 3198 2145 Mauasse
3242 2092 3512 2146 duodecim

1912 2176 2085 2231 millia
2132 2176 2369 2246 signati:
2434 2196 2499 2231 es:
2558 2178 2699 2233 tribu
2753 2180 2960 2234 Simeon
3017 2179 3286 2233 duodecim
3334 2180 3510 2236 millia

1911 2265 2105 2334 signati
2135 2282 2145 2320 :
2188 2284 2253 2320 ea:
2284 2266 2425 2321 tribu
2456 2268 2580 2322 Levi
2626 2269 2898 2323 duodecim
2948 2268 3123 2323 millia
3157 2269 3351 2340 signati
3383 2287 3399 2324 :
3446 2287 3511 2324 ex

1914 2354 2055 2409 tribu
2112 2357 2360 2412 Issachar
2406 2357 2673 2412 duodecim
2721 2358 2898 2413 millia
2944 2358 3181 2429 signati:
3250 2376 3315 2413 ea:
3369 2359 3511 2413 tribu

1911 2447 2157 2501 Zabulon
2204 2447 2473 2502 duodecim
2514 2448 2688 2504 millia
2733 2449 2972 2519 signati:
3024 2466 3089 2502 ea:
3138 2448 3281 2503 tribu
3321 2447 3510 2517 Joseph

1911 2537 2179 2591 duodecim
2227 2537 2403 2591 millia
2453 2538 2690 2608 signati:
2748 2556 2813 2592 ex
2862 2538 3003 2592 tribu
3039 2536 3322 2605 Benjamin
3369 2537 3510 2589 duo—

1911 2625 2070 2680 decim
2129 2625 2303 2680 millia
2363 2626 2575 2696 signati.
2635 2625 2774 2681 Juda
2830 2628 2981 2696 prior
3038 2625 3297 2696 ponitur,
3355 2624 3508 2678 Ben-

1906 2716 2083 2788 jamin
2113 2734 2244 2772 vero
2276 2717 2545 2772 ultimus:
2598 2715 2745 2789 quod
2784 2715 2830 2771 si
2876 2715 3356 2787 interpretationes
3395 2729 3506 2768 no-

1913 2793 2125 2861 minum
2182 2805 2452 2877 inspicere
2501 2805 2861 2873 voluerimus,
2916 2804 3114 2860 Judam
3163 2803 3504 2871 inferiorem,

1914 2895 2201 2967 Benjamin
2224 2912 2355 2951 vero
2382 2897 2717 2968 superiorem
2750 2896 3053 2968 reperimus
3076 2894 3227 2966 (82);
3261 2910 3387 2949 nam
3410 2892 3506 2966 qui

1912 2987 1979 3043 ad
2009 2988 2183 3041 Deum
2214 2985 2581 3042 conscendere
2608 2986 2913 3054 desiderat,
2959 3002 2990 3041 a
3025 2984 3331 3040 minoribus
3362 2982 3506 3039 inci-

1914 3075 2017 3147 pit,
2070 3083 2132 3131 ut
2179 3074 2444 3147 gradatim
2496 3075 2790 3133 crescendo
2839 3075 2908 3130 ad
2945 3073 3151 3146 majora
3201 3072 3504 3145 perveniat,

1914 3163 2057 3219 sicut
2089 3163 2225 3220 dicit
2270 3163 2557 3219 Psalmista
2593 3182 2603 3219 :
2661 3191 2677 3211 ι
2717 3164 2881 3220 Ibunt
2910 3164 3084 3219 sancti
3116 3162 3183 3218 de
3211 3162 3417 3217 virtute
3449 3161 3507 3216 in

1915 3254 2177 3309 virtutem
2230 3254 2404 3324 (Psat.
2458 3271 2695 3323 Lxxxm,
2743 3254 2824 3325 8).
2880 3279 2897 3299 ι
2958 3255 3031 3309 Et
3064 3253 3194 3327 quia
3234 3251 3408 3309 sancti
3439 3250 3507 3308 ad

1914 3345 2086 3400 Deum
2118 3359 2214 3415 per
2258 3343 2362 3398 iter
2410 3342 2680 3398 virtutum
2726 3343 3124 3411 conscendunt,
3174 3341 3503 3415 subjungit'.

1928 3456 1947 3480 ι
1978 3432 2273 3490 Videbitur
2313 3434 2459 3488 Deus
2505 3431 2734 3487 deorum
2776 3432 2834 3487 in
2888 3433 3019 3488 Sion
3057 3432 3271 3503 (Ibid).
3305 3457 3323 3478 ›
3367 3430 3507 3487 Juda

1913 3523 2188 3581 confessio
2235 3522 2650 3595 interpretatur.
2699 3522 2839 3578 Juda
2883 3538 3011 3593 ergo
3058 3522 3209 3594 prior
3237 3522 3502 3594 ponitur:

1914 3612 2044 3685 quia
2074 3611 2389 3685 quicunque
2420 3621 2541 3683 post
2570 3619 2790 3684 peccata
2820 3611 2889 3666 ad
2927 3613 3102 3667 Deum
3130 3611 3381 3667 converti
3410 3610 3508 3666 de-

1914 3702 2138 3770 siderat,
2162 3718 2379 3758 necesse
2404 3710 2485 3757 est
2511 3709 2572 3757 ut
2602 3702 2755 3773 prius
2786 3700 3114 3757 conﬁteatur
3141 3708 3356 3773 peccata
3388 3716 3505 3769 sua,

1913 3789 2056 3847 sicut
2086 3789 2222 3845 dicit
2264 3789 2498 3846 Jacobus
2520 3786 2849 3863 apostolus:
2900 3816 2917 3837 ι
2957 3788 3311 3848 Conﬁteminl
3341 3790 3508 3845 alter-

1914 3886 2100 3934 utrum
2134 3888 2353 3950 peccata
2384 3887 2584 3945 vestra,
2617 3888 2671 3935 et
2704 3888 2853 3935 orate
2884 3896 2982 3951 pro
3014 3880 3272 3945 invicem,
3308 3886 3370 3934 ut
3399 3879 3505 3934 sal-

1916 3967 2123 4023 vemini
2156 3968 2293 4038 (Jac.
2322 3984 2379 4035 v,
2410 3967 2522 4039 16),
2556 3992 2573 4014 ι
2614 3967 2873 4024 videlicet
2902 3976 2963 4023 ut
2994 3984 3087 4040 per
3107 3968 3506 4023 confessionem

1915 4062 2261 4128 peccatorum
2294 4063 2347 4111 et
2381 4055 2761 4127 paenitentiam
2810 4059 2985 4113 Deum
3030 4055 3134 4111 sibi
3182 4054 3505 4126 placabilem

1915 4143 2100 4211 faciat,
2124 4160 2286 4216 quem
2316 4144 2637 4200 offenderat.
2680 4146 2751 4199 Et
2778 4145 2908 4217 quia
2935 4144 3029 4216 qui
3060 4142 3352 4198 salubriter
3381 4157 3507 4213 pcn-

1916 4234 2075 4303 nitet,
2106 4242 2159 4290 et
2204 4235 2368 4291 deﬂet
2416 4237 2559 4291 mala
2602 4252 2723 4308 qua:
2769 4236 2921 4305 fecit,
2971 4234 3231 4308 gaudium
3276 4231 3331 4288 in
3362 4230 3505 4289 caelo

1916 4323 2067 4392 facit,
2121 4326 2312 4382 oculos
2360 4324 2750 4381 misericordia;
2793 4325 2861 4381 ad
2911 4341 2967 4380 se
3013 4323 3311 4392 convertit,
3363 4322 3507 4379 sicut

1917 4414 2054 4471 dicit
2094 4416 2404 4472 Dominus:
2454 4440 2472 4462 ι
2502 4415 2906 4472 Convertimini
2946 4415 3015 4471 ad
3050 4431 3156 4483 me,
3188 4424 3243 4471 et
3284 4431 3383 4487 ego
3429 4430 3508 4471 re-

1917 4513 2101 4560 vertar
2128 4505 2196 4562 ad
2239 4522 2337 4561 vos
2388 4506 2576 4578 (Zach.
2604 4523 2643 4573 i,
2676 4506 2755 4576 3).
2790 4531 2808 4553 ›
2856 4504 3047 4563 Ruben
3093 4504 3366 4561 secundus
3413 4519 3506 4576 po-

196 4599 339 4671 gelis
378 4599 567 4667 quibus
594 4600 777 4655 datum
800 4609 874 4655 est
912 4620 1096 4656 nocere
1126 4609 1281 4658 terra:
1307 4610 1355 4658 et
1398 4605 1556 4669 mari,
1592 4606 1803 4660 dicens:

1917 4596 2088 4663 nitur,
2112 4595 2205 4668 qui
2227 4595 2461 4651 visionis
2484 4595 2632 4652 ﬁlius
2664 4596 3087 4667 interpretatur;
3122 4595 3249 4668 quia
3278 4610 3375 4667 per
3395 4610 3505 4667 pcn-

197 4688 388 4744 Nolite
434 4704 614 4742 nocere
657 4695 811 4743 terra:
853 4696 901 4744 et
933 4693 1071 4746 mari
1116 4709 1278 4762 neque
1320 4695 1621 4763 arboribus,
1665 4713 1808 4765 quo-

194 4778 450 4847 adusque
512 4778 770 4849 signemus
824 4796 999 4836 servos
1053 4784 1151 4838 Dei
1204 4786 1373 4839 nostri
1441 4784 1495 4839 in
1540 4785 1809 4853 frontibus

192 4882 416 4921 eorum.
471 4866 744 4925 Clamasse
784 4869 883 4925 Dei
932 4870 1122 4927 fecisse
1166 4881 1267 4941 est,
1316 4876 1519 4930 etenim
1567 4876 1808 4932 adtentu

178 4968 308 5011 ‘suo
340 4954 471 5010 fecit
500 4965 561 5012 ut
590 4954 822 5014 Romani
853 4959 921 5015 ab
961 4959 1311 5017 infestatione
1337 4964 1549 5034 generis
1580 4965 1806 5020 humani

192 5054 507 5115 cessarent,
582 5047 845 5122 ﬁeretque
898 5066 1004 5122 pax
1055 5067 1152 5121 per
1207 5051 1527 5108 universum
1593 5056 1804 5124 orbem,

191 5136 354 5195 sicut
413 5136 549 5193 dicit
603 5138 921 5194 Psalmista:
994 5164 1012 5186 ι
1067 5140 1289 5196 Orietur
1338 5141 1394 5196 in
1448 5140 1643 5198 diebus
1689 5142 1806 5214 ejus

186 5225 428 5298 justitia
493 5236 547 5283 et
603 5227 945 5283 abundantia
997 5228 1146 5302 pacis
1205 5232 1379 5300 (Psal.
1436 5247 1591 5299 LXXI,
1649 5233 1726 5303 7),
1776 5257 1794 5279 ι

192 5317 389 5373 donec
448 5320 658 5374 semina
716 5319 846 5374 fidei
892 5336 989 5391 per
1061 5320 1345 5376 universas
1400 5329 1584 5393 gentes
1648 5339 1810 5395 spar-

194 5414 491 5478 gerentur,
555 5425 618 5464 ac
674 5410 958 5481 signaculo
1018 5409 1146 5465 fidei
1205 5410 1244 5465 ii
1303 5411 1395 5483 qui
1456 5411 1810 5484 praaordinati

194 5503 368 5552 erant
395 5495 463 5552 ad
490 5497 661 5552 vitam
695 5508 980 5567 aeternam,
1011 5499 1379 5572 signarentur.

282 5637 405 5710 (81)
451 5637 625 5708 Edit.,
689 5639 962 5696 duodecim
1010 5642 1262 5710 tribuum,
1307 5660 1480 5698 omnes
1529 5645 1602 5699 ad
1629 5647 1812 5703 electos

198 5709 479 5780 pertinet;
508 5710 601 5768 sed
633 5711 812 5770 locum
850 5711 1011 5771 nobis
1041 5730 1171 5771 mss.
1213 5709 1592 5774 restituerunt.

1918 4684 2205 4739 nitentiam
2237 4684 2469 4741 visionis
2516 4685 2693 4741 factus
2731 4692 2812 4741 est
2857 4684 3028 4753 filius,
3073 4685 3168 4757 qui
3200 4691 3318 4739 erat
3345 4691 3506 4741 antea

1917 4771 2065 4828 ﬁlius
2110 4773 2455 4845 perditionis.
2507 4776 2633 4831 Post
2679 4775 2873 4832 Ruben
2918 4774 3034 4832 Gad
3085 4773 3356 4847 sequitur,
3410 4774 3504 4848 qui

1915 4863 2194 4919 accinctus
2239 4864 2667 4937 interpretatur;
2719 4866 2848 4939 quia
2892 4882 3111 4922 necesse
3151 4875 3251 4935 est,
3301 4874 3364 4923 ut
3410 4867 3506 4941 qui

1916 4954 2144 5025 poenitet
2193 4969 2249 5009 se
2307 4955 2449 5009 mala
2493 4954 2737 5025 gessisse,
2787 4963 2841 5011 et
2890 4955 3028 5027 petit
3083 4972 3150 5012 ne
3206 4960 3265 5012 in
3315 4955 3506 5013 eadem

1916 5042 2209 5109 relabatur,
2238 5051 2431 5098 contra
2449 5044 2636 5099 omnia
2660 5043 2798 5099 vitia
2817 5051 3064 5100 armetur
3086 5047 3509 5118 voluptatesque

1914 5132 2158 5186 carnales
2199 5148 2230 5187 a
2276 5148 2332 5187 se
2371 5131 2631 5203 praecidat
2661 5149 2672 5188 :
2713 5134 2840 5207 quia
2870 5150 2980 5190 non
3011 5143 3190 5207 potest
3220 5134 3338 5189 fieri
3371 5139 3432 5188 ut
3473 5148 3505 5187 a

1916 5219 2153 5290 peccatis
2194 5219 2484 5287 abstineat,
2533 5221 2627 5295 qui
2674 5222 2732 5278 in
2764 5224 3142 5296 voluptatibus
3185 5220 3502 5279 carnalibus

1920 5310 2237 5382 requiescit.

1989 5414 2059 5468 Et
2101 5414 2231 5488 quia
2275 5417 2371 5490 qui
2418 5427 2610 5474 contra
2651 5417 2788 5473 vitia
2835 5423 3039 5489 pugnat
3084 5414 3343 5481 viriliter,
3388 5410 3502 5484 jam

1916 5500 2108 5559 beatus
2151 5521 2266 5561 esse
2311 5507 2540 5580 incipit;
2588 5510 2726 5564 Aser
2772 5507 2830 5563 in
2875 5506 3067 5562 ordine
3114 5504 3363 5577 ponitur,
3410 5504 3506 5577 qui

1992 5647 2109 5719 (82)
2131 5649 2212 5704 Ita
2236 5666 2387 5716 mss.;
2406 5650 2678 5705 edit.vero
2697 5666 2708 5703 :
2728 5648 2924 5703 ludam
2946 5645 3253 5719 inferiorem
3268 5648 3328 5700 in
3346 5647 3506 5719 pleni-

1920 5717 2109 5776 tentia':
2133 5720 2414 5793 Benjamin
2428 5737 2547 5779 vero
2566 5720 2894 5793 superiorem
2912 5718 3201 5793 repen’mus
3222 5718 3280 5774 in
3301 5717 3505 5792 patria.
