4060 6208
647 306 754 364 927

1687 316 1785 372 AD
1824 315 2059 374 OPERA
2096 316 2151 373 S.
2192 317 2526 377 AMBROSII
2562 319 2942 378 APPENDIX.
3754 335 3827 393 928

646 438 838 496 beatus
897 440 1311 512 interpretatur.
1371 445 1500 500 Post
1545 447 1682 501 Aser
1728 447 2082 519 Nephthalim
2136 466 2245 522 po—
2273 451 2325 511 A
2353 451 2454 507 Dei
2503 464 2777 524 ponentur
2825 457 3039 527 (Matth.
3091 474 3226 527 xxv,
3255 459 3364 532 33).
3396 461 3555 520 Electi
3590 465 3735 540 itaque
3755 471 3825 528 lilii

647 528 819 597 nitur,
864 530 959 602 qui
993 531 1244 589 dilatatio
1277 533 1393 606 (83)
1440 551 1560 590 mea
1597 535 2006 609 interpretatur.
2050 540 2243 595 Omnis

646 618 792 671 enim
828 618 923 689 qui
957 620 1065 675 scit
1102 638 1158 676 se
1188 623 1360 677 Deum
1389 624 1701 691 offendisse,
1734 635 1787 681 et
1816 627 1936 682 vult
1967 635 2028 682 ut
2057 627 2104 683 ei
2141 628 2240 682 mi-

644 706 944 764 sericordia
981 709 1176 767 divina
1219 723 1521 781 succurrat,
1553 714 1713 771 debet
1750 724 1803 772 et
1849 717 1963 789 ipse
1994 718 2239 775 misereri

643 797 1062 873 quibuscumque
1092 809 1288 872 potest,
1311 809 1365 857 et
1393 805 1670 875 quomodo
1701 813 1898 878 potest,
1934 809 2080 865 sicut
2104 808 2241 865 dicit

640 888 911 944 Dominus
962 907 974 944 :
1047 913 1064 937 ι
1124 890 1278 945 Beati
1338 892 1753 962 misericordes,
1815 890 2073 969 quoniam
2134 898 2239 969 ipsi

641 977 1079 1034 misericordiam
1116 991 1526 1054 consequentur
1566 985 1777 1053 (Matth.
1804 1004 1858 1054 ν,
1895 989 1970 1059 7).
2006 1013 2023 1034 ι
2083 989 2239 1043 Illius

641 1066 845 1139 quippe
876 1084 1032 1124 mens
1058 1069 1486 1143 circumquaque
1508 1072 1790 1142 dilatatur,
1825 1076 1920 1148 qui
1952 1092 2046 1148 per
2073 1076 2237 1134 dilec-

638 1156 846 1212 tionem
898 1174 1061 1230 quam
1113 1160 1386 1232 proximis
1431 1162 1694 1219 exhibere
1747 1164 1926 1233 debet,
1978 1165 2237 1221 omnibus

637 1247 1063 1320 quibuscunque
1119 1257 1316 1321 potest,
1372 1252 1681 1310 miseretur.
1723 1255 1850 1310 Post
1881 1255 2235 1329 Nephthalim

636 1337 910 1392 Manasses
938 1339 1209 1410 sequitur,
1243 1341 1337 1412 qui
1379 1340 1584 1397 oblitus
1630 1343 2056 1416 interpretatur;
2108 1346 2237 1418 quia

636 1426 860 1498 expedit
890 1436 950 1483 ut
979 1429 1075 1501 qui
1104 1440 1325 1501 peccata
1353 1449 1452 1487 sua
1498 1432 1682 1502 deflet,
1727 1435 1820 1506 qui
1861 1437 2235 1509 eleemosynas

634 1523 971 1595 pauperibus
1002 1526 1250 1599 largitur,
1288 1525 1432 1584 535
1463 1541 1524 1588 ut
1556 1541 1771 1604 peccata
1802 1533 1920 1604 ejus
1950 1533 2233 1589 dimittam

634 1620 743 1681 tur,
777 1614 968 1670 eadem
1000 1624 1221 1687 peccata
1251 1618 1328 1674 ita
1358 1619 1591 1692 deserat,
1625 1630 1893 1697 quatenus
1920 1640 1981 1680 ea
2014 1625 2233 1705 penitus

632 1701 840 1759 oblitus
867 1719 981 1760 esse
1021 1705 1290 1763 videatur.

2351 540 2590 596 dexterae
2619 543 2954 613 eﬂiciuntur,
2995 563 3120 602 cum
3152 547 3220 603 ab
3250 548 3347 605 hac
3393 551 3497 607 vita
3534 553 3760 626 subtracti,
3789 560 3825 616 in

2351 629 2664 686 cmlestibus
2679 632 2903 689 sedibus
2917 636 3258 693 collocantur
3269 638 3361 695 ubi
3376 640 3503 696 nihil
3521 651 3591 698 est
3600 645 3823 719 sinistrum,

2350 718 2443 774 sed
2473 727 2649 776 totum
2684 722 2929 779 dextera.
2959 726 3133 797 Igitur
3161 729 3287 801 quia
3326 730 3735 803 interpretationes
3754 754 3827 792 no-

2350 808 2563 863 minum
2594 810 2883 867 duodecim
2905 814 3147 870 tribuum
3178 834 3347 890 usque
3374 819 3438 874 ad
3465 836 3574 875 eum
3601 822 3727 880 ﬁnem
3749 842 3826 896 per-

2349 897 2632 967 duximus,
2658 917 2767 973 quo
2787 901 2844 956 in
2861 904 3173 962 cmlestibus
3192 907 3408 964 sedibus
3428 909 3729 981 collocantur,
3744 931 3825 969 con-

2356 1002 2551 1056 gruum
2583 997 2662 1044 est
2692 997 2752 1044 ut
2783 1006 2843 1045 ea
2870 1008 2991 1064 quae
3037 1005 3360 1066 sequuntur,
3388 998 3451 1052 ad
3479 1000 3825 1070 gloriﬁcationem

2346 1076 2656 1134 animarum
2687 1089 3001 1138 sanctarum
3031 1086 3437 1142 transferamus.

2421 1167 2602 1239 (Vers.
2635 1171 2688 1238 9,
2711 1171 2825 1242 10.)
2858 1173 2985 1228 Post
3007 1175 3112 1229 haec
3140 1176 3253 1230 vidi
3273 1177 3473 1231 turbam
3498 1194 3701 1250 magnam
3722 1197 3825 1250 quam

2345 1256 2684 1313 dinumerare
2730 1277 2877 1315 nemo
2917 1269 3146 1332 poterat,
3207 1282 3272 1319 ea:
3308 1266 3533 1322 omnibus
3567 1269 3766 1338 gentibus,
3799 1277 3826 1323 et

2344 1346 2610 1415 eribubus,
2644 1355 2690 1402 et
2718 1352 2957 1421 populis,
2988 1359 3035 1407 et
3067 1353 3280 1425 linguis,
3309 1362 3495 1411 stantes
3515 1364 3618 1411 ante
3641 1358 3824 1425 thronum,

2343 1444 2391 1492 et
2426 1439 2483 1492 in
2524 1449 2795 1512 conspectu
2838 1445 2980 1515 Agni
3020 1444 3206 1517 (84)...
3244 1448 3319 1502 Et
3345 1448 3617 1503 clamabant
3640 1466 3826 1504 vocent:-

2340 1543 2465 1597 gna,
2525 1529 2781 1586 dicentes:
2842 1533 3001 1588 Salus
3055 1536 3164 1590 Deo
3207 1543 3407 1606 nostro,
3460 1538 3545 1608 qui
3583 1538 3694 1592 sedet
3724 1555 3826 1609 super

2344 1616 2609 1686 thronum,
2667 1625 2715 1673 et
2773 1620 2943 1692 Agno.
2995 1623 3098 1679 Per
3142 1624 3362 1680 turbam
3406 1626 3713 1698 superiorem,
3750 1643 3824 1699 qua

2340 1720 2572 1761 numero
2602 1710 3110 1781 comprehenditur,
3145 1714 3306 1770 electi
3335 1714 3428 1787 qui
3464 1715 3518 1769 in
3552 1716 3745 1771 Ecclesia
3763 1717 3822 1770 Dei

702 1791 778 1847 Et
815 1791 940 1848 ideo
969 1793 1190 1851 Simeon
1221 1796 1489 1869 sequitur,
1521 1801 1615 1872 qui
1647 1801 1936 1871 exauditio
1964 1802 2228 1876 interpre-
2261 1809 2304 1869 Β
2340 1792 2572 1865 Singulis
2613 1799 2954 1869 temporibus
3021 1801 3294 1870 laborant:
3361 1803 3691 1876 ἀθείεηειηιω»
3733 1805 3823 1859 Sicut

635 1887 799 1947 tatur;
832 1882 925 1937 ille
949 1884 1096 1940 enim
1125 1901 1223 1956 pro
1251 1887 1411 1942 malis
1443 1904 1561 1959 quae
1593 1889 1744 1958 fecit,
1776 1890 2072 1963 deprecans
2102 1902 2163 1950 ut
2182 1893 2231 1949 ei

629 1968 1006 2041 dimittantur,
1057 1990 1087 2029 a
1118 1977 1230 2030 Deo
1276 1977 1595 2048 exauditur,
1646 1980 1740 2053 qui
1776 1983 1965 2038 omnia
1993 1983 2129 2039 vitia
2161 1999 2230 2040 ex

628 2066 746 2113 toto
773 2060 997 2118 deserit.
1028 2064 1239 2120 Deinde
1270 2066 1405 2122 Levi
1436 2069 1707 2141 sequitur,
1739 2071 1833 2143 qui
1862 2072 2084 2129 additus
2112 2074 2230 2130 sive

628 2157 941 2221 assumptus
970 2151 1368 2225 interpretatur
1397 2174 1408 2211 :
1461 2159 1590 2230 quia
1621 2160 1714 2229 qui
1748 2160 1815 2215 de
1843 2163 2080 2232 peccatis
2108 2179 2229 2235 quas

627 2232 778 2302 fecit,
825 2236 938 2307 jam
989 2242 1366 2311 paenitentiam
1412 2248 1686 2315 exercuit,
1727 2249 1820 2320 qui
1870 2259 2063 2306 contra
2092 2252 2227 2308 vitia

627 2326 916 2395 pugnavit,
945 2344 1113 2401 eaque
1142 2330 1370 2401 devicit,
1409 2336 1503 2406 qui
1543 2352 1668 2408 erga
1712 2337 2020 2411 indigentes
2065 2342 2225 2398 mise-

626 2412 801 2470 ricors
822 2416 1056 2486 exstitit,
1089 2426 1251 2492 atque
1281 2420 1368 2477 his
1389 2424 1647 2495 operibus
1678 2425 1784 2482 hoc
1815 2431 2138 2499 promeruit,
2163 2442 2225 2490 ut

520 2500 523 2503 λ
623 2503 742 2576 ejus
775 2514 994 2578 peccata
1025 2508 1459 2580 dimitterentur,
1508 2515 1576 2572 de
1609 2517 1771 2573 venia
1810 2518 1925 2591 jam
1973 2538 2216 2592 securus,

623 2594 879 2652 timorem
911 2597 1057 2670 ignis
1079 2602 1268 2657 aeterni
1298 2620 1330 2658 a
1358 2613 1541 2661 mente
1569 2605 1779 2678 abjicit,
1803 2619 1965 2683 atque
1993 2611 2051 2668 in
2072 2630 2218 2670 amo-

624 2701 738 2741 rem
767 2686 866 2743 Dei
906 2704 969 2745 ac
994 2690 1232 2748 cmlestis
1282 2695 1472 2765 patriae
1501 2705 1650 2753 totus
1683 2700 2001 2770 assumitur,
2042 2701 2218 2775 iisque

619 2775 844 2833 additur
868 2779 962 2851 qui
994 2780 1097 2836 ﬁlii
1126 2782 1226 2838 Dei
1259 2794 1654 2858 nuncupantur
1683 2797 1736 2845 et
1768 2798 1917 2846 sunt.
1959 2792 2219 2865 Sequitur

619 2864 901 2936 Issachar,
957 2869 1051 2940 qui
1117 2887 1325 2927 merces
1392 2874 1833 2946 interpretatur;
1896 2881 1990 2937 sed
2048 2864 2217 2939 inter-

621 2957 983 3026 pretationem
1014 2960 1181 3032 hujus
1210 2964 1453 3021 nominis
1481 2967 1685 3025 clarius
1708 2970 2046 3042 videbimus,
2078 2976 2124 3032 si
2155 2994 2219 3032 ea

620 3058 740 3113 quae
782 3056 954 3102 mater
984 3048 1104 3117 Lia,
1151 3066 1215 3105 eo
1262 3061 1517 3110 nascente
1562 3056 1739 3123 dixit,
1783 3076 2090 3131 ponamus;
2140 3066 2218 3120 ait

2335 1879 2447 1952 jam
2471 1883 2739 1943 diximus.
2767 1889 2839 1943 Et
2870 1889 2997 1961 quia
3030 1891 3195 1947 multi
3224 1900 3354 1948 sunt
3381 1893 3566 1959 vocati,
3596 1893 3720 1965 pauci
3740 1908 3823 1947 vero

2339 1972 2499 2028 electi
2531 1973 2743 2044 (Matth.
2776 1993 2873 2046 xx,
2910 1980 3024 2051 16),
3056 1989 3110 2036 et
3140 1981 3200 2036 in
3249 1982 3629 2054 comparatione
3652 1982 3823 2054 reprobo

2338 2076 2461 2116 rum
2511 2064 2708 2135 exigua
2754 2074 2835 2121 est
2901 2069 3061 2124 turba
3119 2071 3444 2140 electorum,
3497 2088 3594 2128 nou
3631 2070 3823 2126 immerito

2335 2166 2566 2207 numero
2597 2162 2819 2211 centum
2851 2159 3219 2232 quadraginta
3239 2170 3465 2233 quatuor
3486 2160 3821 2227 millium,electi

2338 2240 2433 2310 qui
2479 2240 2713 2313 singulis
2759 2247 3101 2317 temporibus
3144 2250 3208 2304 in
3246 2250 3486 2306 Ecclesia
3526 2250 3612 2306 Dei
3636 2249 3820 2312 laborant,

2334 2333 2729 2405 designantur:
2782 2336 2840 2391 in
2870 2339 3080 2394 caelesti
3125 2356 3262 2397 vero
3290 2341 3625 2410 beatitudine,
3651 2341 3723 2396 ubi
3745 2339 3823 2393 sin-

2332 2424 2474 2495 gulis
2504 2426 2845 2497 temporibus
2888 2444 2957 2484 ex
2987 2430 3252 2487 omnibus
3291 2431 3549 2505 gentibus,
3579 2430 3772 2486 tribubus
3789 2435 3819 2481 el

2331 2510 2536 2584 linguis
2564 2523 2986 2587 congregantur,
3035 2525 3196 2575 tanta
3236 2536 3421 2576 eorum
3465 2519 3668 2576 eﬂicitur
3688 2515 3821 2571 multi-

2327 2601 2481 2671 tudo,
2505 2612 2566 2660 ut
2595 2606 2751 2661 nullo
2780 2622 3011 2663 numero
3036 2610 3432 2682 comprehendi
3466 2610 3632 2683 possit.
3659 2609 3736 2664 Per
3754 2614 3819 2660 ste

2327 2690 2407 2746 las
2454 2699 2636 2748 autem
2686 2694 2838 2750 albas
2884 2697 3161 2754 munditia
3221 2701 3512 2756 animarum
3554 2698 3817 2771 designatur:

2326 2784 2520 2855 palmas
2566 2802 2698 2841 vero
2745 2787 2803 2843 in
2851 2788 3069 2860 signum
3101 2790 3354 2849 victoriae
3384 2802 3651 2866 ponuntur.
3676 2788 3821 2881 Palmas

2327 2871 2496 2944 igitur
2524 2890 2636 2929 non
2668 2876 2846 2931 solum
2895 2878 3070 2934 sancti
3120 2890 3393 2954 martyres
3442 2880 3619 2954 quibus
3658 2873 3820 2970 victoria

2327 2961 2637 3033 specialiter
2668 2965 2983 3035 ascribitur,
3014 2967 3106 3023 sed
3148 2978 3210 3025 et
3257 2987 3440 3026 omnes
3486 2968 3640 3034 electi,
3680 2964 3750 3038 qui
3782 2961 3818 3016 in

2326 3049 2433 3107 hoc
2470 3054 2671 3109 saeculo
2700 3055 2863 3126 positi
2892 3066 3082 3113 contra
3110 3058 3366 3116 visibiles
3395 3069 3445 3116 et
3472 3056 3727 3114 invisibiles
3754 3051 3815 3106 ho-

617 3132 765 3189 enim
799 3150 811 3189 ;
860 3159 878 3183 ε
910 3136 1169 3194 Reddidit
1196 3141 1341 3197 Deus
1370 3144 1674 3201 mercedem
1710 3147 1870 3217 mihi,
1919 3151 2048 3223 quia
2083 3153 2207 3211 dedi
2247 3169 2290 3232 ο
2322 3148 2431 3232 stes
2460 3141 2677 3232 fortiter
2705 3143 3059 3214 dimicarunt,
3084 3146 3144 3203 in
3160 3150 3371 3207 caelesti
3394 3147 3687 3205 beatitudine
3704 3140 3814 3215 possi-

615 3220 873 3280 ancillam
908 3242 1081 3283 meam
1117 3228 1236 3285 viro
1274 3249 1395 3288 meo
1427 3233 1583 3305 (Gen.
1618 3253 1761 3306 xxx,
1797 3220 1959 3310 18).;
2009 3243 2081 3298 Et
2131 3243 2210 3299 id-

611 3311 761 3369 circo
787 3316 1087 3388 appellavit
1112 3334 1313 3376 nomen
1333 3320 1452 3393 ejus
1483 3324 1751 3395 Issachar,
1774 3327 1830 3383 id
1856 3337 1956 3398 est,
1980 3347 2207 3390 merces.

610 3399 750 3457 Caro
783 3413 971 3461 nostra
1001 3408 1203 3465 ancilla
1249 3419 1437 3467 nostra
1473 3412 1634 3469 debet
1684 3432 1799 3472 esse
1833 3435 1845 3473 :
1896 3419 1986 3474 vir
2025 3430 2210 3478 noster

609 3490 754 3546 Deus
810 3501 996 3549 noster
1032 3504 1131 3551 est.
1184 3497 1458 3566 Ancillam
1501 3518 1631 3558 vero
1680 3514 1922 3562 nostram
1954 3507 2074 3565 viro
2111 3527 2207 3567 no-

609 3584 723 3632 stro
751 3578 965 3648 damus,
1012 3582 1058 3636 si
1103 3600 1324 3641 carnem
1369 3597 1613 3645 nostram
1649 3592 1748 3647 Dei
1794 3595 2027 3652 servitio
2057 3615 2206 3655 man-

612 3663 881 3735 cipamus,
931 3669 977 3723 si
1024 3686 1142 3727 eam
1191 3673 1454 3746 vigilare,
1499 3677 1786 3751 jejunare,
1837 3691 1891 3740 et
1935 3686 2206 3745 abstinere

606 3756 1031 3827 compellimus,
1099 3769 1262 3837 atque
1319 3766 1630 3839 voluptates
1680 3769 1799 3843 ejus
1863 3773 2201 3836 edomamus.

606 3843 855 3901 Issachar
909 3846 1080 3919 igitur
1132 3851 1243 3908 Lize
1310 3853 1369 3910 in
1434 3859 1745 3917 mercedem
1807 3863 1968 3921 datus
2029 3875 2111 3923 est
2174 3886 2205 3924 a

607 3932 758 4002 Deo;
805 3935 935 4009 quia
980 3936 1049 3995 iis
1078 3939 1172 4013 qui
1218 3958 1438 3999 carnem
1481 3945 1729 4019 domant,
1774 3953 1871 4024 qui
1919 3954 2066 4010 vitia
2093 3972 2202 4012 ex-

602 4022 915 4096 stinguunt,
963 4043 1025 4085 ea
1075 4045 1283 4089 merces
1328 4032 1493 4091 datur
1524 4052 1556 4090 a
1606 4039 1742 4107 Deo,
1790 4022 1854 4097 ut
1896 4042 2201 4103 virtutibus

600 4111 866 4174 ditentur.

668 4213 741 4268 Et
783 4213 908 4271 ideo
935 4225 1057 4288 post
1094 4219 1341 4277 Issachar
1381 4223 1628 4282 Zabulon
1673 4229 1921 4301 ponitur,
1964 4233 2057 4305 qui
2105 4235 2197 4291 ha-

601 4300 905 4361 bitaculum
931 4306 1278 4367 fortitudinis
1307 4300 1718 4386 interpretatur.
1745 4318 1878 4386 Quis
1905 4300 2194 4381 est-autem

600 4388 782 4459 fortis,
805 4392 913 4450 nisi
935 4396 1124 4454 Deus?
1146 4399 1213 4454 de
1230 4416 1339 4472 quo
1363 4403 1651 4462 Psalmista
1676 4407 1812 4465 dicit
1836 4427 1848 4465 :
1885 4436 1902 4458 ι
1922 4412 2195 4471 Dominus

2320 3229 2472 3286 dent.
2498 3231 2698 3287 Palma
2718 3240 2904 3290 autem
2919 3238 3142 3307 praemia
3153 3248 3291 3295 sunt
3316 3240 3542 3296 victorias
3560 3245 3809 3294 sanctorum;

2318 3318 2412 3391 qui
2443 3327 2499 3374 et
2527 3337 2660 3378 voce
2678 3339 2873 3395 magna
2901 3325 3135 3382 clamare
3164 3328 3464 3386 dicuntur:
3498 3329 3635 3384 Salus
3655 3325 3738 3380 Deo
3758 3336 3812 3374 ne

2316 3413 2449 3476 stro,
2497 3410 2590 3480 qui
2644 3412 2781 3467 sedet
2835 3430 2994 3486 super
3023 3417 3298 3486 thronum,
3329 3424 3376 3474 et
3401 3420 3556 3489 Agna,
3584 3412 3723 3471 sancti
3752 3409 3812 3465 Dei

2316 3513 2601 3572 nunquam
2640 3512 2854 3560 cessant
2885 3520 2914 3559 a
2946 3504 3208 3563 laudibus
3237 3508 3367 3576 Dei;
3392 3524 3486 3564 nec
3520 3517 3673 3563 tamen
3712 3498 3815 3595 labar

2313 3594 2396 3643 est
2428 3586 2487 3643 in
2518 3590 3016 3663 laudando-Deum,
3068 3594 3208 3668 quia
3233 3597 3374 3656 sicut
3398 3596 3563 3654 dulcis
3587 3601 3655 3651 est
3674 3586 3813 3649 sanctis

2313 3675 2456 3732 visio
2483 3678 2603 3747 Dei,
2636 3679 2716 3737 sic
2746 3687 2800 3736 et
2831 3682 2950 3739 laus
2976 3683 3099 3740 Dei.
3686 3771 3694 3776 ι
3770 3766 3778 3776 _

2386 3766 2567 3836 (Vers.
2602 3770 2686 3838 11,
2722 3771 2838 3845 12.)
2861 3774 2935 3829 Et
2961 3790 3137 3830 omnes
3166 3777 3347 3849 angeli
3371 3776 3567 3833 stabant
3588 3774 3636 3828 in
3655 3766 3811 3826 circum

2318 3856 2514 3928 throni,
2550 3865 2599 3914 et
2625 3861 2915 3933 seniorum,
2944 3870 2992 3921 et
3019 3873 3259 3936 quatuor
3284 3867 3604 3934 animalium,
3627 3868 3665 3918 et
3686 3855 3811 3916 cecide-

2313 3953 2443 4001 runt
2480 3947 2537 4003 in
2572 3951 2742 4007 medio
2788 3954 2965 4010 throni
3002 3955 3059 4009 in
3101 3955 3271 4026 facies
3300 3975 3442 4026 suas,
3471 3962 3516 4012 et
3538 3950 3813 4011 adorarent!”

2311 4037 2502 4106 Deum,
2529 4041 2784 4098 dicentes:
2818 4044 3007 4114 Amen,
3038 4047 3344 4115 benedictio,
3381 4054 3427 4105 et
3461 4046 3670 4112 claritas,
3694 4045 3810 4131 etmj

2301 4126 2529 4198 pientia,
2559 4136 2608 4184 et
2634 4132 2937 4203 gratiarum
2964 4136 3122 4202 actio,
3146 4137 3337 4206 honor,
3368 4144 3417 4193 et
3454 4138 3624 4202 virtus,
3648 4137 3688 4187 et
3706 4126 3809 4199 forti-

2311 4218 2437 4271 tudo
2466 4218 2574 4274 Deo
2602 4227 2783 4276 nostro
2813 4222 2871 4277 in
2894 4224 3086 4281 secula
3122 4228 3455 4295 swcutorum,
3498 4239 3647 4280 amen.
3686 4218 3810 4307 Supe‘j

2307 4305 2423 4363 rius
2455 4309 2632 4366 millia
2663 4312 2903 4370 millium
2933 4316 3257 4388 angelorum
3310 4318 3367 4373 in
3417 4312 3632 4374 circuitu
3680 4308 3808 4362 thmm

2307 4401 2482 4457 Deum
2513 4403 2735 4461 laudare
2781 4406 3081 4465 dicuntur:
3125 4408 3218 4468 hic
3253 4419 3431 4467 autem
3470 4409 3609 4465 nullo
3646 4408 3807 4459 numero

601 4477 763 4535 fortis
800 4491 854 4537 et
895 4492 1107 4555 potens,
1158 4490 1428 4547 Dominus
1466 4502 1657 4564 potens
1704 4497 1760 4552 in
1792 4499 1981 4570 przelio
2013 4503 2187 4573 (Psal.
2217 4538 2264 4596 D
2303 4492 2868 4565 comprehenduntur,
2920 4499 3014 4555 88d
3078 4515 3270 4556 omnes
3317 4501 3374 4556 in
3429 4495 3641 4596 circuitu
3679 4488 3805 4596 thjr‘l’j'

601 4585 741 4596 νυ...
808 4569 864 4596 O\
988 4575 1056 4596 ΠΛ
1095 4577 1232 4596 μμ-)
1268 4578 1354 4596 ιιι
1383 4580 1414 4596 ο.
1530 4584 1543 4596 ι
1681 4586 1701 4596 ρ
1770 4587 1821 4596 ,.,
1889 4588 1925 4596 ..
1977 4591 1987 4596 -
2125 4593 2134 4596 _
2175 4594 2183 4596 _
2333 4589 2344 4596 .
2508 4582 2546 4596 ιι
2672 4594 2680 4596 μ
2830 4588 2867 4596 ..

595 4584 776 4639 xxm,
807 4569 888 4643 8).
923 4598 943 4622 ι
987 4575 1059 4630 Et
1089 4577 1238 4649 quod
1267 4578 1639 4639 habitaculum
1674 4569 2038 4658 fortitudinis,
2079 4593 2187 4649 nisi

599 4656 873 4717 habitatio
893 4663 992 4718 Dei
1010 4664 1038 4720 ?
1060 4666 1119 4720 In
1140 4666 1239 4722 illo
1256 4668 1401 4724 enim
1424 4669 1637 4733 habitat
1651 4675 1815 4745 Deus,
1834 4676 1891 4733 in
1910 4656 2189 4752 quorﬁdes,

597 4749 890 4821 patientia,
942 4755 1184 4824 castitas,
1235 4756 1544 4831 humilitas,
1591 4762 1830 4822 charitas
1878 4749 2192 4845 craterasque

597 4837 832 4896 virtutes
860 4853 1291 4903 commorantur.
1315 4849 1387 4905 Et
1414 4851 1542 4924 quia
1572 4870 1667 4925 per
1687 4857 2059 4928 operationem
2082 4861 2189 4917 vir-

592 4934 775 4984 tutum
814 4939 1086 5003 augentur
1118 4937 1344 5008 praemia
1389 4940 1732 5013 meritorum,
1777 4946 1972 5019 Joseph
2003 4949 2187 5007 subse-

591 5018 803 5090 quitur,
829 5021 923 5094 qui
957 5033 1309 5095 augmentum
1344 5028 1754 5102 interpretatur.
1787 5018 2074 5108 Benjamin
2106 5040 2185 5095 ul-

592 5108 782 5178 timus,
818 5110 931 5167 imo
975 5121 1028 5169 et
1072 5116 1321 5187 superior
1348 5121 1593 5191 ponitur,
1643 5123 1735 5196 qui
1770 5124 1918 5181 ﬁlius
1946 5128 2184 5186 dexterae

588 5198 1002 5273 interpretatur.
1028 5205 1265 5263 Dextera
1285 5225 1519 5284 namque
1547 5213 1723 5270 Patris
1743 5216 1918 5273 Filius
1932 5217 2143 5275 dicitur
2167 5239 2180 5277 :

586 5297 642 5346 et
659 5292 1034 5365 Evangelium
1054 5295 1318 5370 loquitur,
1335 5300 1466 5373 quia
1491 5303 1666 5360 sancti
1690 5304 1792 5361 Dei
1811 5305 1879 5362 ad
1899 5306 2181 5365 dexteram

810 5441 988 5529 fidit,
1019 5444 1135 5529 .qui
1172 5445 1434 5529 beatitudo
1475 5448 1874 5522 interpretatur.
1931 5455 2182 5529 Sequitur

588 5512 894 5637 gejihthati,
934 5514 1029 5586 qui
1048 5512 1324 5588 dilatatio,
1360 5527 1499 5588 etc.;
1550 5512 1681 5579 mss.
1716 5540 1866 5595 vero,
1900 5535 1963 5584 ut
1990 5512 2178 5586 riosin

646 5599 678 5636 x
711 5600 767 5637 ιι.
1282 5602 1301 5608 ‘

646 5599 767 5639 Xlu.
1282 5602 1301 5608 ’

662 5653 781 5728 (84)
837 5656 920 5713 Ita
949 5674 1080 5716 mss.
1111 5676 1175 5719 ac
1203 5660 1336 5721 Gill.
1368 5661 1528 5733 edit;
1573 5674 1630 5725 at
1657 5668 1815 5729 Rom.
1846 5688 1875 5729 e
1901 5674 2178 5732 contrario

2300 4589 2443 4639 stare
2492 4582 2777 4643 dicuntur.
2828 4588 3127 4647 Possumus
3173 4609 3271 4665 per
3314 4590 3602 4665 superiores
3632 4577 3805 4677 διιεθξοδς

2308 4674 2403 4745 qui
2434 4690 2664 4732 numero
2684 4678 3249 4752 comprehenduntur,
3283 4698 3373 4737 eos
3388 4679 3660 4751 intelligere
3675 4685 3746 4743 qm
3761 4660 3806 4719 ad

2306 4767 2523 4826 diversa
2569 4771 2749 4828 ofﬁcia
2804 4774 2862 4830 in
2904 4777 3112 4834 mundo
3148 4777 3524 4835 destinantur:
3570 4786 3653 4864 eos
3676 4772 3804 4864 ειιξξθφ

2308 4859 2403 4931 qui
2436 4860 2556 4916 sine
2596 4879 2828 4921 numero
2871 4877 3170 4939 ponuntur,
3202 4869 3329 4925 illos
3356 4869 3448 4942 qui
3483 4868 3536 4922 in
3570 4852 3806 4919 coelestibus

2305 4966 2429 5006 cum
2459 4954 2700 5012 Domino
2726 4969 3139 5017 conversantur.
3172 4960 3275 5017 Sed
3306 4968 3359 5016 et
3385 4958 3473 5015 hic
3493 4961 3669 5028 septem
3692 4946 3803 5000 δεῦε·

2311 5042 2587 5103 dictiones
2634 5055 2936 5121 ponuntur,
2968 5049 3111 5106 sicut
3140 5049 3405 5122 superius,
3444 5055 3501 5103 ut
3543 5032 3801 5100 demonlet

2300 5134 2491 5191 eodem
2523 5135 2688 5192 modo
2726 5147 2779 5194 et
2803 5137 2937 5195 istos
2981 5138 3303 5196 benedicere
3354 5139 3537 5202 Deum,
3573 5128 3653 5205 qui
3678 5131 3800 5218 ΦΨ

2298 5224 2433 5281 dum
2461 5242 2562 5281 sua
2590 5225 2984 5297 gubernatione
3023 5234 3268 5296 tuentur,
3297 5227 3439 5283 sicut
3463 5232 3514 5280 et
3536 5221 3643 5278 illos
3667 5225 3739 5286 qm
3759 5218 3797 5259 ιη

2297 5314 2611 5372 οωιθεῐὼιιε
2638 5332 2763 5371 cum
2797 5317 3036 5374 Domino
3064 5324 3483 5376 commorantur.

2295 5466 2417 5533 post
2466 5476 2656 5517 vocem
2730 5463 2874 5533 Agni
2914 5462 3164 5522 addidit:
3221 5462 3399 5519 amicti
3435 5457 3568 5516 stolis
3609 5443 3802 5533 01??»qu

2287 5522 2485 5604 palma:
2521 5533 2585 5604 in
2626 5522 2870 5589 mnibus
2909 5553 3109 5593 eorum.
3141 5538 3282 5594 Post
3307 5549 3489 5589 vocem
3512 5522 3669 5587 verod

2293 5603 2578 5675 resecavit,
2612 5606 2773 5663 Salus
2797 5606 2907 5664 Deo
2934 5615 3191 5667 nostra...
3231 5613 3280 5663 et
3296 5604 3459 5678 Agno.
