4060 6208
205 298 309 357 929

1122 295 1580 356 BEBENGAUDI
1616 290 1991 354 EXPOSITIO
2030 290 2104 353 IN
2143 288 2645 353 APOCALYPSIN.

3411 288 3515 355 930

278 428 459 499 (Vers.
495 426 585 496 13,
617 426 730 499 14.)
762 428 836 483 Et
873 427 1192 497 respondens
1219 442 1358 481 unus
1403 425 1467 480 de
1505 424 1801 480 senioribus
1829 448 1878 506 Α
1912 423 2244 480 credendum
2275 430 2376 478 est.
2424 423 2563 479 Justi
2611 438 2849 495 namque
2899 424 2958 479 in
3010 422 3114 479 hac
3161 423 3279 479 vita
3324 424 3511 496 positi,

207 516 346 571 dixit
363 515 495 570 mihi
514 532 533 570 :
564 516 616 572 Ii
634 516 727 585 qui
763 515 944 571 amicti
979 522 1103 570 sunt
1128 515 1277 570 stolis
1302 515 1462 583 albis,
1491 514 1585 585 qui
1612 519 1737 569 sunt
1758 519 1808 567 et
1854 518 1861 525 '

205 606 340 660 unde
366 606 666 661 venerunt?
698 607 771 660 Et
800 605 920 659 dixi
943 605 1063 660 illi:
1094 604 1317 659 Domine
1346 604 1439 671 mi,
1475 610 1531 657 tu
1557 603 1678 657 scis.
1718 603 1805 657 In-

207 701 459 765 terrogat,
493 701 554 749 ut
580 693 774 750 doceat
803 712 816 761 ;
852 709 948 766 per
978 685 1251 749 seniorem
1284 709 1521 765 namque
1553 691 1806 755 doctores

207 784 499 839 Ecclesiae:
522 799 619 856 per
648 784 912 839 Joannem
944 800 1075 839 vero
1090 782 1370 838 auditores
1391 780 1802 853 intelliguntur.

204 873 335 928 Nam
387 874 770 945 praedicatores
816 873 990 930 sancti
1039 874 1266 945 gloriam
1314 873 1631 927 animarum
1686 885 1805 925 san-

203 968 414 1016 ctarum
437 962 858 1035 quibuscunque
888 962 1067 1017 modis
1096 969 1345 1033 possunt,
1371 961 1635 1016 intimant
1654 958 1807 1015 audi-

204 1049 417 1106 toribus
454 1050 568 1106 suis
597 1070 610 1119 ;
638 1059 699 1106 ut
729 1059 938 1107 mentes
976 1067 1163 1107 eorum
1194 1051 1261 1106 ad
1291 1066 1537 1106 amorem
1567 1047 1808 1105 caelestis

203 1139 393 1211 patriae
422 1139 739 1197 accendant.
772 1143 847 1197 Et
869 1141 1014 1196 dixit
1029 1142 1162 1196 mihi
1189 1158 1206 1195 :
1240 1140 1288 1196 Ii
1308 1146 1433 1194 sunt
1445 1138 1538 1209 qui
1554 1144 1805 1193 venerunt

202 1246 267 1284 ea:
322 1246 516 1300 magna
572 1230 943 1298 tribulatione;
998 1237 1045 1285 et
1090 1232 1335 1286 laverunt
1370 1233 1534 1286 stolas
1581 1248 1728 1299 suas,
1759 1236 1808 1284 et

200 1319 580 1375 dealbaverunt
605 1337 692 1375 eas
719 1319 775 1374 in
804 1321 1058 1391 sanguine
1107 1322 1270 1392 Agni.
1325 1321 1428 1376 Hic
1467 1319 1808 1375 demonstrat

200 1424 309 1464 non
353 1408 419 1463 ad
454 1410 675 1477 electos,
707 1410 801 1481 qui
836 1409 894 1464 in
917 1409 1020 1466 hac
1047 1411 1161 1466 vita
1188 1410 1462 1474 laborant,
1494 1409 1587 1465 sed
1617 1409 1685 1463 ad
1712 1424 1806 1463 eos

199 1498 292 1572 qui
333 1498 392 1552 in
436 1498 643 1555 cmlesti
669 1499 786 1555 vita
812 1516 939 1555 cum
971 1501 1211 1557 Domino
1262 1501 1635 1573 requiescunt,
1688 1499 1807 1556 haec

201 1587 496 1658 pertinere.
527 1588 649 1643 Non
678 1587 825 1643 enim
859 1590 1036 1645 sancti
1084 1589 1152 1645 de
1193 1606 1392 1661 magna
1420 1588 1803 1658 tribulatione,

199 1674 289 1730 sed
319 1676 386 1731 ad
412 1693 635 1749 magnas
664 1676 1050 1735 tribulationes
1070 1677 1422 1750 perferendas
1452 1678 1509 1733 in
1535 1676 1806 1732 mundum

200 1764 453 1834 veniunt,
475 1766 621 1823 sicut
638 1765 777 1822 dicit
800 1766 1060 1822 Salomon
1089 1767 1231 1838 (85):
1254 1767 1455 1823 «Homo
1473 1766 1542 1822 ad
1562 1765 1805 1821 laborem

198 1855 466 1923 nascitur,
498 1862 554 1911 et
580 1855 701 1912 avis
729 1855 798 1911 ad
825 1856 1073 1911 volatum
1098 1856 1219 1927 (Job
1255 1874 1314 1925 v,
1342 1856 1419 1927 7).
1453 1880 1472 1903 ι
1503 1856 1575 1910 Et
1602 1853 1805 1910 Domi-

198 1960 303 2000 nus
331 1944 474 2000 dicit
500 1943 559 1999 in
589 1944 928 2016 Evangelia:
977 1969 995 1992 ε
1046 1944 1200 2001 Beati
1239 1945 1334 2017 qui
1364 1943 1802 2016 persecutionem

199 2032 495 2104 patiuntur
524 2040 748 2105 propter
782 2031 1094 2103 justitiam;
1128 2033 1391 2105 quoniam
1448 2032 1691 2104 ipsorum
1723 2034 1805 2084 est

197 2136 431 2193 regnum
462 2122 726 2177 caelorum
761 2122 976 2193 (Matth.
1001 2140 1058 2190 v,
1101 2122 1217 2194 10).
1239 2146 1259 2170 ι
1298 2122 1371 2178 Et
1408 2120 1611 2176 Paulus
1632 2117 1799 2174 dicit:

211 2234 229 2257 ε
271 2211 375 2265 Per
404 2211 612 2265 multas
640 2208 1028 2267 tribulationes
1066 2219 1281 2282 oportet
1320 2227 1422 2266 nos
1482 2210 1689 2264 intrare
1745 2206 1805 2261 in

198 2315 427 2371 regnum
461 2300 728 2356 oculorum
759 2300 900 2368 (Act.
924 2317 1044 2368 XIV,
1076 2299 1201 2371 21);
1224 2325 1243 2347 ι
1287 2298 1379 2355 hic
1407 2297 1557 2353 enim
1586 2305 1803 2368 tempus

199 2396 281 2445 est
334 2388 739 2457 tribulationis,
768 2389 887 2445 illic
931 2398 1148 2461 tempus
1178 2389 1345 2462 pacis.
1400 2386 1585 2445 Sancti
1617 2387 1802 2458 itaque

197 2477 264 2534 de
325 2494 529 2550 magna
567 2478 928 2535 tribulatione
972 2479 1224 2548 veniunt,
1273 2478 1404 2551 quia
1449 2477 1517 2533 ab
1556 2476 1660 2532 hac
1688 2475 1805 2531 vita

197 2567 489 2636 subtracti,
518 2566 614 2623 ubi
646 2576 863 2641 tempus
899 2568 1277 2624 tribulationis
1331 2576 1431 2635 est,
1496 2566 1553 2621 in
1600 2573 1804 2621 aaterna

198 2656 378 2730 quiete
409 2657 779 2713 collocantur.
815 2657 1090 2713 Laverunt
1116 2666 1298 2713 autem
1327 2656 1495 2712 stolas
1524 2653 1804 2727 suas,quia

200 2746 413 2801 animas
432 2761 577 2813 suas,
603 2744 662 2800 in
688 2744 792 2801 hac
818 2746 935 2801 vita
954 2745 1141 2818 positi,
1172 2746 1240 2802 ab
1268 2745 1525 2802 omnibus
1546 2743 1802 2800 sordibus

200 2842 552 2905 peccatorum
585 2835 1028 2892 mundaverunt:
1070 2836 1251 2908 primo
1281 2836 1503 2908 quidem
1535 2838 1679 2897 536
1709 2847 1805 2904 per

196 2929 554 3002 baptismum,
607 2940 796 3003 postea
824 2949 955 2989 vero
1008 2949 1105 3005 per
1132 2932 1510 3005 pmnitentiam
1548 2940 1602 2987 et
1630 2932 1802 3002 lacry-

205 3038 337 3090 mas,
392 3040 457 3079 ac
503 3023 897 3081 misericordia
946 3040 1130 3096 opera,
1173 3032 1227 3080 et
1282 3024 1340 3079 in
1387 3021 1601 3080 caeteris
1641 3021 1804 3077 bonis

202 3113 480 3184 operibus.
542 3112 674 3180 Quae
721 3114 886 3169 etiam
935 3114 994 3168 in
1048 3114 1312 3185 sanguine
1361 3113 1504 3185 Agni
1535 3111 1799 3168 dealbatm

201 3182 371 3258 fuisse
400 3202 700 3268 dicuntur;
747 3202 879 3274 quia
914 3201 1112 3257 anime
1141 3182 1464 3269 electorum,
1486 3219 1606 3275 quae
1642 3210 1802 3258 antea
1836 3182 1881 3241 δ

202 3298 358 3346 erant
378 3289 666 3362 nigredine
689 3296 1032 3361 peccatorum
1052 3290 1338 3359 involutae,
1361 3307 1458 3362 per
1478 3290 1805 3362 redemptio-

201 3395 326 3435 nem
367 3378 651 3451 sanguinis
679 3378 889 3437 Christi
940 3378 1230 3435 candorem
1267 3379 1557 3435 munditiae
1585 3394 1809 3435 assum-

202 3475 452 3541 pserunt.

278 3556 462 3628 (Vers.
502 3556 617 3627 15.)
669 3557 792 3613 Ideo
828 3562 953 3613 sunt
991 3563 1113 3613 ante
1151 3557 1400 3612 thronum
1439 3557 1558 3626 Dei,
1592 3554 1654 3612 'et
1703 3575 1810 3613 ser-

202 3645 357 3701 viunt
382 3647 430 3701 ei
456 3646 541 3701 die
567 3663 630 3701 ac
683 3652 827 3701 nocte
878 3647 937 3701 in
979 3648 1165 3718 templo
1217 3647 1352 3717 ejus.
1414 3647 1478 3702 In
1515 3655 1811 3719 conspectu

208 3752 447 3808 namque
492 3737 591 3791 Dei
629 3736 806 3792 sancti
849 3737 950 3792 Dei
986 3736 1270 3804 assistunt,
1319 3752 1384 3793 ac
1432 3736 1647 3792 visione
1692 3736 1811 3808 ejus

208 3826 582 3883 indesinenter
626 3826 1002 3897 perfruuntur.
1063 3827 1348 3899 Templum
1394 3841 1525 3882 vero
1555 3827 1657 3882 Dei
1708 3845 1813 3884 cce-

210 3916 401 3972 lestem
442 3916 696 3986 patriam,
737 3916 1027 3972 servitium
1065 3917 1166 3973 Dei
1200 3932 1442 3972 amorem
1476 3917 1575 3972 Dei
1627 3925 1809 3974 vocat.

211 4004 365 4073 Quod
395 4004 548 4061 enim
588 4006 875 4061 servitium
927 4014 1037 4061 tam
1092 4006 1426 4078 acceptabile
1456 4008 1589 4074 Deo,
1648 4023 1811 4079 quam

211 4102 269 4151 ut
296 4094 565 4167 diligatur
592 4111 662 4150 ex
691 4102 809 4151 toto
834 4095 1019 4164 corde,
1050 4103 1273 4168 totaque
1303 4098 1513 4155 virtute
1542 4098 1571 4153 ?
1597 4099 1669 4153 Et
1690 4098 1816 4170 quis

207 4183 282 4240 ita
319 4185 582 4242 ardenter
637 4184 824 4257 diligit
882 4186 1081 4253 Deum,
1133 4186 1280 4242 sicut
1320 4185 1406 4241 illi
1446 4187 1540 4259 qui
1596 4186 1814 4242 assidue

208 4277 655 4349 contemplantur
706 4275 903 4332 faciem
952 4274 1071 4347 ejus
1098 4275 1127 4331 ?
1197 4278 1271 4331 Et
1325 4277 1417 4347 qui
1472 4278 1609 4333 sedet
1656 4294 1817 4348 super

213 4365 482 4434 thronum,
510 4367 712 4422 habitat
738 4382 895 4437 super
926 4364 1068 4420 illos.
1102 4364 1360 4421 Thronus
1386 4366 1483 4421 Dei
1517 4366 1691 4422 sancti
1714 4366 1814 4421 Dei
1842 4404 1855 4409 -

211 4462 353 4523 sunt,
388 4455 543 4512 sicut
572 4455 825 4527 superius
851 4453 1122 4510 diximus.
1156 4454 1262 4521 Qui
1290 4470 1417 4527 ergo
1455 4454 1816 4527 designantur

1916 513 2168 568 videntes
2190 513 2305 583 (86)
2328 512 2617 568 hominum
2636 511 2957 584 injustitias,
2977 513 3229 570 esuriunt
3244 521 3297 568 et
3316 513 3516 570 sitiunt

1911 600 2207 674 justitiam,
2237 603 2519 673 cupientes
2539 618 2731 658 omnes
2750 602 3002 657 homines
3015 600 3196 673 justos
3220 618 3356 669 esse,
3373 602 3517 659 sicut

1917 694 2023 767 ipsi
2058 701 2207 750 sunt.
2244 693 2513 749 Esuriunt
2553 701 2607 748 et
2634 692 2831 749 sitiunt
2859 692 3046 760 etiam,
3087 701 3148 748 ut
3174 708 3272 748 sua
3298 691 3518 763 justitia

1918 786 2164 859 quotidie
2191 795 2421 854 crescat,
2446 785 2699 840 esuriunt
2728 793 2780 839 et
2810 783 3007 838 sitiunt
3037 783 3206 837 vitam
3232 790 3512 837 aeternam.

1918 876 2136 932 Animae
2166 893 2298 932 vero
2332 883 2645 930 sanctorum
2680 890 2792 929 non
2827 873 3072 928 esurient
3118 888 3296 944 neque
3327 872 3517 927 sitient

1918 965 2194 1036 amplius;
2244 964 2374 1037 quia
2403 962 2550 1035 quod
2580 964 2910 1027 esuriemnt,
2945 960 3058 1032 jam
3090 960 3367 1032 percipere
3394 976 3517 1015 me-

1919 1062 2152 1109 ruerunt
2178 1054 2316 1125 (87).
2352 1056 2423 1108 Et
2450 1070 2555 1106 non
2585 1052 2730 1106 cadet
2757 1068 2916 1122 super
2942 1068 3028 1106 eos
3055 1052 3156 1118 sol,
3182 1067 3344 1121 neque
3373 1051 3517 1104 ullus

1916 1149 2092 1198 cestus.
2113 1142 2216 1197 Per
2245 1141 2415 1196 solem
2446 1140 2832 1196 tribulationes
2862 1157 2997 1213 quas
3024 1140 3199 1195 sancti
3235 1140 3303 1195 ab
3340 1139 3517 1194 homi-

1918 1230 2417 1302 nibus‘perferunt,
2458 1246 2747 1301 possumus
2792 1228 3099 1300 intelligere
3134 1246 3144 1283 :
3198 1245 3294 1301 per
3320 1236 3515 1283 aestum

1918 1320 2250 1375 tentationes
2279 1319 2613 1386 dzemonum,
2657 1318 2775 1373 sive
2804 1319 3116 1389 voluptates
3146 1318 3410 1373 carnales.
3444 1317 3517 1373 Et

1917 1409 2047 1481 quia
2075 1409 2249 1465 sancti
2281 1408 2339 1462 in
2370 1408 2473 1465 hac
2506 1408 2622 1463 vita
2650 1407 2811 1479 positi
2845 1406 3249 1479 persecutiones
3286 1405 3519 1478 iniquo—

1917 1515 2039 1553 rum
2078 1498 2369 1553 hominum
2408 1498 2694 1554 tolerando
2724 1498 3001 1565 vicerunt,
3050 1496 3383 1553 tentationes
3410 1496 3516 1553 dae-

1918 1603 2149 1642 monum
2180 1588 2875 1659 superaverunt,desideria
2891 1586 3135 1644 carnalia
3151 1589 3208 1644 in
3230 1604 3285 1644 se
3311 1586 3517 1644 exstin-

1916 1686 2142 1748 xerunt,
2176 1679 2233 1734 iu
2261 1678 2469 1734 caelesti
2490 1674 2857 1736 beatitudine
2886 1680 3074 1752 positi,
3104 1681 3323 1736 nullum
3355 1679 3518 1735 labo-

1917 1786 2030 1825 rem
2063 1772 2120 1827 in
2150 1780 2477 1845 perpetuum
2509 1773 2777 1830 sentiunt.

1991 1898 2173 1967 (Vers.
2209 1899 2321 1971 17.)
2381 1899 2642 1966 Quoniam
2681 1898 2884 1971 Agnus,
2928 1900 3021 1970 qui
3054 1899 3113 1954 in
3140 1897 3308 1953 medio
3338 1898 3517 1953 throni

1915 1993 2008 2054 est,
2036 1993 2176 2058 reget
2203 1987 2345 2044 illos.
2380 1989 2539 2061 Regit
2564 1991 2712 2045 Deus
2739 1996 2957 2045 sanctos
2985 2005 3131 2056 suos,
3164 2004 3290 2044 cum
3320 1989 3516 2044 volun-

1916 2081 2056 2131 tates
2088 2091 2278 2131 eorum
2310 2076 2387 2131 ita
2415 2077 2680 2148 disponit,
2717 2085 2780 2133 ut
2811 2078 2954 2133 nihil
2984 2077 3125 2133 velle
3153 2076 3385 2149 possint,
3410 2075 3518 2132 nisi

1917 2165 2064 2237 quod
2099 2166 2246 2222 Deus
2275 2166 2417 2221 vult.
2450 2167 2523 2221 Et
2553 2166 2765 2221 deducet
2791 2184 2873 2221 eos
2910 2167 2981 2222 ad
3010 2167 3129 2222 vitae
3151 2166 3322 2238 fontes
3349 2183 3513 2237 aqua-

1914 2270 2060 2309 rum.
2092 2254 2235 2311 Vita:
2267 2253 2392 2310 fons
2422 2254 2676 2312 Christus
2705 2264 2804 2323 est,
2839 2254 2934 2328 qui
2965 2255 3101 2311 dicit
3133 2273 3146 2310 :
3202 2279 3220 2302 ι
3251 2258 3367 2327 Ego
3393 2272 3515 2311 sum

1914 2343 2037 2400 vita
2070 2345 2251 2417 (Joan.
2285 2361 2409 2411 xxv,
2458 2344 2538 2417 6).
2590 2370 2607 2392 ι
2669 2344 2825 2413 Quod
2879 2344 2998 2401 sine
3054 2346 3153 2402 illo
3207 2354 3307 2415 est,
3358 2363 3518 2402 mor-

1913 2440 2072 2489 tuum
2109 2440 2191 2489 est
2225 2451 2237 2489 :
2286 2433 2431 2506 quod
2472 2449 2603 2489 vero
2633 2433 2690 2488 in
2722 2432 2819 2488 illo
2848 2441 2949 2502 est,
2980 2434 3096 2491 vita
3123 2441 3223 2490 est.
3272 2433 3359 2491 Ad
3385 2434 3515 2490 vitae

1912 2520 2124 2577 fontem
2154 2522 2406 2580 Christus
2433 2530 2653 2579 sanctos
2680 2540 2807 2579 suos
2835 2523 3007 2592 ducit,
3044 2523 3175 2596 quia
3209 2524 3278 2579 ad
3308 2533 3517 2580 semet-

1913 2611 2097 2683 ipsum
2128 2629 2221 2668 eos
2251 2613 2441 2681 ducit;
2470 2622 2533 2669 ut
2561 2613 2674 2668 sint
2703 2629 2875 2668 unum
2907 2629 3031 2669 cum
3069 2614 3187 2668 illo.
3221 2613 3322 2669 Per
3349 2629 3516 2685 aquas

1912 2704 2133 2759 eosdem
2172 2712 2389 2760 sanctos
2420 2721 2711 2776 possumus
2733 2704 3037 2775 intelligere
3062 2722 3075 2770 ;
3108 2702 3223 2774 ipse
3252 2711 3334 2759 est
3359 2704 3515 2776 quip-

1914 2808 1981 2864 pe
2020 2799 2073 2846 et
2105 2790 2228 2847 fons
2256 2808 2541 2863 aquarum,
2593 2790 2723 2863 quia
2770 2794 2837 2847 ab
2881 2792 3000 2864 ipso
3042 2791 3288 2863 procedit
3333 2793 3516 2849 omnis

1915 2882 2180 2937 sanctitas
2221 2882 2544 2947 electorum,
2592 2881 2737 2937 sicut
2783 2882 2900 2954 ipse
2944 2881 3091 2938 dixit
3125 2900 3137 2938 :
3202 2906 3221 2929 ι
3258 2882 3387 2939 Siue
3428 2899 3514 2938 me

1914 2971 2057 3027 nihil
2088 2971 2317 3044 potestis
2348 2970 2522 3027 facere
2552 2972 2735 3043 (Joan.
2769 2988 2867 3040 xv,
2897 2971 2980 3043 5).
3027 2996 3045 3019 ι

1986 3064 2059 3117 Et
2078 3061 2331 3132 absterget
2352 3062 2490 3117 Deus
2510 3078 2711 3116 omnem
2734 3063 3021 3132 lacrymam
3039 3061 3104 3118 ab
3128 3060 3294 3116 oculis
3310 3078 3510 3118 eorum.

1916 3149 2054 3217 Quia
2086 3158 2301 3222 tempus
2339 3149 2505 3206 ﬂendi
2538 3149 2631 3206 hic
2660 3150 2786 3218 fuit,
2834 3160 3048 3222 tempus
3079 3150 3297 3207 ridendi
3328 3151 3386 3207 in
3416 3151 3514 3208 illa

1916 3239 2257 3296 beatitudine
2287 3240 2412 3308 erit,
2466 3239 2609 3296 sicut
2640 3241 2909 3297 Dominus
2938 3240 3076 3297 dicit
3109 3259 3120 3296 :
3177 3265 3196 3289 ‹
3232 3241 3387 3297 Beati
3418 3241 3514 3313 qui

1916 3346 2069 3385 nunc
2104 3330 2313 3402 lugent,
2364 3329 2622 3402 quoniam
2666 3329 2771 3401 ipsi
2818 3329 3254 3385 consolabuntur
3300 3331 3515 3401 (Matth.

1914 3436 1976 3488 v,
2005 3418 2087 3491 5).
2129 3444 2147 3467 ι

1990 3552 2218 3611 CAPUT
2273 3552 2419 3609 VIII.
2450 3583 2521 3594 —
2552 3549 2734 3625 (Vers.
2795 3552 2875 3623 1.)
2932 3552 3007 3608 Et
3054 3568 3168 3607 cum
3226 3552 3522 3623 aperuisset

1918 3643 2157 3714 sigillum
2184 3643 2481 3713 septimum.
2536 3642 2764 3713 Apertio
2808 3642 3025 3713 septimi
3057 3640 3224 3714 sigilli
3254 3641 3323 3698 ad
3364 3643 3521 3697 nati—

1919 3733 2147 3789 vitatem
2180 3731 2387 3789 Christi
2414 3732 2654 3804 pertinet
2678 3750 2691 3789 :
2721 3731 2814 3789 sed
2842 3732 3196 3806 quaerendum
3229 3730 3390 3787 nobis
3417 3740 3519 3799 est,

1921 3841 2019 3881 cur
2066 3824 2125 3880 in
2169 3825 2425 3897 septimo,
2485 3840 2596 3879 non
2636 3824 2694 3879 in
2742 3824 2937 3897 quinto
2985 3824 3107 3879 loco
3153 3830 3408 3895 ponatur.
3459 3823 3521 3878 In

1923 3911 2119 3968 Genesi
2173 3912 2440 3984 scriptum
2478 3920 2581 3981 est,
2630 3912 2761 3985 quia
2802 3928 2898 3967 sex
2946 3910 3142 3966 diebus
3196 3910 3328 3966 fecit
3376 3912 3522 3966 Deus

1921 4008 2122 4058 cuncta
2149 4017 2270 4073 quae
2300 4019 2370 4056 ex
2396 4002 2537 4057 coelo
2566 4011 2619 4058 et
2658 4009 2803 4057 terra
2840 4000 3107 4073 originem
3143 4006 3520 4070 sumpserunt,

1922 4090 2160 4161 septimo
2190 4097 2373 4146 autem
2406 4090 2682 4163 requievit
2711 4092 2868 4163 (Gen.
2892 4108 2953 4158 II,
2986 4091 3042 4161 2)
3067 4108 3079 4146 :
3112 4097 3167 4145 et
3197 4088 3403 4143 idcirco
3429 4104 3521 4143 vo-

1922 4179 2071 4235 cavit
2098 4178 2244 4235 diem
2288 4179 2584 4251 septimum
2634 4180 2945 4248 sabbatum,
2994 4180 3051 4234 id
3094 4186 3199 4243 est,
3246 4177 3516 4249 requiem.

1924 4267 2054 4335 Quae
2083 4277 2167 4324 est
2192 4277 2376 4324 autem
2414 4270 2632 4340 requies
2674 4276 2883 4337 nostra,
2917 4267 3025 4323 nisi
3057 4267 3311 4324 Christus
3333 4266 3361 4322 ?
3400 4266 3521 4322 Non

1924 4357 2379 4415 inconvenienter
2411 4375 2540 4430 ergo
2569 4358 2629 4413 in
2660 4358 2876 4429 septimi
2908 4357 3076 4429 sigilli
3117 4356 3399 4429 apertione
3430 4372 3522 4411 na-

1924 4446 2119 4503 tivitas
2147 4447 2353 4505 Christi
2377 4448 2629 4519 ponitur;
2659 4448 2787 4521 quia
2806 4447 2921 4519 ipse
2939 4454 3019 4503 est
3040 4445 3254 4520 requies
3273 4446 3520 4502 omnium

214 4560 304 4614 per
329 4545 603 4601 thronum
631 4544 754 4611 Dei,
781 4543 882 4616 ipsi
915 4552 1045 4600 sunt
1064 4560 1229 4615 super
1250 4559 1387 4616 quos
1409 4543 1623 4600 habitat
1648 4546 1811 4600 Deus:
1844 4550 1894 4609 1)
1926 4545 2238 4592 sanctorum
2271 4553 2517 4604 suorum,
2550 4553 2669 4609 quae
2702 4553 2796 4609 per
2823 4535 3117 4608 septimum
3149 4535 3296 4591 diem
3327 4535 3522 4607 ﬁgura-

215 4631 431 4691 habitat
458 4650 591 4690 vero
633 4650 798 4707 super
834 4640 1053 4690 sanctos
1081 4649 1209 4690 suos
1244 4635 1411 4702 Deus,
1442 4650 1567 4691 cum
1597 4650 1690 4689 eos
1719 4650 1819 4689 suo

215 4723 426 4781 lumine
455 4724 758 4793 illuminat,
789 4724 1097 4781 circumdat
1121 4733 1175 4781 et
1194 4731 1399 4781 tuetur.

285 4814 475 4886 (Vers.
528 4814 642 4885 16.)
689 4813 808 4870 Non
847 4814 1096 4878 esurient,
1143 4830 1308 4885 neque
1347 4814 1525 4869 sitient
1561 4815 1813 4886 amplius.

219 4899 351 4959 Cum
372 4904 648 4960 Dominus
675 4903 824 4960 dicat
856 4903 915 4958 in
946 4902 1279 4975 Evangelio:
1318 4927 1337 4951 ι
1368 4904 1519 4960 Beati
1558 4904 1652 4976 qui
1683 4920 1819 4960 esu—

222 4991 369 5051 riunt
386 5002 445 5051 et
466 4994 663 5049 sitiunt
677 4993 951 5065 justitiam
973 5011 986 5057 ;
1012 4994 1271 5064 quoniam
1296 4993 1401 5065 ipsi
1422 4994 1817 5049 saturabuntur

227 5081 435 5153 (Matth.
471 5102 528 5152 v,
551 5084 633 5154 6),
656 5109 675 5133 ι
716 5100 815 5140 cur
842 5083 934 5138 hic
962 5082 1136 5138 sancti
1166 5081 1264 5137 Dei
1293 5098 1575 5154 nunquam
1607 5082 1817 5137 esurire

225 5170 482 5230 dicuntur
501 5172 529 5228 ?
562 5172 667 5230 Sed
701 5173 846 5231 sicut
882 5171 1133 5245 superius
1156 5171 1425 5238 diximus,
1455 5187 1564 5225 non
1582 5169 1651 5226 ad
1679 5170 1815 5226 elec-

228 5266 329 5328 tos,
360 5262 452 5335 qui
481 5261 538 5317 in
569 5261 672 5318 hac
698 5261 814 5318 vita
839 5267 1253 5317 commorantur
1277 5278 1288 5315 :
1317 5258 1413 5316 sed
1441 5259 1508 5315 ad
1540 5258 1739 5331 eosqui
1758 5258 1815 5315 in

229 5352 430 5409 calcati
459 5352 801 5409 beatitudine
813 5368 938 5409 cum
959 5353 1073 5408 Deo
1093 5351 1394 5418 exsultant,
1419 5350 1526 5407 hoc
1544 5350 1816 5423 pertinere

303 5475 416 5549 (85)
449 5479 606 5535 Rom.
638 5475 796 5545 edit.,
827 5477 961 5532 sicut
985 5476 1114 5532 dicit
1140 5476 1257 5532 Job.
1302 5474 1408 5549 sed
1444 5474 1684 5532 auctoris
1726 5475 1817 5531 la-

233 5548 536 5617 psum'cum
568 5565 698 5605 mss.
729 5565 793 5604 ac
809 5549 941 5604 Gill.
970 5549 1246 5604 malumus
1270 5548 1525 5603 retinere.

304 5618 765 5701 (86)_Edit.,_qui
794 5620 851 5675 in
896 5620 992 5675 hac
1027 5621 1138 5676 vita
1170 5625 1299 5701 sunt
1316 5618 1497 5701 positi,
1536 5619 1809 5690 loquitur:

234 5691 323 5759 qui
349 5691 573 5749 videntes
605 5710 616 5749 :
642 5693 839 5750 lacuna
869 5708 999 5751 vero
1027 5692 1276 5767 suppleta
1303 5699 1384 5749 est
1409 5708 1479 5748 ex
1499 5706 1628 5748 mss.

1927 4632 2039 4681 tur.
2072 4626 2143 4681 Et
2163 4624 2294 4698 quia
2321 4642 2381 4681 ea
2407 4642 2529 4699 quae
2557 4626 2615 4680 in
2646 4625 2936 4681 nativitate
2965 4625 3171 4683 Christi
3196 4632 3345 4698 gesta
3370 4633 3520 4694 sunt,

1929 4720 2231 4792 spiritalem
2265 4720 2689 4793 intelligentiam
2722 4720 3008 4787 obtinent;
3050 4720 3345 4792 septimum
3375 4719 3522 4791 sigil-

1930 4810 2045 4866 lum
2062 4809 2318 4866 Christus
2335 4811 2569 4881 aperuit,
2586 4826 2712 4865 cum
2730 4825 2793 4865 ea
2812 4826 2933 4882 quae
2955 4825 3050 4881 per
3064 4808 3523 4880 signiﬁcationem

1928 4906 2077 4970 gesta
2119 4905 2270 4967 sunt,
2318 4897 2642 4956 doctoribus
2683 4899 2945 4954 Ecclesiae
2976 4914 3074 4969 per
3103 4897 3523 4969 inspirationem

1928 4988 2165 5061 Spiritus
2211 4990 2383 5046 sancti
2433 4990 2826 5046 manifestavit.
2877 4991 3097 5046 Factum
3143 4996 3218 5044 est
3257 4990 3525 5044 silentium

1926 5078 1984 5133 in
2003 5080 2128 5134 creto
2154 5079 2311 5149 quasi
2346 5079 2519 5134 media
2543 5081 2697 5135 hora.
2726 5080 2827 5135 Per
2852 5080 3135 5136 silentium
3167 5095 3275 5151 pax
3305 5094 3425 5150 quae
3453 5076 3523 5131 ab

1926 5168 2232 5225 Octaviano
2253 5169 2522 5241 Augusto,
2538 5168 2759 5226 Christo
2778 5175 3055 5237 nascente,
3086 5183 3181 5240 per
3202 5166 3522 5221 universum

1925 5256 2113 5313 orbem
2169 5258 2311 5314 facta
2367 5265 2470 5325 est,
2530 5256 2865 5329 designatur.
2920 5257 3100 5314 Media
3152 5263 3333 5311 autem
3387 5253 3523 5308 hora

1925 5348 2210 5405 silentium
2251 5347 2458 5405 factum
2506 5354 2607 5415 est,
2656 5346 2787 5420 quia
2830 5362 2938 5419 pax
2983 5361 3146 5419 quam
3186 5342 3434 5401 Ecclesia
3462 5342 3521 5398 in

1999 5474 2114 5547 (87)
2130 5473 2366 5551 Eisdem
2399 5472 2559 5543 edit.,
2589 5473 2716 5544 quia
2757 5473 3076 5539 esurierunt,
3114 5470 3333 5551 jamque
3354 5469 3523 5551 ρεγςε.

1916 5562 2043 5617 pere
2086 5546 2250 5601 vitam
2290 5552 2542 5601 aeternam
2578 5551 2927 5609 meruerunt;
2973 5559 3104 5598 mss.
3154 5548 3338 5598 autem
3371 5547 3434 5596 ut
3461 5546 3519 5597 in

1921 5623 2207 5674 contextu.
