4026 6172
610 252 712 309 931

1618 250 1714 305 ΑΒ
1752 248 1986 305 OPEBA
2022 247 2077 302 S.
2120 246 2453 304 AMBROSII
2491 246 2869 303 APPENDIX.
3713 266 3786 321 932

605 376 783 444 initio
828 374 957 432 ﬁdei
1012 375 1155 447 apud
1203 390 1439 447 paganos
1485 372 1700 442 habuit,
1751 388 1921 445 pauco
1966 381 2213 443 tempore
2241 372 2292 431 A
2321 370 2745 441 eleemosynam,
2777 379 2830 426 et
2861 386 2986 427 ecce
3015 369 3169 426 omni
3192 373 3369 429 mundi
3386 387 3499 433 sunt
3529 382 3789 455 vobis(Luc.

619 465 857 531 mansit;
908 480 1031 519 nam
1066 480 1097 518 a
1140 464 1354 519 Nerone
1401 463 1728 534 imperatore
1770 464 2079 534 interrupta
2107 472 2209 531 est,

618 565 673 613 et
700 558 860 612 Petro
884 557 1158 627 Pauloque
1191 555 1515 623 interfectis,
1548 556 1805 627 praecepit
1839 572 2029 611 omnes
2055 555 2211 613 Chri-

618 648 827 703 stianos
856 645 1127 718 persequi.

690 762 869 829 (Vers.
903 762 985 833 2.)
1035 763 1108 817 Ει
1152 761 1264 815 vidi
1301 767 1489 832 septem
1534 762 1747 831 angelos
1781 768 1975 816 stantes
2006 764 2059 817 in
2094 779 2212 817 con-

616 858 790 925 spectu
824 851 939 919 Dei,
971 857 1018 905 et
1043 851 1181 906 datm
1206 857 1331 905 sunt
1358 851 1468 906 illis
1498 858 1686 922 septem
1720 851 1871 906 tubte.
1906 851 2054 907 Ordo
2083 851 2209 907 isto-

616 960 737 998 rum
791 949 996 1013 septem
1046 941 1363 1011 angelorum
1418 940 1473 996 in
1518 941 1872 1012 sequentibus
1914 948 2031 1008 est;
2082 959 2208 997 nam

613 1034 756 1090 sicut
788 1048 970 1104 praeco
1001 1039 1127 1086 ante
1157 1046 1334 1102 regem
1367 1038 1459 1085 aut
1487 1030 1789 1102 principem
1826 1030 2084 1098 mittitur,
2115 1032 2208 1103 qui

613 1125 731 1197 ejus
752 1124 1051 1180 adventum
1074 1122 1366 1179 annuntiat
1391 1141 1404 1189 ;
1430 1120 1505 1175 ita
1526 1129 1578 1176 et
1597 1122 1853 1187 Joannes,
1870 1120 1998 1193 quia
2018 1138 2212 1191 magna

613 1226 768 1275 erant
818 1232 937 1288 qum
982 1231 1077 1286 per
1105 1215 1325 1285 angelos
1355 1213 1805 1285 designabantur,
1865 1230 2053 1269 eorum
2104 1230 2209 1268 me-

613 1309 847 1366 moriam
879 1308 1054 1363 facere
1075 1306 1272 1373 voluit,
1295 1312 1586 1377 antequam
1618 1303 1685 1359 ad
1710 1320 1898 1360 eorum
1931 1304 2214 1359 narratio-

613 1415 739 1456 nem
764 1398 996 1455 veniret.

689 1518 871 1590 (Vers.
909 1516 989 1586 3.)
1024 1517 1099 1571 Et
1142 1515 1286 1570 alius
1336 1515 1555 1585 angelus
1594 1514 1754 1577 venit,
1812 1519 1861 1567 et
1909 1513 2047 1567 stetit
2095 1520 2215 1567 ante

614 1610 809 1672 altare,
859 1606 1049 1661 habens
1089 1605 1416 1659 thuribulum
1457 1620 1677 1658 aureum
1710 1604 1765 1656 in
1792 1620 1953 1657 manu
1983 1621 2122 1667 sua;
2167 1608 2215 1657 et

617 1699 745 1753 data
774 1702 897 1751 sunt
927 1696 973 1749 ei
1006 1694 1122 1765 (88)
1165 1695 1372 1748 incensa
1412 1693 1602 1759 multa,
1651 1698 1711 1746 ut
1738 1692 1889 1747 daret
1916 1693 1977 1747 de
2004 1694 2216 1746 oratio-

616 1788 773 1842 nibus
802 1791 1105 1839 sanclorum
1135 1783 1369 1837 omnium
1402 1798 1560 1852 super
1586 1783 1759 1836 altare
1804 1799 2025 1837 aureum
2071 1782 2211 1853 quod

617 1882 689 1930 est
718 1881 837 1930 ante
869 1873 1169 1928 Dominum.
1202 1872 1307 1926 Iste
1335 1872 1562 1941 angelus
1593 1870 1871 1927 Christum
1898 1871 2207 1942 significat;

618 1964 773 2021 venit
801 1973 1006 2026 autem,
1056 1960 1185 2033 quia
1215 1976 1310 2032 per
1348 1959 1745 2016 incarnationis
1792 1960 2118 2032 mysterium
2153 1961 2210 2015 in

618 2051 826 2109 mundo
856 2050 1143 2123 apparuit;
1198 2066 1292 2120 per
1321 2050 1491 2105 altare
1521 2057 1701 2103 autem
1751 2065 1977 2105 aureum
2024 2050 2211 2105 Eccle-

616 2143 696 2201 sia
752 2141 1086 2211 designatur.
1139 2138 1244 2205 Qui
1299 2146 1425 2193 ante
1479 2139 1650 2193 altare
1700 2139 1915 2193 stetisse
1966 2138 2207 2205 dicitur;

611 2231 826 2305 jacebat
882 2245 1117 2302 namque
1165 2229 1419 2286 Christus
1467 2228 1525 2282 in
1582 2228 1904 2295 incredulis,
1962 2229 2055 2300 qui
2086 2244 2209 2282 eum

616 2338 816 2394 purum
846 2320 1128 2375 hominem
1160 2317 1538 2374 aestimabant:
1572 2316 1748 2372 stabat
1769 2334 1903 2372 vero
1928 2335 2049 2373 cum
2084 2316 2212 2373 ﬁde-

619 2411 784 2478 libus,
825 2411 917 2482 qui
952 2426 1074 2463 eum
1110 2410 1282 2464 Deum
1332 2423 1521 2460 verum
1575 2423 1689 2460 esse
1728 2407 2039 2462 credebant.
2072 2410 2214 2463 Ante

616 2502 786 2557 altare
813 2517 940 2571 ergo
983 2498 1154 2565 stetit,
1204 2485 1332 2569 quia
1362 2496 1623 2567 apostolis
1659 2504 1711 2551 et
1741 2496 1951 2552 czeteris
1980 2497 2216 2552 creden-

616 2590 785 2657 tibus,
808 2606 877 2644 ex
907 2588 1108 2660 quibus
1133 2586 1379 2641 Ecclesia
1407 2593 1540 2640 tunc
1568 2585 1872 2651 constabat,
1895 2585 2042 2657 quod
2072 2587 2215 2641 Deus

615 2687 776 2747 esset,
811 2676 1204 2733 manifestavit.
1257 2675 1357 2729 Per
1408 2673 1759 2729 thuribulum
1802 2691 1935 2729 vero
1979 2675 2124 2746 quod
2154 2675 2210 2728 in

618 2787 784 2829 manu
830 2769 1070 2837 tenebat,
1121 2767 1287 2824 corda
1337 2770 1734 2842 apostolorum,
1784 2777 2214 2842 casterorumque

619 2859 867 2916 ﬁdelium
902 2858 1370 2913 demonstrantur.
1414 2857 1572 2925 Quod
1608 2874 1834 2912 aureum
1866 2857 2033 2913 fuisse
2076 2857 2211 2913 dici-

617 2958 727 3016 tur,
760 2947 891 3018 quia
916 2946 1081 3001 corda
1109 2945 1507 3017 discipulorum
1561 2962 1657 3017 per
1695 2945 1858 3001 [idem
1905 2946 2209 3017 puriﬁcata,

616 3047 670 3095 et
704 3054 800 3109 per
828 3036 1151 3107 sapientiam
1200 3052 1360 3108 quam
1394 3052 1424 3090 a
1454 3035 1672 3091 Christo
1699 3035 2024 3103 didicerant,
2059 3044 2212 3091 erant

618 3129 885 3183 inaurata.
902 3125 1059 3193 Quod
1081 3125 1428 3180 thuribulum
1452 3125 1509 3181 in
1534 3142 1699 3180 manu
1721 3126 1964 3181 tenuisse
1985 3125 2212 3195 dicitur,

613 3216 743 3289 quia
782 3215 949 3271 corda
978 3213 1352 3286 apostolorum
1402 3214 1461 3268 in
1509 3230 1677 3268 manu
1727 3213 1823 3269 Dei
1859 3221 2034 3281 erant,
2072 3213 2214 3268 sicut

616 3304 752 3361 dicit
773 3304 1029 3360 Salomon
1056 3321 1066 3359 :
1107 3330 1124 3349 -
1143 3302 1248 3359 Cor
1280 3302 1419 3373 regis
1449 3302 1506 3357 in
1535 3318 1701 3357 manu
1731 3302 1850 3369 Dei,
1887 3318 2215 3375 quocunque

616 3395 855 3451 voluerit
883 3391 1174 3449 inclinabit
1206 3392 1345 3447 illud
1383 3392 1572 3461 (Prov.
1603 3408 1723 3459 XXI,
1764 3392 1839 3462 1).
1875 3417 1892 3440 ι
1936 3391 2215 3464 Numquid

616 3502 711 3542 cor
768 3485 927 3539 istius
983 3482 1293 3539 Salomonis
1339 3481 1395 3535 in
1450 3498 1616 3536 manu
1659 3480 1755 3536 Dei
1804 3490 1939 3549 erat,
1993 3482 2213 3553 quando

620 3575 768 3630 idola
794 3573 1107 3629 adorabat?
1136 3572 1416 3645 Numquid
1447 3590 1541 3628 cor
1568 3572 1829 3628 Antiochi
1861 3582 1954 3629 aut
1984 3572 2215 3629 Herodis

619 3662 677 3717 in
709 3677 875 3716 manu
918 3661 1017 3715 Dei
1069 3661 1229 3715 erat?
1274 3659 1554 3732 Numquid
1590 3661 1755 3716 corda
1787 3678 1971 3732 regum
2003 3673 2218 3718 sanctos

622 3750 719 3806 Dei
750 3750 1193 3823 persequentium
1242 3751 1299 3805 in
1340 3767 1505 3805 manu
1545 3751 1642 3805 Dei
1704 3752 1910 3806 erant?
1953 3752 2014 3806 In
2053 3769 2217 3807 manu

622 3840 828 3899 diaboli
862 3850 1037 3909 erant,
1092 3840 1186 3913 qui
1212 3840 1279 3895 ad
1310 3856 1649 3912 quaecunque
1678 3842 1907 3896 volebat
1950 3841 2214 3911 facinora,

617 3950 683 3990 ea
712 3932 1060 3988 inclinabat:
1102 3932 1267 3988 corda
1317 3950 1446 3987 vero
1494 3949 1680 4004 regum
1716 3931 2114 4004 spiritualium,
2162 3933 2219 3990 id

621 4031 722 4091 est,
754 4031 1066 4079 sanctorum
1098 4022 1155 4076 in
1188 4038 1353 4076 manu
1382 4022 1482 4077 Dei
1508 4030 1669 4088 sunt;
1723 4030 1776 4077 et
1806 4021 1931 4078 ideo
1963 4039 2220 4095 quocun-

620 4129 725 4187 que
754 4112 1013 4180 voluerit,
1044 4112 1335 4168 inclinabit
1362 4128 1442 4168 ea.

699 4235 844 4292 535
876 4232 895 4252 ‘
926 4229 1216 4303 Sequitur:
1250 4231 1322 4285 Et
1342 4230 1468 4284 data
1489 4229 1908 4284 sunteiincensa
1922 4232 2110 4287 multa.
2134 4232 2218 4286 In-

620 4342 778 4384 censa
793 4328 966 4384 multa
980 4338 1247 4401 praecepta
1263 4337 1391 4384 sunt
1412 4328 1728 4400 Evangelii;
1754 4329 1974 4384 incensa
1994 4329 2141 4384 enim
2162 4329 2219 4385 in

622 4416 910 4472 thuribulo
934 4428 1311 4489 ponuntur,ut
1331 4420 1510 4474 calore
1543 4420 1684 4490 ignis
1713 4429 1955 4491 accepto,
1980 4420 2218 4491 fragran-

2319 476 2400 526 χι,
2433 459 2549 530 42).
2579 484 2596 507 ι
2631 460 2702 514 Et
2725 459 2783 513 in
2813 460 2923 514 alio
2954 460 3075 515 loco
3103 459 3354 532 scriptum
3382 473 3453 520 est
3479 486 3489 522 :
3522 493 3537 514 ι
3562 470 3790 548 Sicutaqua

2321 549 2628 620 exstinguit
2662 550 2861 620 ignem,
2896 550 2973 603 ita
3003 550 3339 621 eleemosyua
3366 555 3628 628 exstinguit
3652 578 3793 631 pem-

2322 646 2439 692 tum
2477 638 2670 707 (Eccli.
2707 656 2789 705 Ill,
2822 638 2937 705 33).
2972 664 2990 685 ι
3032 639 3203 694 Orant
3231 641 3383 696 etiam
3413 643 3687 705 dimittenda
3712 669 3793 722 pro-

2323 729 2516 796 ximis,
2551 747 2670 803 quae
2700 730 2758 785 in
2785 730 2865 785 eis
2892 731 3263 803 deliquerunt,
3298 732 3432 788 sicut
3457 735 3679 793 Dominus
3702 740 3797 797 dicit

2321 819 2376 873 in
2418 818 2761 890 Evangelio:
2811 844 2829 865 ι
2863 819 2919 874 Si
2969 820 3285 877 remiseritis
3328 820 3607 879 hominibus
3643 840 3797 896 peccata

2318 928 2533 980 eorum,
2565 920 2618 967 et
2639 912 2800 969 Pater
2828 920 3011 968 vester
3036 913 3270 970 ccelestis
3305 914 3522 971 dimittet
3560 917 3687 973 vobis
3716 939 3797 992 pec-

2316 1009 2437 1057 cata
2482 1009 2664 1057 vestra
2695 1003 2907 1073 (Matth.
2941 1020 3017 1070 v1,
3053 1003 3165 1073 15).
3201 1028 3218 1051 ι
3261 1004 3421 1059 Orant
3462 1006 3801 1067 nihilominusel

2322 1098 2591 1163 praecepta
2632 1092 2917 1148 charitatis
2946 1093 3237 1160 servando,
3291 1096 3692 1167 quemadmodum
3714 1102 3799 1154 scri-

2322 1189 2477 1252 ptum
2506 1191 2607 1250 est,
2665 1182 2797 1255 quia
2862 1183 3120 1238 universa
3195 1184 3387 1239 delicta
3439 1186 3594 1256 operit
3633 1188 3802 1244 charitas

2325 1273 2527 1343 (Jacob.
2561 1291 2617 1340 v,
2652 1273 2767 1339 20).
2801 1274 2896 1329 Ille
2926 1275 3097 1347 igitur
3124 1275 3410 1332 salubriter
3436 1285 3541 1332 orat
3561 1279 3717 1346 Deum,
3740 1282 3799 1351 qui

2322 1371 2501 1417 servat
2542 1362 2797 1417 mandata
2826 1363 2922 1419 Dei
2951 1382 2963 1424 ;
2998 1364 3138 1419 nihil
3168 1366 3313 1420 enim
3358 1366 3560 1437 prodest
3595 1368 3804 1424 nobiscle-

2322 1452 2583 1507 mentiam
2625 1454 2722 1509 Dei
2758 1453 2941 1510 verbis
2969 1454 3283 1526 implorare,
3315 1463 3365 1511 et
3392 1457 3620 1527 operibus
3638 1458 3801 1513 irritare.

2322 1544 2496 1613 Super
2524 1542 2693 1598 altare
2723 1559 2851 1615 ergo
2880 1559 3106 1598 aureum
3138 1544 3205 1599 de
3232 1544 3553 1600 orationibus
3576 1553 3804 1601 sanctorum

2322 1631 2474 1687 dedit
2502 1634 2666 1700 Deus,
2700 1633 2919 1704 quando
2950 1650 3115 1705 super
3143 1633 3309 1689 corda
3335 1633 3641 1689 credentium
3679 1634 3803 1701 ﬁdem,

2244 1742 2289 1802 Β
2321 1720 2625 1776 doctrinam
2705 1729 2965 1794 actusque
3033 1723 3421 1794 apostolorum,
3476 1731 3807 1794 ceterorumque

2321 1809 2738 1880 [medicatorum
2773 1810 2986 1882 posuit;
3039 1820 3102 1866 ut
3150 1810 3412 1868 haberent
3439 1812 3571 1867 unde
3598 1811 3808 1867 erudireno

2321 1906 2413 1953 tur
2431 1907 2484 1954 et
2510 1898 2644 1972 quid
2671 1899 3042 1955 imitarentur.

2395 1988 2557 2057 (Vers
2584 1988 2663 2060 4.)
2699 1989 2853 2049 Unde.
2879 1998 2932 2045 et
2953 1990 3221 2063 sequitur.
3245 1992 3317 2047 Et
3332 1990 3548 2046 ascendit
3569 1990 3809 2060 fumusara-

2322 2085 2521 2133 matum
2550 2079 2611 2132 de
2650 2079 2979 2133 orationibus
3007 2088 3332 2147 sanctorum,
3363 2082 3421 2134 de
3461 2097 3606 2135 manu
3629 2079 3758 2150 angeli
3779 2079 3810 2129 in

2320 2174 2590 2238 conspectu
2636 2169 2752 2223 Dei.
2795 2168 2895 2223 Per
2947 2169 3162 2224 fumum
3215 2180 3510 2226 aromatum
3560 2186 3653 2224 non
3694 2169 3810 2223 solum

2324 2260 2595 2313 orationes
2623 2256 2893 2325 ﬁdelium,
2927 2257 3021 2313 sed
3051 2268 3105 2314 ct
3138 2260 3432 2331 fragrantia
3461 2259 3693 2314 bonorum
3723 2273 3812 2327 ope-

2324 2361 2443 2401 rum
2478 2344 2815 2415 designatur,
2848 2362 2967 2417 quze
3010 2347 3078 2402 ab
3127 2347 3374 2402 Ecclesia
3420 2346 3814 2401 indesinenteras—

2324 2437 2585 2493 cenditin
2621 2449 2915 2510 conspectu
2946 2440 3065 2496 Dei.
3102 2441 3209 2508 Qui
3243 2441 3425 2495 fumus
3451 2440 3512 2495 de
3533 2455 3671 2494 manu
3693 2435 3813 2506 angeli

2324 2526 2686 2583 conscendere
2733 2527 2939 2583 dicitur
2984 2547 2995 2583 :
3056 2529 3189 2600 quia
3244 2528 3505 2602 quidquid
3540 2527 3651 2583 boni
3691 2524 3817 2579 ﬁdeles

2326 2616 2553 2685 faciunt,
2588 2626 2851 2689 operante
2872 2620 2984 2673 Deo
3008 2619 3241 2688 faciunt,
3256 2618 3396 2674 sicut
3414 2617 3541 2673 dicit
3561 2616 3681 2688 ipse:
3713 2613 3816 2667 «Sine

2326 2726 2410 2765 me
2438 2709 2579 2764 nihil
2604 2712 2827 2781 potestis
2858 2712 3035 2768 facere
3066 2714 3235 2783 (Joan
3289 2730 3386 2780 xv,
3414 2711 3490 2783 5).
3533 2735 3550 2757 ι

2398 2800 2581 2870 (Vers.
2613 2801 2695 2871 5.)
2743 2803 2819 2856 Et
2863 2803 3059 2872 accepit
3106 2804 3327 2875 angelus
3377 2794 3819 2862 thuribulum,elim-

2316 2890 2480 2960 pluvit
2511 2891 2649 2945 illud
2677 2891 2738 2944 de
2774 2891 2890 2961 igne
2930 2892 3146 2960 altaris,
3194 2898 3242 2947 et
3297 2891 3435 2945 misit
3484 2890 3535 2944 in
3583 2895 3754 2943 terram.
3777 2882 3821 2935 Et

2320 2978 2465 3048 facta
2494 2987 2617 3034 sunt
2641 2980 2884 3052 fulgura,
2933 2999 3095 3050 voces,
3146 2990 3195 3037 et
3227 2982 3476 3048 tonitrua,
3519 2985 3561 3032 et
3601 2984 3723 3030 terra
3744 2988 3821 3024 ino-

2245 3104 2288 3163 η
2323 3075 2404 3122 tus
2436 3068 2574 3140 (89).
2612 3070 2712 3124 Per
2743 3070 2922 3163 ignem
2982 3071 3228 3163 Spiritus
3274 3076 3492 3163 sanctus
3539 3065 3819 3163 designatur:

2324 3160 2547 3229 angelus
2569 3159 2771 3231 itaque,
2805 3159 2858 3213 id
2886 3169 2987 3227 est,
3026 3159 3285 3217 Christus
3314 3158 3655 3219 thuribulum,
3682 3151 3724 3205 id
3755 3154 3819 3210 tsi,

2323 3248 2490 3303 corda
2517 3247 2937 3319 discipulorum,
2969 3248 3035 3303 de
3067 3249 3198 3320 igne
3227 3249 3433 3315 altaris,
3467 3245 3517 3302 id
3543 3251 3631 3308 est,
3664 3239 3715 3295 de
3746 3235 3821 3305 Spi-

2324 3337 2436 3391 ritu
2464 3344 2651 3392 sancto
2678 3337 2928 3409 implevit
2950 3355 2963 3404 ;
2983 3339 3210 3409 quando
3232 3346 3351 3411 post
3372 3334 3701 3392 ascensionem
3722 3343 3820 3383 suae

2325 3425 2384 3481 in
2413 3426 2631 3494 cmlum,
2661 3426 2875 3481 decimo
2896 3426 2985 3482 die
3015 3428 3232 3499 Spiritu
3260 3434 3447 3483 sancto
3471 3424 3618 3480 misso
3641 3419 3695 3475 de
3716 3414 3820 3471 calo.

2324 3514 2489 3571 corda
2519 3515 2917 3587 discipulorum
2948 3515 3234 3588 implevit,
3263 3535 3327 3574 ac
3357 3515 3624 3573 scientiam
3650 3505 3820 3563 omnium

2326 3604 2637 3676 linguarum
2667 3605 2839 3662 dedit.
2873 3606 2945 3662 Et
2974 3606 3018 3661 si
3058 3623 3159 3678 per
3188 3609 3360 3663 altare
3391 3602 3615 3660 Ecclesia
3638 3595 3822 3686 designa-

2326 3701 2436 3761 tur,
2460 3711 2579 3759 ,συι-
2607 3695 2844 3765 Spiritus
2875 3704 3097 3752 sanctus
3129 3705 3424 3769 antequam
3480 3694 3689 3755 daretur,
3732 3683 3823 3752 ignis

2325 3783 2511 3838 altaris
2576 3800 2691 3838 esse
2746 3783 2967 3851 dicitus,
3025 3786 3173 3842 sicut
3223 3785 3369 3841 idem
3424 3784 3639 3838 Joannes
3681 3770 3819 3828 dicit:

2337 3896 2355 3919 ι
2396 3873 2651 3928 Nondum
2685 3882 2799 3929 erat
2828 3874 3066 3945 Spiritus
3094 3876 3265 3931 datus
3298 3893 3311 3939 ;
3337 3873 3465 3946 quia
3490 3872 3627 3926 Jesus
3653 3859 3823 3919 nondum

2324 3962 2501 4019 fuerat
2534 3965 2870 4035 gloriﬁcatus
2904 3967 3084 4036 (Joan.
3140 3985 3243 4034 vn,
3295 3965 3388 4035 29)
3412 3965 3438 4019 ‘l
3474 3988 3490 4009 ι
3544 3958 3633 4015 Sed
3661 3950 3824 4042 Spiritu:

2324 4063 2543 4109 sanctus
2570 4062 2861 4126 antequam
2891 4055 3136 4125 daretur,
3194 4055 3342 4128 ignis
3371 4052 3551 4109 altaris
3577 4054 3673 4104 erat
3697 4061 3708 4107 ς
3744 4049 3824 4128 illi”

2325 4159 2421 4213 per
2451 4143 2793 4199 remissionis
2824 4144 3053 4213 gratiam
3077 4144 3197 4216 jam
3222 4126 3348 4200 eum
3382 4139 3621 4200 Ecclesiae
3660 4126 3823 4225 posside:

2326 4233 2438 4288 bat.
2471 4234 2608 4288 Nam
2640 4234 2911 4291 Dominus
2940 4243 3064 4291 ante
3112 4236 3427 4307 passionem
3461 4247 3600 4289 suam
3648 4219 3824 4298 promis"

2325 4339 2383 4377 se
2414 4322 2679 4394 Spiritum
2731 4334 2980 4381 sanctum
3033 4324 3298 4382 daturum
3349 4320 3618 4393 discipulis
3655 4308 3823 4401 suiszti

2327 4414 2473 4469 idem
2504 4416 2738 4470 Joannes
2768 4432 2893 4471 cum
2925 4416 3093 4471 verba
3120 4416 3348 4487 Caiphae
3377 4412 3626 4486 posuisset
3646 4403 3821 4460 dicenti-‘3

624 4505 756 4561 tiam
789 4506 976 4561 odoris
1002 4507 1085 4563 sui
1116 4507 1542 4580 circumquaque
1571 4518 1828 4581 spargant
1854 4527 1864 4564 :
1890 4510 2147 4566 similiter
2166 4521 2213 4568 et

2250 4472 2295 4529 D
2340 4526 2357 4549 α
2388 4504 2628 4575 Expedit
2656 4504 2837 4573 vobis,
2880 4512 2940 4560 ut
2988 4472 3145 4561 unus
3180 4472 3453 4559 mloriatlur
3497 4500 3644 4554 homo
3667 4505 3740 4563 pro
3759 4497 3824 4580 PP‘

623 4592 878 4650 Christus
907 4594 1213 4650 doctrinam
1246 4595 1531 4667 Evangelii
1556 4595 1611 4649 in
1634 4596 1891 4652 cordibus
1920 4597 2216 4670 discipulo-

624 4698 745 4737 rum
776 4697 1000 4737 suorum
1033 4684 1237 4754 posuit,
1288 4685 1381 4756 qui
1437 4685 1561 4756 igne
1610 4684 1898 4741 charitatis
1944 4687 2214 4755 succensi,

625 4770 847 4827 odorem
880 4771 1008 4827 fidei
1039 4773 1160 4828 suae
1182 4790 1276 4844 per
1295 4791 1485 4830 omnes
1506 4784 1690 4845 gentes
1714 4785 2047 4846 sparserunt.
2064 4776 2215 4832 Unde

625 4872 678 4919 et
704 4864 952 4936 sequitur
985 4882 996 4919 :
1044 4865 1108 4921 Ut
1134 4864 1283 4919 daret
1312 4866 1373 4919 de
1410 4866 1735 4920 orationibus
1781 4872 2083 4921 sanctorum
2111 4885 2216 4921 om-

622 4952 771 5006 nium
829 4969 987 5022 super
1032 4954 1206 5007 altare
1252 4970 1475 5007 aureum
1525 4955 1664 5024 quod
1718 4961 1790 5009 est
1845 4956 1901 5009 in
1949 4962 2215 5026 conspectu

623 5042 741 5099 Dei.
776 5041 984 5096 Genera
1016 5042 1324 5098 orationum
1365 5043 1525 5113 plura
1566 5048 1730 5110 sunt;
1779 5053 1936 5098 orant
1982 5060 2216 5116 namque

622 5132 812 5189 ﬁdeles
863 5133 1067 5201 verbis,
1117 5134 1291 5188 Deum
1339 5130 1708 5204 deprecantes,
1759 5142 1819 5189 ut
1865 5133 2218 5190 dimittantur

621 5223 701 5279 eis
740 5224 927 5279 omnia
980 5231 1198 5295 peccata
1253 5238 1486 5279 eorum:
1545 5230 1703 5279 orant
1749 5232 1803 5279 et
1845 5225 2217 5295 eleemosynas

622 5310 927 5386 largiendo,
950 5312 1093 5369 sicut
1122 5311 1259 5368 dicit
1289 5311 1559 5370 Dominus
1587 5313 1646 5368 in
1675 5311 2009 5384 Evangelio:
2040 5336 2059 5359 ι
2080 5314 2215 5369 Date

694 5534 811 5608 (88)
854 5535 1010 5594 Rom.
1060 5534 1193 5592 edit.
1241 5544 1597 5604 resecaverat,
1645 5540 1693 5590 et
1736 5536 1864 5591 data
1901 5541 2023 5592 sunt
2051 5535 2211 5596 ei.....

621 5614 741 5664 ante
766 5608 1049 5665 Dominum
1084 5626 1095 5665 :
1139 5608 1226 5663 vel
1257 5615 1319 5663 ut
1349 5608 1505 5677 Gill.,
1533 5614 1654 5662 ante
1682 5609 1944 5664 thronum.

2326 4593 2476 4664 pulo,
2504 4601 2557 4648 et
2591 4611 2701 4649 non
2747 4603 2861 4651 tota
2918 4610 3047 4666 gens
3080 4601 3270 4665 pereat
3302 4594 3480 4666 (Joan.
3511 4607 3582 4653 xr,
3621 4582 3753 4672 50),:

2325 4683 2455 4738 tulit
2483 4682 2673 4739 dicens
2704 4701 2715 4737 :
2765 4707 2781 4728 ι
2824 4683 2938 4739 Hoc
2970 4693 3167 4740 autem
3208 4701 3241 4738 a
3285 4681 3569 4751 semetipso
3604 4687 3692 4729 non
3715 4665 3825 4753 dixit,

2325 4772 2415 4827 sed
2447 4789 2571 4827 cum
2597 4780 2735 4827 esset
2765 4773 3015 4844 pontifex
3041 4773 3173 4828 anni
3220 4772 3393 4840 illius,
3424 4758 3826 4843 prOphetaviUlum

2324 4861 2480 4915 Jesus
2509 4862 2812 4916 moriturus
2840 4868 2951 4917 erat
2993 4878 3090 4933 pro
3121 4871 3287 4933 gente
3316 4880 3329 4927 ;
3362 4871 3411 4916 et
3440 4873 3541 4914 non
3570 4857 3741 4909 tantum
3765 4848 3827 4933 ΡΨ

2326 4959 2503 5022 gente,
2528 4952 2621 5007 sed
2644 4962 2704 5007 ut
2722 4952 2867 5007 ﬁlios
2894 4931 3108 5025 Deivqui
3126 4931 3365 5025 dispersi
3385 4931 3827 5014 erant,congf€‘-Sam

2327 5041 2383 5096 in
2414 5058 2585 5096 unum
2605 5043 2765 5107 (Ibid.
2788 5044 2879 5111 51,
2902 5044 3041 5113 5ft).-
3069 5041 3358 5114 Numquid
3382 5040 3419 5095 ii
3440 5036 3527 5110 qui
3554 5036 3602 5089 in
3623 5025 3825 5120 Christi?!"

2325 5131 2587 5187 credituri
2603 5141 2778 5200 erant,
2800 5132 2892 5204 qui
2919 5148 3011 5203 per
3032 5132 3326 5187 universas
3353 5138 3529 5203 gentes
3547 5112 3736 5208 dispfifSi

2326 5220 2394 5276 lis
2409 5221 2740 5290 serviebant,
2759 5197 2859 5277 alii
2890 5197 2988 5277 net
3026 5223 3237 5279 erant?
3268 5197 3437 5277 Erant
3461 5218 3624 5287 itaque
3644 5205 3738 5298 iam.
3758 5197 3826 5298 ﬁli}

2323 5309 2424 5366 Dei
2466 5327 2562 5383 per
2598 5311 3172 5383 praedestinationem;
3233 5312 3364 5386 quia
3387 5308 3497 5382 jam
3531 5290 3824 5376 praedestinati

2398 5539 2514 5614 (89)
2540 5542 2611 5598 Εἰ
2629 5538 2773 5612 facta
2795 5544 3029 5600 sunt.....
3052 5545 3104 5598 et
3124 5546 3287 5598 terrm
3306 5543 3491 5607 motus,
3513 5533 3565 5590 in
3585 5528 3714 5586 Rom.
3731 5507 3825 5571 edit.

2324 5612 2444 5670 loco
2473 5612 2623 5671 mota
2649 5623 2796 5671 sunt.
