4060 6208
263 283 368 340 933

263 506 377 553 stea
422 495 480 549 in
526 510 720 561 unum,
754 495 974 568 quando
1007 512 1103 567 per
1148 495 1334 563 ﬁdem,
1366 513 1528 568 quam
1560 496 1619 551 in
1649 495 1869 568 baptis-

261 593 404 641 mate
450 593 828 655 susceperunt,
886 586 1101 656 corpori
1146 586 1406 642 Ecclesiae
1454 593 1582 641 sunt
1649 585 1864 642 sociati.

262 676 411 731 Misit
435 692 563 746 ergo
590 676 814 747 angelus
841 676 1040 747 ignem,
1078 693 1237 749 quem
1276 678 1331 732 in
1364 677 1651 734 thuribulo
1688 694 1865 749 posu-

260 773 394 832 erat,
442 764 501 820 in
550 774 792 831 terram;
848 764 977 838 quia
1033 766 1339 821 doctrinam
1387 766 1540 835 ﬁdei,
1596 783 1757 839 quam
1809 766 1868 821 in

257 855 520 911 cordibus
548 856 918 926 apostolorum
952 864 1221 926 posuerat,
1265 872 1361 927 per
1389 856 1690 910 adventum
1733 855 1867 926 Spi-

258 943 397 1001 ritus
425 944 601 999 sancti
631 943 691 999 in
720 944 978 999 cordibus
1008 945 1349 1011 Iudaeorum,
1400 945 1493 1016 qui
1540 960 1636 1015 per
1690 943 1865 1000 incre-

256 1033 547 1089 dulitatem
586 1042 727 1089 terra
761 1041 936 1101 erant,
970 1051 1065 1106 per
1104 1050 1199 1089 ora
1228 1034 1601 1106 apostolorum
1646 1032 1860 1089 eﬁudit.

328 1123 491 1177 Facta
543 1129 665 1176 sunt
708 1122 950 1193 fulgura,
1001 1140 1166 1189 voces,
1212 1128 1259 1177 et
1298 1123 1556 1190 tonitrua,
1615 1128 1662 1177 et
1709 1129 1864 1176 terrae

254 1216 449 1266 motus.
482 1212 582 1266 Per
620 1211 837 1282 fulgura
868 1212 1103 1266 virtutes
1144 1227 1262 1283 qua:
1307 1227 1404 1282 per
1450 1213 1728 1281 apostolos
1770 1210 1861 1265 ﬁe-

253 1299 411 1364 bant,
473 1318 569 1372 per
620 1317 783 1355 voces
830 1300 1165 1372 praedicatio.
1224 1316 1318 1370 per
1383 1299 1632 1354 tonitrua
1677 1306 1859 1355 autem

253 1389 615 1446 comminatio
642 1391 786 1462 ignis
818 1390 1011 1446 aeterni
1038 1391 1356 1462 designatur
1390 1410 1401 1447 :
1436 1408 1533 1462 per
1561 1398 1718 1446 terras
1748 1408 1860 1445 mo-

253 1486 343 1533 tus
373 1495 504 1534 vero
558 1480 977 1535 conversionem
1018 1481 1332 1536 Iudaeorum
1383 1497 1672 1552 possumus
1700 1480 1861 1535 intel-

254 1566 418 1638 ligere
450 1586 464 1634 ;
516 1569 770 1624 conversi
813 1576 943 1624 sunt
988 1586 1223 1641 namque
1252 1569 1321 1625 ad
1352 1569 1733 1641 paenitentiam
1768 1584 1862 1639 per

250 1655 701 1727 praedicationem
729 1657 874 1713 beati
910 1657 1074 1725 Petri,
1121 1658 1265 1713 sicut
1296 1657 1435 1713 liber
1462 1661 1704 1713 Actuum
1734 1673 1859 1727 apo-

1144 280 1606 338 BERENGAUDI
1646 279 2026 337 EXPOSITIO
2064 279 2135 337 IN
2174 281 2681 340 APOCALYPSIN.

262 414 417 464 erant
444 405 512 461 ad
536 406 708 462 vitam
738 412 1019 461 aeternam.
1066 405 1393 479 Congregati
1440 416 1569 463 sunt
1600 424 1729 462 vero
1758 423 1866 478 po-
1895 410 1944 468 A

3470 289 3576 345 934

2050 408 2233 479 (Vers.
2266 407 2347 479 6.)
2376 410 2447 463 Et
2466 416 2655 481 septem
2690 409 2864 479 angeli
2888 416 3217 480 paraverunt
3244 428 3315 479 se,
3351 419 3409 467 ut
3438 414 3575 469 tubis

1976 504 2239 553 canerent.
2273 499 2375 553 Per
2419 498 2560 554 tuba:
2604 507 2823 555 cantum
2858 501 3038 561 536*
3069 500 3387 572 praedicatio
3416 501 3574 557 desi-

1978 602 2212 665 gnatur;
2246 593 2630 666 praedicatores
2660 596 2862 667 quippe
2902 596 3078 651 sancti
3119 597 3185 652 ad
3218 596 3323 653 hoc
3359 615 3575 671 semper

1976 690 2151 753 parati
2181 683 2480 749 exsistunt,
2514 691 2575 737 ut
2596 701 2950 757 quoscunque
2980 694 3225 756 possunt,
3252 702 3346 757 per
3370 687 3572 744 doctri-

1976 787 2101 826 nam
2132 788 2243 827 sua:
2275 771 2682 843 praedicationis
2710 775 2823 828 Deo
2848 774 3154 845 acquirunt.

2050 861 2230 932 (Vers.
2284 862 2362 933 7.)
2411 865 2485 917 Et
2526 863 2736 933 primus
2781 865 2998 933 angelus
3048 863 3170 916 tuba
3219 863 3419 918 cecinit.
3470 865 3572 919 Per

1974 949 2215 1020 primum
2262 952 2536 1023 angelum,
2570 952 2711 1006 sicut
2743 949 2857 1023 jam
2893 951 3160 1019 diximus,
3189 952 3572 1023 praedicatores

1974 1038 2067 1110 qui
2116 1048 2241 1094 ante
2286 1040 2456 1112 legem
2495 1040 2738 1109 fuerunt,
2781 1040 3155 1112 designantur.
3189 1042 3408 1097 Primus
3445 1057 3573 1114 ergo

1969 1130 2195 1199 angelus
2215 1130 2347 1186 tuba
2375 1131 2596 1199 cecinit,
2630 1133 2759 1203 quia
2780 1132 2951 1187 sancti
2982 1132 3089 1187 viri
3122 1133 3218 1205 qui
3248 1140 3376 1189 ante
3397 1134 3569 1205 legem

1971 1217 2214 1286 fuerunt,
2246 1220 2500 1292 quamvis
2532 1221 2736 1276 nullam
2774 1222 2944 1293 legem
2979 1222 3243 1277 haberent
3273 1222 3380 1278 nisi
3414 1232 3570 1281 natu-

1970 1308 2162 1377 ralem,
2216 1308 2320 1365 hoc
2362 1309 2784 1383 quibuscunque
2834 1320 3105 1383 poterant,
3161 1314 3398 1369 suasisse
3442 1330 3572 1371 cre—

1970 1398 2135 1454 dendi
2165 1408 2294 1455 sunt
2325 1400 2466 1472 (92),
2499 1408 2560 1455 ut
2588 1403 2762 1456 Deum
2792 1409 3091 1457 creatorem
3123 1419 3285 1459 suum
3310 1403 3572 1459 timerent

1970 1494 2132 1558 atque
2161 1488 2475 1560 diligerent,
2506 1499 2560 1545 et
2589 1490 2736 1562 quod
2758 1490 2881 1563 quis
2906 1491 3017 1562 pati
3049 1508 3159 1546 non
3189 1492 3378 1560 vellet,
3411 1492 3570 1547 alteri

1971 1592 2082 1630 non
2125 1576 2345 1632 faceret.
2380 1580 2453 1632 Et
2481 1579 2625 1648 facta
2654 1587 2730 1634 est
2755 1580 2959 1651 grando
2993 1588 3041 1636 et
3068 1581 3223 1652 ignis,
3257 1582 3411 1637 mista
3449 1599 3569 1638 san-

1970 1664 2143 1734 guine,
2170 1671 2216 1718 et
2256 1666 2473 1720 missum
2519 1674 2593 1721 est
2636 1669 2691 1722 in
2730 1675 2945 1725 terram.
2988 1672 3067 1725 Ea
3095 1687 3215 1743 quas
3241 1680 3447 1743 septem
3477 1686 3569 1727 au-

249 1744 522 1799 stolorum
567 1754 756 1802 narrat
791 1764 802 1801 :
845 1770 863 1792 ι
894 1745 986 1813 lis,
1020 1745 1223 1819 inquit,
1265 1746 1490 1813 auditis,
1541 1743 1861 1817 compuncti
1889 1767 1935 1828 Β
1971 1753 2104 1824 gelis
2120 1753 2270 1809 tubis
2287 1754 2615 1811 canentibus
2634 1756 2778 1812 facta
2797 1757 2965 1813 fuisse
2981 1759 3098 1814 visa
3118 1767 3267 1827 sunt,
3287 1760 3345 1814 in
3367 1759 3569 1815 bonam

247 1840 376 1887 sunt
419 1832 612 1898 corde,
659 1841 713 1888 et
756 1833 1021 1890 dixerunt
1056 1833 1124 1889 ad
1170 1835 1394 1890 Petrum
1428 1842 1482 1889 et
1509 1835 1577 1889 ad
1615 1834 1859 1905 reliquos

246 1922 532 1990 apostolos
567 1940 577 1977 :
614 1922 739 1977 Viri
773 1922 989 1990 fratres,
1035 1922 1171 1994 quid
1220 1922 1485 1977 faciemus
1514 1922 1543 1977 ?
1573 1921 1858 1977 Ostendite

248 2010 411 2066 nobis
450 2012 591 2083 (Act.
632 2029 692 2079 ιι,
740 2013 855 2085 37).
903 2039 921 2061 ι
982 2014 1053 2068 Ει
1102 2013 1158 2067 in
1194 2012 1551 2086 sequentibus
1590 2012 1854 2084 scriptum

246 2106 349 2166 est,
384 2098 523 2173 quia
551 2099 619 2155 ad
646 2100 787 2157 hanc
831 2101 1063 2173 primam
1096 2100 1241 2155 Petri
1273 2100 1715 2173 praedicationem
1745 2117 1857 2156 cre-

244 2186 516 2244 diderunt
547 2205 615 2244 ex
647 2177 759 2244 illis
787 2190 892 2244 tria
925 2189 1117 2257 millia,
1148 2198 1334 2261 postea
1368 2207 1501 2245 vero
1540 2190 1853 2246 innumera-

243 2272 401 2331 biles.
448 2277 606 2333 Hunc
637 2277 841 2349 ignem,
876 2277 931 2333 id
958 2285 1057 2345 est,
1090 2277 1359 2349 Spiritum
1390 2286 1661 2347 sanctum,
1694 2295 1857 2350 super

246 2380 345 2419 nos
392 2366 497 2439 qui
548 2374 691 2421 terra
734 2383 943 2433 sumus,
989 2366 1367 2423 misericordia
1412 2366 1633 2422 Domini
1680 2366 1855 2423 nostri

244 2452 367 2509 Jesu
419 2455 634 2512 Christi
678 2456 958 2512 effundere
997 2457 1275 2529 dignetur,
1323 2464 1385 2513 ut
1435 2473 1505 2512 ex
1542 2459 1855 2514 carnalibus

244 2544 527 2616 spiritales
573 2546 892 2614 efﬁciamur,
933 2547 1029 2619 qui
1061 2547 1203 2601 vivit
1244 2555 1298 2603 et
1337 2557 1527 2619 regnat
1556 2548 1613 2603 in
1658 2548 1857 2605 saecula

244 2635 604 2702 saeculorum,
643 2650 803 2690 amen
840 2634 980 2707 (99).

679 2733 773 2787 DE
808 2732 1090 2790 VISIONE
1118 2734 1427 2802 QUARTA.

319 2827 516 2883 Gratia
548 2829 777 2885 Domini
821 2830 994 2885 nostri
1046 2831 1172 2887 Jesu
1218 2831 1421 2889 Christi
1467 2830 1751 2902 largiente,
1788 2829 1855 2885 de

248 2916 633 2989 apertionibus
660 2927 866 2991 septem
896 2919 1204 2992 sigillorum
1229 2938 1398 2993 pauca
1416 2919 1682 2985 diximus,
1708 2934 1855 2974 nunc

250 3005 316 3061 de
341 3015 509 3062 cantu
541 3007 797 3063 tubarum
851 3017 1053 3081 septem
1087 3010 1428 3080 angelorum,
1461 3009 1555 3080 qui
1586 3006 1854 3078 sequitur,

1968 1850 2197 1913 partem,
2230 1844 2373 1899 sicut
2408 1843 2546 1898 mihi
2593 1844 2833 1913 videtur,
2864 1847 3183 1918 accipienda
3220 1856 3349 1903 sunt
3383 1866 3393 1903 :
3427 1847 3571 1904 sicut

1968 1949 1997 1988 e
2043 1934 2326 1990 contrario
2381 1935 2578 1991 effusio
2618 1936 2929 2008 phialarum
2980 1945 3186 2009 septem
3226 1939 3568 2009 angelorum,

1966 2040 2087 2097 quas
2117 2024 2385 2097 sequitur,
2428 2027 2486 2080 in
2517 2027 2735 2082 malam.
2768 2028 2869 2082 Per
2898 2026 3216 2099 grandinem
3252 2026 3421 2098 igitur
3450 2043 3571 2099 quae

1966 2113 2226 2184 percutit,
2267 2113 2432 2168 verba
2461 2122 2777 2169 sanctorum
2810 2115 3077 2183 virorum,
3107 2131 3226 2188 quae
3257 2115 3422 2172 corda
3452 2132 3570 2188 pra-

1965 2218 2160 2257 vorum
2195 2203 2487 2258 hominum
2532 2204 2810 2275 arguendo
2841 2204 3241 2275 percutiebant,
3275 2205 3568 2277 designan-

1964 2298 2074 2346 tur.
2112 2292 2243 2358 Quaa
2292 2292 2473 2365 ignem
2506 2302 2559 2348 et
2597 2293 2918 2363 sanguinem
2954 2294 3278 2365 permistum
3313 2294 3570 2351 habuisse

1963 2380 2296 2436 describitur
2323 2400 2334 2437 :
2368 2398 2463 2453 per
2494 2382 2675 2453 ignem
2708 2382 2945 2454 Spiritus
2974 2391 3192 2439 sanctus
3223 2382 3565 2455 designatur,

1964 2470 2146 2541 quiin
2194 2472 2399 2527 sanctis
2445 2471 2763 2529 inhabitans
2809 2472 2942 2541 suis,
2986 2473 3239 2528 minister
3268 2474 3564 2529 verborum

1964 2574 2152 2614 eorum
2181 2560 2432 2616 exstitit:
2464 2577 2559 2632 per
2588 2560 2911 2633 sanguinem
2943 2578 3073 2616 vero
3104 2561 3357 2619 Christus
3388 2562 3566 2617 intel-

1963 2647 2173 2719 ligitur,
2210 2649 2302 2721 qui
2334 2656 2387 2703 et
2418 2664 2450 2703 a
2478 2649 2732 2704 Patribus
2760 2665 2902 2721 saepe
2932 2648 3228 2720 praedictus
3248 2644 3362 2717 est,
3394 2658 3448 2705 et
3478 2666 3566 2705 eo-

1964 2754 2087 2792 rum
2132 2739 2345 2793 actibus
2380 2737 2797 2809 przeﬁguratus:
2851 2744 2996 2793 terra
3024 2748 3205 2795 autem
3236 2738 3422 2794 saeculi
3455 2738 3568 2794 ho-

1965 2827 2141 2881 mines
2174 2833 2396 2898 peccato
2425 2825 2678 2882 subditos
2707 2826 3066 2882 demonstrat.

2034 2917 2108 2970 Et
2136 2915 2289 2969 tertia
2314 2933 2447 2986 pars
2483 2921 2638 2970 terra:
2665 2915 2931 2970 combusta
2949 2921 3089 2971 est...
3123 2922 3171 2970 et
3198 2931 3346 2971 omne
3381 2915 3562 2987 fenum

1967 3007 2133 3061 viride
2158 3007 2479 3061 combustum
2505 3013 2596 3061 est.
2649 3005 2750 3061 Per
2777 3006 2993 3062 tertiam
3022 3015 3229 3078 partem
3260 3015 3418 3064 terra:
3448 3025 3562 3076 eos,

250 3096 434 3168 aliqua
485 3098 846 3169 proferamus.
901 3099 1003 3154 Per
1049 3107 1253 3169 septem
1309 3098 1530 3168 angelos
1578 3097 1852 3164 doctores,
1877 3133 1923 3194 G
1965 3097 2059 3169 qui
2092 3113 2186 3168 per
2224 3096 2535 3152 doctrinam
2579 3103 2633 3151 et
2667 3097 2918 3168 exempla
2961 3096 3232 3153 bonorum
3272 3098 3562 3154 hominum

253 3184 347 3255 qui
394 3185 459 3240 ad
492 3186 856 3241 erudiendum
902 3188 1168 3258 populum
1199 3185 1296 3240 Dei
1328 3202 1359 3239 a
1384 3187 1497 3240 Deo
1526 3184 1678 3239 missi
1706 3192 1854 3253 sunt,

253 3280 306 3327 et
339 3275 629 3329 mittentur
672 3291 844 3346 usque
890 3275 958 3330 ad
1002 3274 1189 3342 ﬁnem,
1222 3274 1597 3345 designantur.
1630 3274 1701 3329 Et
1730 3273 1860 3346 quia

253 3370 595 3417 sacramenta
624 3364 943 3418 divinarum
976 3363 1381 3436 Scripturarum
1414 3362 1732 3419 doctoribus
1758 3364 1857 3418 Ec-

254 3451 435 3505 clesiae
483 3453 866 3525 perspicacius,
917 3456 1032 3510 Deo
1074 3454 1396 3526 inspirante,
1438 3470 1600 3526 quam
1649 3451 1860 3509 caeteris

256 3547 572 3610 patuerunt,
604 3544 836 3599 rationis
865 3545 1001 3600 ordo
1050 3545 1329 3616 poscebat,
1373 3552 1435 3599 ut
1483 3550 1606 3615 post
1643 3558 1859 3598 resera-

256 3628 462 3685 tionem
496 3631 804 3704 sigillorum
835 3650 954 3706 qua:
985 3635 1323 3706 apertionem
1356 3634 1674 3690 divinarum
1708 3632 1856 3687 Scri-

256 3725 541 3789 pturarum
595 3723 888 3794 signiﬁcat,
920 3732 1125 3796 septem
1172 3724 1350 3795 angeli
1380 3730 1731 3794 ponerentur,
1764 3737 1859 3793 per

255 3825 397 3881 quos
446 3829 638 3869 omnes
685 3814 935 3871 doctores
983 3816 1170 3889 populi
1212 3816 1309 3872 Dei
1348 3816 1728 3888 designantur,
1761 3812 1858 3887 qui

254 3899 546 3955 scientiam
591 3903 907 3959 divinarum
942 3905 1350 3977 Scripturarum
1384 3904 1711 3977 locupletius
1743 3921 1858 3975 per-

253 3997 540 4058 ceperunt.
571 3992 642 4047 Et
667 3993 809 4048 sicut
839 4011 1001 4050 omne
1023 4011 1221 4065 corpus
1242 3995 1542 4051 electorum
1568 3998 1624 4048 in
1651 4004 1856 4065 septem

252 4087 435 4146 partes
481 4078 795 4149 divisimus,
845 4082 923 4137 ita
968 4091 1021 4137 et
1068 4092 1269 4153 septem
1309 4084 1487 4154 angeli
1530 4081 1676 4138 tubis
1721 4081 1858 4138 ceci-

253 4165 400 4223 nisse
453 4168 559 4223 visi
595 4177 723 4225 sunt
758 4189 768 4225 :
803 4187 900 4242 per
948 4187 1084 4243 quos
1130 4186 1321 4227 oumes
1360 4172 1616 4227 doctores
1662 4170 1856 4243 populi

252 4254 347 4311 Dei
396 4257 776 4330 designantur,
829 4261 1084 4333 quamvis
1130 4262 1197 4316 ab
1228 4278 1291 4317 eo
1339 4262 1532 4317 ordine
1565 4278 1858 4333 parumper

252 4342 589 4418 discrepent.
623 4350 758 4404 Nam
799 4350 1049 4422 superius
1081 4367 1175 4422 per
1208 4352 1486 4422 poderem,
1521 4368 1640 4423 quae
1674 4351 1857 4407 talaris

252 4443 331 4491 est
374 4437 568 4493 tunica
601 4439 742 4510 (91),
774 4449 827 4496 et
857 4440 1006 4513 prior
1054 4442 1110 4495 in
1140 4441 1477 4495 ornamentis
1515 4441 1738 4496 Domini
1766 4458 1856 4513 po-

1966 3186 2103 3240 salvi
2152 3185 2280 3241 facti
2313 3193 2461 3253 sunt,
2510 3184 2775 3241 debemus
2822 3185 3162 3257 intelligere:
3201 3186 3294 3258 qui
3334 3187 3459 3258 igne
3497 3187 3563 3242 ti-

1967 3278 2136 3333 moris
2165 3278 2262 3333 Dei
2294 3284 2456 3349 atque
2503 3277 2709 3333 amoris
2738 3276 3007 3350 quidquid
3056 3278 3211 3349 pravi
3243 3278 3299 3333 in
3331 3296 3387 3333 se
3435 3279 3560 3347 fuit,

1965 3365 2388 3422 combusserunt
2418 3374 2584 3438 atque
2610 3366 2952 3421 deleverunt.
2987 3366 3225 3421 Arbores
3255 3383 3384 3422 vero
3412 3367 3561 3436 illos,

1964 3456 2058 3529 qui
2088 3456 2456 3527 principatum
2488 3455 2632 3510 inter
2659 3472 2751 3510 eos
2766 3462 3084 3523 tenuerunt,
3111 3455 3461 3529 signiﬁcant:
3493 3473 3563 3513 ex

1965 3546 2166 3617 quibus
2213 3546 2373 3601 multi
2424 3563 2518 3617 per
2570 3545 2877 3601 doctrinam
2923 3553 2977 3601 et
3011 3547 3262 3617 exempla
3292 3546 3561 3603 bonorum

1965 3634 2254 3691 hominum
2287 3635 2426 3690 Salvi
2442 3636 2572 3691 facti
2595 3641 2745 3702 sunt,
2775 3634 2917 3689 sicut
2935 3635 3255 3691 Abimelech
3279 3652 3375 3707 per
3394 3634 3563 3691 Abra-

1965 3723 2089 3779 ham
2126 3725 2280 3795 (Gen.
2307 3741 2405 3791 xx,
2446 3725 2558 3795 i7),
2590 3732 2643 3779 et
2674 3740 2768 3795 per
2796 3724 2897 3779 Job
2931 3731 3039 3779 tres
3081 3724 3244 3781 amici
3279 3722 3396 3795 ejus
3443 3725 3563 3797 (Job

1968 3830 2107 3880 XLII,
2128 3812 2208 3883 8).
2244 3813 2345 3867 Per
2372 3814 2559 3868 fenum
2592 3821 2775 3868 autem
2805 3813 3002 3881 viride,
3040 3813 3187 3886 quod
3217 3829 3379 3868 omne
3406 3829 3563 3869 com-

1966 3902 2190 3957 bustum
2228 3918 2342 3957 esse
2386 3901 2611 3969 dicitur,
2646 3903 2683 3958 ii
2715 3902 3073 3973 designantur
3100 3902 3193 3974 qui
3223 3909 3276 3957 et
3313 3902 3565 3973 superius

1968 4006 2062 4063 per
2083 3990 2300 4045 tertiam
2332 4000 2539 4062 partem
2575 3999 2728 4046 terra;
2754 3999 2807 4046 et
2838 3992 3095 4047 arborum
3127 4008 3245 4063 quas
3275 3992 3565 4047 combusta

1968 4088 2068 4148 est,
2105 4079 2160 4134 id
2205 4086 2304 4147 est,
2339 4079 2497 4134 electi
2538 4080 2633 4151 qui
2684 4096 2747 4135 eo
2796 4088 3039 4151 tempore
3070 4079 3293 4134 fuerunt
3324 4097 3337 4144 ;
3374 4079 3563 4134 fenum

1969 4186 2204 4241 namque
2234 4168 2413 4224 viride
2441 4168 2669 4224 dilIicile
2697 4170 3036 4237 accenditur,
3078 4168 3293 4223 aridum
3324 4184 3456 4223 vero
3487 4168 3561 4224 fa-

1966 4258 2071 4313 cile
2100 4260 2465 4316 consumitur.
2498 4260 2599 4314 Per
2646 4259 2832 4315 fenum
2864 4275 2997 4314 vero
3029 4256 3205 4313 viride
3243 4257 3423 4326 electi,
3468 4274 3565 4332 per

1967 4347 2181 4403 aridum
2231 4357 2411 4404 autem
2466 4348 2682 4419 reprobi
2713 4348 3087 4418 designantur.
3129 4348 3206 4403 De
3255 4346 3360 4403 hoc
3405 4346 3562 4402 arido

1968 4440 2095 4495 feno
2127 4439 2389 4511 propheta
2413 4438 2548 4493 dicit
2583 4456 2594 4493 :
2633 4462 2651 4485 ι
2682 4439 2822 4494 Vere
2847 4437 3032 4491 fenum
3059 4436 3173 4508 (93)
3199 4445 3279 4493 est
3305 4438 3558 4510 populus.

254 4523 433 4593 nitur,
487 4534 549 4582 ut
602 4537 655 4583 et
711 4530 768 4584 in
825 4530 1180 4603 sequentibus
1234 4545 1329 4602 per
1386 4529 1625 4601 primum
1681 4547 1855 4586 cornu
1891 4501 1937 4560 D
1969 4530 2318 4585 Exsiccatum
2365 4536 2445 4584 est
2477 4530 2683 4594 fenum,
2708 4536 2761 4583 et
2789 4527 2987 4582 cecidit
3015 4527 3115 4583 ﬂos
3147 4546 3158 4583 :
3196 4528 3423 4584 verbum
3462 4545 3560 4585 au-

255 4612 426 4684 Agni,
469 4612 647 4685 justos
677 4617 771 4689 qui
821 4626 945 4674 ante
991 4617 1268 4674 diluvium
1318 4619 1564 4687 fuerunt,
1610 4619 1858 4675 diximus

255 4703 433 4764 fuisse
479 4708 788 4782 designatos
822 4728 833 4766 :
869 4728 963 4783 per
1008 4728 1197 4768 zonam
1230 4728 1361 4768 vero
1400 4729 1619 4768 auream
1651 4713 1705 4768 in
1740 4730 1856 4768 cor-

263 4814 395 4869 pore
428 4797 655 4867 Christi,
688 4809 739 4855 et
772 4818 865 4872 per
893 4803 1191 4858 secundum
1233 4819 1403 4859 cornu
1435 4802 1774 4875 patriarchas
1804 4810 1855 4858 et

258 4895 483 4942 caeteros
530 4890 623 4960 qui
663 4896 787 4944 ante
836 4889 1006 4961 legem
1057 4891 1279 4946 fuerunt
1331 4910 1342 4946 :
1394 4892 1484 4947 hic
1530 4900 1712 4948 autem
1763 4908 1859 4961 per

261 4976 500 5045 primum
522 4980 776 5050 angelum
801 4978 1051 5035 doctores
1071 4979 1164 5052 qui
1188 4982 1254 5035 ab
1277 4981 1438 5036 initio
1464 4982 1653 5037 mundi
1686 4997 1859 5054 usque

260 5065 328 5121 ad
385 5066 557 5138 legem
606 5069 849 5138 fuerunt,
907 5085 1003 5141 per
1060 5069 1360 5126 secundum
1415 5071 1665 5128 doctores
1724 5070 1858 5144 legis

263 5153 638 5229 designantur.

337 5337 453 5414 (90)
487 5337 694 5397 Codex.
723 5338 1265 5414 Germ.,ie/ﬁciamur,
1298 5341 1413 5413 ipso
1436 5340 1742 5411 adjuvante,
1767 5344 1861 5414 qui

269 5408 479 5492 vivit-et
526 5418 709 5492 regnat
758 5428 874 5492 cuin
918 5408 1027 5467 Deo
1073 5408 1258 5492 _Patre
1384 5408 1585 5469 unitate
1625 5408 1859 5485 Spiritus

266 5484 431 5555 sancti
454 5501 552 5555 per
580 5484 905 5538 immortalia
930 5486 1119 5539 secula
1146 5487 1479 5553 surculorum,
1508 5484 1679 5541 amen:

341 5553 468 5625 (9t)
492 5556 619 5622 Qum
650 5555 842 5610 talaris
872 5562 948 5610 est
976 5556 1173 5625 tunica,
1205 5555 1358 5612 deest
1386 5557 1443 5611 in
1476 5574 1605 5613 mss.

340 5626 455 5699 (92)
490 5626 664 5697 Edit.,
693 5627 921 5683 suasisse
946 5628 1120 5684 conati
1147 5634 1310 5694 sunt;
1339 5644 1468 5685 mss.
1498 5628 1724 5685 suasisse
1751 5645 1857 5685 cre-

1965 4628 2073 4675 tem
2109 4618 2331 4673 Domini
2362 4624 2546 4672 manet
2575 4616 2631 4671 in
2648 4624 2914 4671 aeternum
2949 4618 3081 4688 (Isa.
3105 4633 3197 4685 XL,
3231 4618 3281 4686 7,
3305 4617 3384 4687 8);
3412 4644 3429 4666 ι
3466 4635 3563 4690 per

1966 4712 2152 4767 fenum
2185 4710 2353 4782 igitur
2394 4710 2590 4778 viride,
2638 4709 2678 4764 ii
2715 4708 2809 4781 qui
2853 4708 2959 4763 ﬁde
3005 4716 3159 4763 erant
3204 4709 3372 4764 viridi
3419 4709 3558 4765 desi-

1967 4810 2221 4875 gnantur,
2254 4803 2348 4874 qui
2395 4818 2555 4857 omne
2595 4799 2741 4873 quod
2767 4799 2825 4855 iu
2864 4816 2925 4855 se
2949 4797 3240 4871 reprobum
3274 4799 3400 4867 fuit,
3434 4798 3560 4870 igne

1966 4892 2250 4948 charitatis
2284 4892 2721 4947 combusserunt.

2040 4984 2219 5055 (Vers.
2271 4983 2352 5053 8.)
2401 4985 2472 5043 Et
2512 4983 2766 5037 secundus
2792 4982 3007 5051 angelus
3054 4982 3177 5036 tuba
3222 4980 3420 5035 recinit.
3456 4979 3558 5034 Per

1966 5073 2266 5129 secundum
2298 5073 2549 5145 angelum
2597 5073 2810 5143 Moyses
2837 5079 2891 5127 et
2920 5071 3102 5128 caeteri
3134 5071 3268 5143 legis
3307 5070 3557 5126 doctores

1965 5161 2339 5234 designantur.
2378 5164 2452 5218 Et
2480 5179 2585 5217 ecce
2614 5167 2866 5233 tanquam
2893 5178 3042 5218 mons
3071 5177 3295 5233 magnus
3322 5161 3439 5231 igne
3465 5175 3559 5213 ar-

1966 5338 2123 5395 dendi
2152 5345 2291 5396 sunt.

2040 5412 2155 5488 (93)
2196 5412 2279 5488 Ita
2310 5427 2485 5488 mss._;_
2534 5409 2670 5488 edit.
2718 5426 2889 5488 vero,_
2920 5415 2996 5488 est
3034 5408 3288 5488 populus.
3330 5406 3442 5488 Per,
3482 5405 3555 5487 fe-

1966 5476 2297 5610 nuin‘igitur
2342 5476 2534 5549 viride,
2583 5483 2625 5538 ii
2676 5482 2771 5553 qui
2815 5476 2990 5552 ﬁdeles
3034 5476 3191 5534 erant
3234 5476 3360 5545 viri,
3408 5476 3555 5531 desi-

1963 5571 2103 5625 gnan
2131 5572 2214 5610 ur.
