4060 6208
503 284 610 345 935

1520 287 1617 342 AD
1657 284 1892 342 OPEBA
1934 284 1990 341 S.
2033 279 2367 341 AMBROSII
2404 276 2787 339 APPENDIX.

3701 278 3809 335 936

500 414 626 469 dens
653 414 845 469 missus
876 421 952 469 est
994 414 1052 469 in
1092 431 1258 471 mare.
1302 414 1405 469 Per
1440 422 1685 470 montem
1727 429 1981 485 magnum
2014 413 2105 467 lex
2143 412 2398 473 Aceridit
2446 412 2504 466 in
2562 411 2770 465 tertiam
2816 415 3028 481 partem
3080 407 3377 478 ﬂuminum,
3437 412 3488 461 et
3537 407 3599 461 in
3648 405 3824 476 fontes

501 503 677 576 Moysi
721 503 1060 575 designatur,
1110 520 1231 576 qua;
1280 512 1502 576 propter
1541 504 1864 575 gravitatem
1898 502 2100 575 ponde-

502 592 579 648 ris
606 592 689 649 sui
722 591 897 646 monti
927 591 1263 648 assimilatur
1294 611 1306 660 ;
1341 602 1396 648 et
1428 601 1650 664 prepter
1679 591 1983 664 spiritalem
2016 591 2099 646 in-

503 682 887 753 telligentiam,
913 699 1034 755 quae
1064 682 1118 737 in
1152 682 1267 753 lege
1297 682 1619 753 refulgebat,
1650 681 1773 754 igne
1804 680 1990 736 ardere
2021 680 2100 735 di-

502 771 665 827 citur.
712 772 830 843 Ipse
872 788 1003 827 vero
1038 771 1343 827 Hebraicus
1370 773 1605 843 populus
1636 779 1857 843 propter
1888 769 2100 841 magni-

502 859 751 915 tudinem
781 860 1043 915 scelerum
1082 876 1177 931 per
1207 877 1355 916 mare
1381 860 1718 932 designatur.

578 971 760 1043 (Vers.
794 972 876 1042 9.)
908 972 981 1025 Et
1026 970 1174 1040 facta
1203 978 1277 1025 est
1308 971 1462 1025 tertia
1493 987 1626 1041 pars
1660 970 1828 1025 maris
1865 970 2101 1042 sanguis,

502 1069 549 1116 et
578 1066 791 1115 mortua
819 1067 892 1114 est
921 1061 1077 1114 tertia
1122 1077 1250 1130 pars
1278 1067 1554 1127 creatum),
1594 1077 1709 1130 qua:
1738 1060 1954 1114 habebat
1988 1060 2103 1113 ani-

502 1168 616 1206 mas
646 1150 703 1204 in
740 1150 901 1218 mari,
948 1156 995 1204 et
1025 1150 1177 1204 tertia
1220 1167 1351 1221 pars
1388 1150 1605 1204 navium
1652 1149 1873 1204 interiit.
1910 1149 2104 1205 Omnis

475 1240 754 1296 -remissio
786 1240 844 1294 in
894 1238 1010 1310 lege
1054 1238 1336 1310 sanguinis
1390 1240 1657 1295 effusione
1695 1247 1859 1310 atque
1910 1255 2105 1310 asper—

504 1331 659 1387 sione
709 1328 920 1396 ﬁebat;
976 1329 1124 1383 unde
1169 1336 1222 1384 et
1265 1330 1481 1401 Moyses
1526 1328 1787 1400 populum
1839 1327 2104 1399 sanguine

504 1423 753 1492 aspersit,
784 1420 1005 1476 dicens:
1054 1446 1072 1467 ‹
1100 1420 1201 1477 Hic
1231 1430 1311 1477 est
1337 1421 1559 1492 sanguis
1579 1419 1935 1487 Testamenti,
1958 1417 2104 1491 quod

506 1510 787 1566 mandavit
817 1509 885 1565 ad
915 1527 1014 1566 vos
1042 1511 1188 1566 Deus
1215 1511 1420 1582 (Exod.
1445 1519 1600 1577 xxrv‘,
1624 1509 1704 1582 8).
1740 1535 1756 1557 ι
1797 1507 1900 1565 Sed
1926 1517 1977 1563 et
2005 1510 2106 1562 Aa-

504 1617 606 1656 ron
627 1607 680 1656 et
708 1599 853 1656 ﬁlios
873 1598 1009 1671 ejus,
1041 1607 1104 1655 ut
1130 1599 1323 1654 mundi
1346 1600 1691 1655 efﬁcerentur
1718 1598 1784 1653 ad
1803 1597 2105 1653 offerendas

506 1688 716 1745 hostias
759 1691 893 1758 Deo,
943 1689 1089 1744 idem
1135 1690 1350 1761 Moyses
1398 1688 1665 1760 sanguine
1706 1688 1953 1759 aspersit,
2005 1702 2107 1743 nec

2209 518 2494 572 aquarum.
2520 501 2622 555 Per
2650 499 2883 554 ﬂumina
2901 506 2955 555 et
2972 498 3150 554 fontes
3174 494 3464 553 duodecim
3486 495 3671 551 tribus
3690 513 3822 552 cum

2209 590 2323 645 suis
2353 588 2580 644 familiis
2606 587 2965 660 designantur
2998 605 3009 642 :
3054 602 3151 658 per
3180 585 3402 642 tertiam
3441 600 3574 641 vero
3604 595 3825 657 partem

2211 681 2274 749 ii,
2346 682 2439 754 qui
2509 698 2578 736 ex
2650 679 2730 735 eis
2798 680 2866 735 ad
2943 678 3114 735 vitam
3185 685 3445 733 aeternam
3511 676 3827 749 praescripti

2211 776 2385 837 erant,
2415 770 2742 840 ﬁgurantur.
2776 769 2988 825 Cecidit
3016 784 3147 840 ergo
3174 768 3335 823 stella
3355 766 3414 821 in
3444 768 3664 822 tertiam
3700 783 3829 838 par-

2212 865 2323 913 tem
2382 857 2697 925 ﬂuminum,
2746 858 2879 930 quia
2920 857 3008 912 illi
3057 855 3366 913 doctrinam
3424 854 3827 927 prophetarum

2212 955 2562 1020 acceperunt,
2611 954 2665 1002 et
2709 946 2767 1001 in
2814 946 3075 1003 cordibus
3122 944 3237 1002 suis
3280 945 3693 1015 plantaverunt,
3728 946 3828 1018 qui

2214 1039 2282 1095 ad
2313 1040 2486 1095 vitam
2518 1047 2773 1096 aeternam
2807 1037 3179 1110 praedestinati
3204 1046 3379 1093 erant.

2289 1148 2473 1219 (Vers.
2518 1148 2629 1219 11.)
2679 1149 2752 1202 Et
2794 1162 2981 1200 nomen
3028 1146 3192 1201 stella
3233 1145 3430 1200 dicitur
3473 1144 3826 1200 absinthium.

2215 1238 2576 1294 Absinthium
2624 1236 2784 1291 valde
2835 1242 2917 1291 est
2971 1252 3217 1291 amarum
3270 1253 3281 1290 :
3333 1251 3430 1306 per
3474 1234 3826 1290 absinthium

2212 1328 2384 1400 igitur
2438 1325 2896 1384 comminationes
2970 1324 3359 1397 prophetarum
3433 1322 3829 1395 designantur,

2214 1432 2347 1487 quas
2396 1415 2600 1488 populo
2648 1414 2904 1487 peccanti
2954 1413 3296 1487 ingerebant,
3339 1413 3703 1484 praedicentes
3748 1415 3831 1469 eis

2213 1505 2361 1578 quod
2408 1504 2514 1561 nisi
2563 1505 2939 1577 prenitentiam
2992 1509 3140 1566 537
3181 1512 3424 1576 agerent,
3468 1502 3526 1557 in
3577 1503 3825 1574 praedam

2214 1609 2267 1658 et
2295 1602 2351 1657 in
2378 1603 2754 1675 captivitatem
2788 1601 3038 1658 hostibus
3079 1600 3193 1657 suis
3235 1600 3542 1667 darentur;
3586 1607 3641 1655 et
3675 1599 3827 1673 quod

2214 1691 2260 1746 si
2301 1708 2403 1748 nec
2442 1691 2522 1746 sic
2568 1690 2916 1763 pmniterent,
2965 1697 3142 1746 morte
3189 1696 3452 1762 perpetua
3479 1687 3829 1744 damnaren-

506 1779 628 1835 sine
651 1777 938 1850 sanguinis
963 1777 1229 1833 effusione
1261 1777 1511 1832 remissio
1540 1792 1655 1831 esse
1680 1783 1891 1848 poterat
1920 1775 2101 1847 (Hebr.
2135 1773 2180 1832 B
2217 1787 2328 1835 tur.
2370 1782 2445 1837 Et
2500 1780 2644 1851 facta
2699 1787 2772 1835 est
2825 1782 2977 1836 tertia
3025 1795 3159 1851 pars
3193 1794 3460 1849 aquarum
3514 1778 3573 1833 in
3631 1780 3832 1834 absin-

506 1886 590 1938 Ix,
622 1869 741 1940 2'2).
792 1868 892 1923 Per
935 1867 1153 1922 tertiam
1204 1883 1329 1938 ergo
1359 1873 1569 1938 partem
1601 1867 1790 1933 maris,
1821 1864 1981 1920 electi
2011 1864 2106 1936 qui

504 1974 568 2033 eo
616 1965 866 2029 tempore
910 1955 1159 2021 fuerunt,
1208 1955 1602 2027 designantur:
1639 1971 1734 2026 per
1783 1954 2105 2026 sanguinem

504 2062 635 2101 vero
666 2045 723 2101 in
755 2045 859 2102 hoc
890 2047 1009 2101 loco
1033 2043 1412 2100 remissionem
1442 2051 1791 2116 peccatorum
1820 2059 2111 2115 possumus

503 2135 767 2208 accipere.
815 2135 997 2191 Tertia
1046 2134 1216 2207 igitur
1271 2151 1395 2208 pars
1449 2134 1617 2190 maris
1672 2135 1729 2189 in
1785 2133 2107 2206 sanguinem

504 2241 663 2282 versa
690 2234 814 2293 est;
867 2224 995 2297 quia
1035 2224 1193 2280 electi
1243 2223 1337 2296 qui
1382 2239 1446 2277 eo
1476 2231 1721 2294 tempore
1761 2221 1987 2278 fuerunt
2016 2237 2109 2293 per

506 2312 945 2369 observationem
977 2313 1112 2384 legis
1137 2328 1168 2366 a
1198 2311 1433 2382 peccatis
1463 2310 1578 2365 suis
1619 2309 1873 2364 mundari
1902 2326 2109 2364 merue—

510 2407 661 2454 runt.
697 2398 879 2455 Tertia
922 2414 1052 2452 vero
1088 2414 1212 2469 pars
1252 2405 1536 2466 creaturae,
1569 2414 1689 2470 quae
1718 2397 1953 2453 habebat
1982 2397 2105 2452 ani-

508 2505 624 2544 mas
671 2488 727 2543 in
760 2489 919 2557 mari,
950 2497 1005 2544 et
1034 2495 1252 2543 mortua
1296 2488 1464 2544 fuisse
1492 2487 1719 2555 dicitur,
1750 2486 1996 2542 eamdem
2028 2486 2107 2542 si-

507 2576 918 2650 gniﬁcationem
949 2576 1135 2646 habet,
1164 2594 1327 2650 quam
1359 2585 1413 2633 et
1445 2576 1603 2633 tertia
1634 2593 1759 2648 pars
1790 2576 1957 2632 maris
1984 2593 2107 2649 quae

506 2667 566 2723 in
598 2670 919 2740 sanguinem
951 2686 1105 2725 versa
1150 2677 1232 2725 est
1282 2669 1384 2724 Per
1411 2685 1557 2723 mare
1586 2676 1788 2736 autem,
1826 2668 1967 2725 sicut
1992 2668 2107 2740 jam

505 2757 775 2826 diximus,
808 2758 1107 2815 multitudo
1156 2765 1501 2830 peccatorum
1548 2759 1898 2830 designatur:
1933 2759 2108 2830 pisces

507 2863 641 2903 vero
679 2864 805 2903 cum
831 2847 899 2902 ab
928 2849 1086 2920 aquis
1112 2847 1534 2914 subtrahuntur,
1567 2848 1779 2903 animas
1808 2851 2097 2904 amittunt.

506 2939 686 2994 Electi
716 2955 843 3008 ergo
870 2939 1117 3009 quandiu
1141 2939 1198 2992 in
1230 2940 1386 3010 aquis
1417 2938 1681 2994 vitiorum
1717 2957 1941 2994 suorum
1973 2957 2108 2995 ver-

508 3033 723 3092 santur,
768 3026 980 3080 animas
1023 3027 1264 3080 marinas
1294 3026 1519 3094 habent,
1560 3035 1906 3099 peccatorum
1956 3028 2106 3083 vide-

508 3113 637 3171 licet
686 3113 925 3169 tenebris
972 3113 1287 3181 involutas;
1340 3131 1465 3170 cum
1521 3130 1650 3170 vero
1704 3124 1798 3171 aut
1850 3133 1945 3188 per
1999 3116 2107 3172 ba—

509 3203 798 3276 ptismum,
829 3212 922 3259 aut
954 3203 1333 3276 pmnitentiam
1357 3203 1423 3259 ab
1445 3204 1603 3277 aquis
1629 3203 1893 3260 vitiorum
1926 3215 2103 3262 extra-

506 3290 739 3362 huntur,
771 3293 984 3349 animas
1038 3295 1300 3366 pristinas
1345 3295 1502 3368 quasi
1555 3294 1836 3364 amittunt,
1879 3313 2002 3352 cum
2036 3313 2105 3351 ex

508 3382 671 3438 malis
718 3382 849 3438 boni
895 3382 1234 3450 efﬁciuntur,
1280 3385 1702 3456 moriunturque
1749 3384 1993 3454 diabolo,
2041 3391 2105 3441 ut

505 3472 699 3527 vivant
722 3473 854 3528 Deo.
887 3471 1071 3527 Tertia
1098 3472 1270 3544 igitur
1297 3489 1422 3544 pars
1451 3472 1684 3545 piscium
1719 3473 1929 3529 animas
1956 3473 2105 3529 emi-

505 3570 715 3629 serunt,
748 3562 880 3634 quia
901 3562 1061 3618 electi
1093 3562 1187 3634 qui
1217 3579 1282 3617 eo
1312 3570 1559 3635 tempore
1594 3563 1838 3631 fuerunt,
1874 3580 1970 3636 per
1992 3563 2103 3619 ob-

504 3651 877 3706 servationem
910 3650 1043 3723 legis
1072 3651 1281 3707 mortui
1311 3658 1441 3707 sunt
1468 3660 1712 3723 peccato,
1740 3660 1793 3707 et
1822 3659 2105 3724 cmperunt

505 3739 693 3794 vivere
733 3740 867 3795 Deo.
914 3740 1016 3795 Per
1056 3757 1223 3796 naves
1266 3747 1472 3809 autem,
1517 3757 1637 3813 quae
1687 3757 1858 3813 aquas
1903 3741 2005 3796 sub
2046 3758 2102 3798 se

504 3829 729 3898 habent,
786 3829 1009 3903 illisque
1053 3830 1484 3904 supereminent,
1526 3830 1800 3904 principes
1828 3832 2004 3904 gentis
2033 3832 2101 3888 il-

504 3921 618 3977 lius
647 3920 1025 3993 designantur.
1058 3921 1243 3977 Tertia
1271 3937 1402 3977 vero
1434 3938 1558 3994 pars
1588 3939 1708 3996 quae
1737 3921 1971 3990 interiit,
2011 3938 2102 3979 eos

503 4012 751 4086 designat
795 4013 890 4087 qui
923 4030 992 4069 ex
1022 4012 1101 4068 eis
1132 4011 1273 4085 justi
1315 4013 1543 4068 fuerunt
1565 4008 1731 4084 juxta
1777 4011 1938 4067 illum
1982 4028 2102 4068 sen-

500 4119 621 4158 sum
653 4120 815 4177 quem
862 4103 1144 4172 diximus;
1178 4119 1242 4159 eo
1296 4102 1442 4176 quod
1472 4101 1786 4158 interierint
1812 4108 1867 4157 et
1895 4100 2101 4157 mortui

500 4193 614 4249 sint
644 4201 886 4266 peccato,
918 4203 972 4250 et
1001 4193 1249 4249 vixerint
1276 4194 1408 4249 Deo.

576 4308 757 4379 (Vers.
795 4310 908 4383 10.)
942 4312 1017 4366 Ει
1049 4311 1233 4366 tertius
1258 4309 1477 4381 angelus
1506 4308 1629 4363 tuba
1657 4305 1855 4373 cecinit,
1890 4310 1938 4359 et
1961 4304 2101 4359 ceci—

500 4397 579 4452 dit
606 4398 669 4452 de
712 4399 836 4453 caelo
879 4400 1032 4455 stella
1071 4400 1264 4454 ardens
1304 4405 1552 4468 tanquam
1585 4394 1788 4466 facula.
1832 4394 2095 4449 Eamdem

2220 1874 2406 1927 thium.
2454 1870 2543 1926 Illi
2591 1870 3013 1926 amaritudinem
3064 1868 3401 1940 poenitentiae
3449 1884 3545 1940 per
3576 1871 3831 1926 commi—

2218 1960 2469 2016 nationes
2498 1958 2883 2032 prophetarum
2932 1965 3364 2029 assumpserunt,
3403 1972 3539 2028 quos
3569 1958 3833 2030 superius

2218 2066 2313 2121 per
2366 2048 2585 2104 tertiam
2627 2057 2834 2120 partem
2871 2062 3137 2119 aquarum
3184 2043 3431 2100 diximus
3462 2043 3632 2101 fuisse
3662 2045 3831 2102 desi-

2218 2146 2430 2210 gnatos,
2471 2136 2527 2191 id
2573 2145 2674 2204 est,
2706 2135 2886 2192 electi.
2921 2137 2996 2191 Et
3022 2134 3180 2189 multi
3216 2132 3446 2188 homines
3474 2135 3677 2188 mortui
3708 2143 3835 2190 sunt

2218 2229 2279 2285 de
2328 2228 2506 2299 aquis,
2557 2228 2685 2299 quia
2741 2243 2943 2283 amarae
3000 2224 3156 2295 facite
3211 2230 3350 2280 sunt.
3412 2224 3529 2281 Illis
3587 2241 3833 2299 namque

2216 2315 2525 2372 amaritudo
2581 2315 2919 2387 pcenitentiae
2977 2318 3209 2369 mertem
3260 2312 3477 2381 intulit,
3533 2313 3631 2385 qui
3686 2316 3831 2371 $81‘i

2218 2422 2334 2461 esse
2384 2414 2744 2472 meruerunt;
2798 2404 3001 2461 mortui
3037 2410 3169 2460 sunt
3217 2403 3366 2459 enim
3412 2402 3725 2459 secundum
3776 2403 3832 2460 id

2218 2493 2366 2568 quod
2415 2493 2547 2549 mali
2595 2501 2770 2562 erant,
2809 2502 2864 2550 et
2909 2493 3174 2548 vixerunt
3219 2490 3523 2549 secundum
3568 2491 3629 2548 id
3677 2493 3830 2565 quod

2215 2584 2348 2641 boni
2379 2603 2494 2642 esse
2524 2593 2826 2658 eruperunt.

2290 2703 2474 2774 (Vers.
2533 2701 2645 2773 12.)
2721 2703 2795 2757 Et
2857 2705 3083 2771 quartus
3137 2699 3354 2771 angelus
3418 2696 3542 2752 tuba
3618 2698 3832 2752 cecinit.

2222 2790 2460 2858 Quartus
2489 2793 2715 2863 angelus
2763 2790 3043 2848 Christum
3085 2797 3139 2845 et
3169 2788 3445 2860 apostolos
3484 2786 3607 2859 ejus
3634 2787 3831 2860 signi-

2217 2881 2362 2937 ﬁcat.
2391 2883 2465 2936 Et
2485 2898 2737 2952 percussa
2763 2887 2836 2934 est
2866 2879 3019 2934 tertia
3042 2896 3178 2949 pars
3223 2878 3374 2945 solis,
3420 2883 3468 2931 et
3510 2878 3665 2932 tertia
3697 2895 3833 2949 pars

2221 2972 2377 3038 lume,
2411 2976 2459 3026 et
2501 2971 2655 3025 tertia
2696 2987 2829 3040 pars
2863 2969 3181 3033 stellarum;
3212 2974 3269 3022 ut
3304 2967 3680 3021 obscuraretur
3713 2974 3830 3021 ter-

2221 3059 2295 3115 tia
2344 3077 2478 3131 pars
2533 3076 2733 3128 eorum,
2791 3066 2840 3114 et
2893 3057 2998 3113 diei
3046 3074 3154 3112 non
3212 3057 3401 3111 luceret
3456 3056 3611 3110 tertia
3663 3074 3824 3127 pars,

2217 3155 2264 3204 et
2294 3149 2460 3204 noctis
2488 3149 2753 3203 similiter.
2784 3146 2897 3214 Sol,
2930 3147 3082 3213 luna,
3113 3152 3165 3201 et
3193 3145 3365 3200 stellae
3394 3144 3462 3200 ad
3495 3161 3664 3199 unam
3696 3161 3819 3200 rem

2215 3240 2530 3312 pertinent;
2581 3254 2706 3293 nam
2738 3252 2834 3308 per
2862 3236 3033 3291 solem
3087 3233 3321 3306 populus
3349 3234 3691 3302 Iudaeorum,
3728 3251 3822 3307 per

2215 3328 2402 3383 lunam
2452 3344 2584 3383 vero
2629 3327 2935 3399 Synagoga,
2967 3340 3062 3396 per
3102 3325 3287 3381 stellas
3316 3331 3497 3379 autem
3538 3323 3817 3396 principes

2216 3416 2558 3473 sacerdotum
2590 3423 2644 3472 et
2690 3414 2950 3470 Pharisaei
2997 3413 3377 3485 designantur.
3414 3411 3520 3469 Sed
3548 3411 3595 3466 si
3625 3411 3818 3468 obscu-

2213 3507 2484 3562 rationem
2515 3503 2647 3561 solis
2676 3510 2730 3560 et
2769 3504 2914 3559 lunae
2959 3509 3128 3576 atque
3171 3501 3454 3557 stellarum
3500 3499 3567 3555 ad
3599 3516 3695 3556 eos
3726 3500 3815 3573 qui

2214 3596 2275 3652 in
2328 3595 2608 3653 Christum
2658 3595 2958 3651 noluerunt
2993 3591 3236 3661 credere,
3280 3588 3577 3646 transferre
3614 3590 3819 3645 volue-

2213 3685 2409 3751 rimus,
2441 3683 2576 3740 ordo
2603 3683 2852 3756 superior
2885 3680 3316 3754 perturbabitur.
3350 3679 3619 3752 Superius
3667 3679 3816 3734 enim

2217 3773 2655 3832 combustionem
2690 3781 2848 3829 terrae
2892 3771 3068 3826 tertiae
3110 3769 3301 3842 partis,
3352 3785 3471 3842 qua:
3502 3766 3607 3823 sub
3651 3775 3817 3823 cantu

2212 3862 2360 3920 tubas
2398 3862 2564 3935 primi
2590 3861 2767 3933 angeli
2800 3861 2943 3917 facta
2974 3875 3088 3917 esse
3130 3858 3359 3925 dicitur,
3389 3857 3817 3914 conversionem

2211 3952 2388 4010 tertiae
2421 3952 2591 4024 partis
2635 3950 2803 4007 maris
2846 3949 2904 4004 in
2954 3948 3299 4020 sanguinem,
3331 3964 3451 4020 quae
3493 3946 3599 4002 sub
3648 3954 3817 4002 cantu

2209 4042 2357 4099 tubae
2396 4041 2624 4098 secundi
2669 4040 2847 4113 angeli
2895 4038 3040 4094 facta
3085 4037 3254 4093 fuisse
3285 4037 3405 4093 visa
3450 4044 3549 4104 est,
3584 4053 3815 4092 conver-

2210 4133 2421 4189 sionem
2468 4130 2836 4187 nihilominus
2873 4130 3050 4185 tertia
3087 4127 3257 4200 partis
3297 4143 3559 4200 aquarum
3609 4125 3671 4182 in
3709 4126 3815 4182 ab—

2208 4221 2501 4289 sinthium,
2532 4238 2652 4294 qua;
2699 4219 2801 4276 sub
2847 4225 3014 4275 cantu
3056 4218 3200 4273 tubae
3249 4216 3396 4273 tertii
3444 4216 3628 4287 angeli
3673 4216 3815 4273 facta

2209 4312 2377 4367 fuisse
2409 4311 2626 4384 legitur,
2672 4312 2731 4367 in
2773 4311 2973 4367 bonam
3024 4316 3231 4382 partem
3280 4305 3660 4378 accipiendam
3701 4323 3815 4363 esse

2207 4400 2709 4457 demonstravimus
2756 4417 2769 4468 ;
2842 4398 3075 4470 ideoque
3126 4396 3195 4453 ad
3260 4397 3460 4452 electos
3509 4395 3810 4467 pertinere.

502 4486 965 4557 signiﬁcationem
1013 4488 1176 4545 habet
1222 4489 1380 4544 stella
1421 4504 1585 4560 quam
1633 4493 1687 4541 et
1723 4484 1979 4555 angelus;
2021 4484 2096 4538 si-
2124 4494 2174 4553 1)
2205 4488 2556 4562 Consequens
2606 4497 2687 4546 est
2740 4495 2803 4544 ut
2854 4485 3286 4560 persecutionem
3345 4484 3478 4540 solis
3530 4492 3585 4539 et
3668 4485 3812 4539 lunae

501 4574 727 4647 gniﬁcat
758 4590 994 4646 namque
1030 4575 1360 4646 prophetas:
1417 4574 1510 4629 sed
1551 4572 1905 4645 quaerendum
1940 4571 2098 4628 nobis

501 4671 605 4732 est,
638 4662 916 4737 quomodo
956 4662 1022 4720 de
1063 4663 1202 4719 coelo
1231 4662 1291 4717 in
1330 4669 1529 4718 terram
1561 4661 1822 4718 cecidisse
1859 4661 2093 4718 dicatur.

498 4758 681 4815 Sancti
714 4758 774 4814 in
824 4757 1025 4815 caelum
1060 4756 1469 4831 quodammodo
1518 4756 1915 4825 conscendunt,
1967 4774 2094 4813 cum

500 4867 591 4909 eos
622 4869 777 4908 amor
799 4851 1024 4907 divinus
1061 4851 1129 4906 ad
1168 4850 1409 4907 caelestia
1437 4851 1856 4922 contemplanda
1879 4851 2086 4906 elevat:

497 4941 704 5000 cadunt
733 4941 789 4996 in
832 4950 1054 5009 terram,
1111 4958 1236 4997 cum
1271 4957 1362 4997 eos
1408 4957 1561 4996 amor
1607 4942 1986 5013 proximorum
2026 4939 2093 4995 ad

496 5032 610 5089 ima
637 5032 905 5099 retrahit;
934 5040 995 5088 ut
1018 5031 1404 5104 praedicatione
1428 5048 1525 5087 sua
1555 5038 1838 5104 peccantes
1866 5030 1933 5085 ad
1946 5028 2091 5084 viam

498 5120 754 5178 veritatis
784 5120 1053 5178 reducant
1083 5139 1097 5188 ;
1147 5120 1327 5177 facula
1364 5136 1494 5176 vero
1533 5118 1870 5187 accenditur,
1909 5125 1971 5173 ut
2000 5125 2092 5173 te-

496 5211 693 5267 nebras
742 5212 922 5269 noctis
961 5211 1217 5285 depellat.
1267 5211 1451 5269 Verba
1492 5211 1663 5283 igitur
1700 5209 2089 5283 prophetarum

388 5298 395 5301 ’
494 5301 692 5358 faculas
724 5302 970 5369 fuerunt,
1018 5301 1148 5374 quia
1192 5301 1446 5358 tenebras
1481 5310 1829 5372 peccatorum
1872 5314 1905 5354 a
1943 5314 2092 5354 men-

496 5390 647 5449 tibus
702 5391 995 5447 hominum
1033 5394 1386 5465 fugaverunt.
1444 5389 1741 5445 Possumus
1783 5387 1948 5443 etiam
1996 5404 2092 5461 per

494 5481 678 5553 ignem
712 5482 905 5540 faculas
935 5482 1202 5555 Spiritum
1233 5488 1482 5537 sanctum
1518 5479 1844 5551 intelligere,
1877 5495 1986 5553 quo
2010 5478 2089 5534 in-

495 5572 741 5629 damnati
772 5573 1073 5646 prophetae,
1115 5581 1170 5629 et
1209 5573 1412 5628 multos
1441 5569 1509 5626 ab
1540 5568 1928 5642 iniquitatibus
1963 5586 2091 5627 cor-

496 5667 778 5730 rexerunt,
817 5668 872 5717 et
919 5678 1041 5735 quae
1079 5668 1311 5717 ventura
1351 5667 1529 5729 erant,
1569 5658 1964 5732 prmdixerunt.
2018 5659 2091 5715 Et

2207 4591 2369 4654 atque
2418 4582 2701 4637 stellarum
2742 4579 2798 4634 in
2844 4577 3042 4633 bonam
3094 4584 3301 4648 partem
3352 4574 3809 4645 interpretemur.

2205 4670 2309 4726 Per
2346 4671 2560 4726 tertiam
2602 4670 2786 4742 itaque
2818 4676 3027 4741 partem
3075 4666 3226 4734 solis,
3277 4681 3397 4736 quae
3438 4680 3718 4737 percussa,
3753 4662 3809 4718 id

2205 4767 2306 4828 est,
2353 4760 2644 4816 obscurata
2680 4766 2779 4826 est,
2831 4757 2870 4813 ii
2911 4757 3005 4829 qui
3053 4772 3120 4810 ex
3165 4754 3368 4827 populo
3398 4753 3719 4809 Iudaeorum
3754 4754 3811 4808 in

2204 4850 2484 4909 Christum
2524 4848 2898 4916 crediderunt,
2930 4844 3327 4917 designantur;
3360 4842 3642 4899 obscurati
3679 4850 3811 4898 sunt

2203 4955 2440 5011 namque
2479 4938 2667 5010 impiis
2712 4936 2934 5002 Iudaeis,
2979 4935 3073 4990 sed
3122 4932 3458 4988 refulserunt
3489 4932 3545 4987 in
3577 4948 3809 5005 conspe-

2202 5037 2293 5085 ctu
2322 5027 2442 5084 Dei.
2474 5026 2742 5083 Similiter
2783 5031 2834 5081 et
2864 5040 2959 5096 per
3002 5022 3220 5078 tertiam
3268 5027 3475 5092 partem
3527 5021 3680 5076 lunae
3728 5028 3806 5076 at-

2202 5134 2307 5191 que
2348 5118 2633 5174 stellarum
2680 5132 2799 5189 quae
2844 5112 3131 5169 obscurata
3176 5118 3276 5179 est,
3311 5110 3351 5165 ii
3383 5109 3476 5182 qui
3506 5126 3576 5165 ex
3610 5110 3805 5167 archi-

2201 5206 2492 5280 synagogis
2541 5213 2703 5279 atque
2761 5201 3135 5261 sacerdotibus
3177 5207 3231 5257 et
3275 5216 3345 5256 ex
3406 5199 3703 5255 Pharisaeis
3747 5200 3801 5255 in

2201 5295 2485 5356 Christum
2532 5294 2905 5361 crediderunt,
2951 5290 3308 5363 designantur
3356 5307 3371 5357 ;
3420 5288 3552 5363 quia
3591 5296 3649 5344 et
3696 5288 3798 5362 ipsi

2200 5395 2421 5460 propter
2465 5385 2654 5440 lumen
2683 5399 2898 5452 verum,
2930 5380 2986 5438 id
3017 5389 3118 5448 est,
3151 5379 3458 5445 Christum,
3484 5392 3652 5449 quem
3684 5394 3798 5450 per-

2198 5482 2481 5548 ceperunt,
2518 5472 2795 5530 obscurati
2836 5480 2966 5528 sunt
3007 5470 3108 5539 eis,
3151 5484 3386 5543 quorum
3435 5467 3645 5522 mentis
3670 5482 3795 5524 ocu-

2198 5567 2281 5623 los
2321 5565 2574 5623 diabolus
2620 5562 3009 5628 obcacaverat,
3057 5576 3127 5616 ne
3182 5559 3238 5614 in
3285 5556 3565 5615 Christum
3609 5555 3795 5613 crede-

2200 5663 2357 5724 rent;
2406 5672 2531 5712 nam
2563 5653 2784 5712 claritas
2827 5650 2962 5709 solis
3007 5648 3303 5722 lippientes
3332 5646 3525 5704 oculos
3552 5643 3795 5704 obcaacat
