4060 6208
241 348 339 406 937

1120 341 1577 400 BERENGAUDI
1614 339 1989 401 EXPOSITIO
2026 340 2098 397 IN
2134 338 2637 397 APOCALY'PSIN.

3422 342 3530 401 938

242 473 430 546 magis,
474 487 637 544 quam
668 468 971 526 illuminat.
999 468 1294 524 Possumus
1322 484 1455 525 vero
1482 484 1579 540 per
1601 465 1821 524 tertiam
1851 470 1901 528 A
1928 473 2079 535 runt,
2127 465 2271 522 sicut
2313 463 2593 532 Nicolaus,
2630 463 2726 536 qui
2754 463 3101 535 temporibus
3149 466 3529 539 apostolorum

240 569 443 636 partem
472 559 583 616 diei
609 558 1012 632 apostolos,per
1038 558 1257 614 tertiam
1287 564 1465 614 autem
1485 565 1694 629 partem
1716 572 1830 615 no-

240 651 339 708 ctis
369 666 460 707 eos
479 650 576 723 qui
606 664 676 705 ex
698 648 955 721 gentibus
983 646 1354 716 crediderunt,
1380 648 1705 719 intelligere.
1724 646 1829 704 Ob-

240 740 440 797 scurati
489 746 620 795 sunt
665 754 906 811 namque
953 736 1033 793 eis
1089 737 1342 810 apostoli,
1375 736 1469 810 qui
1499 752 1690 791 eorum
1721 733 1832 790 do-

238 831 470 887 ctrinam
529 845 641 884 non
697 828 877 884 solum
917 834 1262 900 spreverunt,
1321 826 1415 883 sed
1470 827 1633 883 etiam
1687 824 1833 896 ipsos

237 932 626 991 usquequaque
673 914 964 989 persecuti.
996 923 1148 985 sunt.
1180 917 1259 971 De
1288 913 1391 969 hac
1416 930 1606 970 eorum
1643 911 1833 969 obscu-

238 1008 450 1064 ratiOne
500 1005 770 1063 Dominus
814 1006 987 1062 dicit:
1052 1029 1071 1054 ι
1119 1004 1435 1062 Trademini
1463 1012 1644 1062 autem
1672 1020 1703 1059 a
1730 1019 1834 1075 pa-

239 1097 490 1154 rentibus
549 1104 603 1151 et
662 1094 930 1153 fratribus
984 1102 1039 1151 et
1092 1095 1337 1168 cognatis
1391 1101 1446 1150 et
1499 1093 1723 1161 amicis,
1781 1099 1835 1147 et

242 1193 417 1241 morte
446 1183 690 1241 aiﬁcient
716 1200 787 1239 ex
814 1183 990 1241 vobis.
1022 1183 1094 1238 Et
1123 1183 1278 1238 eritis
1312 1181 1439 1238 odio
1463 1181 1720 1238 omnibus
1741 1179 1834 1235 ho-

246 1275 492 1333 minibus
538 1284 761 1349 propter
798 1291 1001 1332 nomen
1042 1289 1228 1330 meum
1256 1272 1374 1345 (94)
1408 1272 1559 1345 (Luc.
1591 1288 1712 1341 xxr,
1747 1271 1833 1340 16,

240 1365 354 1437 17).
387 1390 405 1412 .

313 1464 498 1537 (Vers.
552 1462 666 1535 I3.)
715 1464 789 1518 Et
832 1461 944 1517 vidi
971 1461 1427 1517 etaudivivocem
1453 1459 1611 1515 unius
1642 1460 1839 1531 aquila

239 1552 469 1608 volantis
522 1568 620 1622 per
670 1550 903 1606 medium
958 1551 1165 1619 caelum,
1208 1548 1425 1605 dicentis
1454 1564 1571 1604 voce
1596 1565 1788 1620 magna
1821 1565 1833 1604 :

248 1643 350 1711 Vw,
398 1660 499 1711 va,
548 1658 650 1711 vae,
708 1641 1071 1697 habitantibus
1114 1640 1173 1696 in
1202 1647 1344 1697 terra
1372 1659 1408 1697 a
1438 1640 1647 1696 vocibus
1677 1640 1841 1696 trium

1938 554 2153 612 exstitit
2184 554 2326 627 (Act.
2360 570 2439 623 v1,
2468 553 2549 625 5),
2596 560 2649 609 et
2682 552 2842 609 multi
2871 552 2989 613 alii.
3039 555 3113 611 Et
3156 555 3282 614 data
3328 564 3402 614 est
3445 557 3533 615 illi

1938 645 2105 701 clavis
2144 646 2291 716 putei
2341 644 2536 716 abyssi.
2587 643 2690 701 Per
2726 644 2936 701 clavem
2974 642 3210 701 liberum
3239 646 3532 705 arbitrium

1941 734 2347 804 bareticorum,
2398 732 2547 807 quod
2598 733 2910 792 habuerunt
2954 733 3015 791 in
3060 735 3228 806 malo,
3271 736 3533 811 designa-

1941 834 2031 881 tur
2056 843 2070 893 ;
2126 840 2222 897 per
2250 825 2511 897 abyssum
2540 840 2670 881 vero
2698 825 2864 882 corda
2892 840 3116 883 eorum:
3175 841 3271 900 per
3306 835 3534 901 puteum

1942 926 2125 974 autem
2155 933 2346 973 eorum
2377 933 2474 974 ora
2503 916 2880 991 designantur.
2924 918 3063 974 Data
3099 924 3182 973 est
3212 916 3381 990 igitur
3410 918 3535 977 ha-

1944 1009 2131 1065 reticis
2162 1007 2335 1064 clavis
2369 1008 2519 1080 putei
2544 1007 2751 1081 abyssi,
2782 1006 2910 1081 quia
2937 1007 3196 1080 permisit
3221 1008 3369 1064 Deus
3410 1007 3536 1066 ha-

1944 1115 2091 1156 reses
2118 1114 2255 1167 esse,
2306 1097 2451 1155 sicut
2481 1096 2619 1155 dicit
2646 1098 2927 1170 apostolus
2952 1097 3189 1155 Paulus:
3259 1122 3279 1148 ι
3310 1099 3537 1173 Oportet

1945 1190 2181 1248 hareses
2222 1205 2356 1259 esse,
2397 1196 2460 1245 ut
2501 1188 2699 1261 quipro
2736 1188 2853 1245 bati
2891 1197 3041 1259 sunt,
3082 1190 3365 1250 manifesti
3402 1190 3538 1250 ﬁant

1945 1289 2091 1340 inter
2128 1298 2227 1340 vos
2258 1282 2315 1353 (Ι
2344 1281 2470 1338 Cor.
2501 1297 2581 1349 xx,
2626 1280 2739 1353 19).
2769 1303 2791 1331 ι

2022 1371 2204 1445 (Vers.
2246 1369 2327 1443 2.)
2375 1372 2450 1428 Et
2479 1370 2689 1443 aperuit
2711 1376 2929 1442 puteum
2954 1371 3152 1445 abyssi.
3199 1372 3370 1431 Stella
3417 1391 3540 1449 qua

1947 1461 2014 1518 de
2044 1462 2183 1517 coelo
2212 1459 2433 1529 cecidit,
2486 1469 2713 1533 puteum
2741 1460 2925 1534 abyssi
2953 1462 3206 1535 aperuit;
3257 1464 3387 1538 quia
3414 1464 3540 1522 had-

1948 1550 2107 1607 retici
2146 1549 2214 1605 ad
2242 1549 2571 1623 proferenda
2594 1550 2758 1620 mala,
2806 1567 2926 1624 qua
2964 1552 3024 1609 in
3051 1551 3311 1611 cordibus
3348 1569 3539 1615 eorum

1950 1645 2214 1714 latebant,
2272 1661 2371 1702 ora
2425 1661 2526 1703 sua
2576 1654 2927 1719 aperuerunt.
2974 1650 3049 1706 Et
3089 1650 3323 1707 ascendit
3359 1650 3542 1722 fumus

237 1735 573 1806 angelorum,
622 1732 715 1804 qui
757 1739 911 1788 erant
954 1732 1077 1786 tuba
1122 1731 1375 1787 canituri.
1422 1731 1524 1787 Per
1552 1731 1752 1788 coelum
1781 1730 1841 1785 in
1944 1735 2112 1809 putei,
2167 1734 2303 1791 sicut
2359 1733 2540 1805 fumus
2587 1734 2825 1805 fornacis
2878 1753 3099 1809 magna.
3160 1738 3263 1795 Per
3324 1739 3541 1799 fumum

238 1826 345 1882 hoc
372 1825 500 1881 loco
527 1821 778 1880 Ecclesia
796 1821 1133 1893 designatur;
1148 1821 1332 1895 aquila
1348 1838 1477 1878 vero
1488 1820 1771 1879 Christum
1790 1828 1844 1876 et
1875 1839 1923 1899 Β
1952 1826 2205 1883 doctrina
2230 1824 2618 1884 hareticorum
2641 1825 2996 1900 designatur;
3029 1828 3160 1902 quia
3184 1827 3329 1888 sicut
3355 1830 3543 1889 fumus

240 1913 523 1989 apostolos
553 1911 672 1984 ejus
700 1911 1060 1968 demonstrat.
1088 1909 1292 1984 Aquila
1318 1927 1445 1983 ergo
1473 1926 1569 1982 per
1597 1909 1841 1966 medium

236 2003 444 2059 calum
474 1998 705 2055 volabat
732 2005 787 2054 et
813 1997 1082 2054 clamabat
1106 2015 1120 2065 ;
1164 1996 1293 2070 quia
1321 1996 1573 2054 Christus
1600 1995 1843 2069 primum

238 2108 336 2166 per
386 2088 658 2156 Judaam,
688 2087 924 2160 apostoli
962 2103 1092 2143 vero
1121 2085 1240 2159 ejus
1268 2102 1366 2159 per
1390 2084 1675 2143 universas
1702 2101 1844 2159 gen-

237 2188 320 2239 tes
352 2177 726 2250 Evangelium
766 2175 1241 2249 pradicaverunt:
1290 2192 1424 2249 quas
1457 2176 1623 2233 etiam
1652 2192 1846 2249 perse-

239 2268 496 2329 cutiones
541 2268 611 2325 ab
671 2266 1001 2323 adversariis
1054 2266 1360 2324 Ecclesiam
1416 2282 1531 2324 esse
1563 2283 1845 2340 passuram

239 2364 432 2422 multis
462 2360 648 2418 modis
674 2360 1075 2433 pradixerunt.
1106 2359 1345 2435 Ideoque
1376 2360 1483 2417 tria
1517 2376 1599 2418 va
1637 2361 1844 2434 posuit,

240 2472 308 2512 ex
361 2454 571 2529 quibus
624 2451 864 2524 primum
914 2450 982 2507 ad
1020 2450 1308 2507 hareticos
1338 2450 1596 2522 pertinet,
1625 2450 1720 2523 qui
1745 2450 1846 2505 Ec-

240 2544 463 2601 clesiam
512 2542 613 2597 Dei
664 2539 857 2596 multis
903 2538 1083 2595 modis
1120 2539 1441 2613 impugnare
1468 2538 1649 2596 conati
1678 2547 1842 2596 sunt:

241 2632 553 2689 secundum
606 2628 675 2686 ad
718 2645 977 2701 paganos,
1015 2627 1110 2702 qui
1140 2627 1385 2685 eamdem
1414 2627 1717 2685 Ecclesiam
1748 2627 1850 2684 Dei

242 2719 523 2795 persecuti
578 2725 729 2786 sunt,
783 2718 1192 2791 maximamque
1227 2717 1477 2774 ﬁdelium
1518 2716 1850 2774 multitudi-

241 2833 370 2876 nem
430 2816 832 2873 interfecerunt
862 2832 874 2870 :
927 2815 1151 2871 tertium
1183 2815 1251 2871 ad
1281 2813 1712 2882 Antichristum,
1754 2812 1851 2886 qui

242 2908 516 2980 populum
576 2903 677 2962 Dei
724 2904 783 2959 in
821 2904 931 2960 ﬁne
982 2903 1181 2960 mundi
1208 2903 1585 2961 debellaturus
1612 2910 1711 2958 est.
1741 2902 1852 2959 Nec

243 3002 438 3069 putare
458 2993 724 3051 debemus
752 2992 900 3067 quod
929 2992 1047 3048 tria
1079 3009 1160 3048 va
1187 2992 1257 3047 ad
1288 2993 1489 3049 electos
1519 2992 1852 3070 pertineant,

243 3085 340 3159 qui
418 3085 664 3141 diversas
701 3081 1039 3140 calamitates
1094 3080 1163 3137 ab
1212 3081 1400 3153 impiis
1454 3082 1799 3153 pertulerunt
1839 3095 1852 3136 :

244 3176 341 3233 sed
398 3176 586 3249 potius
628 3174 695 3230 ad
744 3172 961 3228 eosdem
1015 3172 1234 3244 impios,
1267 3172 1362 3244 qui
1392 3171 1606 3228 easdem
1637 3170 1858 3228 calami-

242 3272 386 3322 tates
445 3262 516 3318 ab
557 3261 745 3333 impiis
778 3260 1166 3333 pertulerunt;
1205 3260 1298 3316 sed
1328 3262 1513 3333 potius
1540 3261 1609 3318 ad
1634 3261 1853 3318 eosdem
1887 3249 1931 3311 C

245 3352 474 3427 impios,
520 3351 617 3424 qui
672 3349 888 3407 easdem
939 3350 1278 3407 calamitates
1325 3351 1654 3408 intulerunt.
1697 3351 1852 3408 Unde

246 3450 326 3507 et,
400 3441 509 3509 Vae,
561 3457 657 3509 va,
701 3456 796 3507 vae,
848 3440 1204 3495 habitantibus
1228 3440 1283 3494 in
1317 3447 1464 3497 terra
1484 3441 1659 3508 dicit;
1692 3441 1853 3514 impii

246 3550 491 3607 namque
532 3535 628 3609 qui
652 3533 796 3590 nihil
821 3533 973 3590 aliud
994 3550 1167 3606 quam
1197 3542 1397 3590 terram
1429 3541 1704 3606 quarunt,
1745 3532 1854 3588 ba—

245 3634 523 3692 bitatores
575 3643 735 3691 terra
786 3633 912 3707 jure
962 3641 1276 3692 vocantur:
1324 3633 1465 3707 justi
1519 3641 1701 3691 autem
1758 3631 1856 3706 qui

249 3725 503 3785 caelestia
582 3743 797 3800 semper
876 3725 1235 3795 desiderant,
1311 3726 1438 3784 cali
1519 3724 1856 3782 habitatores

245 3826 395 3877 recte
459 3827 730 3875 vocantur
759 3862 776 3888 ,
840 3818 985 3876 sicut
1054 3817 1195 3875 dicit
1261 3817 1540 3890 apostolus
1594 3816 1797 3872 Paulus
1838 3832 1850 3873 :

262 3932 284 3956 ι
340 3910 549 3967 Nostra
600 3915 784 3966 autem
829 3908 1177 3968 conversatio
1205 3906 1266 3965 in
1292 3908 1447 3966 caelis
1473 3914 1557 3964 est
1590 3905 1852 3978 (Philipp.

247 4011 335 4065 tn,
366 3998 486 4071 20).
523 4024 544 4048 ι
765 3987 772 3992 ’

317 4096 558 4156 CAPUT
585 4096 685 4153 IX.
717 4127 786 4139 —
819 4096 1001 4170 (Vera.
1038 4096 1117 4169 1.)
1149 4097 1223 4153 Et
1245 4096 1461 4168 quintus
1486 4095 1704 4169 angelus
1733 4094 1857 4151 tuba

245 4188 450 4245 cecinit.
517 4186 757 4255 Quintus
809 4187 1039 4259 angelus
1083 4185 1399 4242 defensores
1440 4185 1703 4242 Ecclesia
1756 4200 1859 4241 or-

249 4276 524 4334 thodoxa
580 4275 711 4331 ﬁdei
766 4274 1048 4347 designat:
1111 4272 1243 4331 tuba
1270 4275 1609 4343 cecinerunt,
1638 4274 1858 4347 quando

248 4381 349 4439 pro
408 4364 744 4445 defensione
787 4364 916 4423 ﬁdei
962 4364 1220 4421 omnibus
1249 4363 1428 4420 modis
1450 4363 1855 4422 laboraverunt.

246 4456 323 4513 Et
371 4456 490 4513 vidi
550 4456 763 4512 stellam
817 4456 881 4511 de
940 4456 1064 4511 calo
1115 4454 1355 4511 cecidisse
1401 4455 1458 4509 in
1506 4461 1723 4511 terram.
1755 4456 1857 4511 Per

249 4548 470 4604 stellam
510 4544 895 4602 haeresiarchas
924 4544 1284 4618 designantur
1314 4562 1328 4612 ;
1366 4544 1495 4617 quia
1522 4544 1666 4601 sicut
1688 4544 1859 4601 stella

249 4636 310 4693 in
359 4638 514 4695 calo
567 4634 858 4707 refulgent,
901 4634 979 4690 ita
1021 4613 1077 4689 et
1118 4633 1208 4689 isti
1259 4613 1549 4705 antequam
1584 4632 1860 4702 caderent,
1889 4613 1939 4673 Π

254 4724 522 4782 doctrina
567 4730 621 4779 et
676 4722 945 4794 sapientia
999 4720 1340 4794 refulgebant
1386 4720 1445 4776 in
1494 4721 1758 4778 Ecclesia.
1787 4724 1867 4778 De

257 4815 399 4872 calo
450 4814 521 4870 in
566 4819 771 4868 terram
819 4811 1042 4877 cecidit,
1094 4811 1224 4884 quia
1260 4810 1328 4866 ab
1356 4812 1601 4868 Ecclesia
1628 4812 1864 4885 praecisi,

255 4904 480 4976 corpori
536 4902 918 4974 reproborum,
960 4901 1055 4973 qui
1108 4917 1203 4973 per
1258 4907 1459 4957 terram
1487 4902 1862 4975 designantur,

259 4993 457 5049 sociati
515 5001 667 5048 sunt.
730 4991 834 5047 Sed
881 4990 1235 5063 quaerendum
1293 4989 1453 5046 nobis
1480 5000 1582 5059 est,
1614 5009 1714 5048 cur
1741 4994 1866 5066 pri-

268 5095 426 5137 mum
466 5080 779 5147 hareticos,
834 5079 929 5151 qui
971 5095 1067 5151 per
1119 5078 1332 5134 stellam
1369 5087 1424 5134 et
1450 5078 1685 5135 locustas
1712 5081 1867 5138 desi-

264 5172 418 5243 gnati
479 5179 632 5239 sunt,
695 5170 982 5242 posuerit;
1033 5177 1087 5224 et
1129 5177 1316 5241 postea
1349 5178 1741 5240 persecutores,
1771 5163 1866 5245 qui

266 5257 634 5331 designantur
686 5275 782 5331 per
836 5258 1048 5330 equites
1096 5257 1371 5324 loricatos,
1421 5258 1489 5314 de
1553 5259 1753 5332 quibus
1809 5262 1867 5316 in

269 5349 634 5423 sequentibus
690 5348 956 5405 in'cautu
1011 5347 1157 5403 tuba
1212 5348 1354 5402 sexti
1408 5349 1587 5419 angeli
1619 5349 1869 5408 dicturus

266 5445 370 5496 est.
400 5439 548 5507 Quia
576 5447 868 5512 antequam
901 5439 1257 5510 imperatores
1284 5439 1653 5495 Romanorum
1684 5440 1869 5497 Eccle-

252 5527 410 5585 siam
442 5529 547 5587 Dei
565 5528 815 5603 persequi
844 5528 1235 5600 instituissent,
1266 5527 1512 5586 haretici
1539 5546 1654 5587 esse
1682 5547 1870 5605 cape-

1949 1924 2114 1973 vento
2146 1916 2418 1989 impulsus
2444 1915 2557 1974 cito
2584 1915 2883 1987 evanescit,
2934 1917 3013 1975 ita
3052 1925 3106 1975 et
3132 1917 3383 1977 doctrina
3420 1919 3545 1977 ba-

1951 2007 2250 2064 reticorum
2292 2023 2388 2080 per
2416 2006 2728 2065 doctrinam
2767 2016 3081 2066 sanctorum
3128 2008 3352 2068 Patrum
3391 2010 3546 2068 velut

1951 2097 2139 2154 fumus
2167 2096 2429 2153 evanuit:
2463 2112 2560 2169 per
2588 2097 2868 2156 fornacem
2898 2114 3030 2156 vero
3063 2115 3209 2173 sape
3236 2097 3404 2159 corda
3426 2099 3547 2159 im-

1953 2186 2171 2261 piorum
2202 2185 2582 2259 designantur,
2633 2186 2776 2244 sicut
2801 2185 2940 2245 dicit
2956 2188 3271 2262 propheta:
3326 2214 3346 2240 ι
3381 2188 3549 2249 Velut

1953 2278 2206 2337 clibanus
2233 2277 2432 2336 ardens
2458 2276 2628 2336 corda
2653 2294 2846 2336 eorum
2876 2279 3045 2353 (Osee.
3074 2296 3175 2350 γη,
3204 2280 3288 2354 4).
3318 2305 3338 2331 ι

2022 2370 2099 2426 Et
2129 2368 2438 2425 obscuratus
2475 2374 2551 2425 est
2575 2370 2658 2425 sol
2684 2374 2731 2424 et
2756 2387 2853 2426 aer
2877 2369 2941 2426 de
2969 2369 3120 2441 fumo
3135 2370 3303 2444 putei.
3336 2370 3440 2429 Per
3464 2387 3548 2430 so-

1955 2459 2064 2516 lem
2104 2475 2246 2531 sape
2274 2458 2531 2518 Christus
2555 2459 2911 2534 intelligitur,
2948 2460 3009 2519 in
3049 2460 3157 2519 hoc
3196 2469 3380 2520 autem
3427 2463 3549 2522 loco

1956 2553 2203 2611 membra
2230 2553 2500 2627 ejusdem,
2543 2554 2602 2610 id
2630 2564 2732 2624 est,
2780 2554 3164 2628 pradicatores
3192 2554 3369 2615 sancti
3397 2554 3550 2613 desi-

1956 2644 2109 2718 gnati
2134 2651 2300 2701 sunt:
2340 2660 2436 2717 per
2465 2659 2646 2701 aerem
2680 2659 2811 2701 vero
2839 2644 3075 2717 populus
3103 2644 3304 2714 ﬁdelis,
3352 2645 3449 2719 qui
3471 2645 3552 2702 eis

1956 2732 2237 2805 subjectus
2259 2742 2396 2790 erat.
2447 2732 2549 2789 Sed
2580 2732 2858 2805 quomodo
2886 2733 3048 2791 electi
3077 2733 3356 2791 obscurati
3399 2743 3549 2804 sunt,

1959 2839 2096 2897 quos
2130 2823 2372 2894 pravitas
2390 2821 2649 2879 baretica
2675 2820 2927 2894 decipere
2955 2839 3068 2879 non
3089 2823 3266 2880 valuit
3284 2824 3313 2881 7
3328 2823 3435 2882 Sed
3458 2823 3552 2881 ob-

1961 2913 2166 2971 scurati
2193 2920 2324 2969 sunt
2352 2912 2452 2980 eis,
2502 2928 2641 2985 quos
2667 2911 2912 2970 haretici
2941 2912 3193 2987 decipere
3232 2922 3550 2988 potuerunt,

1963 3002 2060 3076 qui
2088 3010 2143 3059 et
2170 3002 2231 3058 in
2259 3002 2617 3077 sequentibus
2643 3019 2740 3076 per
2766 3004 3005 3062 locustas
3033 3005 3391 3076 designantur
3420 3021 3432 3060 :
3462 3018 3553 3061 ve-

1964 3109 2089 3150 rum
2138 3098 2285 3156 538
2329 3093 2552 3152 claritas
2594 3109 2785 3151 eorum
2836 3096 3050 3152 cateris
3086 3093 3346 3152 ﬁdelibus
3385 3095 3555 3154 latere

1965 3209 2078 3250 non
2109 3193 2308 3266 potuit,
2352 3192 2517 3251 sicuti
2543 3210 2647 3251 nec
2674 3194 2900 3253 lucerna
2934 3193 3039 3253 sub
3068 3194 3256 3253 modio
3292 3193 3555 3254 abscondi

1959 3290 2159 3357 potest.

2035 3374 2199 3445 (Vers
2235 3371 2318 3444 3.)
2371 3373 2447 3429 Et
2474 3371 2536 3428 de
2561 3371 2712 3443 fumo
2736 3373 2981 3430 exierunt
3007 3373 3217 3431 locustis
3249 3372 3309 3430 in
3337 3379 3555 3434 terram.

1961 3465 2042 3521 De
2070 3464 2248 3529 fumo,
2274 3461 2335 3519 id
2361 3471 2463 3531 est,
2485 3462 2554 3519 de
2571 3462 2825 3521 doctrina
2849 3478 3040 3520 eorum
3060 3463 3156 3539 qui
3180 3464 3558 3523 baresiarcha

1962 3554 2219 3628 appellati
2247 3561 2401 3623 sunt,
2433 3570 2628 3627 magna
2655 3554 2957 3612 multitudo
2981 3553 3371 3614 haereticorum
3400 3571 3557 3630 geneé

1962 3653 2081 3702 rata
2106 3652 2209 3701 est.
2239 3646 2302 3701 In
2329 3651 2533 3701 terram
2557 3643 2836 3710 exierunt,
2863 3645 2993 3719 quia
3019 3661 3053 3701 a
3073 3646 3335 3704 societate
3359 3645 3560 3705 electae

1962 3751 2086 3792 rum
2116 3733 2373 3806 separati,
2404 3733 2484 3791 eis
2506 3735 2603 3809 qui
2632 3742 2779 3792 terra
2804 3743 3096 3802 vocantur,
3111 3734 3169 3792 id
3198 3743 3299 3805 est,
3318 3734 3560 3794 inﬁdeli-

1963 3823 2067 3881 bus
2098 3823 2382 3895 conjuncti
2411 3832 2560 3881 sunt.
2616 3826 2692 3882 Et
2726 3824 2855 3881 data
2879 3822 2955 3881 'est
2980 3824 3093 3881 illis
3114 3831 3366 3897 potestas,
3421 3825 3561 3883 sicut

1962 3913 2152 3970 habent
2163 3919 2472 3986 potestatem
2492 3914 2792 3985 scorpiones
2812 3921 2985 3971 terra.
3011 3913 3166 3988 Sapo
3186 3916 3333 3972 Deus
3349 3913 3561 3973 dicitur

1963 4004 2202 4073 dedisse,
2232 4004 2380 4077 quod
2402 4003 2706 4077 permittit;
2728 4004 3002 4077 permittit
3029 4005 3179 4060 enim
3206 4005 3353 4061 Deus
3372 4003 3562 4077 impiis

1965 4097 2108 4153 male
2132 4112 2311 4169 agere,
2359 4105 2425 4153 ut
2454 4111 2525 4152 ex
2549 4111 2742 4153 eorum
2769 4096 2931 4154 malis
2956 4096 3106 4153 bona
3131 4105 3407 4170 operetur,
3456 4096 3561 4153 Per

1966 4186 2285 4258 scorpiones
2319 4200 2451 4242 vero
2480 4202 2772 4260 possumus
2806 4184 3084 4243 damoues
3110 4185 3356 4258 accipere
3386 4202 3403 4252 ;
3430 4184 3564 4259 quia

1967 4280 2111 4337 sicut
2141 4276 2457 4350 scorpiones
2486 4277 2620 4333 dum
2646 4292 2759 4332 non
2789 4276 3184 4348 pravidentur,
3207 4290 3440 4348 corpora
3464 4274 3562 4334 ho-

1969 4368 2183 4425 minum
2218 4383 2319 4423 suo
2347 4381 2562 4422 veneno
2585 4364 2846 4421 inﬁciunt
2884 4373 2939 4422 et
2966 4364 3362 4438 exstinguunt:
3408 4364 3487 4421 ita
3508 4371 3565 4421 et

1969 4456 2245 4514 damones
2274 4454 2512 4512 incautis
2537 4452 2861 4510 hominibus
2887 4469 3102 4511 venena
3134 4453 3400 4511 malarum
3430 4468 3567 4526 per-

1970 4546 2288 4604 suasionum
2318 4545 2597 4618 ingerunt,
2622 4552 2677 4602 et
2703 4545 2836 4601 dum
2865 4543 2936 4602 ad
2963 4543 3326 4618 perpetranda
3361 4545 3566 4602 scelera

1973 4635 2320 4710 pertrahunt,
2360 4652 2550 4692 eorum
2581 4634 2792 4691 animas
2820 4650 3035 4691 veneno
3064 4650 3177 4690 sua
3204 4633 3433 4690 malitia
3468 4632 3567 4690 in-

1973 4729 2145 4784 fectas
2176 4727 2455 4784 occidunt.
2506 4728 2753 4783 Potestas
2786 4742 2916 4800 ergo
2953 4727 3315 4791 locustarum,
3362 4723 3421 4781 id
3462 4731 3565 4793 est,

1975 4817 2383 4884 hareticorum,
2438 4816 2639 4872 similis
2683 4825 2765 4872 est
2800 4814 3058 4888 potestati
3087 4813 3461 4887 scorpionum,
3509 4811 3568 4870 id

1975 4914 2076 4975 est,
2107 4905 2422 4962 damonum
2447 4924 2463 4972 ;
2501 4906 2631 4978 quia
2660 4905 2803 4961 sicut
2829 4903 3108 4960 damones
3138 4904 3195 4960 in
3223 4903 3329 4960 hoc
3354 4914 3577 4976 semper.

1976 4995 2261 5064 insistunt,
2293 5002 2356 5050 ut
2391 5010 2750 5068 quoscunque
2780 5004 3010 5067 possunt
3037 4993 3316 5065 decipiant
3342 5009 3355 5049 :
3406 4993 3484 5048 ita
3515 4997 3571 5047 et

1976 5084 2219 5141 haretici
2248 5091 2364 5139 tota
2392 5084 2600 5139 virtute
2620 5083 2963 5150 laborabant,
2988 5092 3050 5140 ut
3069 5095 3427 5156 quoscunque
3448 5095 3568 5153 pose

1977 5182 2119 5244 sent,
2154 5174 2211 5229 in
2244 5174 2457 5230 foveam
2490 5190 2601 5230 sua
2633 5174 2962 5248 perditionis
2991 5173 3386 5245 demergerent.

2050 5264 2232 5336 (Vers.
2265 5263 2345 5334 4.)
2396 5266 2471 5319 Et
2492 5271 2805 5336 praeceptum
2838 5271 2912 5320 est
2938 5252 3068 5331 illis,
3116 5279 3179 5317 ne
3208 5260 3453 5317 luderent
3477 5254 3571 5328 fe-

1976 5370 2103 5410 num
2126 5359 2301 5421 terra,
2330 5370 2494 5424 neque
2513 5372 2661 5409 omne
2691 5355 2878 5423 viride,
2905 5369 3070 5424 neque
3085 5366 3287 5407 omnem
3304 5346 3569 5403 arborem.

1979 5442 2138 5511 Quod
2167 5441 2443 5515 signiﬁcat
2480 5443 2667 5500 fenum
2699 5452 2877 5511 terra,
2929 5442 3035 5497 hoc
3061 5448 3117 5496 et
3144 5451 3307 5494 omne
3347 5432 3569 5503 viride;

1978 5548 2109 5590 nam
2140 5532 2283 5591 sicut
2312 5534 2564 5607 superius
2610 5535 2785 5608 (supr.
2817 5548 2935 5604 cap.
2960 5529 3016 5598 8,
3048 5543 3165 5586 vers
3194 5525 3250 5597 7)
3282 5522 3385 5582 sub
3407 5530 3574 5584 cantu

341 5737 463 5813 (94)
526 5742 600 5799 Et
649 5738 798 5801 eritis
852 5742 1040 5802 odio...
1090 5748 1312 5818 propter
1356 5756 1542 5801 nomen
1581 5758 1771 5813 meum,
1804 5759 1874 5802 ex
1911 5742 2172 5803 omnibus
2199 5762 2332 5804 mss.
2363 5744 2689 5803 restituitur.

554 5841 796 5902 Paruon.
833 5844 1009 5903 XVII.

3221 5838 3291 5898 30
