4026 6172
455 356 562 414 939

1452 350 1548 405 AD
1587 348 1823 405 OPERA
1859 347 1914 403 S.
1955 346 2288 404 AMBROSII
2327 345 2708 402 APPENDIX.

3664 345 3768 401 9&0

454 482 604 540 tubae
645 479 812 555 primi
845 477 1024 551 angeli
1071 491 1166 548 per
1211 490 1374 530 omne
1417 473 1606 530 fenum
1653 473 1854 539 viride,
1901 474 2049 545 quod
2077 477 2125 534 A
2155 469 2242 526 dis
2283 470 2632 542 aﬁligantur;
2682 469 3017 526 intrinsecus
3066 476 3253 524 tamen
3301 467 3368 524 de
3396 485 3494 541 spe
3520 469 3768 527 cmlestis

455 572 801 632 combustum
834 585 949 627 esse
979 568 1204 635 dicitur,
1237 566 1395 622 electi
1427 567 1519 638 qui
1552 565 1746 637 primis
1777 566 2050 638 tempori-

455 665 558 722 bus
577 663 820 728 fuerunt,
845 659 1202 730 designantur
1230 675 1240 711 :
1276 657 1352 711 ita
1381 664 1434 711 et
1465 656 1557 710 hic
1573 671 1668 726 per
1689 655 1874 710 fenum
1893 663 2048 710 terrae

453 765 509 812 et
550 768 712 810 omne
737 750 915 806 viride
949 748 1128 804 ﬁdelis
1159 748 1392 820 populus
1429 755 1509 801 est
1551 744 1904 815 designatus:
1957 761 2050 816 per

455 844 675 901 arbores
713 857 844 898 vero
883 839 1137 896 doctores
1175 836 1432 893 Ecclesiae
1471 834 1850 906 designantur.
1905 835 2050 890 Pro-

453 933 621 990 hibiti
651 941 778 988 sunt
809 946 936 1002 ergo
961 927 1228 992 hieretici,
1257 942 1326 980 ne
1357 923 1618 980 laederent
1651 923 1836 980 fenum
1868 932 2046 990 terrae,

454 1039 630 1097 neque
661 1036 824 1077 omne
853 1018 1054 1086 viride,
1107 1033 1284 1088 neque
1321 1031 1538 1070 omnem
1577 1013 1866 1080 arborem;
1923 1012 2050 1084 quia

454 1129 567 1171 non
596 1111 847 1185 permisit
876 1113 1044 1176 Deus,
1074 1117 1136 1164 ut
1167 1125 1259 1164 eos
1288 1107 1382 1179 qui
1413 1105 1751 1160 viriditatem
1786 1104 1912 1160 ﬁdei
1943 1105 2050 1160 ha—

452 1203 676 1272 bebant,
709 1202 767 1258 id
795 1210 894 1268 est,
920 1201 1014 1273 qui
1043 1199 1205 1255 ﬁdem
1237 1215 1399 1270 quam
1430 1197 1851 1268 proﬁtebantur,
1873 1196 2047 1269 operi-

453 1291 558 1349 bus
586 1291 908 1363 implebant,
933 1305 1109 1360 neque
1137 1297 1353 1344 sanctos
1383 1286 1785 1358 praedicatores,
1811 1286 1904 1358 qui
1937 1301 2048 1340 non

453 1390 611 1438 erant
639 1381 811 1453 spina:
840 1380 926 1434 vel
955 1377 1170 1445 tribuli,
1195 1393 1263 1432 ex
1293 1375 1492 1449 quibus
1513 1391 1687 1447 neque
1709 1391 1850 1441 uvae,
1875 1389 2052 1445 neque

452 1476 595 1533 ﬁcus
622 1473 986 1545 colliguntur;
1034 1470 1128 1526 sed
1158 1468 1342 1541 potius
1370 1466 1588 1522 arbores
1616 1466 1886 1521 bonorum
1927 1480 2049 1534 ope-

453 1582 578 1622 rum
610 1564 822 1620 fructus
850 1562 1105 1628 ferentes,
1138 1576 1208 1615 ex
1238 1558 1440 1631 quibus
1470 1555 1657 1610 ﬁdeles
1685 1553 1875 1626 populi
1915 1551 2051 1606 reﬁ-

453 1655 760 1721 ciebantur,
811 1649 1055 1708 haeretici
1087 1647 1434 1718 deciperent;
1491 1643 1637 1701 unde
1670 1652 1722 1699 et
1752 1643 2000 1716 sequitur
2033 1661 2044 1698 :

451 1745 574 1802 Nisi
602 1744 856 1806 homines,
878 1739 970 1810 qui
996 1755 1102 1792 non
1131 1737 1317 1792 habent
1345 1735 1551 1804 signum
1582 1733 1677 1788 Dei
1705 1733 1762 1786 in
1785 1732 2049 1802 frontibus

2160 561 2374 632 gloriae,
2408 559 2475 614 ad
2506 576 2670 632 quam
2701 576 2758 614 se
2787 566 3149 630 perventuros
3174 559 3426 621 credunt,
3457 560 3761 616 exsultant.

2161 649 2457 704 Possumus
2493 648 2658 703 etiam
2696 665 2792 719 per
2817 648 3062 720 quinque
3094 664 3310 704 menses
3354 664 3520 703 omne
3551 656 3765 720 tempus

2161 737 2330 809 hujus
2360 739 2550 793 mundi
2583 739 2910 809 intelligere;
2946 739 3156 809 primus
3188 755 3426 812 namque
3454 739 3662 796 mensis
3684 747 3767 795 est

2159 827 2226 882 ab
2265 827 2477 898 origine
2523 826 2716 882 mundi
2765 843 2936 899 usque
2983 827 3050 882 ad
3080 828 3381 897 diluvium,
3421 829 3699 884 secundus
3737 845 3768 884 a

2159 916 2374 972 diluvio
2404 933 2575 989 usque
2600 917 2667 972 ad
2700 917 2947 989 Moysen,
2996 919 3189 973 tertius
3218 935 3247 973 a
3274 918 3461 990 Moyse
3486 935 3661 991 usque
3699 918 3768 974 ad

2158 1005 2356 1071 David,
2380 1013 2653 1076 quartusa
2677 1005 2854 1060 David
2887 1022 3059 1078 usque
3089 1006 3158 1061 ad
3197 1006 3504 1074 Christum,
3531 1007 3768 1080 quintus

2159 1110 2190 1148 a
2227 1092 2446 1149 Christo
2477 1111 2647 1168 usque
2673 1095 2740 1150 ad
2769 1094 3302 1150 consummationem
3345 1095 3552 1150 saeculi.
3612 1097 3674 1152 In
3697 1095 3771 1152 iis

2164 1198 2292 1254 ergo
2333 1182 2574 1254 quinque
2606 1183 2887 1240 mensibus
2916 1200 3108 1239 omnes
3138 1183 3495 1240 fabricatores
3515 1200 3772 1242 errorum

2158 1273 2495 1341 cruciantur,
2535 1274 2652 1329 sive
2699 1291 2764 1330 eo
2811 1275 2975 1331 modo
3029 1291 3138 1346 quo
3185 1274 3440 1346 superius
3494 1274 3771 1333 diximus,

2159 1362 2274 1417 sive
2317 1363 2464 1435 quod
2511 1362 2672 1418 falsas
2701 1364 3126 1419 adinventiones
3153 1379 3280 1419 suas
3314 1362 3509 1420 vident
3552 1381 3584 1420 a
3621 1366 3776 1422 veri.

2162 1459 2271 1507 tate
2295 1451 2561 1523 superari.

2229 1550 2582 1606 Etcruciatus
2599 1568 2779 1606 eorum
2803 1558 2861 1606 ut
2884 1552 3155 1607 cruciatus
3171 1552 3514 1624 scorpii,cum
3533 1555 3780 1624 percutit

2159 1642 2434 1697 hominem.
2465 1644 2722 1699 Diximus
2754 1643 3006 1715 superius
3029 1660 3124 1715 per
3143 1643 3460 1715 scorpiones
3479 1643 3779 1701 daemones

2159 1749 2272 1788 esse
2302 1732 2649 1806 designatos;
2705 1750 2832 1789 nam
2880 1734 3024 1790 sicut
3069 1735 3286 1805 scorpio
3324 1750 3519 1806 corpus
3574 1736 3780 1792 aculeo

453 1833 584 1889 suis.
632 1830 778 1898 Quid
803 1836 886 1884 est
908 1835 1090 1883 autem
1119 1826 1337 1896 signum
1370 1823 1490 1890 Dei,
1547 1821 1654 1877 nisi
1684 1821 1942 1888 charitas,
1983 1820 2050 1875 de
2082 1842 2128 1900 Β
2165 1827 2437 1895 vulnerat,
2496 1836 2556 1882 ut
2615 1843 2709 1898 per
2735 1827 2942 1881 vulnus
2975 1843 3252 1883 venenum
3285 1826 3632 1895 intromittat,
3674 1843 3783 1900 per

453 1937 562 1994 qua
591 1919 735 1975 idem
765 1918 1000 1972 Joannes
1029 1913 1296 1986 loquitur,
1325 1911 1516 1968 dicens
1541 1929 1552 1966 :
1598 1936 1616 1958 ι
1638 1912 1783 1966 Deus
1811 1909 2052 1966 charitas

452 2017 536 2066 est
577 2009 634 2081 (Ι
666 2009 823 2064 Joan.
857 2023 936 2074 ιν,
968 2004 1072 2073 8)?
1098 2029 1116 2052 ι
1173 2003 1471 2058 Possumus
1499 2017 1630 2056 vero
1676 2016 1773 2071 per
1820 2000 2048 2068 frontes,

455 2114 575 2174 qua
631 2097 924 2172 qualitates
981 2092 1250 2150 mentium
1297 2089 1596 2163 saepissime
1647 2088 2049 2157 demonstrant,

454 2189 622 2248 corda
668 2186 1024 2261 reproborum
1077 2183 1407 2254 intelligere.
1458 2181 1547 2237 Illi
1598 2197 1725 2252 ergo
1775 2180 1935 2236 facile
1983 2181 2051 2235 ab

455 2280 733 2339 haereticis
757 2277 1201 2349 decipiebantur,
1222 2273 1317 2346 qui
1340 2274 1558 2343 signum
1585 2271 1682 2326 Dei
1705 2270 1842 2338 vivi,
1872 2270 1929 2325 id
1944 2279 2045 2338 est,

453 2371 780 2429 charitatem
810 2369 867 2423 in
893 2365 1153 2424 cordibus
1181 2365 1298 2419 suis
1328 2378 1438 2418 non
1471 2359 1765 2416 habebant.

529 2465 712 2540 (Vers.
745 2464 826 2535 5.)
877 2463 950 2519 Et
995 2467 1309 2532 praeceptum
1361 2463 1434 2512 est
1483 2456 1616 2521 illis,
1652 2472 1717 2508 ne
1765 2455 2054 2509 occiderent

453 2573 556 2612 eos.
590 2553 748 2621 Quod
778 2551 936 2613 dicit.
967 2555 1280 2622 praeceptum
1308 2553 1383 2602 est
1407 2547 1540 2614 illis,
1566 2545 1786 2600 videtur
1816 2544 1950 2599 mihi
1983 2543 2051 2599 ad

455 2647 732 2704 daemones
759 2641 1066 2715 pertinere;
1098 2647 1249 2696 tanta
1277 2645 1358 2694 est
1394 2636 1542 2692 enim
1573 2635 1818 2707 nequitia
1842 2634 2049 2690 dremo-

454 2751 610 2802 num,
671 2740 732 2788 ut
769 2732 815 2787 si
841 2732 947 2787 hoc
985 2732 1131 2786 Deus
1159 2726 1516 2800 permisisset,
1562 2724 1747 2779 statim
1785 2731 1847 2779 ut
1885 2724 2050 2779 homo

456 2823 687 2880 mortale
713 2820 930 2876 facinus
958 2817 1287 2883 admisisset,
1345 2831 1470 2870 eum
1503 2813 1909 2869 interﬁcerent:
1952 2812 2045 2868 sed

455 2919 735 2986 exspectat
762 2913 909 2967 Deus
947 2909 1200 2963 homines
1229 2907 1446 2977 impios,
1488 2914 1550 2960 ut
1598 2902 1896 2976 aliquando
1952 2919 2050 2975 per

457 2999 836 3074 paenitentiam
869 2997 937 3052 ad
976 3013 1099 3053 eum
1135 2994 1357 3049 redeant
1397 3001 1452 3047 et
1480 2993 1780 3059 salventur,
1831 2993 1947 3047 sive
1989 2999 2052 3047 ut

453 3089 591 3161 justi
622 3105 719 3160 per
746 3104 838 3143 eos
867 3086 1188 3158 probentur.
1229 3083 1364 3138 Nam
1407 3089 1460 3137 et
1488 3081 1794 3148 Psalmista,
1828 3098 1951 3137 cum
1983 3080 2051 3136 de

460 3179 649 3252 impiis
680 3179 1014 3250 loqueretur,
1047 3173 1370 3246 precabatur
1392 3172 1615 3228 dicens:
1680 3195 1697 3217 ι
1725 3170 1802 3225 Ne
1830 3170 2048 3226 occidas

459 3287 572 3339 eos,
591 3285 659 3325 ne
677 3265 896 3341 quando
913 3263 1312 3319 obliviscantur
1340 3260 1528 3332 populi
1553 3258 1659 3313 mei
1683 3260 1857 3330 (Psal.
1892 3277 2047 3328 Lvm,

463 3360 577 3430 i2).
609 3383 627 3406 ι
690 3357 760 3411 Εῐ
789 3357 844 3410 in
876 3353 1132 3410 Iudicum
1164 3351 1306 3407 libro
1334 3349 1600 3421 scriptum
1632 3357 1732 3416 est,
1786 3349 1916 3420 quia
1957 3348 2054 3403 di-

463 3449 614 3505 misit
659 3449 806 3503 Deus
852 3445 1188 3502 Chananaeos
1244 3450 1298 3496 et
1344 3440 1688 3503 Philisteeos;
1751 3445 1813 3492 ut
1859 3438 1916 3493 in
1975 3439 2053 3493 eis

463 3538 805 3608 experiretur
833 3535 1019 3598 Israel,
1070 3540 1124 3587 et
1166 3529 1432 3585 haberent
1481 3528 1765 3583 scientiam
1808 3525 2052 3582 certandi

463 3641 590 3680 cum
621 3623 872 3678 hostibus
895 3621 1092 3690 (Judic.
1127 3637 1209 3684 ru,
1245 3618 1297 3682 1,
1334 3617 1414 3686 2).
1441 3616 1707 3686 Przeceplt
1735 3631 1863 3686 ergo
1886 3618 2053 3681 Deus,

465 3713 524 3769 id
552 3719 653 3779 est,
677 3727 788 3766 non
819 3709 1065 3780 permisit
1095 3715 1156 3761 ut
1186 3707 1711 3772 exterminarentur,
1730 3705 1846 3760 sive
1867 3723 2056 3762 omnes

464 3801 734 3868 haeretici,
782 3799 898 3855 sive
929 3813 1118 3853 omnes
1154 3796 1350 3867 impii;
1402 3802 1465 3850 ut
1498 3794 1766 3850 haberent
1789 3793 1928 3865 justi
1961 3813 2056 3867 per

465 3908 602 3966 quos
632 3888 1018 3962 probarentur,
1067 3886 1210 3942 sicut
1235 3899 1432 3940 aurum
1477 3883 1624 3956 quod
1653 3883 1916 3956 probatur
1963 3901 2058 3956 per

465 3983 671 4055 ignem.

533 4079 690 4137 Unde
745 4084 799 4133 et
840 4074 1119 4148 sequitur:
1183 4073 1283 4130 Sed
1309 4077 1370 4128 ut
1399 4072 1768 4128 cruciarentur
1794 4073 2056 4128 mensibus

464 4167 712 4240 quinque.
772 4165 874 4221 Per
915 4178 1128 4218 menses
1168 4162 1413 4234 quinque
1465 4176 1627 4216 omne
1666 4168 1882 4233 tempus
1927 4162 2056 4217 vita;

466 4253 768 4327 praesentis,
801 4251 948 4325 quod
977 4251 1036 4306 in
1065 4250 1309 4322 quinque
1346 4247 1600 4304 aetatibus
1633 4247 1910 4313 consistit,
1938 4265 2056 4320 pos-

467 4356 656 4398 sumus
688 4341 1014 4412 intelligere.
1045 4338 1228 4394 Prima
1261 4352 1496 4410 namque
1524 4344 1655 4392 aetas
1690 4344 1772 4392 est
1801 4337 2054 4406 infantia,

468 4430 706 4488 secunda
734 4429 988 4502 pueritia,
1019 4428 1181 4483 tertia
1209 4425 1602 4493 adolescentia,
1634 4434 1827 4499 quarta
1847 4425 2058 4497 juven-

469 4527 580 4587 tus,
611 4518 804 4590 quinta
827 4524 1114 4582 senectus;
1149 4515 1402 4587 quamvis
1427 4515 1618 4570 beatus
1649 4515 1964 4588 Gregorius,
1997 4524 2057 4571 ut

469 4622 595 4666 cum
625 4623 721 4661 sex
745 4606 995 4661 aetatibus
1015 4604 1208 4659 mundi
1237 4612 1422 4659 aetates
1441 4603 1731 4659 hominum
1754 4605 2057 4660 conforma~

470 4703 572 4764 ret,
625 4701 957 4750 senectutem
1005 4693 1062 4748 in
1109 4693 1245 4748 duas
1279 4701 1458 4764 partes
1501 4692 1753 4748 diviserit
1800 4694 1940 4765 (95).
1996 4697 2058 4750 In

469 4783 712 4858 quinque
741 4799 868 4854 ergo
890 4782 1186 4847 mensibus,
1211 4781 1268 4837 id
1286 4789 1385 4851 est,
1406 4783 1464 4837 in
1481 4781 1635 4837 omni
1655 4791 1900 4853 tempore
1930 4783 2058 4839 vitae

468 4873 752 4946 praesentis
783 4889 896 4927 non
922 4873 1102 4927 solum
1133 4871 1399 4940 haeretici,
1457 4870 1550 4926 sed
1597 4878 1651 4926 et
1681 4888 1872 4927 omnes
1902 4871 2059 4944 impii

469 4964 806 5020 cruciantur.
855 4963 990 5019 Nam
1024 4963 1203 5016 velint
1229 4963 1430 5030 nolint,
1481 4979 1606 5018 cum
1637 4962 1706 5018 ad
1740 4963 2059 5018 memoriam

469 5060 700 5108 mortem
731 5068 1056 5125 poenamque
1076 5069 1195 5124 quae
1219 5061 1448 5108 mortem
1472 5055 1741 5126 sequitur,
1767 5053 2058 5121 reducunt;

466 5142 722 5215 quamvis
751 5141 817 5197 de
847 5140 1301 5213 prosperitatibus
1327 5142 1512 5196 saeculi
1545 5141 1838 5197 videantur
1875 5142 2060 5197 exsul-

466 5238 602 5300 tare,
636 5229 956 5287 cruciantur
981 5239 1167 5285 tamen
1198 5230 1549 5299 intrinsecus,
1598 5246 1666 5286 eo
1713 5229 1858 5304 quod
1883 5230 2062 5287 sciant

466 5336 524 5377 se
548 5337 648 5392 pro
685 5319 986 5378 sceleribus
1033 5320 1148 5376 suis
1173 5321 1504 5377 aeternaliter
1547 5337 1664 5378 esse
1714 5322 2058 5378 cruciandos.

463 5409 512 5466 E
541 5411 820 5469 contrario
840 5410 998 5484 justi,
1033 5410 1284 5484 quamvis
1312 5412 1656 5470 extrinsecus
1682 5411 1917 5468 diversis
1947 5429 2060 5467 mo-

541 5534 659 5612 (95)
703 5535 956 5612 Quamvis
986 5535 1163 5593 beatus
1210 5538 1862 5612 Gregorius...rdiviserit,
1914 5555 2060 5598 com-

469 5607 625 5662 muni
656 5608 904 5664 omnium
937 5626 1068 5665 mss.
1105 5607 1432 5667 auctoritate
1463 5611 1799 5667 vindicatur.

541 5675 659 5745 (96)
690 5677 774 5734 Ita
792 5685 840 5734 et
859 5680 1190 5738 diabolus....
1213 5684 1548 5753 animamque
1566 5683 1869 5754 interﬁciat,
1892 5683 1949 5739 in
1970 5700 2056 5741 co-

2163 1915 2309 1987 quod
2348 1915 2628 1971 hominem
2661 1914 2957 1971 interﬁciat
2990 1933 3004 1976 ;
3046 1915 3122 1971 ita
3150 1923 3204 1972 et
3246 1915 3496 1971 diabolus
3534 1925 3626 1972 aut
3662 1917 3782 1985 ira,

2162 2012 2256 2060 aut
2314 2005 2588 2076 superbia,
2641 2013 2733 2060 aut
2770 2005 3024 2072 libidine,
3058 2013 3153 2060 aut
3185 2005 3373 2078 aliqua
3400 2006 3784 2062 delectatione

2162 2094 2369 2150 carnali
2423 2102 2660 2149 mentem
2688 2094 2963 2160 vulnerat,
2999 2100 3059 2148 ut
3088 2110 3185 2166 per
3209 2093 3316 2150 hoc
3343 2110 3617 2150 venenum
3655 2112 3784 2151 suae

2163 2185 2388 2240 malitia;
2420 2185 2697 2254 infundat,
2728 2185 3079 2257 animamque
3113 2185 3407 2242 interﬁciat
3439 2186 3576 2257 (96).
3609 2186 3786 2243 Cru—

2162 2274 2338 2331 ciatus
2377 2291 2504 2346 ergo
2533 2275 2865 2330 locustarum
2898 2274 3101 2330 similis
3123 2291 3240 2330 esse
3259 2275 3526 2332 cruciatui
3550 2278 3777 2349 scorpii

2161 2367 2391 2434 dicitur;
2432 2367 2560 2440 quia
2601 2366 2846 2424 heretici
2895 2368 3177 2424 imitantes
3207 2375 3415 2440 patrem
3447 2385 3607 2424 suum
3641 2370 3776 2426 dia-

2161 2453 2370 2523 bolum,
2403 2473 2500 2528 per
2552 2457 2697 2513 lenia
2753 2457 2922 2514 verba
2969 2465 3131 2530 atque
3190 2460 3489 2532 composita
3548 2469 3781 2517 mentes

2163 2544 2454 2601 hominum
2502 2545 2888 2618 imperitorum
2940 2547 3329 2616 vulnerabant,
3375 2563 3781 2622 venenumque

2162 2633 2246 2688 sui
2300 2635 2502 2691 erroris
2555 2634 2934 2705 infundentes,
2979 2651 3169 2691 eorum
3219 2637 3430 2693 animas
3467 2636 3779 2696 necabam.

2161 2722 2456 2779 Possumus
2485 2723 2686 2794 quippe
2710 2739 2807 2795 per
2835 2723 3144 2781 cruciatum
3167 2723 3475 2782 animarum
3506 2727 3781 2786 interfec-

2159 2812 2366 2867 tionem
2390 2811 2718 2884 intelligere.

2232 2909 2414 2982 (Vers.
2441 2910 2523 2980 6.)
2553 2913 2628 2967 Et
2664 2912 2720 2966 in
2747 2912 2924 2968 diebus
2953 2913 3065 2969 illis
3094 2921 3328 2984 quaerent
3356 2916 3583 2970 homines
3606 2933 3772 2971 mor-

2161 3003 2279 3066 tem,
2312 3005 2361 3053 et
2386 3015 2490 3054 non
2520 2999 2784 3055 invenient
2818 3018 2931 3056 eam
2957 3019 2974 3056 ,ο
3019 3009 3066 3056 et
3093 3004 3301 3074 cupient
3322 3004 3480 3072 mori,
3511 3011 3559 3059 et
3587 3004 3781 3077 fugiet

2157 3103 2301 3140 mors
2347 3087 2413 3142 ab
2460 3089 2551 3143 eis.
2603 3089 2730 3144 Haec
2770 3089 3041 3145 sententia
3069 3091 3136 3146 ad
3166 3091 3368 3146 electos
3395 3092 3655 3163 pertinet.
3703 3096 3780 3152 In

2083 3199 2127 3259 δ
2161 3176 2340 3230 diebus
2357 3177 2487 3245 illis,
2520 3176 2575 3231 id
2605 3187 2704 3245 est,
2737 3177 2796 3232 in
2824 3177 3018 3234 diebus
3047 3178 3248 3250 quibus
3267 3179 3554 3250 Evangelii
3585 3183 3784 3253 gratia

2163 3283 2258 3340 per
2298 3267 2618 3322 universum
2650 3266 2917 3322 mundum
2959 3267 3209 3340 refulget,
3259 3276 3492 3339 quierant
3520 3271 3780 3327 homines

2161 3361 2401 3410 mortem.
2430 3355 2714 3422 Quaerebat
2745 3356 2945 3410 Paulus
2965 3364 3197 3412 mortem
3229 3358 3603 3430 persequendo
3638 3359 3777 3418 Ec-

2162 3443 2383 3501 clesiam
2416 3444 2536 3512 Dei,
2567 3452 2621 3500 et
2650 3460 2761 3499 non
2791 3444 3005 3500 invenit
3035 3461 3155 3500 eam
3185 3464 3198 3513 ;
3233 3447 3361 3518 quia
3391 3446 3648 3504 Christus
3672 3454 3780 3522 qui

2163 3542 2246 3589 est
2276 3550 2466 3588 murus
2509 3532 2964 3606 impenetrabilis,
2994 3551 3050 3590 se
3087 3534 3171 3589 illi
3203 3535 3495 3607 objiciens,
3525 3554 3556 3593 a
3586 3551 3781 3596 morte

2166 3639 2327 3696 quam
2369 3623 2668 3695 quaerebat,
2720 3625 2787 3680 ad
2830 3625 3025 3692 vitam,
3060 3641 3180 3697 qua:
3208 3633 3292 3681 est
3323 3626 3457 3698 ipse,
3491 3627 3784 3686 violenter

2164 3713 2404 3768 reduxit.
2435 3713 2680 3767 Fuerunt
2707 3720 2760 3768 et
2779 3713 2876 3768 alii
2909 3714 3094 3782 multi,
3135 3714 3231 3786 qui
3260 3717 3593 3787 quaesierunt
3617 3734 3782 3775 rnor-

2163 3809 2274 3858 tem
2327 3809 2422 3857 aut
2459 3801 2762 3858 Ecclesiam
2812 3804 2914 3858 Dei
2963 3804 3357 3876 persequendo,
3421 3814 3514 3861 aut
3563 3815 3780 3866 caetera

2166 3890 2308 3945 mala
2353 3890 2692 3947 exercendo:
2745 3890 2841 3947 sed
2871 3892 3013 3964 fugit
3050 3909 3198 3949 mors
3224 3893 3292 3948 ab
3324 3893 3476 3966 ipsis,
3506 3895 3636 3968 quia
3672 3913 3784 3968 per

2165 3979 2608 4053 praedicationem
2656 3989 2971 4038 sanctorum
3019 3982 3087 4038 ad
3135 3983 3306 4041 vitam
3337 3992 3466 4041 sunt
3492 3989 3774 4045 revocati.

2163 4071 2273 4126 Nos
2317 4069 2480 4125 etiam
2523 4070 2787 4144 quosdam
2819 4071 3086 4142 vidimus,
3117 4073 3212 4146 qui
3238 4075 3572 4146 quaesierunt
3599 4092 3778 4132 mor—

2165 4169 2298 4228 tem,
2361 4167 2415 4216 et
2463 4175 2574 4215 non
2631 4159 2967 4216 invenerunt
2997 4177 3152 4230 eam;
3186 4171 3239 4219 et
3265 4164 3558 4235 cupierunt
3586 4168 3770 4234 mori,

2166 4256 2220 4303 et
2293 4249 2432 4320 fugit
2500 4265 2648 4306 mors
2711 4249 2779 4305 ab
2833 4249 2932 4306 eis.
2991 4250 3206 4307 Scimus
3272 4253 3420 4308 enim
3486 4253 3774 4325 quosdam

2166 4337 2354 4405 fuisse,
2401 4337 2494 4410 qui
2549 4338 2788 4410 amplius
2826 4354 2988 4410 quam
3031 4341 3322 4412 oportebat
3365 4343 3624 4398 saeculum
3677 4342 3776 4398 di-

2166 4425 2430 4497 ligentes,
2489 4428 2665 4483 multo
2716 4435 2959 4500 tempore
3013 4430 3312 4502 multisque
3372 4429 3554 4496 modis
3609 4431 3775 4488 labo~

2088 4549 2137 4607 D
2169 4522 2379 4570 rassent
2411 4557 2425 4584 ,
2483 4523 2544 4571 ut
2595 4516 2795 4573 divites
2844 4516 3081 4587 ﬁerent,
3146 4519 3433 4591 cupientes
3490 4519 3775 4579 deliciose

2167 4603 2354 4660 vivere
2385 4647 2399 4671 ,
2451 4611 2504 4660 et
2563 4605 2745 4661 carnis
2811 4611 2956 4668 539
3023 4623 3134 4664 suae
3204 4607 3474 4664 desideria
3528 4607 3778 4680 perfice-

2168 4716 2225 4756 re
2259 4716 2270 4754 :
2325 4701 2440 4772 (97)
2488 4699 2580 4756 sed
2627 4717 2754 4756 cum
2785 4702 2851 4758 ad
2881 4702 2938 4757 id
2967 4702 3115 4774 quod
3153 4703 3435 4775 optabant,
3467 4707 3779 4776 pervenire

2169 4805 2279 4846 non
2326 4797 2566 4860 possent,
2608 4799 2922 4863 respuentes
2961 4794 3149 4848 saeculi
3190 4794 3326 4850 falsa
3369 4795 3657 4866 promissa,
3697 4799 3780 4854 ad

2168 4878 2392 4934 divitias
2411 4881 2656 4935 cmlestes
2673 4881 3036 4953 acquirendas
3049 4899 3105 4938 se
3127 4884 3678 4957 contulerunt,atque
3697 4889 3778 4944 ad

2169 4985 2354 5023 earum
2381 4969 2804 5040 perceptionem,
2837 4970 2981 5028 sicut
3000 4971 3298 5040 credimus,
3320 4972 3480 5028 bonis
3494 4975 3780 5045 operibus

2170 5056 2493 5126 insistendo,
2541 5060 2826 5129 pervenire
2873 5068 3213 5114 meruerunt.
3250 5059 3504 5116 Vidimus
3531 5061 3773 5118 nihilo-

2171 5146 2354 5202 minus
2401 5146 2661 5219 quosdam
2694 5149 3024 5204 monasteria
3068 5148 3376 5221 reliquisse,
3407 5157 3460 5204 et
3490 5149 3559 5204 ad
3589 5167 3773 5208 saecu-

2171 5236 2284 5291 lum
2317 5237 2591 5303 transisse,
2624 5246 2676 5293 et
2717 5237 2773 5291 in
2805 5237 3031 5294 servitio
3059 5238 3422 5311 quorumdam
3464 5238 3769 5299 hominum

2170 5325 2476 5398 potentium
2519 5342 2575 5380 se
2621 5325 2942 5393 tradidisse;
2979 5335 3039 5381 ut
3068 5333 3312 5381 terrenas
3341 5325 3566 5381 divitias
3592 5335 3774 5400 atque

2171 5415 2555 5488 possessiones,
2596 5431 2729 5488 quas
2783 5431 2878 5488 per
2933 5431 2990 5471 se
3044 5414 3245 5472 habere
3308 5432 3423 5472 non
3473 5425 3770 5489 poterant,

2170 5540 2291 5597 dice
2321 5539 2474 5597 Gem.
2508 5539 2865 5598 desideratur.

2243 5613 2358 5683 (97)
2391 5613 2590 5668 Omnes
2617 5612 2771 5680 edit.,
2803 5619 2867 5688 ut
2882 5614 3066 5688 ’carnis
3092 5632 3200 5669 sua:
3243 5612 3504 5671 desideria
3530 5613 3772 5688 perﬁce-

2170 5691 2284 5740 rent
2304 5701 2326 5750 ;
2350 5700 2537 5741 omnes
2566 5699 2717 5753 mss,
2749 5689 2809 5741 ut
2833 5684 3016 5742 divites
3034 5687 3234 5759 ﬁerent,
3268 5693 3372 5744 etc.
