4026 6172
247 289 352 348 9M

1134 289 1591 349 BERENGAUDI
1629 288 2013 349 EXPOSITIO
2051 292 2124 350 IN
2163 292 2668 351 APOCALYPSIN.

3445 296 3553 356 942

245 432 438 472 eorum
478 414 753 488 suffragiis
797 414 1110 473 obtinerent
1143 437 1155 474 :
1214 418 1308 474 sed
1362 435 1486 474 cum
1517 418 1585 474 ad
1610 419 1668 474 id
1699 419 1843 492 quod
1873 425 1924 483 Α
1961 419 2174 476 lierum.
2224 419 2326 475 Per
2379 420 2606 492 capillos
2645 416 2742 491 qui
2784 418 2901 473 sine
2955 433 3117 474 sensu
3160 418 3553 491 praeciduntur,

248 503 656 572 desiderabant,
690 504 978 576 pervenire
999 521 1109 560 non
1140 515 1382 578 possent,
1412 508 1674 564 saaculum
1709 508 1849 563 reli-

248 594 455 668 quisse,
505 604 558 650 et
615 594 682 649 ad
733 595 1070 650 monasteria
1117 613 1214 651 sua
1269 595 1517 664 rediisse,
1580 605 1741 669 atque
1793 597 1849 651 in

245 683 413 740 bonis
447 683 706 756 operibus
750 685 920 740 vitam
971 685 1312 742 terminasse.
1372 688 1415 742 Ii
1472 703 1599 759 ergo
1625 687 1850 760 quaesie-

247 785 381 830 runt
410 783 664 841 mortem,
706 782 760 829 et
785 791 896 830 non
923 775 1257 832 invenerunt
1285 793 1437 844 eam;
1475 785 1530 832 et
1559 777 1854 849 cupierunt

245 862 414 929 mori,
451 871 498 917 et
532 861 674 932 fugit
705 879 852 917 mors
881 862 949 917 ab
977 864 1075 920 eis.
1115 866 1193 920 De
1224 865 1426 919 talibus
1455 865 1729 921 Dominus
1751 865 1853 920 sub

245 951 432 1024 specie
474 951 774 1006 Jerusalem
816 951 883 1007 ad
932 953 1254 1024 prophetam
1305 953 1569 1026 loquitur,
1623 954 1848 1010 dicens:

261 1067 282 1090 ι
309 1044 452 1098 Ecce
482 1058 581 1114 ego
611 1043 815 1114 sepiam
843 1043 989 1100 viam
1021 1054 1168 1101 tuam
1199 1046 1392 1117 spinis,
1417 1053 1469 1101 et
1499 1046 1706 1118 sepiam
1733 1062 1852 1100 eam

246 1131 510 1199 maceria,
575 1139 628 1187 et
665 1133 888 1188 semitas
941 1149 1065 1189 suas
1106 1151 1219 1188 non
1251 1135 1513 1190 inveniet.
1568 1135 1641 1189 Et
1667 1151 1852 1206 seque-

248 1229 342 1276 tur
371 1228 644 1275 amatores
672 1238 820 1289 suos,
843 1229 896 1276 et
926 1238 1037 1277 non
1067 1223 1439 1294 apprehendet
1465 1240 1591 1279 eos:
1623 1231 1851 1296 quaeret,

245 1319 303 1366 et
337 1326 449 1364 non
485 1309 730 1366 inveniet
760 1327 852 1366 eos
885 1311 1037 1382 (Osee
1067 1329 1127 1380 11,
1161 1312 1213 1380 6,
1249 1312 1326 1381 7).
1367 1337 1385 1360 ι
1445 1314 1730 1368 Amatores
1759 1330 1854 1368 no-

246 1399 349 1455 stri
381 1407 510 1454 sunt
539 1399 811 1455 desideria
833 1400 1075 1455 carnalia
1101 1419 1112 1456 :
1140 1409 1409 1457 amatores
1439 1410 1656 1457 nostros
1676 1402 1855 1473 sequi-

246 1505 397 1556 mur,
431 1488 650 1560 quando
690 1487 748 1543 in
790 1487 895 1544 hoc
927 1489 1258 1558 laboramus,
1291 1497 1352 1545 ut
1383 1490 1708 1546 divitiarum
1739 1507 1856 1563 pos-

246 1593 490 1635 sessores
545 1577 867 1647 efﬁciamur,
927 1586 988 1634 ut
1035 1578 1331 1636 habeamus
1388 1581 1535 1637 unde
1588 1579 1859 1638 desideria

245 1669 495 1727 carnalia
520 1671 856 1741 expleamus.
900 1671 1189 1728 Amatores
1227 1679 1442 1727 nostros
1470 1671 1774 1744 sequimur,
1805 1678 1861 1727 et

1961 523 2252 579 possumus
2275 508 2572 564 maximam
2605 507 3018 564 multitudinem
3041 506 3336 564 stultorum
3353 508 3556 565 intelli-

1961 615 2106 670 gere,
2155 599 2250 671 qui
2303 599 2370 654 ab
2420 598 2699 656 haereticis
2744 599 2902 656 facile
2951 598 3561 672 decipiebantur;quia

1961 687 2105 743 sicut
2134 686 2320 758 capilli
2344 689 2556 760 absque
2591 687 2796 759 injuria
2822 685 3218 759 praeciduntur,
3261 686 3340 742 ita
3381 695 3436 742 et
3464 686 3559 742 isti

1960 776 2028 833 ab
2057 775 2306 832 Ecclesia
2335 776 2452 832 sine
2484 777 2670 848 aliquo
2703 775 2995 848 dispendio
3030 775 3243 847 praecisi
3272 783 3420 831 sunt.
3456 776 3559 832 Per

1963 865 2223 920 mulieres
2252 880 2384 920 vero
2416 864 2662 920 diversas
2689 864 2962 920 Ecclesias
3009 880 3297 936 possumus
3339 863 3560 920 intelli-

1965 970 2108 1026 gere.
2151 953 2438 1009 Habebant
2468 954 2639 1025 igitur
2667 954 2891 1008 locustae
2921 953 3148 1025 capillos
3168 952 3312 1008 sicut
3331 953 3560 1024 capillos

1964 1042 2260 1098 mulierum
2293 1060 2306 1109 ;
2338 1043 2467 1113 quia
2487 1043 2631 1098 sicut
2658 1052 2858 1099 sanctae
2879 1041 3138 1098 Ecclesiae
3167 1042 3261 1097 Dei
3286 1041 3561 1098 habebant

1965 1141 2175 1188 turmas
2203 1147 2346 1199 suas,
2381 1147 2500 1202 quae
2529 1130 2692 1186 certis
2713 1129 3050 1202 temporibus
3077 1129 3145 1184 ad
3173 1129 3364 1186 divina
3383 1130 3562 1187 oflicia

1965 1220 2291 1277 celebranda
2336 1219 2723 1287 conﬂuebant;
2774 1218 2850 1274 ita
2897 1226 2950 1275 et
2999 1217 3242 1274 haeretici
3288 1217 3563 1275 habebant

1965 1312 2198 1383 populos
2225 1311 2468 1378 insanos,
2501 1309 2596 1382 qui
2625 1309 2683 1364 in
2714 1307 2948 1364 diversis
2977 1307 3112 1364 locis
3141 1306 3562 1377 conveniebant,

1967 1419 2081 1458 non
2112 1403 2178 1458 ad
2209 1402 2471 1474 mysteria
2499 1401 2690 1456 divina
2723 1400 2863 1472 (98),
2892 1400 2986 1456 sed
3014 1400 3083 1455 ad
3114 1399 3387 1458 diabolica
3410 1402 3564 1458 cele-

1968 1490 2193 1547 branda.
2249 1493 2324 1546 Et
2369 1492 2542 1546 dentes
2588 1506 2772 1545 earum
2820 1490 2953 1544 sicut
2983 1491 3186 1545 leonum
3213 1497 3384 1548 erant.
3420 1490 3563 1547 Olli-

1972 1581 2122 1638 cium
2175 1579 2426 1635 dentium
2479 1588 2580 1648 est,
2618 1587 2681 1635 ut
2717 1579 2988 1652 quidquid
3034 1579 3181 1636 intra
3211 1596 3266 1636 se
3294 1581 3560 1654 ceperint,

1972 1671 2199 1728 terendo
2230 1678 2579 1740 consumant,
2605 1678 2659 1726 et
2681 1670 2739 1726 in
2759 1671 2974 1727 foveam
2996 1671 3204 1728 ventris
3223 1671 3559 1745 demergant.

246 1777 364 1816 non
393 1759 877 1832 apprehendimus,
926 1762 1146 1834 quando
1187 1762 1566 1818 misericordia
1608 1762 1708 1818 Dei
1737 1762 1856 1817 im—
1892 1789 1938 1848 B
1973 1762 2270 1818 Possumus
2319 1777 2446 1832 ergo
2503 1776 2599 1833 per
2637 1761 2821 1816 leones
2876 1769 2930 1816 et
2976 1759 3164 1816 dentes
3192 1769 3564 1832 persecutores

247 1849 528 1922 pediente,
547 1848 613 1905 ad
636 1849 740 1906 hoc
757 1851 906 1924 quod
935 1852 1210 1910 inutiliter
1237 1853 1631 1923 desideramus,
1664 1867 1852 1925 perve-

247 1939 377 1996 nire
408 1956 518 1995 non
546 1955 856 2011 possumus.

331 2038 512 2109 (Vers.
531 2039 606 2111 7.)
636 2041 712 2094 Et
733 2040 1106 2097 similitudines
1137 2043 1459 2097 locustarum
1488 2040 1684 2096 similes
1711 2039 1854 2112 equis

239 2135 465 2201 paratis
523 2129 576 2182 in
611 2130 880 2199 praelium.
932 2131 1033 2186 Per
1076 2148 1244 2203 equos
1293 2147 1432 2203 saepe
1472 2131 1854 2204 praedicatores

245 2221 430 2275 sancti
459 2218 984 2290 designantur,sicut
1004 2221 1258 2278 llabacuc
1280 2222 1543 2293 propheta
1562 2222 1619 2276 in
1637 2221 1854 2278 cantico

246 2326 354 2365 suo
385 2308 650 2380 loquitur,
693 2307 918 2365 dicens:
971 2335 989 2357 ι
1019 2310 1179 2366 Viam
1208 2310 1389 2366 fecisti
1428 2311 1488 2366 in
1527 2311 1667 2366 mari
1698 2310 1855 2383 equis

251 2396 390 2464 tuis,
424 2396 483 2451 in
528 2395 646 2451 luto
675 2412 938 2469 aquarum
967 2399 1268 2453 multarum
1307 2399 1528 2470 (Habac.
1562 2416 1645 2466 111,
1676 2399 1789 2469 15).
1823 2423 1841 2447 ι

247 2486 420 2544 Viam
451 2486 583 2542 fecit
611 2487 757 2542 Deus
785 2487 843 2542 in
866 2488 1003 2542 mari
1034 2489 1189 2560 equis
1215 2489 1348 2556 suis,
1364 2489 1422 2543 in
1452 2491 1569 2544 luto
1590 2505 1853 2562 aquarum

241 2580 580 2646 multarum,
596 2581 816 2653 quando
843 2580 1005 2637 initio
1036 2581 1164 2636 ﬁdei
1186 2598 1372 2653 pacem
1392 2580 1599 2636 mundo
1625 2579 1856 2651 largitus

248 2679 380 2738 est;
425 2679 485 2726 ut
514 2673 749 2743 apostoli
787 2671 905 2743 ejus
935 2688 1032 2744 per
1061 2672 1346 2727 universas
1377 2679 1579 2744 gentes,
1612 2687 1732 2743 quae
1763 2685 1857 2741 per

249 2776 411 2816 mare
459 2770 513 2817 et
555 2762 734 2817 lutum
767 2762 1064 2835 designatae
1090 2770 1240 2830 sunt,
1281 2769 1500 2834 possent
1525 2763 1855 2829 discurrere,

243 2860 306 2907 et
340 2849 553 2905 semina
583 2849 711 2905 fidei
747 2867 1017 2922 spargere.
1049 2851 1193 2923 Equi
1223 2867 1349 2923 ergo
1376 2850 1474 2906 Dei
1504 2850 1572 2905 ad
1603 2849 1857 2921 praelium

242 2941 612 3013 parabantur,
657 2940 878 3010 quando
909 2941 1290 3012 praedicatores
1318 2940 1493 2995 sancti
1523 2947 1578 2994 et
1607 2939 1777 2994 verbo
1809 2946 1862 2994 et

241 3029 562 3085 virtutibus
589 3028 658 3083 ad
697 3029 802 3085 hoc
836 3029 1209 3096 armabantur,
1251 3037 1312 3085 ut
1339 3045 1509 3101 genus
1547 3029 1853 3083 humanum

1969 1855 2228 1913 Ecclesiae
2278 1854 2584 1926 intelligere
2609 1871 2620 1908 :
2653 1870 2748 1926 per
2777 1854 2961 1910 leones
2991 1854 3215 1926 quidem
3246 1855 3520 1928 principes
3549 1872 3558 1910 :

1965 1961 2061 2017 per
2107 1943 2299 1999 dentes
2341 1950 2526 1999 autem
2574 1959 2688 2011 eos,
2738 1943 2832 2016 qui
2866 1959 3054 1999 eorum
3087 1943 3322 2016 imperio
3350 1954 3570 2002 sanctos

1962 2033 2062 2090 Dei
2116 2031 2417 2088 laniabant.
2485 2032 2688 2087 Dentes
2747 2029 2917 2103 igitur
2972 2030 3359 2089 haereticorum
3419 2032 3566 2092 sicut

1964 2126 2188 2180 leonum
2261 2129 2415 2179 erant
2468 2141 2481 2190 ;
2567 2120 2696 2194 quia
2770 2119 2914 2176 sicut
2997 2122 3193 2195 pagani
3259 2122 3562 2180 Ecclesiam

1963 2215 2063 2271 Dei
2119 2212 2609 2286 persequebantur,
2658 2219 2713 2266 et
2760 2227 3117 2284 quoscunque
3155 2219 3430 2284 poterant,
3461 2222 3565 2270 ter-

1963 2302 2183 2358 roribus
2231 2311 2392 2375 atque
2421 2300 2761 2358 cruciatibus
2805 2300 2863 2357 in
2894 2302 3222 2374 perditionis
3242 2303 3562 2377 voraginem

1965 2391 2361 2464 implicabant;
2393 2391 2470 2446 ita
2499 2398 2553 2446 et
2571 2389 2816 2448 haeretici
2845 2391 3113 2463 quosdam
3143 2400 3392 2464 potentes
3446 2392 3560 2448 ho-

1967 2483 2146 2539 mines
2177 2483 2284 2539 sibi
2315 2482 2612 2549 sociantes,
2644 2481 2946 2537 Ecclesiam
2982 2481 3085 2538 Dei
3127 2482 3397 2553 persecuti
3436 2491 3568 2540 sunt

1968 2573 2280 2644 multosque
2310 2589 2461 2627 more
2490 2569 2740 2626 dentium
2793 2571 2961 2626 minis
3013 2579 3066 2626 et
3110 2569 3565 2642 impressionibus

1970 2661 2224 2734 afﬂictos,
2264 2660 2322 2714 in
2353 2667 2600 2715 ventrem
2631 2676 2742 2715 sua:
2772 2658 2996 2714 malitiae
3026 2657 3424 2717 demerserunt.

2045 2751 2230 2824 (Vers.
2263 2751 2343 2822 9.)
2367 2751 2440 2806 Et
2465 2750 2795 2805 vowalarum
2815 2766 3023 2819 earum,
3044 2749 3179 2806 sicut
3194 2768 3297 2806 υοω
3317 2767 3571 2822 equorum

1973 2841 2261 2895 multorum
2299 2839 2627 2893 currentium
2669 2837 2728 2892 in
2757 2838 2966 2895 bellum.
2999 2838 3294 2896 Possumus
3335 2857 3430 2913 per
3458 2841 3570 2898 alas

1970 2929 2140 2986 verba
2173 2927 2562 2984 haereticorum
2594 2926 2900 3000 intelligere
2924 2946 2938 2996 ;
2972 2929 3100 3001 quia
3127 2929 3271 2985 sicut
3299 2931 3399 2986 alae
3418 2937 3570 2987 ater-

1972 3038 2033 3077 ra
2062 3037 2188 3076 aves
2217 3019 2549 3086 sublevant;
2581 3019 2657 3076 ita
2687 3018 2934 3076 haeretici
2975 3020 3091 3076 suis
3118 3019 3354 3093 eloquiis
3382 3023 3572 3078 extol—

250 3119 331 3175 de
363 3125 629 3190 potestate
661 3118 870 3174 diaboli
910 3128 1181 3176 eruerent.
1221 3120 1466 3176 Locustae
1501 3135 1628 3174 vero
1653 3117 1864 3180 similes
1901 3157 1946 3216 Ο
1975 3109 2263 3166 lebantur:
2296 3125 2392 3182 per
2420 3125 2589 3182 equos
2620 3125 2750 3165 vero
2780 3108 3163 3180 praedicatores
3192 3108 3568 3183 designantur,

247 3207 423 3280 equis
455 3206 656 3279 paratis
687 3207 744 3261 in
775 3208 1024 3279 praelium
1055 3225 1170 3264 esse
1198 3208 1460 3264 dicuntur
1492 3227 1506 3276 ;
1567 3209 1696 3281 quia
1724 3209 1867 3266 sicut

247 3296 652 3370 praedicatores
683 3297 857 3352 sancti
888 3305 1002 3353 tota
1032 3298 1237 3354 virtute
1257 3299 1598 3366 laborabant,
1621 3308 1679 3354 ut
1708 3315 1864 3371 quos-

246 3403 484 3459 cunque
515 3396 754 3458 possent,
789 3387 856 3443 de
886 3389 1095 3460 laqueis
1123 3389 1331 3445 diaboli
1365 3373 1639 3460 eriperent
1663 3406 1674 3442 :
1699 3389 1783 3450 ita
1811 3396 1866 3444 et

247 3472 512 3533 haeretici
543 3475 612 3531 ad
635 3476 740 3532 hoc
769 3493 985 3548 semper
1013 3477 1387 3545 armabantur,
1417 3485 1477 3532 ut
1508 3492 1863 3550 quoscunque

243 3571 488 3638 possent
524 3563 794 3637 decipere,
855 3565 913 3620 in
954 3565 1277 3622 barathrum
1322 3584 1433 3622 suae
1493 3565 1865 3621 damnationis

244 3657 636 3713 involverent.
669 3657 744 3711 Et
778 3672 936 3726 super
965 3656 1140 3727 capita
1168 3672 1352 3711 earum
1382 3661 1631 3727 tanquam
1659 3673 1867 3714 coronce

243 3747 466 3801 similes
493 3763 651 3800 auro.
693 3745 845 3816 Saepe
873 3762 967 3816 per
998 3761 1192 3800 aurum
1225 3746 1493 3816 sapientia
1522 3745 1859 3818 designatur,

243 3837 404 3893 sicut
434 3835 686 3907 superius
699 3835 812 3906 jam
845 3835 1127 3903 diximus;
1162 3851 1258 3906 per
1274 3851 1503 3892 coronas
1524 3835 1860 3891 locustarum

242 3925 532 3998 sapientia
577 3924 853 3982 saecularis
881 3925 1211 3981 ostenditur.
1261 3925 1488 3996 Coronae
1515 3925 1686 3996 igitur
1717 3926 1861 3982 locu-

240 4024 470 4072 alarum
514 4032 708 4070 aurum
742 4015 872 4087 ipsae
910 4031 1022 4070 non
1053 4023 1226 4082 erant,
1287 4015 1384 4070 sed
1433 4013 1861 4070 similitudinem

234 4105 381 4161 auri
437 4103 757 4172 habebant;
816 4105 945 4178 quia
993 4104 1260 4175 sapientia
1317 4103 1614 4171 saecularis,
1661 4103 1720 4158 in
1755 4119 1863 4175 qua

235 4193 509 4250 haeretici
538 4193 778 4249 maxime
803 4192 1374 4261 confidebant,aurum
1406 4209 1518 4248 non
1544 4191 1740 4260 erat,id
1758 4198 1858 4261 est,

228 4281 530 4354 sapientia
557 4300 570 4348 ;
624 4282 718 4339 sed
750 4282 933 4353 potius
961 4282 1216 4349 stultitia,
1247 4281 1391 4336 sicut
1425 4280 1560 4337 dicit
1580 4283 1860 4353 apostolus

1975 3207 2118 3264 sicut
2163 3205 2413 3278 superius
2449 3204 2565 3277 jam
2630 3204 2897 3262 diximus.
2957 3205 3084 3264 Vox
3136 3205 3307 3278 igitur
3357 3207 3570 3264 alarum

1979 3299 2317 3354 locustarum
2353 3304 2470 3352 erat
2500 3295 2643 3351 sicut
2679 3311 2790 3351 vox
2821 3311 3086 3368 equorum
3117 3295 3420 3352 multorum
3449 3312 3569 3354 cur-

1976 3388 2217 3444 rentium
2244 3386 2304 3441 in
2329 3386 2575 3453 bellum;
2614 3381 2756 3457 'quia
2783 3385 2928 3441 sicut
2963 3385 3346 3458 praedicatores
3393 3388 3572 3445 sancti

1975 3493 2136 3533 voces
2170 3475 2626 3548 praedicationum
2663 3473 3004 3542 emittebant,
3036 3490 3163 3531 cum
3199 3483 3482 3548 pergerent
3501 3477 3571 3533 ad

1973 3567 2182 3624 bellum
2211 3576 2402 3623 contra
2431 3565 2734 3636 diabolum,
2760 3575 2822 3624 ut
2851 3584 3020 3641 genus
3048 3569 3352 3624 humanum
3382 3568 3449 3625 de
3477 3585 3569 3642 po-

1974 3670 2169 3720 testate
2198 3661 2317 3734 ejus
2347 3661 2684 3719 liberarent:
2719 3663 2796 3718 ita
2841 3670 2896 3718 et
2931 3661 3176 3720 heretici
3213 3661 3572 3736 circumqua-

1975 3769 2080 3826 que
2120 3751 2524 3817 discurrebant,
2554 3751 2747 3808 falsam
2791 3751 3100 3807 doctrinam
3143 3751 3478 3824 spargendo;
3509 3762 3572 3810 ut

1974 3857 2334 3914 quoscunque
2381 3848 2622 3914 possent,
2660 3840 2994 3912 deciperent,
3026 3846 3082 3896 et
3117 3838 3338 3896 diabolo
3367 3839 3568 3912 subju-

1972 3937 2179 4002 garent.

2045 4019 2228 4092 (Vers.
2271 4017 2384 4091 10.)
2434 4018 2510 4073 Et
2559 4017 2814 4073 habebant
2861 4020 3058 4076 caudas
3100 4018 3295 4075 similes
3338 4018 3564 4091 scorpio-

1971 4125 2119 4177 num,
2159 4115 2206 4164 et
2250 4107 2422 4163 aculei
2463 4113 2615 4162 erant
2659 4107 2718 4161 in
2759 4109 2944 4164 caudis
2987 4125 3189 4163 earum.
3233 4107 3400 4163 Isaias
3442 4123 3562 4180 pro-

1971 4180 2137 4272 pheta
2161 4198 2298 4257 dicit
2330 4199 2460 4272 quia
2477 4198 2742 4272 propheta
2765 4197 2967 4256 docens
2997 4197 3366 4267 mendacium,
3390 4197 3564 4255 cauda

1971 4295 2052 4344 est
2085 4289 2220 4360 (Isa.
2251 4307 2331 4357 1x,
2377 4290 2489 4361 l5).
2523 4288 2777 4353 Haeretici
2818 4305 2946 4360 ergo
2973 4288 3068 4361 qui
3097 4295 3319 4361 propter
3351 4289 3561 4344 notiam

230 4372 463 4428 Paulus
491 4389 504 4426 :
563 4397 579 4419 ι
618 4372 898 4443 Sapientia
926 4369 1093 4443 hujus
1120 4370 1304 4426 saeculi
1336 4369 1573 4427 Sinititia
1602 4379 1684 4427 est
1711 4369 1858 4446 apud
1969 4378 2288 4435 divinarum
2309 4380 2714 4451 Scripturarum
2734 4378 3026 4452 prophetas
3053 4395 3109 4436 se
3129 4396 3243 4436 esse
3263 4380 3559 4437 aestimant.

223 4465 435 4520 Deum
473 4460 529 4530 (Ι
555 4461 680 4516 Cor.
715 4462 930 4533 111,19).
967 4485 984 4506 ι

1972 4487 2080 4526 non
2113 4469 2567 4526 inconvenienter
2583 4469 2774 4526 caudis
2789 4469 3140 4541 scorpionum
3164 4469 3558 4540 assimilantur,

319 4561 405 4616 Et
430 4557 594 4627 [acies
637 4575 840 4625 earum,
899 4557 1031 4612 sicut
1056 4556 1218 4628 facies
1255 4557 1542 4614 hominum.
1576 4558 1753 4613 Homo
1779 4573 1859 4612 ra-
1890 4538 1939 4596 ἶ)
1969 4561 2098 4632 quia
2152 4576 2340 4616 eorum
2393 4559 2643 4616 doctrina
2683 4559 2818 4616 falsa
2863 4569 2978 4616 erat
3006 4567 3059 4615 et
3088 4575 3378 4630 venenosa,
3413 4559 3560 4616 unde

222 4649 466 4708 tionale
495 4658 576 4703 est
613 4646 820 4703 animal
853 4667 863 4703 :
899 4664 994 4720 per
1023 4647 1214 4704 faciem
1243 4665 1373 4704 vero
1402 4647 1692 4704 hominum
1713 4647 1857 4703 divi-
1969 4656 2022 4704 et
2049 4649 2266 4705 aculeos
2288 4650 2345 4704 in
2376 4649 2566 4706 caudis
2595 4647 2851 4706 habuisse
2881 4647 3162 4705 dicuntur.
3193 4648 3296 4704 Per
3342 4651 3560 4708 aculeos

216 4755 456 4796 narum
480 4738 888 4808 Scripturarum
923 4735 1211 4793 scientiam
1241 4737 1548 4809 intelligere
1569 4754 1858 4810 possumus
1967 4755 2202 4812 namque
2231 4738 2606 4810 blasphemia,
2639 4754 2772 4810 quas
2809 4737 2868 4792 in
2899 4735 3108 4793 divinis
3149 4736 3448 4808 Scripturis
3475 4737 3556 4794 in-

215 4845 423 4905 quam
457 4826 702 4882 haeretici
737 4826 935 4882 habere
958 4824 1274 4894 studebant,
1296 4835 1468 4898 utper
1487 4844 1604 4883 eam
1636 4828 1856 4909 facilius
1963 4828 2370 4897 termiscebant,
2403 4827 2778 4899 designantur.
2807 4827 2878 4882 Et
2896 4825 3038 4882 sicut
3058 4827 3272 4899 scorpio
3294 4826 3557 4884 innoxius

210 4917 539 4987 simplices
570 4933 813 4988 quosque
842 4916 1174 4987 deciperent.
1210 4917 1457 4973 Lucustae
1496 4914 1664 4986 igitur
1690 4917 1854 4974 facies
1965 4925 2123 4985 esset,
2155 4918 2201 4973 si
2228 4918 2450 4974 aculeus
2464 4916 2704 4981 deesset;
2733 4916 2808 4972 ita
2827 4924 2881 4971 et
2906 4915 3156 4972 doctrina
3173 4916 3553 4973 haereticorum

209 5007 551 5066 hominum
593 5004 791 5061 habere
839 5004 1188 5072 videbantur,
1241 5004 1334 5060 sed
1381 5003 1690 5060 similitudo
1717 5012 1850 5073 erat,
1962 5007 2106 5063 bona
2149 5014 2308 5074 esset,
2370 5007 2416 5061 si
2461 5005 2603 5060 banc
2655 5003 3012 5076 blasphemiis
3079 5021 3191 5060 non
3264 5005 3550 5061 fcedarent.

203 5112 363 5156 non
392 5095 629 5162 veritas;
654 5095 782 5166 quia
803 5095 1046 5150 haeretici
1078 5093 1408 5150 videbantur
1433 5093 1653 5165 quidem
1681 5093 1851 5148 scien-
1962 5096 2198 5152 Potestas
2252 5111 2435 5150 earum
2484 5112 2664 5150 nocere
2693 5094 2988 5149 hominibus
3017 5094 3277 5148 mensibus
3302 5093 3547 5163 quinque.

200 5190 388 5248 tiam
443 5185 645 5241 habere
688 5186 1000 5242 divinarum
1033 5185 1439 5258 Scripturarum
1474 5202 1486 5238 :
1537 5185 1630 5240 sed
1662 5185 1850 5255 procul
1961 5184 2105 5253 Quid
2134 5185 2246 5240 sint
2282 5200 2492 5239 menses
2521 5183 2764 5256 quinque
2794 5183 3046 5255 superius
3074 5182 3285 5238 dictum
3306 5187 3406 5236 est.

193 5303 246 5342 a.
286 5277 546 5335 veritate
571 5277 867 5347 distabant,
909 5278 1038 5351 quia
1094 5294 1213 5334 eam
1253 5293 1365 5333 non
1394 5283 1539 5333 recte
1565 5275 1850 5348 intellige—
2033 5272 2214 5343 (Vers.
2261 5273 2373 5345 ll.)
2406 5274 2480 5328 Et
2523 5273 2779 5328 habebant
2824 5288 2982 5343 super
3027 5287 3078 5324 se
3105 5284 3271 5340 regem
3307 5267 3550 5337 angelum

190 5374 407 5430 bant.
1958 5363 2152 5434 abyssi,
2181 5362 2265 5418 cui
2285 5379 2470 5417 nomen
2490 5363 2740 5418 Hebraice
2764 5361 3042 5424 Abaddon,
3069 5361 3242 5414 Greece
3261 5356 3546 5428 Apollyon,

311 5455 514 5532 (Vera.
555 5456 637 5532 8.)
686 5457 757 5515 Et
785 5458 1038 5515 habebant
1067 5455 1286 5532 capillos
1316 5455 1449 5512 sicut
1476 5452 1696 5528 capillos
1722 5469 1851 5510 mu-
1957 5459 2008 5508 et
2053 5453 2239 5508 Latine
2292 5453 2443 5508 habet
2509 5469 2696 5509 nomen
2741 5450 3142 5508 Exterminans.
3197 5444 3420 5505 Certum
3467 5453 3550 5503 est

307 5680 448 5757 (98)
487 5679 662 5754 Edit.,
688 5680 761 5742 ad
788 5679 1082 5743 ministeria
1109 5682 1311 5753 divina,
1343 5684 1429 5740 sed
1455 5682 1526 5740 ad
1556 5681 1816 5740 diabolica
1850 5679 2017 5755 ofﬁcia
2041 5696 2062 5747 ;
2087 5694 2219 5737 mss.
2255 5686 2437 5736 autem
2476 5685 2539 5732 ut
2567 5676 2627 5733 in
2655 5679 2936 5734 contextu.

1779 5867 1808 5884 κ
