4060 6208
589 312 696 370 943
1606 317 1703 373 AD
1742 315 1987 414 OPEBA.
2011 317 2068 374 S.
2110 317 2443 377 AMBROSII
2479 317 2857 378 APPENDIX.
3403 356 3409 362 -
3698 329 3775 391 illi

588 436 850 540 omnibus
893 436 1277 540 haereticorum
1306 440 1643 540 .principem
1695 460 1811 501 esse
1870 444 2176 540 diabolum,
2207 449 2258 509 A
2292 462 2404 504 non
2433 455 2703 521 poterant,
2758 464 2889 521 pace
2943 448 3098 521 ligati
3126 457 3271 519 sunt,
3317 459 3466 526 atque
3490 453 3551 510 ab
3572 456 3776 516 effusione

587 528 733 586 sicut
776 527 1234 621 Dominus-dicit
1259 528 1328 585 ad
1355 529 1497 621 (Job:
1546 556 1565 580 ε
1611 533 1732 606 Ipse
1772 543 1854 592 est
1899 535 2048 592 enim
2077 552 2177 594 rex
2284 537 2566 611 sanguinis
2622 537 2890 610 prohibiti
2924 530 3087 596 ’sunt:
3133 539 3386 613 Praecepit
3411 557 3527 615 ergo
3558 560 3663 614 vox,
3689 564 3777 621 qua

585 634 750 690 super
795 633 985 674 omnes
1014 616 1160 675 ﬁlios
1188 619 1458 692 superbiae
1491 621 1611 692 (Job
1651 639 1765 692 xu,
1799 623 1924 697 25);
1965 649 1983 673 ι
2028 624 2174 681 unde
2283 629 2545 700 processit
2573 645 2605 685 a
2631 637 2868 701 quatuor
2888 627 3153 685 cornibus
3180 629 3361 686 altaris
3386 632 3537 701 aurei,
3565 616 3776 692 sexto-an-

584 716 640 767 et
675 709 1070 799 exterminator
1112 718 1360 782 vocatur,
1391 727 1455 768 eo
1501 713 1649 787 quod
1677 715 2074 773 exterminator
2101 716 2173 774 sit
2282 718 2400 789 gelo
2442 719 2536 790 qui
2565 717 2800 774 habebat
2827 717 3036 787 tubam,
3090 724 3151 775 ut
3193 719 3418 777 solveret
3443 730 3644 795 quatuor
3661 740 3777 799 ange-

583 800 751 859 totius
774 798 1060 857 bonitatis.
1218 890 1223 891 γ
1351 874 1365 891 1
2280 806 2393 873 los;
2427 809 2554 879 quia
2583 808 2833 864 doctrina
2850 808 3135 880 Evangelii
3152 808 3255 866 hoc
3270 811 3508 883 praecepit
3531 798 3776 884 praedicato-

608 914 613 918 ’
651 891 833 966 (Vera.
878 891 966 961 12,
1014 891 1128 964 13.)
1185 890 1271 951 Va:
1295 890 1457 967 unum
1510 892 1663 960 abiit,
1710 900 1759 950 et
1807 911 1912 951 ecce
1956 896 2172 954 veniunt
2281 897 2433 955 ribus
2471 898 2626 954 verbi
2673 899 2794 967 Dei,
2846 905 2908 954 ut
2946 901 3117 957 nullis
3146 901 3329 969 minis,
3360 901 3515 959 nullis
3541 904 3776 964 terroribus

574 982 747 1040 adhuc
779 982 882 1039 duo
928 994 1022 1038 vce.
1071 982 1146 1038 Et
1170 987 1349 1039 sextus
1394 984 1611 1055 angelus
1661 983 1783 1039 tuba
1829 984 2027 1042 cecinit.
2064 987 2167 1043 Per
2277 987 2569 1044 hominum
2596 988 2893 1061 impiorum
2921 997 3247 1060 terreantur,
3279 999 3339 1047 ut
3355 999 3548 1049 cessent
3571 993 3780 1053 ab'oﬂicio

574 1081 793 1133 sextum
822 1068 1079 1147 angelum
1108 1082 1380 1147 martyres
1408 1074 1804 1146 designantur:
1839 1084 2026 1134 sextus
2055 1094 2165 1134 an-
2276 1078 2702 1151 praedicationis,
2746 1079 2889 1137 sicut
2932 1081 3200 1137 Dominus
3254 1080 3385 1139 dicit
3419 1082 3473 1138 in
3499 1083 3776 1156 Evangelio:

573 1165 726 1239 gelus
744 1164 877 1222 tuba
904 1162 1125 1232 cecinit,
1162 1163 1290 1237 quia
1319 1171 1588 1237 martyres
1617 1163 1823 1222 Christi
1853 1167 2163 1224 doctrinam

570 1259 701 1321 ﬁdei
776 1263 1094 1320 infidelibus
1139 1264 1591 1337 propinaverunt.
1656 1263 1801 1321 540
1858 1270 1933 1325 Et
1985 1267 2169 1323 audivi

569 1370 743 1411 vocem
788 1371 950 1410 unam
992 1372 1057 1411 ex
1096 1354 1342 1411 cornibus
1379 1355 1573 1412 altaris
1621 1357 1793 1425 aurei,
1826 1358 1965 1429 quod
2004 1364 2079 1413 est
2111 1356 2167 1411 in

568 1449 839 1517 cbnspectu
867 1445 1104 1514 Domini,
1136 1446 1383 1502 dicentem
1412 1452 1559 1501 serto
1592 1447 1795 1517 angelo,
1847 1447 1949 1501 Per
1997 1447 2166 1502 altare

474 1536 483 1539 ⁷
566 1540 817 1604 aureum,
847 1534 991 1591 sicut
1023 1536 1273 1608 superius
1306 1534 1420 1606 jam
1452 1534 1719 1602 diximus,
1762 1534 2011 1590 Ecclesia
2059 1534 2165 1590 de-

567 1625 836 1699 signatur.
860 1625 1106 1693 Quatuor
1126 1641 1251 1697 ergo
1266 1640 1473 1680 cornua
1485 1622 1673 1679 altaris
1688 1630 1922 1695 quatuor
1938 1640 2071 1680 evan
2079 1640 2163 1696 ge-

566 1712 723 1773 listas
735 1715 1144 1772 demonstrant:
1168 1729 1357 1770 vocem
1375 1729 1503 1786 ergo
1524 1728 1689 1769 unam
1710 1729 1778 1768 ex
1790 1721 2032 1786 quatuor
2046 1731 2161 1772 cor-

2289 1194 2307 1218 ‹
2335 1170 2518 1227 Nolite
2558 1170 2752 1227 timere
2797 1186 2889 1226 eos
2918 1169 3011 1242 qui
3067 1169 3325 1227 occidunt
3354 1188 3552 1244 corpus,
3595 1173 3776 1230 animam

2276 1270 2456 1317 autem
2489 1275 2600 1316 non
2627 1268 2859 1332 possunt
2887 1260 3135 1317 occidere
3166 1261 3373 1334 (Matth.
3405 1278 3458 1331 x,
3487 1261 3589 1335 28).
3609 1287 3624 1310 ι
3655 1264 3778 1336 Impe-

2274 1359 2481 1407 ratores
2509 1350 2711 1423 quippe
2754 1351 3124 1408 Romanorum
3156 1359 3209 1408 et
3248 1350 3425 1408 caeteri
3452 1350 3685 1424 principes
3705 1360 3779 1409 ter-

2274 1458 2366 1509 rae,
2398 1457 2524 1497 cum
2554 1440 2807 1496 viderent
2846 1441 3168 1513 religionem
3221 1440 3568 1499 Christianam
3595 1440 3777 1515 quotidie

2273 1534 2481 1605 augeri,
2525 1540 2578 1589 et
2606 1533 2878 1590 culturam
2908 1534 3186 1591 idolorum
3217 1534 3483 1604 evacuari,
3513 1534 3777 1592 interminati

2272 1631 2401 1680 sunt
2457 1631 2689 1680 mortem
2737 1623 2995 1681 omnibus
3043 1624 3139 1698 qui
3192 1623 3465 1682 Christum
3493 1626 3695 1682 colerent
3715 1631 3777 1681 aut

2272 1713 2652 1786 praedicarent.
2686 1714 2885 1771 Sextus
2914 1730 3042 1787 ergo
3070 1716 3318 1789 angelus,
3348 1715 3403 1772 id
3435 1723 3529 1784 est,
3559 1724 3774 1788 martyres,

563 1809 730 1866 nibus
750 1808 938 1886 altaris
954 1804 1104 1864 aurei
1139 1805 1354 1861 audisse
1383 1821 1440 1862 se
1460 1804 1624 1873 dicit;
1650 1803 1778 1877 quia
1798 1821 1905 1860 una
1926 1813 2007 1861 est
2027 1805 2165 1863 ﬁdes
2193 1826 2238 1886 B
2272 1810 2507 1876 quatuor
2549 1803 2789 1876 angelos,
2834 1802 2893 1860 id
2922 1811 3021 1873 est,
3051 1814 3422 1877 persecutores
3447 1806 3645 1879 suos(l)
3670 1803 3776 1876 quasi

563 1889 675 1957 una
692 1897 946 1957 doctrina
961 1895 2153 1972 quamquatuorlibriEvangeliorumdocent.

636 1989 818 2063 (Vers.
868 1986 983 2061 14.)
1026 1986 1169 2056 Quid
1224 1995 1403 2043 autem
1449 1986 1566 2044 haec
1604 2002 1716 2042 vox
1762 1993 1917 2043 sexto
1963 1987 2155 2060 angelo

561 2071 731 2151 dicat,
763 2077 1078 2137 manifestat
1106 2075 1429 2134 subdendo:
1473 2076 1631 2145 Vade,
1673 2082 1720 2132 et
1746 2077 1888 2132 solve
1924 2082 2157 2147 quatuor

559 2175 794 2248 angelos,
824 2171 918 2244 qui
944 2169 1156 2243 alligati
1182 2176 1306 2226 sunt
1333 2170 1390 2225 in
1404 2168 1620 2241 ﬂumine
1642 2186 1830 2241 magno
1852 2169 2147 2240 Euphrate.

558 2254 808 2322 Primum
854 2260 1105 2318 dicamus
1158 2259 1292 2334 quid
1341 2259 1452 2317 sint
1498 2265 1733 2332 quatuor
1783 2256 1985 2330 angeli,
2018 2256 2153 2331 quid

556 2352 800 2421 vincula,
842 2350 979 2425 quid
1024 2349 1372 2423 Euphrates;
1424 2356 1477 2405 et
1507 2356 1694 2421 postea
1723 2363 1823 2404 cur
1860 2354 2016 2403 sexto
2045 2362 2155 2403 an-

554 2443 676 2516 gelo
695 2440 977 2515 praacipiat
989 2439 1443 2512 Evangelium,ut
1462 2438 1640 2495 solvat
1657 2445 1893 2512 quatuor
1907 2437 2147 2511 angelos,

551 2530 875 2606 diligentius
907 2529 1380 2602 investigabimus.
1406 2527 1541 2584 Nam
1570 2528 1712 2585 sicut
1733 2526 1984 2600 superius
2006 2526 2150 2600 (cap.

551 2638 633 2693 vi,
658 2638 794 2678 vers.
836 2619 927 2693 12)
960 2620 1017 2676 in
1038 2619 1322 2693 apertione
1342 2618 1483 2675 sexti
1506 2616 1675 2691 sigilli
1703 2625 1939 2690 quatuor
1973 2606 2151 2688 angeli

552 2728 715 2788 super
764 2719 1004 2787 quatuor
1059 2711 1288 2785 angulos
1337 2716 1497 2766 terrae
1548 2707 1762 2765 stetisse
1827 2706 1933 2763 visi
1994 2713 2147 2776 sunt,

548 2809 799 2861 tenentes
837 2809 1074 2875 quatuor
1097 2807 1292 2857 ventos
1322 2806 1516 2867 terra;
1543 2814 1613 2855 ne
1636 2797 1834 2853 ﬂarent
1860 2810 2024 2869 super
2044 2803 2147 2853 tero

553 2906 695 2962 ram,
717 2907 896 2964 neque
925 2890 983 2946 in
1016 2890 1188 2946 ullam
1220 2887 1470 2943 arborem
1502 2903 1513 2941 :
1538 2886 1615 2943 ita
1642 2894 1696 2942 et
1724 2885 1817 2942 hic
1842 2884 1945 2941 sub
1979 2892 2146 2942 cantu

553 2980 702 3038 tubae
733 2980 875 3036 sexti
903 2978 1082 3051 angeli
1121 2985 1356 3052 quatuor
1395 2975 1574 3048 angeli
1602 2974 1662 3031 in
1690 2973 1918 3030 ﬂumine
1947 2989 2144 3046 magno

549 3068 837 3142 Euphrate
885 3066 1093 3139 alligati
1141 3082 1258 3124 esse
1310 3065 1645 3122 referuntur.
1693 3063 1960 3121 Eamdem
2016 3079 2143 3137 ergo

2268 1888 2579 1963 solverunt;
2602 1911 2728 1952 cum
2758 1902 2981 1968 propter
3008 1895 3432 1969 insuperabilem
3448 1893 3775 1969 evangelizandi

2266 1987 2633 2043 constantiam
2662 1987 2731 2045 ad
2752 1988 3156 2063 persequendos
3186 2007 3280 2048 eos
3308 2006 3363 2047 se
3382 1994 3702 2046 armaverunt.

2341 2078 2524 2147 (Vera.
2586 2079 2699 2153 15.)
2763 2078 2914 2136 Unde
2967 2087 3022 2137 et
3068 2081 3324 2154 sequitur
3368 2097 3381 2137 :
3428 2081 3497 2137 Et
3541 2079 3781 2135 solutimt

2266 2174 2499 2238 quatuor
2551 2168 2743 2240 angeli,
2803 2169 2897 2240 qui
2930 2170 3118 2242 parati
3146 2178 3307 2227 erant
3330 2170 3387 2225 in
3414 2171 3599 2237 horam,
3621 2173 3660 2223 et
3686 2165 3779 2222 diem

2266 2264 2313 2314 et
2341 2274 2587 2325 mensem,
2619 2264 2670 2313 et
2692 2275 2914 2326 annum,
2970 2266 3032 2316 ut
3080 2259 3434 2334 interﬁcerent
3487 2257 3666 2314 tertiam
3689 2272 3779 2328 par-

2266 2352 2362 2403 tem
2415 2347 2705 2404 hominum.
2758 2346 2937 2405 Soluti
3001 2356 3133 2405 sunt
3207 2357 3438 2423 quatuor
3479 2347 3652 2421 angeli,
3691 2343 3779 2418 quia

2264 2434 2424 2509 impii
2463 2435 2738 2505 homines,
2785 2452 2920 2509 pace
2964 2436 3206 2509 abiecta,
3258 2437 3595 2511 manibusque
3618 2432 3777 2500 solutis,

2264 2545 2402 2602 quas
2441 2545 2549 2603 pax
2586 2530 2925 2603 alligaverat,
2959 2530 3239 2604 persecuti
3277 2540 3404 2590 sunt
3440 2529 3669 2605 populum
3692 2523 3776 2583 Dei.

2263 2619 2421 2688 Quod
2450 2627 2631 2675 autem
2662 2619 2801 2677 dicit
2831 2635 2843 2674 :
2893 2620 3087 2677 Parati
3113 2629 3296 2693 erant,
3348 2622 3615 2696 impiorum
3641 2614 3779 2674 homi-

2259 2728 2393 2768 num
2418 2713 2755 2769 voluntatem
2778 2711 3144 2781 demonstrat;
3177 2715 3308 2789 quia
3336 2722 3600 2787 autequam
3617 2716 3778 2781 tempus

2258 2801 2653 2875 persecutionis
2682 2802 2915 2871 veniret,
2929 2810 3060 2861 voto
3090 2805 3275 2876 parati
3303 2811 3468 2873 erant,
3500 2810 3554 2859 ut
3573 2798 3775 2874 populum

2256 2891 2357 2948 Dei
2412 2890 2802 2949 interﬁcerent.
2858 2891 2997 2949 Sane
3038 2894 3213 2951 tertia
3261 2910 3383 2967 pars
3425 2890 3691 2954 hominum,
3733 2889 3775 2939 ut

2256 2981 2508 3055 superius
2536 2981 2748 3039 dictum
2787 2990 2889 3053 est,
2918 2984 3118 3039 electos
3174 2983 3462 3058 signiﬁcat.
3502 2983 3648 3039 Porro
3674 2969 3778 3049 quod

2254 3069 2314 3127 in
2344 3070 2559 3141 horam,
2607 3079 2661 3129 et
2690 3072 2859 3142 diem,
2890 3082 2944 3130 et
2969 3089 3243 3145 mensem,
3277 3082 3331 3131 et
3366 3088 3575 3139 annum,
3602 3074 3779 3143 quatuor

556 3158 1015 3261 εξξξὶξξῖὒὸῑξοηξξξη
1059 3156 1263 3261 hebet“
1325 3164 1559 3261 quatuor
1612 3154 1822 3261 angeli.
1845 3153 1937 3210 isti
1968 3169 2141 3255 .quam
2174 3200 2218 3261 ρ
2251 3164 2453 3236 angeli,
2500 3173 2564 3222 ut
2592 3163 2962 3223 interﬁcerent
3007 3166 3235 3224 tertiam
3281 3174 3481 3241 partem
3532 3160 3773 3221 hominum,

546 3254 602 3310 et
627 3250 722 3308 illi
749 3268 763 3319 ;
796 3248 1113 3324 signiﬁcant
1132 3248 1279 3304 enim
1309 3254 1544 3320 quatuor
1573 3261 1758 3318 regna,
1788 3243 2142 3317 Assyriorum

550 3340 833 3409 videlicet,
850 3335 1524 3405 Persarum,Macedonum
1532 3379 1552 3409 ,
1572 3344 1734 3408 atque
1749 3335 2119 3391 Romanorum
2130 3376 2143 3390 .

554 3437 628 3493 Et
656 3436 785 3511 quia
812 3441 1048 3508 potestas
1093 3440 1328 3505 quatuor
1364 3445 1680 3503 regnorum,
1724 3428 1867 3484 sicut
1893 3425 2148 3499 superius

548 3524 821 3591 diximus,
860 3522 928 3578 ad
969 3524 1243 3579 Romanos
1289 3526 1599 3587 secesserat,
1642 3534 1738 3589 per
1781 3525 2015 3590 quatuor
2054 3530 2145 3571 an-

551 3614 703 3689 gelos
730 3612 789 3667 in
819 3610 926 3668 hoc
955 3611 1076 3668 loco
1106 3609 1338 3667 Romani
1364 3608 1751 3681 designantur:
1777 3622 1874 3679 per
1900 3604 2146 3677 Euphra-

555 3714 649 3763 ten
693 3718 827 3760 vero
879 3700 972 3758 hic
1015 3701 1257 3758 mundus
1301 3698 1655 3772 intelligitur.
1707 3696 1853 3764 Quid
1884 3695 1996 3752 sint
2023 3711 2149 3769 ergo

552 3794 781 3854 vincula
828 3799 1063 3868 quatuor
1109 3791 1450 3865 angelorum,
1498 3785 1749 3861 superius
1795 3785 2146 3854 manifestat;

551 3903 682 3946 nam
734 3899 898 3959 supra
950 3882 1217 3956 scriptum
1247 3891 1349 3949 est,
1387 3880 1515 3954 quia
1549 3904 1569 3928 ι
1597 3878 1741 3936 vidit
1778 3878 2013 3934 Joannes
2039 3892 2148 3933 an-

554 3977 737 4051 gelum
766 3972 1116 4033 descendisse
1145 3972 1213 4028 de
1240 3972 1401 4040 ccelo,
1443 3969 1734 4026 habentem
1787 3964 2147 4040 signum‘Dei

552 4069 709 4126 vivi:
743 4076 799 4127 et
825 4063 1088 4126 clamavit
1116 4080 1250 4121 voce
1270 4079 1463 4136 magna
1495 4068 1729 4136 quatuor
1768 4058 1995 4131 angelis,
2029 4056 2146 4130 qui.

549 4160 655 4218 bus
683 4158 873 4216 datum
913 4162 994 4213 est
1023 4168 1224 4212 nocere
1252 4162 1411 4211 terrae.
1439 4160 1493 4208 et
1513 4151 1673 4219 mari,
1705 4148 1896 4207 dicens
1921 4165 1932 4203 :
1966 4146 2148 4205 Nolite

551 4263 749 4307 nocere
777 4253 937 4306 terrae
966 4252 1021 4303 et
1049 4244 1210 4314 mari,
1244 4259 1419 4318 neque
1453 4240 1761 4309 arboribus,
1794 4237 2148 4313 quoadusque

554 4340 832 4413 signemus
852 4355 1040 4396 servos
1058 4337 1159 4395 Dei
1181 4334 1358 4393 nostri
1373 4335 1432 4391 in
1451 4332 1727 4390 frontibus
1745 4347 1935 4387 eorum
1958 4329 2144 4403 (Apoc.

554 4440 658 4500 ‘vn,
689 4429 743 4499 2,
775 4430 855 4501 3).
888 4454 907 4479 ›
949 4429 1052 4485 Per
1098 4428 1353 4501 angelum
1401 4425 1497 4499 qui
1538 4423 1772 4481 habebat
1800 4424 2016 4495 signum
2047 4417 2147 4475 Dei

554 4517 695 4587 vivi,
729 4516 1012 4576 Christum
1043 4515 1291 4573 diximus
1320 4513 1488 4570 fuisse
1519 4513 1896 4591 designatum:
1924 4508 2149 4566 vincula

2257 3256 2431 3326 parati
2474 3270 2587 3311 esse
2622 3254 2926 3325 dicuntur,
2961 3272 3261 3328 possumus
3301 3255 3369 3313 ad
3413 3269 3587 3312 omnes
3610 3245 3774 3320 impios.

2259 3342 2355 3417 qui
2385 3342 2450 3399 ab
2467 3342 2629 3399 initio
2659 3343 2853 3403 mundi
2882 3344 3126 3414 fuerunt,
3157 3354 3214 3404 et
3238 3353 3399 3403 erunt
3416 3358 3573 3417 usque
3595 3340 3643 3397 in
3658 3336 3777 3393 ﬁnem

2258 3431 2481 3489 referre.
2532 3434 2635 3489 Per
2661 3433 2851 3491 horam
2882 3435 3083 3509 quippe
3122 3443 3348 3511 tempus
3373 3436 3439 3493 ab
3467 3433 3611 3491 initio
3634 3421 3775 3485 mundi

2257 3537 2430 3594 usque
2461 3520 2529 3577 ad
2558 3521 2857 3593 diluvium,
2884 3540 2980 3596 per
3006 3523 3160 3580 diem
3190 3535 3371 3583 autem
3400 3533 3637 3595 tempusa
3658 3515 3775 3573 dilu-

2257 3610 2350 3667 vio
2390 3627 2562 3684 usque
2602 3610 2669 3669 ad
2709 3614 2905 3685 legem,
2936 3629 3033 3687 per
3066 3630 3318 3673 mensem
3352 3630 3479 3672 vero
3504 3620 3687 3682 tempus
3708 3598 3778 3660 sub

2257 3701 2394 3773 lege,
2432 3717 2527 3774 per
2553 3717 2760 3758 annum
2793 3708 2974 3758 autem
3007 3710 3232 3776 tempus
3278 3703 3381 3762 sub
3414 3702 3571 3777 gratia
3594 3694 3778 3777 desiguaf

2257 3787 2369 3847 tur.
2412 3790 2474 3846 In
2503 3789 2573 3846 iis
2603 3806 2729 3863 ergo
2759 3801 2993 3864 quatuor
3020 3775 3371 3867 temporibus
3397 3775 3593 3865 semper
3614 3775 3776 3859 reprobi

2259 3889 2665 3953 persequuntur
2692 3881 2914 3938 electos.

2330 3971 2512 4044 (Vera.
2574 3971 2687 4039 16.)
2727 3972 2801 4028 Et
2852 3988 3104 4030 numerus
3132 3973 3393 4047 equestris
3417 3968 3649 4029 exercitus

2259 4060 2447 4117 millies
2476 4061 2612 4117 dena
2641 4059 2834 4128 millia,
2875 4061 3060 4118 audivi
3084 4044 3370 4121 numerum
3397 4074 3583 4119 eorum.
3612 4048 3698 4122 Qui
3717 4044 3778 4104 ὅθ’

2256 4149 2544 4224 signantur
2566 4165 2662 4224 per
2688 4158 2925 4224 quatuor
2952 4152 3199 4224 angelos,
3227 4153 3335 4227 ipsi
3364 4160 3420 4210 et
3435 4165 3526 4225 per
3537 4149 3775 4227 equestrem

2257 4240 2585 4307 exercitum,
2615 4240 2874 4298 videlicet
2900 4224 3280 4315 persecutores
3319 4224 3585 4299 Ecclesia.

2254 4336 2346 4386 tus
2366 4336 2551 4386 autem
2580 4314 2991 4402 persecutorum
3012 4333 3286 4405 equestris
3314 4347 3428 4389 esse
3450 4327 3664 4389 dicitur;
3690 4314 3779 4390 qui!

2214 4460 2224 4468 .
2257 4418 2401 4475 sicut
2424 4418 2588 4477 habet
2611 4422 2758 4478 Deus
2779 4437 2950 4495 equos
2968 4438 3117 4491 suos,
3141 4421 3200 4478 id
3222 4429 3324 4492 est,
3357 4426 3564 4478 sanctos
3585 4406 3779 4488 pradiw

2261 4518 2424 4579 tores,
2457 4511 2553 4583 qui
2599 4527 2722 4568 eum
2749 4528 2844 4584 per
2866 4511 3193 4569 universum
3224 4510 3488 4569 mundum
3518 4506 3782 4576 ἀθροηεινθ·

555 4576 728 4681 igitur
761 4614 998 4680 quatuor
1035 4604 1355 4679 angelorum
1384 4601 1552 4657 verba
1599 4576 1728 4657 sunt
1766 4586 2011 4667 Domini,
2039 4613 2151 4654 non
2181 4576 2231 4635 D
2262 4576 2428 4675 muti;
2570 4576 3019 4665 habet-diabolus
3045 4623 3219 4681 equos
3247 4623 3397 4676 suos,
3430 4603 3485 4663 id
3513 4610 3605 4668 est,
3644 4600 3781 4653 omnes

554 4698 704 4775 quod
733 4696 1004 4755 Dominus
1033 4694 1351 4771 praeceperit
1375 4691 1839 4769 persecutoribus,
1878 4698 1941 4747 ut
1969 4706 2000 4745 a
2028 4706 2150 4762 per-

554 4788 836 4848 secutione
865 4794 1158 4858 cessarent,
1201 4787 1376 4844 donec
1421 4784 1633 4842 semina
1680 4781 1807 4839 ﬁdei
1839 4797 1934 4854 per
1963 4794 2152 4836 omnes

555 4892 742 4962 gentes
771 4892 1155 4959 spargerentur
1188 4902 1204 4952 ;
1240 4883 1334 4940 sed
1375 4881 1522 4956 quod
1552 4884 1818 4954 potestate
1863 4875 2017 4943 fecit,
2049 4873 2153 4930 hoc

554 4978 762 5038 dicitur
818 4977 1001 5035 verbis
1048 4975 1386 5050 praecepisse.
1446 4970 1679 5030 Romani
1736 4983 1972 5041 namque
2026 4972 2151 5021 ante

553 5068 852 5130 adventum
885 5067 1093 5129 Christi
1116 5084 1148 5124 a
1175 5065 1418 5125 caedibus
1463 5072 1519 5120 et
1566 5061 1773 5136 rapinis
1814 5068 1978 5133 atque
2004 5055 2151 5113 eﬂ‘u-

554 5166 709 5225 sione
738 5161 1023 5239 sanguinis
1062 5159 1274 5235 generis
1302 5157 1533 5216 humani
1581 5157 1737 5214 nullo
1768 5154 1932 5211 modo
1962 5149 2151 5208 satiari

553 5262 824 5332 poterant.
871 5252 1113 5312 Veniens
1168 5266 1299 5308 vero
1348 5248 1601 5307 Christus
1647 5247 1706 5302 in
1754 5261 1915 5303 carne
1962 5256 2149 5316 pacem

554 5345 767 5404 mundo
808 5343 1037 5419 largitus
1081 5347 1184 5412 est,
1233 5347 1287 5398 et
1327 5339 1559 5397 Romani
1609 5336 1704 5411 qui
1759 5336 1827 5392 ab
1883 5333 2151 5391 effusione

554 5441 845 5519 wguinis
904 5434 1119 5516 generis
1179 5433 1409 5495 humani
1470 5433 1587 5508 (99)
1645 5447 1842 5489 manus
1895 5429 2149 5489 cohibere

627 5600 943 5679 (99)_Nullo
1175 5596 1790 5679 satiari.pot_er'_ant....._
1819 5588 2019 5679 generis
2057 5592 2151 5647 huc

553 5663 741 5742 muni;
760 5675 937 5733 isthac
964 5674 1151 5733 omnia
1175 5671 1294 5730 haec
1317 5663 1451 5729 edit.
1481 5667 1643 5726 debet
1671 5663 1984 5742 auctoritati
2015 5679 2147 5719 mss.

628 5736 916 5819 (1)'Edit.,
943 5746 1004 5804 id
1038 5751 1131 5815 est,
1163 5744 1539 5817 praedicatores
1561 5756 1711 5807 suos;
1754 5736 1958 5796 rectius
1992 5751 2148 5804 mss.,

2260 4695 2481 4769 impios,
2512 4714 2674 4769 super
2703 4714 2838 4771 quos
2865 4696 3036 4765 sedet,
3068 4703 3123 4753 et
3151 4695 3220 4753 ad
3252 4690 3597 4771 perpetranda
3622 4685 3782 4742 diversi

2260 4787 2465 4843 scelera
2491 4786 2747 4860 impellit.
2779 4787 2885 4855 Qui
2919 4787 3093 4845 vicies
3124 4786 3330 4843 millies
3358 4784 3495 4841 dena
3520 4773 3671 4836 millia
3696 4776 3777 4824 esse

2260 4876 2555 4946 dicuntur;
2589 4894 2683 4950 per
2712 4877 2933 4933 ﬁnitum
2962 4893 3200 4949 namque
3228 4889 3518 4931 numerum
3540 4868 3612 4941 (2)
3638 4870 3781 4936 pem“

2259 4974 2511 5025 culorum
2541 4967 2963 5025 innumerabilis
2993 4965 3298 5023 multitudo
3327 4959 3652 5036 exprimitur.
3777 5025 3785 5039 θ

2333 5059 2514 5131 (Vers.
2572 5059 2684 5131 17.)
2733 5061 2807 5116 Et
2858 5057 2934 5113 ita
2966 5057 3078 5113 vidi
3104 5073 3262 5128 equos
3290 5056 3349 5110 in
3377 5053 3609 5112 visione;
3647 5044 3784 5131 eis"

2259 5126 2499 5203 sedebant
2559 5126 2718 5220 super
2760 5164 2864 5217 eos,
2908 5126 3164 5204 habebant
3198 5144 3392 5200 loricas
3418 5142 3598 5214 igneas,
3624 5135 3663 5187 et
3684 5126 3785 5194 Μ’

2259 5239 2542 5306 cinthinas,
2601 5247 2649 5295 et
2710 5241 3067 5312 sulphureas.
3112 5240 3173 5295 1n
3228 5236 3336 5293 hoc
3382 5235 3498 5289 loco
3534 5241 3619 5301 per
3662 5224 3786 5312 θφξ⁰³

2258 5329 2437 5386 insani
2468 5329 2679 5404 populi,
2736 5346 2832 5402 per
2873 5345 3108 5387 sessores
3142 5332 3327 5383 autem
3380 5330 3626 5396 equorum
3679 5314 3787 5404 P’mj

2257 5418 2405 5493 cipes
2461 5401 2620 5478 terrae
2665 5401 3023 5495 designantur
3054 5438 3066 5478 :
3131 5432 3230 5494 per
3275 5414 3471 5473 loricas
3523 5419 3655 5470 vero,
3700 5401 3787 5467 tl“

2255 5585 2315 5642 id
2341 5590 2433 5654 est,
2461 5589 2816 5654 persecutores
2844 5597 2987 5640 suos.

2260 5634 2312 5642 Μ
2560 5634 3066 5725 éHiiIE'stéfi'ém,
3093 5663 3195 5727 per
3222 5643 3489 5721 inﬁnitum
3516 5634 3785 5705 ηανηιιαικν

2256 5744 2389 5785 meri
2411 5746 2479 5785 m.
3367 5745 3371 5747 λ
