4026 6172
317 296 426 358 9ιό

1200 296 1654 357 BERENGAUDI
1689 268 2063 358 exrosmo
2099 296 2172 357 IN
2208 297 2709 365 APOCALYPSIN,

314 422 463 482 ictus
489 420 798 495 gladiorum
824 436 857 478 a
891 436 948 479 se
984 422 1279 497 repellunt,
1308 423 1516 481 duritia
1543 422 1795 481 cordium
1828 439 1909 481 re-
1947 426 1997 486 A
2026 422 2207 481 cidere
2258 431 2528 497 poterant,
2576 441 2712 498 quos
2759 424 2980 484 vincere
3023 442 3135 484 non
3180 427 3456 487 valebant.
3513 430 3619 489 Per

314 515 619 592 proborum
640 515 980 589 designatur,
1013 534 1135 590 qua
1163 518 1230 574 ad
1260 516 1426 576 corda
1451 534 1640 575 eorum
1670 520 1914 591 gladium

313 607 568 679 spiritus,
597 606 744 680 quod
783 616 865 665 est
892 607 1122 665 verbum
1166 608 1285 675 Dei,
1316 600 1574 667 accedere
1616 628 1727 668 non
1757 612 1910 669 sinit.

311 697 449 767 Qua
477 698 664 756 lorica
705 699 895 771 ignea,
928 699 1331 773 hyacinthina,
1361 711 1416 760 et
1459 704 1769 777 sulphurea
1799 722 1914 763 esse

309 787 595 847 dicuntur.
648 789 751 846 Per
780 789 961 862 ignem
1012 792 1173 866 plane
1217 792 1517 851 crudelitas
1558 796 1761 853 mentis
1789 813 1912 870 per-

309 886 632 937 secutorum
662 897 676 935 :
723 895 819 953 per
849 879 1214 953 byacinthum
1246 884 1342 957 qui
1388 884 1511 940 cali
1558 884 1788 957 ﬁguram
1820 886 1911 942 hac

306 968 426 1038 bet,
464 968 645 1026 honor
672 968 897 1026 deitatis
927 986 1089 1043 quem
1120 970 1229 1028 diis
1262 972 1377 1029 suis
1404 972 1741 1043 deferebant,
1773 976 1912 1032 desi-

307 1065 516 1131 gnatur
548 1076 560 1115 :
605 1075 701 1132 per
731 1059 964 1132 sulphur
997 1074 1128 1117 vero
1158 1062 1305 1134 quod
1346 1062 1514 1133 fetet,
1556 1063 1910 1138 blasphemia

306 1164 449 1221 quas
480 1148 538 1204 in
572 1148 857 1207 Christum
890 1150 1256 1222 proferebant,
1303 1151 1676 1226 designantur.
1726 1156 1907 1212 Perse-

304 1244 534 1293 cutores
562 1236 734 1310 igitur
756 1238 952 1296 loricas
984 1240 1186 1312 igneas,
1218 1247 1272 1297 et
1300 1241 1711 1315 hyacinthinas,
1744 1253 1906 1318 atque

305 1326 639 1401 sulphureas
676 1327 936 1386 habuisse
964 1328 1260 1399 dicuntur;
1303 1332 1433 1405 quia
1458 1333 1657 1405 partim
1687 1343 1908 1407 propter

307 1416 761 1476 incredulitatem
808 1419 1011 1477 mentis
1038 1421 1204 1478 corda
1250 1438 1348 1479 sua
1391 1422 1805 1494 induraverant,
1844 1433 1906 1482 ut

303 1522 426 1564 non
473 1507 651 1564 solum
696 1507 752 1563 in
786 1506 1069 1565 Christum
1115 1526 1226 1568 non
1255 1511 1559 1581 crederent,
1606 1513 1701 1570 sed
1738 1514 1903 1572 etiam

299 1611 498 1653 servos
522 1594 643 1668 ejus
663 1606 1149 1670 persequerentur:
1178 1600 1373 1673 partim
1396 1610 1618 1675 propter
1635 1602 1906 1660 defensio-

302 1701 441 1744 nem
468 1685 735 1743 falsorum
760 1687 1011 1758 deorum,
1042 1691 1244 1764 partim
1282 1701 1504 1765 propter
1537 1692 1906 1767 blasphemias

2021 513 2222 571 caudas
2259 529 2389 570 vero
2436 513 2891 587 philosophorum
2949 522 3113 590 atque
3169 525 3454 591 poetarum
3509 518 3621 577 do-

2020 606 2199 664 ctrina
2211 604 2547 677 designatur.
2574 605 2711 663 Nam
2731 605 2914 660 caudce
2938 622 3120 662 eorum
3145 606 3343 664 similes
3368 610 3619 681 serpenti-

2022 696 2135 766 bus,
2168 697 2406 752 habentes
2433 696 2627 768 capita,
2664 702 2711 751 et
2746 696 2804 751 in
2839 695 2909 751 iis
2938 704 3136 754 nocent.
3174 699 3335 755 Recte
3364 700 3618 758 doctrina

2020 786 2475 861 philosophorum
2517 785 2861 858 serpentibus
2892 788 3247 857 assimilatur,
3297 789 3430 862 quia
3455 791 3618 864 plena

2019 888 2134 936 erat
2177 878 2404 935 venenis
2461 878 2894 936 mendaciorum.
2959 877 3065 947 Qui
3121 888 3398 951 serpentes
3438 881 3669 955 capita.

2019 967 2221 1025 habere
2266 969 2551 1036 dicuntur,
2608 967 2740 1042 quia
2795 984 2985 1024 omnes
3052 983 3262 1025 errores
3323 970 3615 1043 gentilium

2018 1058 2268 1130 proprios
2299 1056 2571 1113 habebant
2601 1063 2872 1113 auctores.
2919 1057 3164 1113 Potestas
3192 1073 3319 1130 ergo
3347 1074 3613 1131 equorum

2016 1148 2073 1205 in
2115 1147 2305 1206 caudis
2333 1164 2522 1204 eorum
2572 1154 2708 1212 erat,
2762 1146 2889 1219 quia
2938 1155 3309 1219 persecutores
3351 1148 3613 1207 Ecclesia

2015 1255 2111 1313 per
2155 1238 2462 1296 doctrinam
2527 1236 2985 1311 philosophorum
3051 1237 3310 1295 volebant
3369 1247 3614 1299 evertere

2015 1329 2334 1402 religionem
2367 1327 2759 1387 Christianam.

2088 1425 2269 1497 (Vers.
2312 1424 2400 1493 20,
2453 1424 2569 1495 2i.)
2601 1426 2677 1481 Et
2713 1423 2888 1479 caeteri
2932 1423 3164 1482 homines
3190 1425 3284 1496 qui
3328 1442 3435 1483 non
3492 1433 3615 1483 sunt

2014 1514 2170 1570 occisi
2220 1514 2278 1568 in
2304 1514 2371 1568 iis
2420 1512 2618 1585 plagis,
2660 1527 2823 1583 neque
2878 1520 3095 1584 egerunt
3138 1514 3501 1586 paenitentiam
3546 1515 3613 1573 ab

2015 1603 2259 1677 operibus
2272 1618 2526 1658 manuum
2545 1618 2769 1658 suarum
2793 1619 2805 1657 :
2837 1609 2897 1658 ut
2911 1620 3017 1658 non
3043 1603 3332 1661 adorarent
3352 1605 3614 1662 damnauit:

2014 1699 2062 1749 et
2084 1693 2377 1749 simulacra
2401 1708 2589 1757 aurea,
2620 1697 2668 1746 et
2696 1698 2961 1762 argentea,
2992 1699 3041 1748 et
3075 1710 3213 1749 cerea
3247 1694 3352 1767 (3),
3384 1702 3432 1751 et
3461 1695 3611 1769 lapi-

296 1794 442 1853 quas
467 1776 819 1836 inChristum
841 1780 1209 1853 proferebant,
1228 1782 1472 1842 dicentes
1492 1799 1615 1841 eum
1639 1801 1897 1860 magnum
1925 1798 1971 1858 Β
2018 1782 2133 1850 dea,
2200 1788 2249 1837 et
2296 1782 2514 1852 lignea;
2564 1797 2680 1852 quw
2730 1797 2892 1852 neque
2934 1780 3113 1837 υίάθνε
3161 1791 3401 1855 Possunt.
3450 1802 3613 1858 neun

299 1869 477 1928 fuisse
504 1877 559 1927 et
586 1869 949 1930 seductorem.
981 1875 1057 1931 Et
1084 1875 1258 1946 capita
1302 1893 1556 1949 equorum
1588 1884 1742 1934 erant
1785 1886 1897 1936 tan-

301 1977 471 2034 quam
499 1962 675 2035 capita
703 1961 926 2019 leonum.
966 1964 1070 2020 Per
1096 1964 1273 2039 capita
1301 1981 1568 2040 equorum
1607 1967 1896 2041 imperato-

293 2069 391 2110 res
419 2054 793 2112 Romanorum
822 2054 1219 2129 designantur;
1272 2060 1401 2134 quia
1447 2060 1625 2135 capita
1670 2079 1785 2119 esse
1815 2063 1897 2119 vi-

292 2141 572 2202 debantur
598 2143 846 2202 omnium
878 2155 1311 2221 persecutorum,
1344 2151 1439 2224 qui
1468 2152 1635 2209 etiam
1675 2161 1897 2228 propter

290 2233 668 2292 insatiabilem
715 2234 925 2294 rabiem
972 2238 1225 2297 leonibus
1270 2240 1664 2301 assimilantur.
1714 2247 1789 2304 Et
1834 2247 1896 2304 de

290 2341 390 2385 ore
414 2341 597 2382 eorum
634 2326 875 2397 procedit
908 2327 1068 2400 ignis,
1095 2336 1145 2385 et
1186 2329 1387 2401 fumus,
1420 2340 1469 2388 et
1507 2335 1752 2406 sulphur.
1792 2338 1895 2394 Per

288 2413 482 2487 ignem
534 2413 706 2489 impia
750 2426 1018 2491 pracepta
1072 2418 1464 2492 imperatorum
1510 2423 1889 2496 designantur,

289 2504 503 2580 quibus
524 2506 758 2579 populus
779 2506 877 2564 Dei
897 2508 1136 2567 interﬁci
1162 2508 1525 2583 jubebantur;
1558 2529 1654 2586 per
1673 2515 1888 2572 fumum

287 2609 432 2652 vero
454 2593 635 2652 honor
649 2594 892 2667 deitatis,
916 2614 1077 2672 quem
1098 2599 1207 2657 diis
1232 2601 1347 2659 suis
1365 2602 1577 2660 deferre
1597 2603 1885 2677 jubebant.

282 2684 369 2742 Et
409 2692 558 2742 recte
586 2701 682 2759 per
706 2686 922 2744 fumum
954 2687 1279 2747 idololatria
1309 2691 1521 2750 falsitas
1548 2692 1882 2768 designatur,

288 2779 443 2844 541
487 2787 618 2864 quia
666 2787 812 2846 sicut
856 2787 1042 2846 fumus
1093 2804 1124 2845 a
1174 2789 1314 2848 facie
1362 2791 1516 2848 venti
1568 2795 1883 2860 evanescit,

284 2881 374 2940 ita
404 2889 460 2939 et
492 2881 710 2938 cultura
746 2878 1022 2936 idolorum
1068 2878 1126 2937 in
1154 2889 1449 2955 conspectu
1479 2883 1886 2955 pradicationis

283 2972 626 3045 evangelica
654 2970 888 3045 deperiit
912 2990 924 3028 :
958 2987 1055 3045 per
1076 2970 1312 3044 sulphur
1330 2982 1533 3044 autem,
1556 2975 1699 3033 sicut
1722 2993 1888 3050 supra

282 3062 507 3121 dictum
550 3071 653 3132 est,
693 3061 1069 3138 blasphemia,
1109 3077 1244 3136 quas
1284 3060 1504 3122 Christo
1543 3064 1882 3140 ingerebant,

275 3151 664 3225 designantur.

354 3250 543 3323 (Vera.
577 3249 690 3323 18.)
736 3248 819 3307 Ab
852 3250 933 3307 his
964 3249 1133 3307 tribus
1155 3251 1333 3325 plagis
1370 3252 1641 3324 interfecta
1670 3260 1745 3310 est
1780 3262 1878 3312 ter-

272 3341 359 3398 tia
400 3357 540 3414 pars
583 3341 899 3406 hominum;
944 3340 1001 3397 id
1031 3349 1131 3410 est,
1177 3342 1479 3400 multitudo
1522 3351 1872 3416 martyrum:

264 3448 376 3505 per
405 3430 576 3503 ignem
595 3429 872 3498 videlicet,
903 3428 1134 3500 fumum,
1167 3447 1229 3486 ac
1256 3431 1507 3504 sulphur,
1549 3449 1675 3511 quas.
1697 3451 1878 3506 proce-

267 3516 474 3574 debant
499 3516 563 3571 de
589 3533 679 3571 ore
721 3515 980 3587 ipsorum.
1014 3514 1347 3573 Procedebat
1395 3515 1598 3590 quippe
1635 3516 1779 3590 ignis
1810 3517 1877 3575 de

264 3622 374 3664 ore
422 3604 691 3678 ipsorum,
723 3604 779 3661 id
819 3613 921 3674 est,
967 3604 1144 3677 jussio
1188 3604 1534 3678 impiissima,
1580 3621 1686 3679 qui
1729 3623 1878 3679 pra—

267 3694 561 3770 cipiebant
603 3702 665 3751 ut
711 3695 886 3752 sancti
933 3694 1035 3751 Dei
1086 3703 1356 3768 martyres
1398 3694 1870 3765 interﬁcerentur;

268 3784 610 3859 procedebat
638 3794 692 3842 et
740 3785 949 3854 fumus,
994 3784 1123 3860 quia
1162 3785 1554 3859 pracipiebant
1589 3795 1653 3844 ut
1698 3786 1877 3845 honor

265 3874 503 3932 deitatis
528 3874 596 3930 ab
617 3874 875 3931 omnibus
906 3875 1227 3933 hominibus
1253 3876 1360 3933 diis
1390 3878 1504 3934 suis
1534 3876 1870 3950 impendere-

267 3972 402 4032 tur;
457 3964 782 4038 procedebat
811 3972 866 4021 et
901 3964 1153 4038 sulphur,
1187 3965 1245 4022 id
1285 3975 1386 4035 est,
1431 3966 1786 4040 blasphemia
1815 3969 1875 4025 in

273 4053 591 4121 Christum,
622 4053 1000 4127 pracipientes
1043 4062 1103 4111 ut
1132 4053 1326 4129 religio
1349 4054 1662 4114 Christiana
1691 4056 1874 4113 fundi-

267 4151 366 4200 tus
389 4141 461 4199 de
490 4143 699 4201 mundo
729 4143 1193 4218 exstingueretur.

346 4250 536 4324 (Vera.
566 4249 680 4322 19.)
722 4251 958 4307 Potestas
985 4250 1123 4306 enim
1150 4267 1405 4322 equorum
1434 4249 1489 4306 in
1518 4267 1609 4307 ore
1637 4252 1874 4324 ipsorum

264 4347 365 4410 est,
394 4347 446 4397 et
472 4341 531 4397 in
556 4340 739 4397 caudis
768 4358 968 4398 eorum.
1002 4341 1265 4414 Superius
1289 4341 1469 4414 capita
1493 4358 1780 4415 equorum,
1812 4349 1872 4397 ut

264 4433 499 4490 leonum
531 4447 646 4487 esse
675 4429 940 4489 dicuntur
967 4450 979 4489 :
1031 4431 1090 4487 in
1128 4448 1221 4488 ore
1252 4446 1383 4487 vero
1429 4427 1650 4489 leonum
1681 4431 1872 4489 dentes

2011 1870 2223 1937 audire,
2262 1887 2425 1940 neque
2451 1870 2766 1925 ambulare:
2797 1875 2848 1924 et
2887 1887 2993 1925 non
3020 1878 3233 1942 egerunt
3257 1873 3615 1944 paenitentiam

2008 1960 2075 2016 ab
2119 1958 2415 2014 homicidiis
2472 1958 2606 2025 suis,
2658 1976 2821 2030 neque
2865 1977 2902 2014 a
2960 1960 3222 2032 veneﬁciis
3276 1961 3406 2029 suis,
3451 1979 3615 2035 neque

2009 2066 2045 2105 a
2068 2047 2418 2119 fornicatione
2442 2064 2562 2117 sua,
2595 2064 2755 2118 neque
2781 2066 2816 2104 a
2857 2047 3024 2118 furtis
3066 2049 3203 2117 suis;
3258 2049 3610 2123 subauditur,

2008 2129 2306 2212 perierunt.
2359 2138 2543 2195 Tertia
2589 2137 2762 2210 igitur
2812 2154 2957 2209 pars,
3000 2154 3122 2211 qua
3166 2138 3454 2199 interfecta
3504 2152 3609 2214 est,

2006 2229 2157 2285 salva
2176 2227 2321 2285 facta
2349 2234 2449 2295 est,
2490 2226 2547 2283 id
2577 2235 2678 2296 est,
2712 2226 2893 2295 electi,
2926 2242 2997 2283 ex
3025 2228 3231 2301 quibus
3284 2230 3449 2287 multi
3510 2248 3609 2306 pro

2006 2318 2213 2377 Christi
2249 2318 2475 2375 nomine
2495 2317 2770 2375 interfecti
2799 2326 2962 2376 sunt:
3000 2321 3199 2395 reliqui
3247 2320 3611 2381 libentissime

2002 2408 2411 2476 occumberent,
2472 2410 2519 2465 si
2551 2409 2846 2466 necessitas
2885 2410 3174 2485 exegisset.
3226 2411 3420 2471 Cateri
3454 2431 3604 2485 vero,

2001 2499 2061 2556 id
2099 2507 2201 2566 est,
2235 2500 2451 2573 pagani,
2500 2499 2596 2573 qui
2626 2499 2686 2555 in
2717 2498 3002 2558 Christum
3032 2501 3251 2558 credere
3282 2504 3603 2573 noluerunt,

1999 2599 2061 2648 nt
2089 2599 2312 2664 agerent
2344 2591 2725 2665 panitentiam
2774 2592 2841 2648 ab
2888 2592 3275 2666 iniquitatibus
3303 2593 3438 2663 suis,
3470 2610 3604 2669 per-

1997 2681 2201 2739 ierunt.

2004 2779 2010 2784 ’
2069 2779 2298 2839 CAPUT
2333 2778 2408 2836 Χ.
2438 2778 2713 2852 —-(Vers.
2745 2778 2819 2851 1.)
2868 2779 2944 2836 Et
3000 2779 3109 2836 vidi
3158 2779 3329 2838 alium
3354 2785 3601 2858 angelum

1995 2873 2188 2946 fortem
2218 2873 2600 2930 descendentem
2644 2872 2708 2928 de
2738 2873 2884 2941 calo,
2937 2873 3189 2929 amictum
3216 2876 3369 2945 nube,
3423 2882 3473 2933 et
3498 2876 3601 2933 iris

1995 2965 2053 3020 in
2086 2965 2254 3037 capite
2278 2962 2409 3035 eius.
2443 2961 2583 3030 Quia
2628 2961 2883 3034 superius
2927 2962 3284 3021 adversitates
3338 2964 3599 3023 Ecclesia

1996 3062 2333 3123 narraverat,
2364 3069 2487 3128 qua
2515 3051 2584 3109 ab
2620 3052 2894 3110 hareticis
2923 3060 2979 3110 et
3005 3054 3231 3127 paganis
3258 3070 3415 3128 passa
3475 3062 3595 3126 est;

1917 3160 1968 3224 ρ
1999 3152 2167 3201 restat
2196 3151 2258 3200 ut
2285 3142 2352 3200 de
2394 3142 2752 3216 prosperitate
2787 3142 2925 3214 ejus,
2958 3145 3195 3217 qualiter
3232 3145 3380 3202 inter
3406 3162 3600 3219 perse-

1996 3232 2250 3291 cutiones
2278 3232 2538 3297 creverit,
2562 3238 2765 3289 narret.
2788 3230 3016 3289 Constat
3037 3249 3275 3307 namque
3291 3234 3596 3294 Ecclesiam

1987 3322 2046 3379 in
2074 3321 2549 3396 persecutionibus
2577 3321 2835 3391 crevisse,
2870 3331 2924 3379 et
2952 3331 3159 3395 quanto
3194 3324 3434 3397 amplius
3485 3340 3598 3398 op-

1986 3412 2343 3485 primebatur,
2378 3420 2532 3469 tanto
2562 3413 2800 3487 amplius
2843 3413 3258 3471 confortabatur
3297 3422 3353 3472 et
3388 3431 3593 3475 cresce-

1985 3502 2079 3559 bat
2110 3520 2123 3560 :
2155 3502 2299 3559 sicut
2338 3500 2406 3559 de
2447 3502 2580 3559 ﬁliis
2615 3503 2781 3560 Israel
2810 3503 2870 3559 in
2910 3503 3086 3577 ﬁgura
3132 3504 3380 3578 ejusdem
3404 3506 3593 3566 Eccle-

1985 3593 2080 3649 sia
2143 3593 2409 3666 scriptum
2485 3592 2740 3666 legimus,
2791 3593 2885 3668 qui
2958 3604 3163 3667 quanto
3231 3596 3471 3670 amplius
3522 3597 3593 3656 ab

1984 3682 2266 3759 ngyptiis
2291 3683 2766 3755 opprimebantur,
2821 3690 2979 3740 tanto
3022 3684 3261 3758 amplius
3306 3685 3594 3761 multipli-

1984 3772 2269 3830 cabantur.
2299 3773 2543 3845 Angelus
2572 3773 2731 3832 fortis
2783 3774 3083 3832 Dominum
3121 3785 3374 3836 nostrum
3404 3777 3588 3836 Iesum

1984 3861 2268 3920 Christum
2298 3862 2565 3935 designat,
2611 3864 2679 3921 de
2708 3881 2818 3938 quo
2860 3863 2998 3922 dicit
3037 3866 3328 3924 Psalmista
3360 3885 3373 3925 :
3421 3891 3442 3917 ι
3467 3869 3589 3925 Do-

1985 3953 2169 4009 minus
2199 3952 2359 4010 fortis
2400 3962 2454 4011 et
2491 3963 2705 4027 potens,
2746 3955 3019 4013 Dominus
3064 3965 3255 4029 potens
3306 3957 3366 4014 in
3394 3957 3585 4031 pralio

1983 4045 2154 4116 (Psal.
2185 4059 2351 4113 χχιιι,
2380 4044 2462 4113 8).
2494 4069 2513 4093 ι
2560 4046 2666 4115 Qui
2705 4047 3041 4105 descendens
3068 4048 3138 4105 de
3173 4050 3313 4107 coelo
3342 4048 3584 4107 amictus

1981 4134 2129 4191 nube
2155 4150 2270 4192 esse
2299 4134 2534 4205 dicitur;
2580 4137 2711 4212 quia
2738 4139 3008 4196 Dominus
3050 4148 3237 4197 noster
3264 4140 3492 4198 veniens
3519 4141 3580 4198 in

1981 4226 2273 4297 mundum,
2304 4243 2524 4285 carnem
2572 4245 2693 4302 qua
2745 4245 2842 4302 per
2894 4228 3098 4288 nubem
3145 4230 3426 4305 designata
3473 4239 3575 4301 est,

1980 4324 2165 4382 induit
2195 4342 2210 4393 ;
2249 4331 2311 4381 ut
2338 4341 2434 4397 per
2480 4325 2661 4382 carnis
2698 4324 3129 4400 assumptionem
3161 4345 3218 4387 se
3257 4328 3580 4387 hominibus

1979 4414 2367 4485 conformaret,
2419 4431 2556 4489 quos
2612 4416 2879 4475 redimere
2925 4419 3199 4477 veniebat.
3273 4419 3376 4477 Per
3447 4417 3577 4476 irim

273 4519 617 4589 consistunt,
653 4520 854 4594 quibus
901 4528 1196 4579 conterunt
1242 4528 1295 4577 et
1352 4519 1625 4581 dilaniant
1675 4523 1861 4580 omnia
1890 4531 1938 4590 D
1978 4520 2109 4564 νθτο
2163 4504 2282 4578 eius
2316 4506 2692 4565 misericordia
2738 4508 3074 4584 ἀθείειιδιιιτ,
3119 4512 3263 4571 Sicut
3324 4513 3578 4587 superius

265 4627 396 4687 qua
418 4609 686 4683 ceperint.
719 4610 1015 4667 Possumus
1045 4611 1230 4686 itaque
1259 4628 1355 4685 per
1373 4612 1563 4669 dentes
1583 4612 1866 4671 carniﬁces

259 4700 608 4773 intelligere,
638 4699 734 4774 qui
765 4699 825 4755 in
857 4717 949 4757 ore
984 4700 1226 4770 leonum,
1259 4701 1317 4759 id
1348 4710 1450 4772 est,
1500 4702 1559 4758 in
1603 4710 1868 4776 potestate

262 4797 689 4865 persecutorum
716 4790 906 4863 positi,
930 4806 1121 4847 eorum
1152 4790 1383 4864 imperio
1409 4791 1642 4851 diversis
1662 4792 1869 4851 crucia-

261 4880 427 4938 tibus
457 4896 687 4953 corpora
711 4887 1026 4938 sanctorum
1058 4880 1397 4938 cruciabant.
1430 4882 1671 4954 Corpora
1699 4882 1870 4955 igitur

259 4977 592 5027 sanctorum
623 4979 997 5043 persecutores
1041 4971 1095 5026 in
1128 4986 1241 5041 ore,
1287 4970 1344 5027 id
1372 4980 1473 5041 est,
1516 4971 1572 5028 in
1603 4979 1867 5044 potestate

261 5060 569 5131 habebant,
602 5060 695 5118 sed
729 5060 942 5118 animas
969 5076 1082 5117 non
1110 5059 1407 5129 habebant,
1431 5059 1574 5117 sicut
1602 5062 1868 5119 Dominus

256 5155 405 5213 dicit
441 5154 501 5211 in
541 5155 843 5228 Evangelio
876 5172 888 5211 :
937 5176 956 5203 ‹
998 5153 1181 5210 Nolite
1212 5154 1405 5210 timere
1435 5169 1546 5221 eos,
1584 5153 1679 5226 qui
1708 5154 1865 5212 occi-

256 5245 411 5303 dunt
442 5260 661 5318 corpus,
714 5244 957 5301 animam
987 5250 1170 5301 autem
1218 5259 1331 5299 non
1361 5250 1589 5316 possunt
1616 5242 1864 5302 occidere

258 5336 487 5409 (Matth.
518 5352 579 5405 x,
611 5335 725 5407 28).
748 5359 766 5383 ι
801 5335 874 5391 Et
901 5334 1026 5391 ideo
1050 5341 1288 5408 potestas
1312 5340 1717 5408 persecutorum
1746 5341 1863 5390 tan-

258 5422 561 5482 tummodo
590 5424 645 5481 in
680 5440 775 5481 ore
802 5431 956 5493 erat;
1003 5424 1134 5497 quia
1173 5439 1402 5496 corpora
1446 5429 1762 5479 sanctorum
1801 5422 1860 5479 in

257 5522 540 5589 potestate
569 5512 866 5585 habebant,
895 5512 992 5572 sed
1029 5512 1242 5571 animas
1269 5529 1382 5572 non
1415 5510 1723 5571 habebant:
1756 5529 1860 5571 oc-

1973 4599 2257 4656 diximus:
2309 4616 2405 4672 per
2447 4608 2612 4674 caput
2666 4608 2846 4659 autem
2886 4602 3005 4676 ejus
3046 4602 3313 4667 divinitas
3353 4604 3413 4662 in
3470 4603 3577 4662 hoc

1974 4692 2096 4748 loco
2125 4691 2481 4764 intelligitur.
2514 4693 2645 4750 Irim
2684 4693 2743 4750 in
2786 4694 2964 4768 capite
2993 4694 3245 4765 habebat,
3296 4694 3429 4771 quia
3455 4694 3576 4770 ejus

1972 4781 2237 4839 divinitas
2276 4789 2402 4839 ante
2443 4782 2879 4842 incarnationem
2921 4800 3076 4842 suam
3115 4793 3324 4843 tantam
3362 4786 3574 4844 miseri-

1972 4871 2217 4930 cordiam
2247 4882 2629 4947 assumpserat,
2668 4882 2729 4931 ut
2757 4874 2926 4931 homo
2974 4875 3094 4933 ﬁeri
3125 4893 3223 4950 pro
3252 4876 3573 4936 hominibus

1972 4976 2085 5017 non
2124 4961 2530 5034 dedignaretur,
2584 4970 2638 5019 et
2687 4961 2756 5018 ad
2811 4961 3073 5021 ultimum
3112 4968 3348 5037 pessima
3397 4970 3572 5022 morte

1974 5049 2245 5108 damnari.
2289 5053 2365 5109 Et
2415 5051 2576 5124 facies
2627 5053 2740 5125 ejus
2781 5060 2899 5111 erat
2947 5055 3083 5111 sicut
3127 5055 3225 5113 sol.
3285 5055 3435 5128 Saepe
3476 5069 3573 5127 per

1958 5140 2144 5206 'solem
2183 5150 2453 5208 Dominus
2476 5150 2826 5224 designatur;
2851 5152 2981 5227 quia
3019 5152 3099 5210 sol
3128 5167 3320 5210 omnes
3346 5158 3569 5209 creatu-

1972 5257 2060 5298 ras
2109 5241 2359 5301 visibiles
2430 5260 2531 5300 suo
2574 5244 2862 5317 splendore
2922 5255 3085 5320 atque
3157 5239 3568 5317 pulchritudine

1970 5332 2282 5390 antecedit:
2321 5332 2415 5391 sed
2444 5349 2566 5407 qua
2593 5342 2843 5392 creatura
2887 5334 3087 5409 poterit
3121 5329 3424 5405 comparari
3467 5345 3569 5386 suo

1970 5422 2204 5479 creatori
2230 5423 2258 5480 ‘l
2296 5424 2501 5482 Verum
2533 5440 2629 5498 per
2655 5425 2858 5498 ﬁguras
2892 5422 3141 5480 visibiles
3168 5437 3310 5495 sape
3358 5417 3569 5476 invisi-

1970 5511 2107 5571 bilia
2167 5513 2640 5577 demonstrantur.
2687 5518 2752 5576 In
2814 5514 2978 5576 corde
3046 5513 3218 5587 igitur
3266 5514 3567 5575 electorum

339 5689 425 5762 (3)
466 5690 548 5749 Ita
578 5706 732 5761 mss.;
766 5688 900 5748 edit.
932 5696 1135 5759 autem,
1169 5694 1229 5745 ut
1265 5705 1365 5745 non
1393 5689 1686 5745 adorarent
1714 5688 1857 5746 idola
1883 5692 2129 5761 argentea
2154 5695 2203 5744 et
2236 5706 2423 5757 aurea,
2463 5697 2568 5747 etc.
