4060 6208
576 263 683 321 947

1599 273 1691 328 AD
1729 272 1962 329 OPERA
1999 273 2053 329 S.
2097 274 2430 334 AMBROSII
2469 277 2845 334 APPENDIX.
3708 287 3786 344 948

579 390 832 448 Christus
861 393 942 447 sol
969 399 1069 458 est,
1103 407 1262 464 quem
1295 407 1516 449 cernere
1539 411 1634 466 per
1662 413 1810 468 spem
1834 399 1990 453 nullo
2018 398 2179 454 modo
2216 403 2263 460 A
2293 417 2388 472 per
2417 404 2798 475 Evangelium,
2832 405 3267 474 quemadmodum
3296 422 3405 460 cum
3433 407 3500 461 leo
3524 408 3641 478 rugit
3658 427 3672 472 ;
3697 414 3789 481 quia

579 485 871 552 desistunt,
925 492 978 540 et
1015 483 1082 538 ad
1128 485 1292 556 hujus
1335 486 1808 557 pulchritudinem
1869 492 2186 547 intuendam

580 582 938 648 perventuros
969 590 1083 630 esse
1113 591 1170 629 sc
1207 577 1460 632 credunt.
1494 579 1567 632 Et
1612 579 1766 648 pedes
1793 579 1905 647 ejus
1936 587 2189 650 tanquam

579 667 821 720 columna
853 663 1009 734 ignis.
1047 665 1148 719 Per
1189 666 1502 721 columnam
1555 667 1696 738 ignis
1723 669 2024 725 Ecclesiarn
2057 688 2192 741 pos—

579 778 770 818 sumus
815 761 1109 832 accipere;
1160 760 1276 815 sive
1317 763 1445 834 quia
1502 764 1710 835 Spiritu
1767 773 1956 820 sancto
2020 766 2193 838 ignita

581 853 892 924 resplendet
925 852 1030 923 (Is),
1063 852 1178 907 sive
1221 853 1350 924 quia
1380 870 1567 910 amore
1605 856 1700 910 Dei
1755 863 1920 928 atque
1950 858 2190 927 proximi

581 941 957 998 indesinenter
994 941 1164 996 ardet.
1211 941 1312 995 Per
1339 941 1479 997 duos
1507 960 1637 997 vero
1682 944 1845 1015 pedes
1907 944 2046 1000 duos
2080 963 2188 1017 po—

581 1031 740 1103 pulos
779 1031 1086 1102 intelligere
1117 1030 1399 1087 debemus.
1436 1034 1520 1087 Ex
1552 1032 1767 1088 duobus
1797 1050 1926 1106 ergo
1959 1033 2192 1105 pedibus

580 1134 692 1174 una
725 1120 984 1175 columna
1015 1119 1283 1187 efﬁcitur;
1318 1119 1448 1192 quia
1476 1138 1544 1176 ex
1587 1121 1804 1177 duobus
1841 1124 2081 1194 populis,
2121 1139 2189 1177 ex

581 1207 784 1264 Judaais
821 1207 1079 1264 videlicet
1134 1215 1295 1280 atque
1337 1211 1610 1282 gentibus,
1659 1228 1769 1267 una
1816 1213 2063 1269 Ecclesia
2090 1214 2188 1271 Dei

583 1297 904 1354 fabricatur.
953 1298 1248 1353 Possumus
1304 1299 1468 1354 etiam
1529 1317 1626 1372 per
1682 1301 1821 1357 duos
1873 1302 2034 1373 pedes
2080 1302 2191 1357 duo

583 1387 930 1444 Testamenta
961 1387 1288 1459 intelligere,
1322 1388 1468 1444 sicut
1499 1389 1558 1446 in
1587 1391 1945 1463 sequentibus
1973 1389 2192 1462 plenius

583 1478 1104 1536 demonstrabimus.
1155 1482 1266 1538 Nec
1291 1481 1572 1539 discordat
1627 1500 1658 1538 a
1688 1501 1853 1541 sensu
1894 1483 2186 1556 superiori,

584 1595 648 1635 eo
678 1578 825 1650 quod
863 1586 1022 1634 vetus
1051 1579 1460 1636 Testamentum
1490 1579 1714 1648 Iudaeis,
1745 1597 1953 1636 novum
2007 1585 2188 1634 autem

586 1667 840 1740 gentibus
870 1667 1180 1740 specialiter
1214 1667 1477 1724 traditum
1517 1669 1610 1725 sit.

2298 493 2355 548 in
2385 509 2602 549 omnem
2634 494 2900 550 mundum
2931 511 3040 548 vox
3068 494 3182 565 ejus
3222 495 3468 550 intonuit.
3501 498 3562 551 Et
3585 514 3678 550 cum
3701 500 3788 552 cla-

2300 589 2486 637 masset
2509 626 2524 648 ,
2558 585 2729 636 locuta
2759 589 2879 636 sunt
2908 590 3096 654 septem
3138 584 3368 638 tonitrua
3397 602 3524 638 voces
3565 603 3680 639 suas.
3718 587 3790 641 Per

2299 681 2502 742 septem
2534 671 2778 726 tonitrua
2807 679 3013 742 septem
3048 673 3279 728 virtutes
3308 689 3569 744 possumus
3590 674 3787 743 accipere.

2300 761 2570 818 Clamavit
2599 761 2854 817 Christus
2883 777 2978 832 per
3007 762 3202 834 legem,
3256 762 3345 818 sed
3391 771 3572 834 septem
3611 764 3792 818 tonitrua

2299 869 2411 906 non
2438 860 2741 906 sonuerunt
2767 867 2777 904 :
2813 852 3071 906 clamavit
3102 869 3194 924 per
3213 853 3573 922 Evangelium,
3593 858 3635 905 et
3660 853 3790 906 locuta

2300 951 2430 997 sunt
2459 950 2663 1013 septem
2697 943 2943 998 tonitrua
2973 960 3132 1000 voces
3162 961 3306 1000 suas.
3355 946 3479 1000 Nam
3519 943 3614 999 illis
3646 945 3792 1016 quibus

2300 1033 2389 1086 lex
2427 1032 2643 1088 dicebat
2677 1051 2688 1088 :
2727 1033 3048 1089 Malediclus
3083 1035 3176 1107 qui
3227 1051 3334 1089 non
3375 1034 3636 1106 reliquerit
3666 1048 3795 1087 semen

2300 1139 2459 1177 suum
2496 1124 2551 1178 in
2582 1125 2781 1190 Israel;
2815 1133 2868 1180 et
2901 1125 3102 1196 quibus
3130 1126 3200 1181 ob
3241 1125 3347 1181 hoc
3375 1126 3544 1198 plures
3566 1142 3724 1180 uxores
3745 1133 3794 1179 at-

2301 1229 2405 1285 que
2437 1213 2776 1270 concubinas
2815 1213 3018 1270 habere
3063 1215 3276 1270 licitum
3319 1224 3448 1282 erat,
3493 1213 3794 1285 pudicitiam-

2300 1301 2549 1356 nitruum
2598 1302 2832 1358 necdum
2862 1313 3141 1360 sonuerat.
3185 1303 3448 1360 Similiter
3475 1313 3524 1360 et
3564 1303 3632 1358 illi
3656 1303 3795 1375 quibus

2301 1389 2390 1443 lex
2412 1389 2628 1445 dicebat
2653 1409 2664 1446 :
2706 1416 2722 1437 ι
2747 1391 2981 1447 Oculum
3014 1409 3114 1464 pro
3137 1393 3319 1460 oculo,
3342 1392 3546 1448 dentem
3572 1407 3652 1463 pro
3668 1391 3793 1456 dente;

2301 1486 2355 1533 et
2384 1480 2598 1551 qualem
2633 1479 2903 1537 inﬂixerit
2931 1481 3054 1554 quis
3094 1483 3364 1538 maculam
3386 1525 3400 1549 ,
3436 1482 3580 1537 talem
3603 1488 3648 1535 et
3675 1479 3795 1535 susti-

2301 1584 2430 1623 nere
2459 1577 2685 1641 cogatur
2717 1571 2921 1640 (Exod.
2950 1588 3072 1639 xxi,
3105 1571 3221 1641 2’s);
3264 1597 3280 1619 ι
3326 1570 3547 1627 necdum
3569 1570 3795 1625 tonitruum

2300 1659 2578 1729 patientiae
2639 1660 2944 1716 audierant.
3001 1661 3071 1716 Et
3128 1660 3212 1716 illi
3271 1661 3560 1717 tonitruum
3593 1657 3797 1714 cbaritatis

659 1757 842 1828 (Vers.
872 1758 955 1829 2.)
997 1761 1072 1814 Et
1098 1757 1315 1812 habebat
1341 1758 1399 1812 in
1427 1776 1589 1813 manu
1616 1776 1715 1814 sua
1747 1757 1979 1813 libellum
2019 1774 2186 1829 aper-
2219 1748 2265 1807 B
2299 1748 2535 1803 necdum
2599 1749 2837 1820 perfecte
2895 1747 3219 1817 audierant,
3267 1749 3461 1822 quibus
3505 1749 3580 1802 lex
3615 1745 3795 1802 dicebat:

589 1855 716 1904 tum.
773 1849 874 1906 Hic
931 1849 1071 1905 liber
1130 1851 1382 1921 superius
1437 1858 1643 1925 septem
1697 1851 1895 1924 sigillis
1951 1852 2197 1924 signatus

587 1939 756 1998 fuisse
781 1941 1147 2011 describitur;
1178 1944 1269 2001 sed
1316 1945 1382 2002 de
1433 1945 1552 2016 ejus
1607 1946 1910 2018 apertione,
1959 1945 2197 2003 Domino

589 2033 872 2106 largiente,
903 2035 1089 2107 aliqua
1125 2035 1394 2093 diximus.
1430 2037 1704 2092 Libellum
1738 2037 1908 2109 igitur
1947 2044 2196 2110 apertum

591 2119 650 2176 in
697 2139 862 2179 manu
893 2140 991 2180 sua
1017 2125 1286 2181 Dominus
1319 2135 1506 2183 noster
1549 2127 1702 2182 Jesus
1731 2127 1984 2185 Christus
2013 2135 2199 2181 tenere

591 2209 744 2266 visus
815 2221 944 2281 est;
997 2215 1127 2288 quia
1179 2232 1370 2271 sensus
1420 2217 1738 2272 divinarum
1791 2218 2196 2288 Scripturarum

593 2298 916 2357 doctoribus
943 2304 1204 2360 Ecclesiae
1261 2305 1374 2375 ipse
1407 2307 1640 2377 aperuit.
1673 2309 1747 2362 Et
1790 2306 1968 2378 posuit
2016 2305 2200 2376 pedem

594 2405 749 2462 suum
778 2389 1052 2444 dexterum
1080 2408 1239 2463 super
1268 2410 1414 2447 mare
1439 2409 1456 2462 ;
1489 2393 1765 2448 sinistrum
1817 2401 1990 2449 autem
2044 2411 2200 2465 super

597 2485 814 2535 terram.
843 2480 946 2536 Per
982 2481 1174 2552 pedem
1206 2481 1485 2550 dextrum,
1519 2482 1664 2539 sicut
1692 2483 1958 2552 diximus,
1989 2500 2198 2538 novum

595 2569 1002 2628 Testamentum
1055 2588 1067 2627 :
1118 2588 1216 2643 per
1277 2571 1564 2628 sinistrum
1639 2581 1800 2628 vetus
1861 2573 2198 2645 designatur.

595 2659 890 2716 Possumus
918 2667 1101 2716 autem
1145 2676 1240 2732 per
1268 2677 1417 2716 mare
1446 2661 1712 2733 populum
1749 2661 1993 2733 gentium
2026 2661 2201 2716 intel-

594 2749 783 2822 ligere,
854 2758 1078 2823 propter
1143 2750 1577 2824 profunditatem
1661 2751 1987 2823 ignorantiae
2039 2760 2203 2824 atque

596 2864 836 2904 errorem
873 2866 885 2915 ;
919 2865 1016 2920 per
1049 2855 1247 2904 terram
1278 2865 1409 2905 vero
1458 2865 1578 2922 quae
1610 2850 1903 2916 excolitur,
1963 2857 2026 2904 ut
2073 2848 2202 2904 fru-

595 2943 747 2993 ctum
778 2937 938 3004 ferat,
971 2936 1188 2993 Iudaeos
1205 2937 1296 3008 qui
1319 2938 1714 2994 excolebantur
1733 2955 1829 3010 per
1849 2937 2202 3012 disciplinam

597 3025 751 3097 legis,
807 3033 860 3080 et
903 3025 1143 3081 fructum
1173 3026 1440 3095 ferebant,
1493 3043 1617 3084 cum
1658 3037 1926 3100 praecepta
1987 3030 2200 3103 legalis,

598 3113 848 3187 quamvis
898 3114 1210 3184 carnaliter,
1253 3115 1576 3188 implebant.
1609 3118 1806 3175 Pedem
1863 3136 1989 3190 ergo
2039 3135 2198 3174 suum
2236 3103 2279 3164 Ο

598 3203 858 3261 dextrum
891 3204 1164 3261 Dominus
1192 3223 1355 3279 super
1383 3223 1530 3263 mare
1584 3207 1787 3280 posuit,
1821 3209 2039 3281 quando
2070 3225 2201 3281 spe—

597 3293 796 3352 cialius
827 3295 1084 3370 gentibus
1123 3294 1427 3352 doctrinam
1461 3297 1750 3370 Evangelii
1779 3313 1942 3371 quam
1997 3297 2201 3354 Iudaeis

597 3384 848 3456 tradidit,
890 3386 1034 3443 sicut
1085 3385 1287 3443 Paulus
1317 3386 1522 3443 eisdem
1571 3387 1773 3444 Judmis
1802 3387 2067 3460 loquitur,
2104 3386 2202 3442 di-

598 3493 761 3533 cens:
800 3501 818 3524 ·
850 3477 1022 3534 Vobis
1045 3478 1329 3549 oportebat
1357 3478 1596 3550 primum
1629 3479 1779 3552 loqui
1809 3478 2041 3533 verbum
2072 3478 2194 3557 Dei,

600 3569 694 3624 sed
724 3570 851 3642 quia
878 3571 1144 3641 repellitis
1183 3572 1344 3639 illud,
1391 3583 1446 3629 et
1497 3572 1755 3646 indignos
1783 3591 1883 3629 vos
1911 3573 2204 3645 judicastis

599 3670 816 3719 aeterna:
845 3663 995 3731 vitae,
1037 3680 1159 3719 ecce
1187 3666 1566 3722 convertimur
1593 3667 1660 3722 ad
1691 3674 1876 3739 gentes
1905 3669 2045 3738 (Act.
2077 3686 2202 3735 xm,

599 3752 716 3827 46).
752 3780 770 3803 ι
812 3755 1010 3811 Pedem
1043 3756 1331 3812 sinistrum
1353 3774 1516 3832 super
1535 3766 1734 3814 terram
1752 3761 1956 3830 posuit,
1985 3761 2203 3833 quando

600 3845 773 3919 legem
833 3845 1036 3903 Iudaeis
1099 3847 1408 3920 specialiter
1476 3847 1725 3908 tradidit.
1795 3849 1900 3906 Sed
1983 3851 2202 3909 nullum

600 3943 837 4005 moveat,
884 3935 1027 4009 quod
1102 3936 1406 4008 posteriora
1464 3938 1616 4009 prius
1656 3941 2199 4010 commemoraverit,

599 4033 654 4082 et
690 4024 872 4097 priora
899 4025 1206 4098 posterius;
1266 4044 1330 4083 eo
1358 4027 1504 4100 quod
1544 4027 1602 4082 in
1650 4027 1859 4083 divinis
1906 4029 2204 4101 Scripturis

599 4116 704 4173 hoc
732 4133 873 4190 saepe
901 4116 1201 4190 contingat.
1235 4117 1320 4174 Ad
1356 4119 1501 4190 quod
1532 4118 2000 4190 comprobandum
2031 4137 2200 4175 unum

598 4205 982 4262 tantummodo
1011 4207 1325 4276 exemplum
1358 4208 1716 4278 proferamus.
1754 4211 1814 4264 In
1845 4210 2053 4281 psalmo
2083 4225 2204 4266 cen-

597 4294 793 4350 tesimo
849 4297 1064 4368 quinto,
1123 4313 1246 4352 cum
1297 4297 1574 4354 dixisset:
1620 4323 1636 4344 ι
1684 4299 1887 4373 Aperta
1919 4307 2000 4354 est
2037 4306 2202 4368 terra,

599 4390 652 4438 et
682 4383 974 4456 deglutivit
1027 4389 1264 4457 Dathan,
1317 4394 1461 4451 542
1508 4397 1562 4445 et
1611 4391 1828 4464 operuit
1871 4407 2035 4464 super
2062 4407 2206 4448 con-

2323 1862 2338 1882 ι
2369 1838 2575 1909 Diliges
2603 1838 2843 1894 amicum
2878 1846 3063 1907 tuum,
3095 1849 3150 1896 et
3190 1839 3317 1895 odio
3351 1838 3561 1895 habebis
3594 1836 3796 1893 inimicum

2307 1937 2464 1984 tuum
2499 1930 2713 2001 (Matth.
2746 1948 2801 1997 v,
2840 1929 2954 2002 43).
2992 1956 3009 1979 ι
3052 1930 3206 1987 Idem
3237 1941 3290 1988 et
3337 1931 3401 1986 de
3445 1929 3629 1986 caeteris
3650 1926 3798 1982 virtuti.

2306 2018 2409 2076 bus
2440 2020 2858 2092 intelligendum
2891 2027 2990 2076 est.
3035 2020 3254 2092 Septem
3288 2037 3414 2092 ergo
3442 2019 3656 2076 tonitrua
3680 2016 3799 2072 locuta

2309 2116 2455 2177 sunt,
2508 2109 2727 2181 quando
2777 2125 2872 2180 per
2897 2110 3213 2165 doctrinam
3259 2109 3532 2182 Evangelii
3577 2105 3800 2163 sublimitas

2307 2197 2576 2252 virtutum
2605 2199 2769 2270 coepit
2795 2198 3192 2255 demonstrari.

2383 2323 2563 2395 (Vers.
2589 2323 2662 2395 4.)
2693 2326 2764 2380 Et
2788 2325 2974 2380 audivi
3002 2342 3179 2379 vocem
3215 2324 3274 2380 de
3301 2325 3420 2380 crelo
3448 2323 3660 2378 dicentem
3685 2318 3800 2373 mihi:

2311 2413 2471 2484 Signa
2513 2430 2628 2484 qum
2671 2414 2843 2468 locuta
2890 2420 3012 2468 sunt
3060 2421 3257 2486 septem
3307 2413 3544 2478 tonitrua,
3582 2417 3621 2465 et
3653 2409 3736 2463 noli
3766 2423 3801 2460 ea

2306 2503 2551 2557 scribere.
2573 2503 2698 2560 Vox
2724 2503 2791 2558 de
2821 2505 2959 2559 caelo
2993 2520 3101 2558 vox
3138 2511 3228 2560 est
3255 2503 3320 2558 de
3343 2501 3569 2558 Ecclesia
3595 2517 3605 2553 :
3639 2496 3802 2553 scribere

2310 2607 2441 2646 vero
2471 2599 2550 2647 est
2597 2591 2927 2662 praedicare;
2977 2593 3105 2665 quia
3139 2593 3290 2649 sicut
3331 2591 3548 2662 scriptor
3582 2591 3802 2643 atramento

2313 2680 2370 2734 in
2415 2680 2700 2734 volumine
2747 2681 2960 2748 scribit,
3013 2680 3166 2736 unde
3217 2683 3448 2752 legentes
3490 2676 3801 2734 exercitentur;

2313 2768 2390 2824 ita
2418 2777 2472 2824 et
2519 2767 2752 2840 quilibet
2801 2767 2995 2824 doctor
3040 2769 3216 2826 verba
3269 2771 3363 2827 Dei
3413 2769 3603 2836 scribit,
3643 2780 3736 2820 cum
3765 2776 3806 2816 ea

2313 2856 2660 2930 praedicando
2707 2857 2764 2912 in
2811 2858 3070 2914 cordibus
3118 2860 3462 2916 audientium
3509 2858 3696 2930 plantat.
3733 2850 3804 2907 Cur

2312 2962 2441 3019 ergo
2475 2963 2569 3017 per
2589 2961 2778 3001 vocem
2801 2962 2921 3018 quae
2946 2947 3013 3002 de
3041 2949 3191 3005 coelo
3219 2949 3420 3016 sonuit,
3452 2943 3730 3020 prohibitum
3753 2942 3803 2991 est

2318 3052 2387 3091 ne
2431 3043 2636 3106 septem
2689 3035 2933 3091 tonitrua
2980 3035 3378 3103 scriberentur,
3413 3037 3462 3090 in
3495 3031 3685 3089 Actibus
3707 3041 3802 3098 apo-

2311 3127 2578 3182 stolorum
2602 3131 2654 3180 et
2686 3123 2742 3179 in
2771 3125 3034 3195 Epistolis
3054 3126 3216 3182 Pauli
3251 3126 3486 3182 invenire
3507 3134 3749 3196 possumus.
3764 3115 3802 3170 In

2311 3215 2476 3271 initio
2524 3231 2759 3287 namque
2809 3214 2935 3270 ﬁdei
2991 3215 3381 3286 praedicatores
3433 3213 3586 3270 sancti
3627 3207 3804 3263 videntes

2312 3310 2693 3367 inﬁrmitatem
2742 3309 2986 3382 gentium
3041 3311 3110 3367 ad
3167 3313 3332 3369 ﬁdem
3373 3307 3694 3371 venientium,
3733 3312 3802 3353 non

2311 3408 2434 3456 sunt
2459 3399 2576 3454 ausi
2596 3398 2674 3454 eis
2695 3399 2995 3454 austeriora
3013 3398 3226 3458 Christi
3258 3407 3512 3474 praecepta
3529 3391 3800 3453 committere;

2311 3505 2380 3543 ne
2419 3487 2562 3542 forte
2595 3487 2800 3543 duritia
2830 3496 3236 3559 praeceptorum
3266 3487 3463 3555 territi,
3497 3501 3593 3541 non
3617 3477 3802 3537 auderent

2312 3575 2378 3632 ad
2409 3575 2570 3630 ﬁdem
2603 3575 2807 3633 Christi
2847 3576 3261 3649 suscipiendam
3293 3577 3548 3640 accedere,
3569 3571 3683 3627 sicut
3705 3566 3804 3620 Pau-

2313 3666 2400 3720 lus
2429 3665 2712 3737 apostolus
2731 3664 3022 3736 discipulis
3051 3667 3168 3722 suis
3202 3667 3432 3738 scripsit,
3455 3663 3648 3720 dicens:
3677 3679 3690 3700 ι

2313 3736 2474 3825 quam
2536 3754 2783 3825 parvulis
2832 3754 2890 3808 in
2929 3753 3149 3810 Christo
3204 3756 3287 3812 lac
3311 3736 3480 3810 vobis
3525 3757 3681 3823 potum
3703 3736 3800 3800 dedi.

2313 3859 2424 3898 non
2455 3859 2631 3898 escam
2660 3861 2673 3910 ;
2708 3842 2953 3898 nondum
2984 3843 3132 3899 enim
3166 3843 3444 3918 poteratis,
3469 3837 3553 3895 sed
3579 3850 3661 3891 nec
3682 3825 3802 3884 adhuc

2313 3931 2532 4005 quidem
2560 3932 2808 4004 potestis;
2838 3931 3017 3988 adhuc
3033 3932 3184 3988 enim
3202 3933 3330 3990 estis
3350 3930 3572 3988 carnales
3587 3925 3633 3995 (Ι
3643 3923 3734 3978 Cor.
3749 3929 3800 4008 lll:

2314 4022 2392 4093 2).
2427 4048 2444 4070 ι
2489 4020 2593 4076 Sed
2636 4029 2692 4076 et
2740 4021 2970 4094 apostoli
3013 4021 3106 4094 qui
3157 4029 3314 4079 erant
3358 4009 3716 4086 Hierosolymis,
3753 4015 3803 4054 €15

2315 4110 2409 4183 qui
2431 4127 2500 4167 ex
2516 4110 2769 4182 gentibus
2790 4111 3156 4180 crediderant,
3183 4112 3582 4174 mandaverunt,
3604 4100 3802 4157 dicentes:

2329 4221 2348 4246 α
2382 4198 2594 4254 Placuit
2643 4199 2874 4271 Spiritui
2904 4208 3092 4256 sancto
3123 4209 3178 4256 et
3233 4199 3386 4257 nobis
3438 4195 3564 4252 nihil
3604 4189 3801 4258 impotiere

2315 4287 2474 4342 vobis
2500 4287 2703 4355 oneris,
2750 4287 2856 4343 nisi
2889 4295 2949 4342 ut
2995 4288 3316 4343 abstineatis
3347 4304 3440 4342 vos
3481 4283 3543 4339 ab
3577 4275 3703 4339 escis,
3725 4279 3801 4339 φη

2315 4375 2480 4432 idolis
2525 4375 2902 4446 immolantur,
2941 4385 2996 4433 et
3033 4394 3064 4432 a
3100 4377 3477 4440 fornicatione,
3506 4378 3554 4426 et
3597 4361 3799 4446 suﬂ'ocalf).

751 4441 827 4456 ..κ
932 4441 969 4442 η
1028 4441 1264 4457 -η------,
1317 4441 1459 4451 --η
1514 4441 1560 4445 --
1617 4441 1827 4464 -ι-ν--η
1871 4441 2024 4464 --τν-
2067 4441 2166 4448 νη-

601 4483 965 4556 grcgationem
997 4487 1204 4543 Abiron
1239 4507 1250 4544 :
1285 4497 1338 4544 et
1385 4491 1592 4546 exarsit
1638 4491 1781 4562 ignis
1810 4491 1868 4545 in
1929 4506 2204 4564 synagoga

2197 4510 2207 4545 ι
2233 4460 2282 4518 D
2315 4473 2368 4522 et
2407 4465 2673 4539 sanguine
2707 4465 2850 4537 (Act.
2881 4441 2981 4534 xv,
3011 4467 3101 4536 28,
3135 4467 3251 4539 29).
3283 4492 3300 4513 ι
3345 4465 3463 4521 Vox
3491 4474 3603 4564 ergo
3633 4452 3686 4564 de

600 4589 809 4642 eorum,
839 4573 1058 4631 ﬂamma
1083 4577 1384 4634 combussit
1411 4587 1721 4651 peccatores
1771 4580 1951 4650 (Psal.
1984 4598 2072 4649 cv,
2115 4581 2200 4657 l7,

603 4662 692 4731 18)
721 4680 734 4729 ;
760 4685 778 4711 ι
822 4672 968 4720 retro
997 4666 1311 4736 revertitur,
1343 4675 1396 4723 et
1424 4667 1563 4724 dicit
1597 4685 1612 4724 :
1658 4693 1676 4716 ι
1704 4670 1774 4724 Et
1819 4668 2070 4726 fecerunt
2107 4669 2203 4725 vi-

602 4756 776 4812 tulum
808 4754 868 4810 in
897 4755 1786 4832 Oreb,etadoraveruntsculptile
1807 4761 1972 4834 (Ibid.
2007 4761 2096 4834 19)
2123 4779 2137 4830 ;
2171 4786 2189 4809 ι

598 4866 700 4907 nec
729 4849 1181 4908 inconvenienter
1209 4869 1306 4925 per
1331 4853 1590 4911 dextrum
1637 4854 1827 4927 pedem
1868 4870 2074 4910 novum
2106 4853 2201 4908 Te-

597 4947 950 5010 stamentum,
979 4958 1074 5014 per
1097 4942 1384 4999 sinistrum
1417 4953 1598 5000 autem
1639 4951 1797 5001 vetus
1829 4943 2150 5017 designatur
2180 4960 2196 5013 ;

596 5047 661 5088 eo
690 5031 836 5105 quod
861 5039 1018 5089 vetus
1036 5033 1445 5092 Testamentum
1474 5035 1671 5092 umbra
1700 5035 1868 5092 fuerit
1896 5034 2029 5091 novi
2058 5035 2200 5092 Tes-

596 5123 846 5180 tamenti.

670 5214 852 5286 (Vers.
887 5215 969 5288 3.)
1028 5216 1103 5272 Et
1147 5214 1416 5284 clamavit,
1476 5215 1916 5287 quemadmodum
1956 5230 2075 5270 cum
2122 5215 2198 5273 leo

597 5305 758 5378 rugit.
793 5305 1065 5364 Clamavit
1095 5305 1348 5364 Christus
1395 5322 1492 5379 per
1519 5307 1712 5379 legem,
1736 5305 1831 5363 sed
1855 5323 1965 5362 non
1997 5323 2199 5382 quem-

595 5393 892 5454 admodum
922 5413 1050 5454 cum
1076 5397 1159 5454 leo
1188 5395 1337 5469 rugit
1363 5416 1376 5465 ;
1424 5395 1555 5471 quia
1592 5396 1650 5453 in
1701 5414 1810 5454 una
1839 5397 2005 5456 domo
2035 5401 2198 5457 Israel

596 5501 708 5542 vox
738 5485 856 5558 ejus
895 5486 1279 5544 tantummodo
1307 5485 1492 5544 audita
1542 5494 1659 5544 est:
1701 5489 1963 5546 clamavit
2013 5497 2202 5563 postea

2315 4555 2512 4610 Joanni
2544 4555 2810 4628 loquitur,
2846 4571 2913 4609 ne
2942 4564 3146 4626 septem
3176 4555 3414 4612 tonitrua
3441 4548 3694 4607 scriberet;
3717 4542 3800 4628 qu}?

2315 4644 2548 4716 ³905ῐοΙὶ
2579 4616 2669 4717 qui
2712 4616 2808 4716 per
2835 4616 3032 4700 coelum
3065 4644 3436 4718 designantur,
3479 4633 3646 4712 primis
3669 4616 3800 4719 pradi-

2312 4733 2590 4790 catoribus
2619 4742 3012 4806 praeceperunt,
3047 4751 3115 4790 ne
3142 4734 3358 4791 noviter
3384 4731 3448 4787 ad
3477 4727 3618 4783 ﬁdem
3649 4720 3801 4806 venien-

2313 4833 2411 4893 tes,
2449 4801 2637 4881 subito
2681 4824 2748 4880 ad
2794 4801 3176 4883 celsitudinem
3223 4826 3482 4881 virtutum
3524 4801 3801 4875 conscendere

2311 4922 2590 4986 cogerent,
2639 4913 2813 4972 donec
2847 4915 2902 4969 in
2948 4915 3056 4972 ﬁde
3105 4915 3418 4982 confortati,
3451 4910 3553 4982 jam
3581 4900 3637 4959 ad
3661 4901 3800 4965 0W”

2310 5005 2517 5062 tionem
2547 5005 2816 5061 virtutum
2847 5005 3081 5062 transire
3112 5012 3349 5080 possent.

2381 5133 2564 5206 (Vers.
2595 5134 2652 5202 5,
2681 5131 2738 5199 6,
2775 5133 2852 5204 7.)
2885 5133 2958 5189 Et
2982 5134 3199 5204 angelus
3227 5147 3375 5203 quem
3409 5124 3512 5182 vidi
3543 5119 3721 5175 διαπεεπι

2302 5204 2410 5295 pra
2429 5239 2574 5278 mare
2596 5227 2645 5277 et
2673 5238 2832 5292 super
2853 5227 3070 5290 terram,
3094 5239 3212 5277 cum
3243 5221 3450 5276 levasset
3475 5219 3658 5268 manum
3676 5204 3797 5295 ⁸¹ξ⁴²¹ῗ¹

2306 5285 2354 5370 et
2372 5312 2610 5384 jurasset
2632 5329 2730 5385 per
2745 5311 2890 5367 viven
2898 5318 2996 5367 tem
3013 5313 3072 5368 in
3089 5319 3338 5368 externum
3353 5305 3441 5379 qui
3457 5295 3629 5358 creavit
3651 5285 3797 5385 carl”?

2306 5409 2354 5459 et
2373 5379 2451 5458 νεα
2491 5419 2609 5472 quas
2632 5379 2703 5457 in
2751 5419 2807 5457 eo
2852 5409 3014 5467 sunt;
3059 5409 3106 5457 et
3152 5410 3366 5466 terram,
3395 5401 3441 5450 et
3479 5409 3533 5446 ea
3565 5396 3661 5456 qm?
3690 5379 3798 5472 ιηςθ

2307 5497 2430 5546 sunt
2461 5468 2684 5556 :_mare,
2714 5495 2761 5546 et
2789 5508 2851 5546 ea
2883 5507 3000 5562 quia
3026 5491 3084 5545 in
3112 5509 3168 5546 eo
3202 5492 3358 5550 sunt;
3391 5480 3506 5554 Quia
3536 5478 3696 5540 WP‘“
3721 5468 3797 5511 ⁰¹¹¹’

670 5637 752 5708 (4)
803 5640 865 5698 In
913 5641 1046 5700 edit.
1101 5642 1346 5713 deerant,
1398 5643 1506 5701 sive
1559 5642 1687 5717 quia
1738 5643 1946 5717 Spiritu
2001 5650 2180 5701 sancto
2228 5643 2360 5700 mita
2391 5641 2702 5715 resplendet,
2722 5641 2848 5711 sive,
2875 5658 2996 5716 quae
3026 5643 3389 5700 restituuntur
3413 5647 3476 5689 ex
3504 5639 3614 5682 mss-
