4026 6172
317 250 424 307 949

1211 249 1668 309 BERENGAUDI
1704 252 2080 310 EXPOSITIO
2120 253 2190 310 IN
2229 253 2730 313 APOCALYPSIN.

3517 263 3624 324 950

307 370 461 442 plius
488 383 596 422 non
625 363 748 436 erit,
783 365 872 421 sed
901 365 958 421 in
978 366 1156 424 diebus
1181 371 1386 441 septimi
1405 373 1598 443 angeli,
1621 389 1738 427 cum
1765 390 1920 444 cmpe-
1953 376 2002 434 Α
2030 374 2228 430 ductus
2248 383 2328 431 est
2355 394 2366 430 :
2393 375 2485 431 sed
2511 376 2640 448 quia
2670 382 2892 448 propter
2918 375 3222 433 absentiam
3235 376 3356 450 ejus
3373 376 3620 442 haretici

314 461 395 516 rit
421 459 543 514 tuba
572 475 774 525 canere,
807 459 1254 513 consummabitur
1295 461 1597 530 mysterium
1631 462 1750 530 Dei,
1778 463 1918 532 quod

315 549 698 621 evangelisavit
730 565 832 619 per
868 565 1045 604 servos
1079 565 1200 602 suos
1223 551 1525 621 prophetas.
1558 552 1668 607 Nos
1697 551 1917 624 quando

308 639 586 712 juramus,
635 638 893 693 volumus
940 644 1001 692 ut
1035 637 1259 693 ﬁrmum
1307 639 1378 695 sit
1426 640 1572 712 quod
1617 641 1914 712 loquimur.

313 731 535 789 Dixisse
585 746 713 802 ergo
764 729 988 784 Domini
1035 727 1250 800 jurasse
1302 739 1413 799 est;
1469 731 1598 804 quia
1640 732 1760 787 ﬁeri
1805 748 1916 787 non

313 829 495 896 potest
542 828 604 876 ut
653 819 801 893 quod
845 820 1094 893 loquitur
1135 822 1302 889 Deus,
1343 822 1560 878 irritum
1608 823 1726 891 fiat,
1776 823 1918 880 sicut

313 913 433 986 ipse
463 911 601 968 dicit
631 912 691 966 in
727 911 1032 982 Evangelio
1067 929 1078 966 :
1139 936 1156 958 ι
1203 912 1413 970 Coelum
1447 924 1500 970 et
1530 923 1672 971 terra
1703 917 1916 972 transi-

310 1001 481 1070 bunt,
511 1001 679 1058 verba
708 1009 888 1057 autem
940 1018 1061 1057 mea
1107 1019 1218 1059 non
1256 1005 1571 1060 transibunt
1610 1006 1759 1076 (Luc.
1791 1023 1914 1075 xxi,

311 1095 431 1165 33).
455 1115 472 1141 ι
511 1093 648 1150 Cum
673 1093 843 1165 igitur
865 1092 1116 1150 Christus
1138 1111 1232 1166 per
1251 1095 1528 1151 viventem
1553 1097 1607 1151 in
1626 1105 1914 1165 aeternum,

310 1192 370 1239 et
399 1199 496 1254 per
524 1200 645 1238 eum
680 1183 776 1256 qui
824 1183 954 1239 fecit
1003 1200 1194 1240 omnes
1241 1193 1519 1242 creaturas
1557 1184 1790 1256 juravit,
1821 1203 1917 1258 per

309 1278 671 1351 semetipsum
697 1277 909 1350 juravit
943 1296 954 1334 :
985 1279 1125 1346 Quia
1164 1303 1181 1326 ι
1211 1280 1397 1335 omnia
1442 1297 1536 1353 per
1567 1282 1744 1353 ipsum
1775 1283 1917 1339 facta

309 1375 468 1435 sunt,
497 1375 551 1423 et
581 1366 700 1422 sine
738 1367 858 1438 ipso
907 1367 1110 1423 factum
1154 1377 1236 1425 est
1279 1368 1420 1424 nihil
1473 1370 1651 1441 (Joan.
1687 1390 1725 1439 ι,
1767 1372 1845 1442 3).
1879 1396 1897 1420 ι

307 1456 530 1512 Iuravit
569 1463 751 1510 autem
799 1472 910 1511 non
950 1457 1278 1530 quibusdam
1327 1458 1512 1514 verbis
1557 1461 1913 1532 semetipsum

309 1545 644 1617 obligando;
701 1545 795 1602 sed
854 1546 1090 1602 dicendo
1143 1563 1206 1602 ea
1267 1563 1390 1620 quas
1447 1557 1679 1604 ventura
1737 1557 1910 1605 erant.

306 1635 417 1691 Per
454 1635 749 1706 septimum
791 1652 922 1692 vero
965 1636 1218 1708 angelum
1261 1637 1662 1708 praedicatores,
1709 1640 1804 1712 qui
1855 1639 1913 1695 in

2027 463 2328 519 Ecclesiam
2373 465 2472 520 Dei
2526 465 2860 532 invaserant,
2894 473 3016 539 post
3062 468 3432 525 reversionem
3461 485 3620 526 suam

2025 556 2092 612 de
2103 555 2300 611 exsilio
2321 555 2387 612 ad
2408 573 2596 612 eorum
2618 557 2985 629 blasphemias
3001 558 3359 616 destruendas
3376 561 3620 633 compul-

2026 662 2117 700 sus
2154 653 2234 700 est
2280 645 2642 717 Evangelium
2679 645 2932 702 scribere.
2965 647 3228 720 Praecepit
3282 649 3452 720 igitur
3507 665 3618 706 vox

2026 733 2218 788 divina
2245 733 2462 800 Joanni,
2497 742 2557 788 ut
2600 733 2702 789 iret
2731 735 2800 790 ad
2846 736 3122 807 angelum,
3171 744 3224 792 et
3251 737 3521 809 acciperet
3550 739 3618 795 ab

2025 846 2090 885 eo
2144 829 2346 884 librum
2373 848 2385 896 ;
2423 830 2552 902 quia
2579 830 2723 886 543
2754 832 2991 904 Spiritus
3028 841 3249 890 sanctus
3277 834 3381 890 hoc
3413 835 3618 891 Joanni

2026 918 2346 989 inspiraudo
2369 920 2558 985 suasit,
2589 928 2649 974 ut
2680 920 2782 976 iret
2811 923 2878 977 ad
2910 922 3189 979 Christum
3229 940 3337 977 non
3369 923 3618 995 passibus

2025 1007 2288 1078 corporis,
2339 1007 2431 1062 sed
2484 1009 2734 1079 passibus
2774 1010 2992 1077 mentis,
3044 1011 3112 1066 ad
3161 1010 3614 1068 considerandam

2024 1096 2333 1152 divinitatis
2357 1097 2473 1168 ejus
2505 1099 2806 1169 potentiam
2844 1108 3007 1171 atque
3037 1117 3160 1155 cum
3191 1101 3350 1156 Patre
3384 1100 3614 1174 aaquali-

2025 1192 2213 1252 tatem,
2241 1193 2300 1240 ut
2337 1186 2402 1241 de
2432 1187 2723 1242 divinitate
2754 1186 2870 1257 ejus
2899 1189 3146 1244 libellum
3187 1188 3445 1245 omnibus
3470 1187 3616 1245 ﬁde—

2025 1273 2168 1329 libus
2191 1275 2534 1331 salutiferum
2563 1284 2743 1348 posset
2771 1278 3134 1334 conscribere.
3159 1279 3455 1334 Devoravit
3483 1295 3615 1335 vero

2024 1362 2258 1418 Joannes
2288 1363 2513 1431 librum,
2546 1381 2671 1420 cum
2703 1365 2987 1420 scientiam
3014 1367 3302 1438 Evangelii
3332 1367 3478 1441 quod
3508 1384 3616 1439 po-

2023 1457 2135 1506 stea
2165 1453 2401 1523 scripsit,
2452 1453 2769 1525 plenissime
2809 1455 3038 1527 accepit.
3079 1455 3245 1510 Liber
3274 1456 3455 1529 itaque
3481 1457 3614 1513 dum

2022 1540 2397 1610 devoraretur,
2427 1543 2774 1599 dulcedinem
2823 1545 3002 1599 mellis
3049 1544 3129 1599 ori
3160 1545 3454 1612 exhibuit;
3486 1547 3617 1619 quia

2021 1630 2209 1686 divina
2231 1632 2511 1704 Scriptura
2535 1643 2740 1705 quanto
2762 1635 2999 1704 amplius
3021 1635 3075 1689 in
3099 1636 3261 1691 corde
3278 1637 3612 1705 ruminatur,

307 1725 425 1782 ﬁne
469 1723 663 1780 mundi
709 1725 885 1781 futuri
930 1733 1078 1794 sunt,
1115 1726 1489 1798 designantur,
1522 1727 1589 1782 de
1627 1727 1828 1800 quibus
1853 1727 1912 1782 in
1942 1737 1988 1795 Β
2021 1728 2174 1776 tanto
2212 1720 2573 1777 salubriorem
2607 1723 2955 1778 dulcedinem
2995 1726 3165 1780 menti
3195 1726 3440 1784 exhibet.
3472 1729 3615 1784 Pos-

307 1816 668 1890 sequentibus
689 1815 956 1874 dicemus.
979 1819 1194 1874 Juravit
1223 1835 1350 1891 ergo
1380 1817 1648 1886 Christus,
1679 1819 1825 1891 quod
1850 1819 1908 1875 in

305 1914 509 1971 diebus
555 1913 776 1986 septimi
825 1914 1005 1986 angeli
1057 1915 1530 1972 consummabitur
1583 1916 1906 1987 mysterium

301 2004 433 2073 Dei,
465 2005 611 2077 quod
659 2004 1060 2076 evangelizavit
1100 2022 1196 2078 per
1241 2022 1369 2062 suos
1414 2005 1740 2078 prophetas;
1781 2006 1910 2079 quia

304 2093 573 2166 praedixit
616 2093 743 2166 quia
786 2101 920 2149 tunc
968 2093 1153 2148 veniet
1199 2094 1348 2162 ﬁnis,
1398 2110 1525 2150 cum
1560 2093 1741 2150 omnis
1789 2094 1909 2149 ele-

301 2189 528 2239 ctorum
554 2197 817 2238 numerus
845 2182 1016 2239 fuerit
1047 2185 1371 2256 completus.

383 2273 564 2342 (Vers.
605 2272 687 2344 8.)
719 2275 793 2329 Et
821 2290 992 2327 vocem
1031 2290 1191 2343 quam
1236 2275 1420 2329 audivi
1460 2274 1522 2329 de
1566 2275 1689 2330 caelo
1722 2275 1910 2330 iterum

304 2364 600 2433 loquentem
645 2380 864 2431 mecum,
913 2368 962 2416 et
999 2363 1244 2418 dicentem
1282 2381 1294 2419 :
1348 2365 1499 2433 Vade,
1533 2371 1580 2418 et
1620 2364 1792 2436 accipe
1833 2365 1910 2419 li-

302 2455 464 2509 brum
510 2453 572 2508 de
609 2471 769 2509 manu
805 2453 979 2525 angeli
1025 2453 1213 2508 stant-is
1259 2470 1425 2524 supra
1469 2471 1614 2508 mare
1654 2460 1699 2507 et
1745 2469 1911 2524 supra

307 2554 532 2603 terram.
567 2547 772 2604 Vocem
809 2545 1044 2618 primam
1075 2561 1192 2601 eam
1223 2545 1380 2613 dicit,
1417 2545 1635 2618 quando
1666 2543 1732 2599 de
1771 2545 1910 2601 cmlo

298 2636 360 2693 ei
397 2636 608 2694 dictum
638 2643 718 2692 est
753 2655 764 2693 :
801 2634 966 2706 Signa
997 2652 1114 2706 quae
1162 2636 1333 2690 locuta
1378 2641 1501 2690 sunt
1543 2641 1732 2706 septem
1767 2633 1911 2689 toni-

300 2739 455 2802 trua,
487 2739 536 2788 et
561 2732 675 2788 noli
712 2750 772 2788 ea
800 2732 1043 2788 scribere.
1076 2732 1340 2790 Eamdem
1389 2733 1572 2806 itaque
1624 2749 1812 2789 vocem
1853 2748 1910 2789 se

297 2823 511 2880 iterum
543 2823 758 2880 audisse
789 2824 929 2880 dicit
956 2843 970 2891 ;
1004 2824 1135 2897 quia
1181 2822 1422 2896 ejusdem
1463 2823 1700 2896 Spiritus
1735 2825 1908 2881 sancti

299 2927 424 2967 vox
466 2911 576 2969 fuit
622 2914 737 2983 illa,
781 2913 940 2986 cujus
972 2922 1026 2971 et
1067 2915 1192 2971 ista.
1240 2915 1342 2970 Per
1385 2915 1649 2970 Joannem
1699 2913 1756 2969 in
1806 2915 1911 2971 hoc

299 3003 433 3058 loco
464 3017 654 3059 omnes
683 3004 958 3076 apostolos
988 3002 1295 3077 intelligere
1324 3002 1604 3059 debemus.
1630 3002 1754 3058 Vox
1783 3019 1909 3076 ergo

2018 1826 2207 1864 sumus
2246 1817 2426 1865 autem
2461 1827 2555 1882 per
2583 1818 2851 1879 ventrem,
2886 1811 2943 1866 in
2965 1828 3073 1883 quo
3106 1830 3241 1869 escae
3269 1822 3615 1886 putrescunt,

2018 1914 2236 1953 carnem
2279 1897 2419 1954 hanc
2448 1901 2734 1954 mortalem
2768 1898 3094 1972 intelligere.
3127 1902 3290 1958 Liber
3320 1903 3490 1974 igitur
3519 1904 3614 1976 qui

2019 1985 2076 2042 in
2107 2003 2200 2042 ore
2248 1988 2427 2044 dulcis
2457 1989 2584 2056 fuit,
2625 1990 3048 2046 amaritudinem
3080 1991 3262 2046 ventri
3293 1993 3610 2063 generavit;

2019 2075 2147 2148 quia
2167 2077 2340 2133 sancti
2377 2076 2483 2131 viri
2513 2085 2719 2148 quanto
2739 2079 2977 2149 amplius
3006 2078 3062 2132 in
3087 2079 3442 2136 meditatione
3471 2079 3612 2138 divi-

2018 2181 2213 2220 narum
2244 2165 2650 2237 Scripturarum
2682 2165 2854 2224 dediti
2885 2175 3035 2236 sunt,
3070 2177 3383 2244 quantoque
3422 2187 3612 2228 eorum

2021 2255 2304 2312 meditatio
2333 2255 2548 2311 dulcior
2577 2257 2640 2311 fit
2670 2256 2727 2312 in
2757 2266 2958 2326 mente,
2990 2266 3144 2314 tanto
3175 2259 3436 2330 majorem
3467 2276 3610 2318 ama-

2020 2345 2318 2400 ritudinem
2368 2345 2519 2400 carni
2566 2362 2676 2400 suae
2715 2346 3000 2415 exhibent,
3033 2348 3325 2421 aﬂligendo
3354 2349 3612 2408 videlicet

2019 2449 2136 2488 eam
2163 2433 2411 2506 jejuniis,
2445 2433 2673 2506 vigiliis,
2723 2433 3073 2504 abstinentia,
3105 2437 3424 2512 caeterisque
3474 2455 3610 2496 cru-

2019 2521 2254 2578 ciatibus
2277 2524 2381 2596 (5),
2415 2523 2617 2596 quibus
2645 2539 2772 2578 caro
2801 2524 3104 2580 atterritur.

2091 2649 2272 2719 (Vers.
2313 2648 2425 2715 11.)
2465 2649 2540 2704 Et
2583 2648 2722 2702 dicit
2748 2648 2880 2702 mihi
2911 2666 2922 2703 :
2969 2649 3182 2718 Oportet
3210 2655 3255 2704 te
3293 2649 3613 2720 prophetare

2016 2738 2205 2793 iterum
2256 2737 2491 2809 populis,
2531 2743 2578 2790 et
2639 2737 2893 2807 gentibus,
2937 2742 2984 2790 et
3042 2737 3254 2808 linguis,
3309 2744 3357 2791 et
3404 2739 3612 2809 regibus

2015 2827 2215 2883 multis.
2247 2825 2572 2882 Prasdicitur
2599 2825 2648 2881 ei
2678 2824 2825 2897 quod
2852 2824 2920 2879 ab
2948 2824 3145 2880 exsilio
3189 2825 3258 2880 ad
3297 2826 3612 2898 praedican—

2015 2915 2147 2971 dum
2180 2913 2458 2970 rediturus
2495 2913 2588 2969 sit.
2636 2913 2741 2970 Sed
2789 2929 2915 2969 cum
2965 2914 3136 2969 sancti
3170 2915 3359 2970 Patres
3387 2915 3609 2973 tradant

2017 3004 2163 3077 quod
2194 3011 2314 3076 post
2341 3002 2709 3058 reversionem
2731 3019 2886 3058 suam
2914 3002 2981 3058 de
3001 3002 3200 3058 exsilio
3225 3005 3610 3062 tantummodo

293 3097 500 3154 divina
539 3100 739 3157 Joanni
791 3101 973 3156 locuta
1017 3107 1119 3169 est,
1169 3106 1230 3155 ut
1279 3099 1384 3156 iret
1428 3099 1497 3154 ad
1544 3099 1818 3171 angelum,
1856 3108 1910 3156 et
1939 3094 1987 3156 C
2017 3095 2076 3148 in
2102 3092 2340 3164 Epheso,
2362 3092 2576 3148 etcirca
2602 3091 2908 3163 adjacentia
2929 3092 3047 3148 loca
3067 3091 3184 3164 ejus
3206 3092 3608 3164 praedicaverit,

292 3193 578 3268 acciperet
606 3196 675 3252 ab
713 3212 776 3252 eo
811 3195 1056 3264 librum;
1109 3193 1239 3268 quia
1279 3194 1518 3266 Spiritus
1558 3191 1730 3249 sancti
1775 3209 1909 3265 gra-

292 3292 384 3347 tia
422 3293 689 3364 apostolis
727 3292 1041 3365 inspiravit,
1073 3300 1136 3348 ut
1176 3291 1383 3348 relictis
1429 3290 1706 3358 omnibus,
1751 3290 1909 3348 Chri-

291 3392 452 3440 stum
494 3393 887 3458 sequerentur;
939 3392 1000 3440 ut
1055 3382 1362 3440 doctrinam
1407 3382 1693 3454 Evangelii
1728 3381 1796 3437 ab
1843 3397 1907 3437 eo

293 3475 668 3548 perciperent.

379 3563 568 3634 (Vers.
597 3565 651 3632 9,
688 3563 802 3635 10.)
851 3565 925 3620 Et
973 3564 1083 3619 abii
1128 3566 1200 3620 ad
1246 3567 1509 3637 angelum,
1549 3564 1722 3619 dicens
1759 3561 1807 3618 ei
1851 3567 1910 3616 ut

291 3655 460 3710 daret
507 3654 638 3708 mihi
685 3655 901 3710 librum.
934 3654 1208 3710 Abierunt
1238 3654 1470 3727 apostoli
1506 3654 1575 3710 ad
1604 3653 1904 3718 Christum,

291 3752 366 3798 ut
393 3743 466 3798 ab
500 3758 564 3798 eo
599 3742 851 3799 doctrina
880 3742 1196 3799 divinarum
1225 3744 1629 3816 Scripturarum
1661 3741 1908 3796 instrue-

293 3842 518 3890 rentur.
565 3835 639 3890 Et
670 3835 811 3889 dixit
847 3835 976 3891 mihi
1009 3853 1026 3890 :
1055 3836 1266 3908 Accipe,
1316 3843 1364 3891 et
1400 3837 1595 3892 devora
1643 3836 1818 3902 illum,
1862 3841 1911 3890 et

294 3926 468 3996 faciet
507 3926 806 3981 amaricare
843 3934 1075 3982 ventrem
1115 3934 1280 3996 tuum,
1313 3927 1400 3982 sed
1447 3928 1503 3981 in
1549 3945 1638 3981 ore
1683 3933 1767 3980 tuo
1809 3925 1909 3980 erit

295 4018 457 4072 dulce
497 4024 748 4088 tanquam
793 4019 912 4073 mel.
947 4020 1165 4073 Etcum
1211 4019 1536 4073 devorassem
1573 4033 1710 4081 eum,
1747 4032 1908 4070 ama-

295 4108 510 4163 ricatus
541 4113 616 4162 est
640 4113 818 4162 venter
843 4125 1006 4163 meus.
1040 4109 1142 4163 Per
1187 4124 1248 4163 os
1288 4107 1346 4162 in
1395 4123 1504 4180 quo
1542 4123 1759 4179 sapores
1786 4105 1910 4162 dis-

295 4206 632 4267 cernuntur,
656 4199 822 4256 corda
841 4201 1214 4274 apostolorum
1242 4201 1549 4272 intelligere
1579 4215 1867 4272 possumus
1892 4217 1904 4255 ε

296 4305 401 4362 per
431 4297 683 4345 ventrem
719 4298 902 4346 autem
947 4289 1006 4344 in
1052 4307 1161 4364 quo
1205 4307 1394 4346 omnes
1441 4290 1716 4362 spurcitia:
1746 4304 1907 4345 com—

294 4387 598 4434 morantur
618 4380 882 4451 corporis,
899 4379 1219 4435 memoriam
1242 4387 1586 4452 peccatorum
1605 4378 1909 4450 intelligere

2019 3183 2204 3256 ibique
2236 3189 2485 3236 mortuus
2514 3181 2606 3248 sit,
2633 3189 2688 3235 et
2716 3197 2942 3252 corpore
2971 3182 3308 3254 requiescat;
3333 3181 3610 3254 quomodo

2018 3271 2254 3342 populis,
2287 3278 2341 3326 et
2394 3269 2667 3340 gentibus,
2700 3276 2755 3323 et
2807 3268 3030 3341 linguis,
3063 3277 3118 3324 et
3165 3271 3384 3342 regibus
3418 3271 3610 3328 multis

2017 3359 2366 3431 prephetasse
2387 3357 2592 3413 dicitur
2611 3357 2638 3412 7
2654 3356 2758 3413 Sed
2778 3357 3209 3429 prophetavit,id
3227 3366 3328 3426 est,
3351 3359 3610 3431 praedica-

2017 3448 2099 3502 vit
2113 3463 2207 3518 per
2226 3446 2587 3518 Evangelium
2609 3462 2791 3513 suum,
2814 3446 2961 3518 quod
2981 3453 3167 3518 postea
3182 3447 3402 3518 scripsit
3430 3447 3608 3503 omni-

2015 3537 2120 3593 bus
2151 3535 2421 3609 gentibus,
2447 3542 2500 3590 et
2521 3534 2745 3606 linguis,
2767 3543 2822 3591 et
2851 3535 3070 3606 regibus
3099 3536 3322 3601 multis;
3355 3535 3486 3608 quia
3513 3553 3610 3608 per

2017 3641 2206 3682 omnes
2235 3633 2422 3696 gentes
2450 3624 2755 3696 dispersum
2785 3631 2886 3691 est,
2919 3631 2972 3678 et
3019 3623 3076 3678 in
3105 3624 3466 3680 meditatione
3492 3623 3612 3696 ejus

2018 3731 2208 3772 omnes
2256 3723 2527 3770 terrarum
2581 3713 2773 3786 populi
2800 3728 3058 3786 regesque
3099 3712 3260 3769 multi
3292 3712 3610 3784 proﬁciunt.

2085 3847 2314 3907 CAPUT
2343 3847 2440 3901 XI.
2473 3877 2544 3887 —
2575 3845 2756 3916 (Vers.
2789 3844 2866 3916 1.)
2903 3846 2978 3900 Et
3018 3845 3175 3900 datus
3198 3851 3275 3900 est
3297 3844 3428 3900 mihi
3453 3844 3613 3901 cala-

2014 3959 2131 3997 mus
2169 3956 2424 3995 mensura’
2452 3936 2644 3992 similis
2676 3937 2853 4006 oirgw,
2884 3937 3056 3990 dicens
3090 3953 3102 3990 :
3138 3935 3322 4005 Surge,
3358 3940 3406 3990 et
3431 3935 3613 3989 metire

2017 4031 2264 4102 templum
2293 4028 2412 4096 Dei,
2446 4034 2495 4081 et
2520 4027 2714 4092 altare,
2745 4030 2794 4079 et
2828 4025 3110 4080 adorantes
3139 4024 3196 4078 in
3223 4041 3299 4077 eo.
3333 4023 3436 4078 Per
3463 4022 3609 4078 cala-

2017 4136 2167 4175 mum
2220 4135 2328 4191 quo
2379 4115 2594 4187 antiqui
2639 4113 2876 4170 scribere
2927 4112 3193 4178 solebant,
3245 4109 3607 4181 Evangelium

2016 4207 2163 4281 quod
2185 4208 2233 4262 ei
2256 4207 2444 4263 datum
2467 4214 2547 4261 est
2567 4221 2598 4259 a
2617 4202 2875 4271 Domino,
2899 4208 2954 4256 et
2980 4199 3127 4272 quod
3155 4206 3340 4270 postea
3365 4196 3608 4271 scripsit,

2017 4298 2334 4370 designatur
2364 4315 2375 4351 :
2427 4311 2524 4368 per
2552 4293 2762 4365 virgam
2793 4308 2926 4348 vero
2959 4307 3104 4362 saepe
3147 4287 3442 4360 disciplina
3469 4287 3608 4345 acci-

2017 4387 2186 4461 pitur.
2219 4386 2476 4443 Calamus
2501 4384 2673 4456 igitur
2711 4381 2804 4454 qui
2843 4379 3043 4436 Joanni
3073 4378 3233 4434 datus
3267 4386 3368 4446 est,
3398 4376 3612 4434 simili-

293 4470 592 4527 debemus.
647 4471 813 4526 Liber
859 4470 1028 4544 igitur
1073 4472 1205 4528 dum
1263 4470 1635 4537 devoraretur,
1685 4477 1748 4526 ut
1801 4471 1908 4525 mel
1943 4473 1990 4531 D
2017 4479 2266 4536 tudinem
2306 4476 2474 4548 virgae
2503 4473 2729 4538 habuit;
2762 4471 2892 4545 quia
2934 4469 3229 4542 disciplina
3257 4468 3612 4526 Christiano-

293 4559 470 4615 dulce
495 4558 664 4614 fuisse
693 4559 934 4626 dicitur;
971 4561 1099 4632 quia
1130 4559 1321 4616 divina
1365 4559 1646 4631 Scriptura
1684 4559 1815 4615 dum
1847 4559 1905 4614 in

295 4659 495 4708 mente
532 4651 862 4718 revolvitur,
906 4651 1185 4724 vitamque
1218 4659 1474 4707 aeternam
1524 4650 1779 4706 mandata
1808 4649 1906 4706 Dei

293 4738 751 4799 custodientibus
781 4739 1137 4813 repromittit,
1173 4741 1353 4797 dulcis
1398 4747 1460 4794 ut
1503 4740 1607 4795 mel
1648 4739 1706 4794 in
1744 4738 1907 4795 corde

292 4830 548 4887 efﬁcitur
579 4846 591 4885 :
629 4846 752 4886 cum
787 4845 918 4885 vero
949 4838 1186 4886 mentem
1217 4845 1249 4884 a
1271 4829 1644 4902 superioribus
1673 4828 1742 4884 ad
1772 4829 1908 4883 infe-

294 4938 478 4988 riora,
513 4919 570 4975 id
620 4931 723 4987 est,
752 4938 782 4976 a
811 4921 1276 4993 contemplatione
1322 4922 1559 4978 caelestis
1605 4923 1794 4993 patriae
1839 4919 1908 4976 ad

293 5017 532 5084 peccata
558 5007 655 5065 sua
685 5009 952 5066 intuenda
981 5009 1224 5078 deducit,
1267 5026 1560 5082 pmnasque
1589 5026 1722 5082 quas
1750 5009 1906 5080 impii

293 5118 406 5176 pro
452 5101 692 5174 peccatis
735 5101 850 5158 suis
878 5103 1088 5175 passuri
1129 5111 1278 5170 sunt,
1309 5103 1568 5170 ostendit,
1601 5119 1721 5175 quae
1753 5110 1910 5157 antea

291 5197 490 5252 fuerat
542 5196 722 5253 dulcis
777 5195 837 5251 in
892 5194 1358 5252 demonstratione
1412 5193 1648 5250 caelestis
1699 5191 1907 5263 gloriae,

289 5301 495 5341 amara
529 5285 766 5344 efﬁcitur
787 5286 843 5341 in
877 5293 1223 5357 peccatorum
1253 5283 1581 5339 ostensione.
1615 5283 1910 5337 Possumus

288 5374 478 5431 etiam
509 5373 615 5430 hoc
655 5374 724 5430 de
769 5375 977 5432 Joanne
1009 5373 1226 5446 proprie
1255 5371 1582 5443 intelligere,
1614 5369 1709 5442 qui
1745 5376 1911 5424 ante-

290 5481 477 5537 quam
514 5465 879 5538 Evangelium
917 5465 1203 5532 scriberet,
1239 5464 1496 5520 Pathmos
1543 5462 1601 5518 in
1648 5460 1908 5517 exsilium

383 5566 676 5650 (5)
716 5567 1050 5650 Abstinentia
1095 5568 1368 5636 vitiorum,
1413 5565 1730 5639 creatisque,
1761 5573 1908 5632 etc.;

298 5656 446 5696 mss.
478 5646 765 5709 omittunt,
799 5646 1070 5698 vitiorum.

2014 4584 2136 4624 rum
2168 4574 2249 4622 est
2275 4563 2659 4635 Evangelium.
2693 4561 2846 4618 Unde
2893 4567 2947 4616 et
2974 4559 3243 4631 templum
3273 4565 3327 4612 et
3356 4559 3527 4613 altare
3558 4563 3614 4612 et

2014 4658 2302 4714 adorantes
2344 4655 2401 4710 in
2446 4671 2510 4709 eo
2564 4651 2744 4708 metiri
2791 4647 3153 4723 praecipitur:
3200 4663 3299 4719 per
3343 4646 3611 4719 templum

2016 4762 2252 4818 namque
2285 4743 2532 4799 Ecclesia
2567 4759 2577 4796 :
2609 4757 2704 4812 per
2733 4742 2902 4796 altare
2933 4737 3107 4794 sancti
3139 4744 3194 4792 et
3220 4736 3450 4808 perfecti
3480 4735 3610 4803 viri,

2015 4836 2110 4909 qui
2140 4834 2196 4890 in
2227 4833 2473 4889 Ecclesia
2499 4831 2812 4887 consistunt
2846 4845 2858 4883 :
2898 4843 2994 4899 per
3019 4827 3310 4882 adorantes
3339 4835 3522 4882 autem
3553 4825 3611 4880 in

2016 4941 2081 4981 eo
2110 4931 2303 4981 caetera
2357 4917 2679 4985 multitudo,
2713 4934 2832 4990 qu-e
2884 4931 3073 4971 eorum
3105 4914 3358 4971 doctrina
3390 4913 3611 4969 instrui-

2016 5021 2129 5077 tur,
2185 5010 2522 5082 designatur.
2566 5005 2854 5077 Templum
2912 5019 3107 5076 nempe
3161 5003 3262 5060 Dei
3321 5010 3376 5058 et
3419 5003 3609 5069 altare,

2017 5109 2180 5175 atque
2208 5099 2496 5156 adorantes
2528 5097 2585 5151 in
2617 5111 2682 5151 eo
2725 5094 3105 5166 unusquisque
3135 5092 3461 5164 praedicator
3488 5105 3613 5146 me-

2017 5189 2174 5256 titur,
2205 5187 2334 5244 dum
2365 5183 2664 5257 unicuique
2711 5182 3010 5240 secundum
3044 5180 3316 5253 propriam
3346 5177 3610 5248 capacita-

2018 5287 2129 5334 tem
2168 5275 2474 5350 spiritualis
2529 5273 2717 5346 gratias
2752 5271 3062 5330 doctrinam
3106 5269 3454 5326 administrat
3485 5263 3608 5335 (6);

2018 5369 2182 5425 aliter
2209 5367 2356 5423 enim
2387 5363 2668 5421 docendus
2705 5370 2787 5419 est
2813 5361 3050 5433 sapiens,
3088 5358 3249 5414 aliter
3278 5354 3544 5426 insipiens
3595 5374 3607 5412 :

2018 5459 2179 5516 aliter
2228 5457 2523 5523 litteratus,
2555 5454 2716 5509 aliter
2746 5451 3062 5507 illitteratus
3097 5463 3109 5502 :
3160 5446 3321 5502 aliter
3348 5463 3610 5519 paganus,

2093 5559 2174 5632 (6)
2207 5559 2410 5632 Omnes
2438 5555 2594 5622 edit.,
2628 5551 2988 5632 administrat,
3017 5548 3178 5632 aliter
3206 5547 3482 5632 interdicis,
3511 5548 3611 5605 ali-

2023 5619 2112 5692 ter‘
2127 5619 2436 5693 catholicis;
2475 5619 2604 5682 mss.
2640 5639 2772 5680 vero
2803 5620 3086 5679 nobiscum
3119 5619 3356 5676 faciunt.
