4060 6208
624 241 726 298 951
1655 250 1754 305 AD
1793 249 2028 308 ΟΡΕΒΑ
2065 252 2121 310 S.
2160 253 2227 311 Al

2218 254 2495 313 MBROSII
2533 257 2911 321 APPENDIX.
3746 279 3821 338 952

621 365 784 423 aliter
807 366 1181 436 Christianus;
1208 372 1367 429 aliter
1380 371 1691 444 haereticus,
1714 376 1874 433 aliter
1887 377 2213 438 catholicus.
2247 384 2300 445 Α
2325 381 2667 454 abscondito,
2701 386 2892 444 reddet
2921 389 3026 446 tibi
3061 391 3268 463 (Matth.
3299 412 3374 465 vr,
3398 397 3450 466 3,
3476 397 3546 470 4).
3575 425 3591 448 ι
3627 401 3815 461 Candela-

621 456 754 556 Nam
788 463 842 513 et
887 459 1156 515 Dominus
1186 461 1322 518 dicit
1376 464 1432 519 in
1460 465 1784 539 Evangelio,
1812 468 1944 541 quia
1988 471 2219 542 paterfa-
2329 472 2489 529 brum
2522 491 2652 542 vero
2683 485 2814 534 tunc
2834 478 2917 547 iit,
2943 456 3161 553 quando
3190 483 3326 540 illud
3351 456 3528 559 implet
3549 456 3818 562 quodlibinii-

621 544 806 602 milias
845 569 864 594 ι
893 562 1114 619 peregre
1161 550 1537 622 proﬁciscens,
1562 552 1794 612 'vocavit
1840 574 2027 615 servos
2070 578 2215 631 suos,
2328 580 2432 619 nus
2456 564 2591 621 dicit
2609 566 2665 621 in
2682 568 3015 639 Evangelio:
3052 597 3071 618 ι
3096 572 3328 630 Videant
3357 544 3506 648 opera
3529 544 3681 636 vestra
3704 582 3817 652 bona,

621 642 676 690 et
704 635 930 736 tradidit
969 637 1080 694 illis
1127 639 1271 696 bona
1298 657 1415 712 sua,
1456 644 1527 700 Et
1556 645 1653 700 uni
1683 645 1835 703 dedit
1874 649 2115 723 quinque
2146 660 2219 707 ta-
2329 662 2381 709 et
2424 654 2731 723 gloriﬁcent
2789 635 3001 716 Patrem
3055 670 3317 732 vestrum,
3369 635 3457 738 qui
3507 668 3559 723 in
3605 635 3819 728 calisiesjt

620 730 792 795 tenta,
823 725 917 782 alii
970 736 1151 784 autem
1188 729 1317 799 duo,
1350 732 1445 788 alii
1477 749 1607 789 vero
1656 751 1869 805 unum;
1920 738 2220 813 unicuique
2331 744 2542 813 (Matth.
2574 763 2630 814 v,
2665 746 2777 819 16).
2806 772 2823 795 ι
2867 750 2988 805 Duo
3018 750 3186 822 igitur
3216 725 3314 808 isti
3336 725 3499 811 sa‘ncti
3534 757 3670 812 modo
3706 725 3817 817 oliva

618 814 920 873 secundum
944 818 1219 891 propriam
1242 820 1504 879 virtutem
1537 824 1749 896 (Matth.
1771 844 1911 895 xxv,
1939 827 2022 896 14,
2048 830 2160 901 15).
2184 857 2203 880 ι
2328 843 2477 901 sunt,
2507 852 2633 891 cum
2664 814 2938 911 in'aliquo
2967 814 3086 897 locb
3117 851 3270 899 terra:
3300 844 3474 915 positi,
3498 845 3581 901 ubi
3603 862 3678 902 eos
3695 814 3817 921 majus

692 914 873 987 (Vera.
904 916 983 989 2.)
1013 916 1272 991 Sequitur
1304 936 1316 975 :
1342 920 1557 977 Atrium
1584 930 1759 979 autem
1786 926 1926 995 quod
1955 934 2030 982 est
2054 927 2215 998 foris,
2328 931 2437 980 stas
2459 924 2652 981 divina
2671 929 2999 984 commorari
3023 914 3415 1005 praecepit,per
3434 914 3816 1009 contemplationis

614 1002 739 1074 ejice
765 1003 937 1074 foras,
969 1012 1018 1061 et
1039 1023 1106 1061 ne
1130 1007 1370 1063 metiaris
1396 1009 1571 1078 illud;
1624 1013 1877 1082 quoniam
1920 1016 2105 1071 datum
2145 1024 2219 1073 est
2328 1014 2554 1085 gratiam
2584 1017 2695 1071 Deo
2720 1016 3043 1075 deserviunt
3068 1039 3079 1076 :
3105 1002 3425 1079 candelabra
3443 1031 3565 1081 tunc
3592 1002 3714 1092 ﬁent,
3732 1041 3816 1083 cum

615 1092 867 1165 gentibus.
901 1092 957 1150 Si
996 1094 1131 1151 foris
1154 1104 1290 1165 erat,
1320 1098 1598 1170 quomodo
1628 1101 1775 1157 foras
1805 1102 1932 1173 ejici
1953 1114 2166 1178 poterat
2188 1108 2216 1164 ἢ
2327 1103 2395 1159 ad
2426 1104 2758 1176 explendum
2790 1108 3195 1179 praedicationis
3244 1127 3354 1168 suae
3392 1112 3611 1169 oﬁicium
3636 1114 3816 1171 venerint

615 1180 718 1239 Per
743 1182 947 1239 atrium
976 1200 1104 1257 ergo
1154 1186 1329 1243 Judaei
1377 1188 1734 1261 designantur
1765 1211 1776 1249 :
1819 1194 1993 1251 Judaei
2049 1197 2218 1269 igitur
2329 1193 2436 1265 (7),
2467 1193 2685 1265 quando
2715 1195 2993 1265 omnibus},
3027 1205 3081 1253 et
3117 1198 3374 1256 ﬁdelibus
3419 1200 3648 1258 videlicet
3684 1211 3723 1257 et
3755 1219 3815 1259 re-

616 1272 752 1329 foris
780 1279 935 1329 erant
963 1289 1060 1345 per
1104 1274 1549 1333 incredulitatem
1593 1296 1605 1334 :
1638 1278 1732 1335 sed
1758 1280 1994 1341 Joannes
2024 1292 2078 1340 et
2115 1302 2212 1343 caa-
2324 1281 2532 1354 probis,
2551 1283 2779 1341 verbum
2800 1286 2898 1341 Dei
2926 1287 3353 1346 annuntiabunt.
3372 1290 3448 1347 De
3466 1289 3561 1346 hoc
3576 1290 3814 1349 candelabro

614 1360 718 1417 teri
767 1360 1000 1435 apostoli
1057 1362 1238 1422 adhuc
1287 1382 1380 1422 eos
1409 1381 1506 1439 per
1547 1384 1793 1425 amorem
1845 1371 1903 1427 in
1954 1374 2214 1434 cordibus
2323 1373 2594 1431 Dominus
2640 1375 2778 1431 dicit
2818 1377 2878 1433 in
2923 1377 3274 1450 Evangelio:
3328 1404 3347 1428 ι
3384 1381 3556 1455 Neque
3591 1381 3811 1439 accendunt

613 1449 729 1509 suis
753 1450 1034 1521 tenebant,
1066 1451 1211 1511 sicut
1238 1452 1374 1512 dicit
1400 1457 1681 1530 apostolus
1708 1459 1910 1519 Paulus
1943 1479 1955 1517 :
2002 1488 2021 1512 ι
2049 1464 2210 1537 Opta-
2324 1463 2624 1533 lucernam,
2675 1472 2729 1520 et
2780 1474 2998 1539 ponunt
3034 1449 3152 1524 eam
3201 1469 3304 1526 sub
3350 1449 3545 1540 modio,
3594 1472 3670 1529 sed
3706 1488 3812 1545 super

611 1540 738 1600 bam
769 1558 866 1618 ego
897 1545 1011 1619 ipse
1041 1545 1333 1604 anathema
1358 1564 1474 1605 esse
1500 1566 1531 1605 a
1570 1548 1792 1607 Christo
1817 1569 1917 1626 pro
1947 1553 2210 1614 fratribus
2321 1551 2733 1623 candelabrum,
2763 1563 2824 1612 ut
2861 1558 3038 1614 luceat
3066 1558 3328 1616 omnibus
3356 1560 3448 1635 qni
3483 1560 3536 1617 in
3572 1561 3704 1617 domo
3729 1540 3812 1617 sunt

610 1634 767 1705 meis,
801 1635 897 1709 qui
925 1643 1054 1694 sunt
1081 1639 1301 1710 cognati
1346 1638 1454 1695 mei
1503 1641 1805 1697 secundum
1836 1659 2078 1715 carnem,
2111 1648 2204 1721 qui
2323 1643 2486 1713 (Ibid.
2522 1642 2634 1715 15).
2658 1668 2676 1690 ι
2720 1644 2968 1702 Lucerna
2988 1646 3193 1721 quippe
3215 1664 3377 1729 super
3404 1649 3731 1708 candelabrum
3752 1667 3810 1724 po

610 1733 739 1782 sunt
767 1725 1026 1782 Israelita
1060 1725 1340 1797 (Rom.1x,
1363 1728 1416 1798 3,
1441 1729 1520 1800 4).
1545 1750 1565 1780 ι
1608 1731 1763 1788 Unde
1792 1736 2111 1807 praecipitur
2132 1738 2203 1810 ei,
2238 1750 2284 1812 Β
2319 1732 2491 1802 nitur,
2542 1734 2763 1805 quando
2805 1734 3050 1792 ofﬁcium
3099 1725 3502 1810 praedicationis
3547 1747 3700 1796 sancto
3732 1741 3810 1797 viro

608 1829 679 1871 ne
706 1813 847 1871 illud
876 1815 1158 1885 metiatur,
1202 1816 1261 1872 id
1300 1826 1403 1887 est,
1432 1818 1601 1875 verba
1645 1821 2054 1894 praedicationis
2095 1845 2208 1886 non

2205 1877 2208 1885 _
2318 1823 2577 1893 traditur,
2605 1824 2701 1897 qui
2730 1825 2939 1882 bonum
2974 1827 3122 1902 quod
3152 1830 3432 1903 praedicat,
3469 1832 3672 1888 ﬂammis
3698 1831 3808 1889 hono-

607 1900 688 1959 eis
724 1901 1022 1973 ministret,
1054 1904 1197 1962 sicut
1227 1905 1286 1962 in
1313 1906 1617 1981 Evangelio
1661 1909 1777 1983 ipse
1817 1915 2089 1988 praecipit,
2125 1918 2208 1975 di-
2320 1931 2444 1971 rum
2475 1931 2704 1988 operum
2735 1900 3014 1986 illustrat}
3048 1900 3276 1976 lucerna
3300 1938 3428 1978 vero
3468 1923 3561 1979 sub
3586 1922 3727 1978 modio
3753 1939 3810 1995 po-

607 2006 735 2049 cens
769 2010 782 2051 :
830 2016 849 2041 α
877 1993 1058 2052 Nolite
1080 1995 1305 2092 mittere
1336 1999 1657 2092 margaritas
1686 2010 1896 2061 vestras
1924 2014 2051 2063 ante
2082 2025 2205 2082 por-
2320 2011 2496 2082 nitur,
2545 2010 2694 2068 544
2735 2014 2956 2086 quando
3005 2016 3251 2075 oﬂicium
3301 2019 3667 2092 praedicationis
3702 1993 3809 2076 alicui

606 2096 735 2149 cos;
786 2097 856 2139 ne
899 2083 1228 2142 conculcent
1270 2101 1360 2143 eas
1415 2084 1645 2160 pedibus
1699 2090 1834 2160 suis,
1865 2102 1920 2150 et
1952 2098 2206 2154 conversi
2316 2102 2548 2176 reprobo
2591 2083 2981 2175 committitur,
3039 2107 3135 2180 qui
3187 2083 3393 2166 bonum
3443 2110 3576 2183 quod
3612 2109 3809 2182 pradicet,

605 2169 815 2273 elidant
841 2189 941 2273 vhos
973 2173 1185 2273 (blattis:
1218 2192 1318 2273 vn,
1353 2175 1433 2248 6).
1466 2201 1508 2273 ἶ.
1528 2177 1600 2233 Et
1627 2177 1697 2234 ad
1716 2181 2041 2273 prophetam
2072 2186 2205 2243 Eze-
2313 2169 2499 2266 pravis
2527 2192 2785 2267 operibus
2818 2169 2989 2267 tegit';
3034 2169 3103 2252 ne
3141 2198 3334 2256 lumen
3364 2169 3580 2273 praebeat
3606 2169 3670 2256 eis
3692 2199 3758 2272 qui
3775 2169 3809 2252 in

604 2260 838 2319 chielem
861 2264 1141 2364 Dominus.
1160 2264 1427 2338 loquitur,
1453 2265 1642 2324 dicens
1654 2285 1673 2364 _:
1702 2270 1875 2328 «Ecce
1906 2289 2003 2345 ego
2023 2274 2202 2335 adhae-
2313 2260 2477 2339 domo
2507 2260 2654 2352 sunt,
2683 2284 2825 2341 sicut
2853 2260 2994 2343 dicit
3017 2296 3246 2345 sanctus
3275 2260 3569 2364 Grdgorius,
3586 2289 3689 2363 quia
3702 2260 3809 2360 bujm

604 2367 811 2410 rescere
854 2352 1053 2411 faciam
1103 2354 1347 2426 linguam
1394 2362 1547 2450 tuam
1583 2357 1763 2431 palato
1810 2367 1926 2430 tuo,
1959 2379 2061 2420 nec
2095 2366 2204 2423 eris
2313 2370 2427 2427 vita
2459 2370 2763 2445 despicitur
2792 2374 2897 2447 (8),
2931 2383 3100 2434 restat
3129 2386 3196 2434 ut
3223 2387 3278 2435 et
3310 2352 3809 2450 pracdicatio-ejuscbn-

602 2458 757 2515 quasi
813 2441 903 2499 vir
953 2442 1282 2517 objurgans;
1340 2444 1471 2519 quia
1514 2444 1712 2505 domus
1740 2465 2070 2524 exasperans
2116 2463 2198 2512 est
2312 2441 2608 2520 temnatur.
2663 2441 2808 2520 Duae
2840 2441 2967 2539 ergo
3015 2466 3181 2526 oliva:
3233 2479 3287 2527 et
3331 2471 3436 2527 duo
3478 2468 3742 2533 candelabra
3773 2464 3809 2519 in

603 2531 936 2635 (Ezecerrr,
968 2530 1082 2605 26).
1128 2557 1170 2634 s.
1192 2533 1647 2635 Hocqueatrium
1695 2538 1883 2596 datum
1928 2558 2044 2599 esse
2073 2560 2200 2616 gen-
2309 2560 2607 2626 conspectu
2634 2554 2861 2611 Domini
2892 2530 3036 2613 stare
3065 2556 3369 2628 dicuntur;
3401 2560 3520 2635 quia
3547 2561 3597 2616 in
3621 2530 3809 2626 tempe

600 2619 751 2679 illius
788 2620 1026 2724 άίθίῑιιξὲ
1078 2622 1213 2724 (ΙΠίῇ
1261 2624 1436 2682 Ῑαάεθί
1485 2634 1708 2724 ΡῙὈΡῘΘΓ
1755 2629 2198 2724 ίξὶοΐεῗάιιὶίῑὸῐρω
2309 2641 2423 2710 siti,
2446 2619 2596 2699 illud
2625 2650 2843 2716 tempus
2872 2646 3283 2719 praestolamur,
3312 2619 3653 2724 quo‘oﬂicium

600 2728 756 2771 suam
789 2712 1015 2788 paganis
1044 2712 1301 2806 gentibus
1326 2721 1481 2773 erant
1509 2715 1827 2790 conjuncti;
1860 2720 1978 2778 sive
2006 2723 2197 2782 traditi
2309 2730 2549 2789 cationis
2578 2749 2689 2788 suae
2718 2712 2993 2806 eiupleant,
3028 2744 3082 2792 et
3127 2712 3344 2796 mortis.
3371 2739 3595 2797 debitum
3635 2712 3803 2799 solvant,

490 2847 513 2865 .
597 2809 753 2860 erant
779 2804 1052 2877 gentibus,
1080 2801 1139 2859 id
1166 2811 1249 2861 est
1275 2804 1557 2876 Romanis,
1590 2814 1653 2864 ut
1682 2807 1751 2864 ab
1779 2810 1858 2867 eis
1886 2810 2200 2871 delerentur
2310 2820 2453 2878 sicut
2490 2822 2774 2896 sequentia
2791 2801 3184 2884 manifestam.

597 2901 761 2968 atque
790 2895 1419 2986 exterminarentur.th
1459 2896 1723 2954 civitatem
1767 2907 2004 2958 sanctam
2032 2906 2199 2961 ealca-
2383 2895 2577 2983 (Vers.
2603 2912 2685 2985 ὅ.)
2728 2914 2804 2969 Et
2849 2915 2897 2970 si
2950 2916 3069 2986 quis
3113 2919 3346 2976 voluerit
3393 2920 3465 2976 eis
3510 2932 3679 2983 nocere.
3718 2909 3807 2983 ίθπίθ

597 2983 727 3040 bunt
768 2983 1030 3040 mensibus
1077 2984 1437 3057 quadraginta
1486 2986 1705 3043 duobus.
1748 2988 1941 3047 Subito
1991 2994 2191 3052 saltum
2309 3000 2444 3056 exiet
2472 3001 2535 3056 de
2573 2983 2669 3057 ore
2696 3018 2897 3071 eorum,
2943 2983 2992 3059 et
3033 3005 3309 3065 devorabit
3345 3007 3564 3063 inimicos
3586 3004 3805 3062 eoruli

594 3072 730 3172 facit
757 3071 826 3172 ad
854 3072 1039 3175 Eliam
1085 3079 1247 3147 atque
1295 3074 1519 3182 Enoch,
1546 3076 1641 3149 qui
1668 3079 2010 3182 temporibus
2034 3083 2193 3140 Anti-
2235 3121 2277 3182 Ο
2308 3090 2358 3145 si
2400 3089 2517 3160 quis
2561 3091 2791 3169 voluerit
2831 3109 2915 3147 eos
2955 3094 3160 3165 tradere,
3212 3097 3285 3152 sic
3321 3103 3510 3170 oportet
3546 3111 3643 3151 eum
3677 3086 3802 3147 occidi.

593 3160 790 3220 cbristi
818 3162 1043 3220 venturi
1071 3170 1202 3221 sunt
1231 3180 1243 3221 :
1278 3172 1332 3223 et
1365 3163 1599 3238 pulchro
1627 3167 1762 3225 satis
1793 3169 2006 3242 ordine,
2039 3172 2192 3230 vide-
2235 3160 2277 3182 υ
2305 3177 2445 3247 Quia
2475 3178 2713 3252 Spiritus
2742 3160 2961 3239 sanctus
3005 3160 3258 3258 loquitur
3298 3160 3391 3261 per
3425 3202 3513 3245 ora
3550 3189 3801 3243 sanctorum,

592 3251 742 3321 licet,
771 3260 833 3310 ut
861 3251 958 3327 qui
985 3252 1302 3333 Iudaeorum
1330 3253 1696 3328 dejectionem
1713 3274 1811 3332 per
1828 3258 2058 3332 ﬁguram
2087 3262 2194 3320 atri
2307 3270 2450 3328 sicut
2476 3251 2749 3330 Dominus
2777 3273 2914 3331 dicit
2942 3274 3002 3332 in
3025 3251 3333 3353 Evangelio
3367 3298 3379 3337 :
3420 3303 3438 3329 ι
3463 3279 3570 3336 Non
3595 3274 3710 3332 enim
3740 3284 3801 3324 vos

592 3343 915 3416 protulerat,
967 3358 1157 3401 eorum
1204 3345 1661 3404 restaurationem
1713 3347 1875 3407 tacite
1910 3350 2194 3409 subnecte-
2304 3360 2459 3429 estis,
2510 3362 2606 3436 qui
2654 3364 2949 3437 loquimini
2995 3383 3007 3422 :
3054 3366 3149 3423 sed
3191 3343 3438 3442 VSpiritus
3481 3365 3636 3425 Patris
3670 3358 3799 3425 vestri,

590 3440 710 3503 ret;
742 3441 957 3492 constat
985 3433 1134 3492 enim
1163 3434 1383 3493 Iudaeos
1412 3435 1470 3492 in
1502 3436 1611 3494 ﬁne
1639 3437 1835 3494 mundi
1865 3455 1961 3511 per
1988 3441 2186 3512 praedi-
2304 3451 2400 3523 qui
2447 3433 2694 3525 loquitur
2728 3433 2798 3509 in
2850 3453 3009 3511 vobis
3054 3433 3272 3525 (Matth.
3313 3475 3367 3527 χ,
3413 3457 3530 3530 20);
3568 3479 3585 3504 ι
3626 3467 3714 3510 non
3739 3448 3801 3503 in.

589 3523 860 3599 cationem
917 3524 1056 3579 Elite
1109 3531 1163 3579 et
1209 3524 1405 3581 Enoch
1462 3525 1531 3581 ad
1586 3526 1756 3583 ﬁdem
1805 3527 2015 3586 Christi
2071 3546 2187 3588 esse
2305 3523 2547 3613 congrue
2596 3542 2765 3599 verba
2820 3523 3133 3601 sanctorum
3207 3523 3363 3620 ignis
3411 3523 3662 3611 vocantur,
3704 3538 3799 3596 sicut

590 3626 926 3667 reversuros.
977 3609 1276 3668 Civitatem
1314 3612 1500 3686 itaque
1548 3623 1815 3686 sanctam,
1846 3616 1903 3673 id
1952 3628 2055 3688 est,
2086 3621 2187 3678 Ec-
2304 3609 2594 3687 Psal'mista
2642 3631 2780 3689 dicit
2825 3632 2893 3689 de
2938 3634 3181 3691 Domino
3218 3609 3258 3693 ε’
3287 3662 3306 3685 ι
3334 3636 3556 3709 Ignitum
3596 3609 3798 3702 eloquium

589 3698 832 3769 clesiam,
861 3698 1239 3758 Antichristus
1268 3708 1322 3756 et
1352 3701 1592 3759 ministri
1620 3702 1743 3776 ejus
1788 3706 2098 3779 calcabunt,
2133 3710 2191 3768 id
2302 3727 2463 3776 tuum
2519 3720 2894 3792 vehementer,
2945 3730 3000 3779 et
3055 3740 3252 3782 servus
3320 3698 3444 3783 ιιῖιιε
3496 3698 3799 3781 dilexit-illud

589 3798 692 3873 est,
723 3796 1118 3864 persequentur
1141 3790 1424 3849 mensibus
1453 3793 1817 3870 quadraginta
1846 3797 2063 3856 duobus
2093 3799 2191 3874 qui
2305 3810 2482 3883 (Psal.
2517 3828 2713 3881 cxvm,
2748 3790 2899 3885 MO).
2928 3831 2958 3867 »
3000 3813 3151 3886 Ignis
3180 3816 3349 3889 igitur
3372 3815 3509 3873 exiet
3533 3813 3592 3870 de
3616 3824 3689 3867 ore
3708 3820 3797 3862 san-

586 3880 801 3940 faciunt
826 3888 938 3938 tres
963 3897 1136 3939 annos
1163 3890 1219 3940 et
1246 3883 1562 3944 dimidium.
2299 3880 2516 3959 gtorum
2573 3880 2829 3972 istorum,
2853 3880 2862 3885 '
2896 3914 2951 3961 et
3003 3880 3295 3963 devoraBit
3350 3905 3584 3963 inimicos
3629 3909 3794 3956 eorum;

658 3989 840 4062 (Vere.
872 3989 925 4060 3,
958 3988 1038 4063 4.)
1071 3992 1145 4049 Et
1169 3992 1304 4048 dabo
1336 3992 1539 4049 duobus
1570 3994 1781 4051 testibus
1798 3995 1948 4066 meis,
1980 4004 2029 4054 et
2044 4016 2189 4071 pro-
2298 3991 2427 4065 quia
2469 3992 2722 4049 doctrina
2762 4009 2953 4083 eorum
3003 3994 3083 4052 ita
3132 4012 3346 4054 errores
3397 3982 3795 4083 Antichristi'fle‘

578 4081 869 4153 phetabtmt
929 4082 1108 4139 diebus
1166 4083 1313 4140 mille
1366 4085 1598 4140 ducentis
1650 4088 1944 4160 sexaginta,
2008 4091 2181 4148 amicti

2295 4087 2491 4150 struet,
2540 4088 2604 4137 ut
2647 4081 2908 4139 omnibus
2956 4099 3142 4140 sanam
3196 4095 3430 4143 mentem
3482 4071 3793 4157 possidentibus

583 4170 765 4228 saccis.
797 4171 982 4228 Testes
1025 4170 1164 4228 duos
1190 4172 1463 4230 Dominus
1485 4173 1667 4230 Eliam
1698 4183 1751 4232 et
1779 4178 1972 4235 Enoch
2002 4192 2183 4254 vocat,

2294 4168 2439 4227 nihil
2494 4170 2791 4229 videantur
2841 4190 2978 4244 esse,
3032 4175 3183 4248 quod
3245 4190 3475 4234 asserere
3531 4168 3793 4260 continuumr

582 4260 680 4334 qui
734 4262 1034 4319 adventum
1084 4262 1203 4337 ejus
1267 4262 1572 4321 secundum
1627 4276 1982 4339 prmcurrent,
2038 4271 2184 4331 sicut
2294 4258 2672 4318 Antichristus
2698 4268 2752 4318 et
2778 4263 3020 4320 ministri
3049 4262 3194 4338 ejus.
3227 4265 3381 4336 Quod
3402 4270 3570 4321 autem
3595 4258 3790 4341 sequitur

583 4348 818 4407 Joannes
862 4352 1150 4424 praecurrit
1191 4352 1453 4427 primum.
1491 4355 1544 4412 Ii
1591 4363 1715 4412 sunt
1766 4358 1885 4415 dure
1928 4361 2103 4432 oliva,
2136 4371 2186 4421 et

2290 4351 2362 4407 Et
2401 4351 2448 4407 si
2492 4350 2611 4423 quis
2641 4352 2868 4409 voluerit
2911 4369 2996 4409 eos
3038 4354 3241 4426 taedere,
3271 4356 3344 4411 sic
3369 4356 3558 4427 oportet
3580 4360 3675 4405 eum
3707 4351 3789 4395 οοα·

583 4438 687 4495 duo
723 4440 1040 4499 candelabra
1094 4444 1153 4498 in
1200 4452 1479 4517 conspectu
1522 4446 1740 4503 Domini
1771 4455 1925 4507 terrae
1964 4459 2175 4514 stantes.
2206 4491 2254 4551 Β
2288 4440 2364 4510 di.
2390 4439 2462 4551 id
2487 4440 2736 4551 eandem
2766 4458 2883 4500 rem
2909 4444 3171 4516 pertinet
3478 4529 3501 4551 1
3565 4525 3607 4551 Γ

583 4525 740 4551 nu..-
776 4527 949 4551 ..1...-Δ
1014 4528 1117 4551 Δ..Α
1188 4532 1325 4551 μ-Α]
1388 4550 1391 4551 ,
1464 4550 1469 4551 ,
1692 4537 1708 4551 1
1748 4537 1763 4551 ι
1802 4538 1816 4551 ι
2366 4532 2382 4551 ι
2446 4545 2524 4551 -_-
2706 4531 2746 4551 τ]
2788 4531 2968 4551 ι-ι-.,ι
3060 4538 3304 4551 γιηινιρα
3364 4532 3465 4551 is“.
3509 4544 3554 4551 Α..
3592 4543 3604 4551 .

582 4525 745 4583 Oliva
772 4527 956 4585 oleum
1013 4528 1140 4611 fert,
1183 4532 1329 4604 quod
1376 4550 1542 4607 supra
1572 4537 1962 4597 candelabrum
1993 4552 2181 4614 postea

2206 4518 2254 4551 υ
2363 4529 2546 4601 (νει-ε.
2583 4528 2664 4602 6.)
2695 4531 2746 4586 Ii
2782 4531 2969 4587 habent
3009 4538 3310 4604 potestatem
3353 4518 3786 4588 οωυάοπάεεωιωι

580 4615 825 4688 ponitur,
848 4626 912 4675 ut
937 4606 1116 4677 luceat
1146 4620 1404 4679 omnibus
1425 4606 1520 4696 qui
1542 4625 1601 4681 in
1622 4626 1787 4684 domo
1807 4639 1937 4687 sunt
1960 4606 2175 4705 (illatth.

2262 4624 2344 4673 ~ut
2369 4635 2475 4674 non
2499 4619 2656 4690 pluat
2682 4619 2861 4677 diebus
2902 4621 3195 4693 prophetia:
3225 4638 3441 4687 eorum;

580 4720 637 4773 v,
660 4704 776 4776 15).
798 4704 900 4763 Per
920 4707 1103 4765 oleum
1138 4708 1198 4768 in
1235 4709 1341 4769 hoc
1363 4713 1484 4771 loco
1513 4715 1840 4788 sapientiam
1869 4720 2175 4794 spiritalem

2287 4710 2517 4764 testatem
2545 4724 2705 4781 super
2738 4726 2929 4781 aquas,
2960 4713 3292 4769 convertendi
3337 4728 3423 4768 eas
3464 4710 3517 4765 in
3539 4704 3784 4794 sanguine“:

579 4808 871 4866 possumus
915 4798 1196 4870 accipere;
1260 4784 1639 4879 unusquisque
1671 4806 1819 4865 enim
1862 4784 2014 4868 oliva
2043 4819 2176 4872 tunc

2284 4804 2333 4853 et
2354 4804 2624 4871 percutere
2656 4803 2856 4855 terram
2895 4802 3039 4857 omni
3075 4803 3240 4875 plaga
3282 4801 3646 4875 quotiescunque
3666 4784 3784 4879 00le

578 4889 680 4952 est,
703 4884 933 4982 quando
962 4886 1108 4987 apud
1139 4904 1199 4946 se
1227 4877 1535 4965 quiescens,
1554 4877 1662 4969 iper
1688 4901 2175 4973 contemplationis

2282 4888 2413 4944 rint.
2446 4887 2707 4961 Legimus
2746 4889 2928 4947 Eliam
2967 4893 3215 4950 oratione
3258 4892 3509 4981 clausisse
3539 4877 3783 4987 calami?i

578 4971 810 5044 gratiam
841 4975 957 5033 Deo
985 4975 1261 5040 deservire
1284 4982 1504 5053 studet;
1529 4987 1750 5059 quando
1771 4971 1928 5047 illud
1945 4991 2173 5066 implere
2283 4978 2483 5035 iterum
2512 4981 2793 5054 aperuisse
2827 4998 2839 5038 ε
2870 4981 2966 5039 sed
2994 4990 3047 5039 θε
3078 4984 3303 5059 Μογεθη
3340 4974 3497 5057 “quas
3534 4978 3586 5034 in
3615 4976 3783 5066 safqu

577 5061 784 5133 studet,
810 5065 959 5139 quod
982 5068 1253 5128 Dominus
1277 5070 1415 5131 dicit
1444 5073 1504 5130 in
1522 5057 1863 5151 Evangelio:
1910 5103 1930 5128 ι
1957 5057 2173 5140 Nesciet

2281 5081 2408 5123 nem
2450 5072 2810 5129 convertisse.
2858 5071 2981 5129 Non
3028 5057 3184 5147 ergo
3206 5072 3498 5148 putandum
3547 5071 3615 5121 est
3653 5057 3778 5151 Ellam

576 5152 800 5212 sinistra
825 5162 923 5213 tua
952 5157 1088 5232 quid
1115 5158 1282 5218 faciat
1326 5160 1553 5222 dextera
1580 5149 1706 5237 tua}
1741 5176 1803 5228 ut
1833 5169 1912 5229 sit
1942 5171 2172 5228 eleemo-
2281 5164 2553 5223 minorem
2612 5166 2877 5226 virtutem
2944 5167 3162 5238 habere,
3226 5186 3350 5227 cum
3405 5166 3468 5225 ad
3523 5149 3777 5243 “Pleni”?

576 5259 715 5319 syna
736 5251 834 5303 tua
861 5246 920 5304 in
949 5247 1276 5310 abscondito
1310 5268 1322 5309 :
1356 5261 1411 5312 et
1437 5255 1597 5314 Pater
1648 5266 1779 5317 tuus
1807 5262 1904 5335 qui
1932 5259 2087 5320 videt
2112 5262 2173 5321 in
2280 5255 2523 5314 Ofﬁcium
2574 5273 2688 5316 suae
2734 5257 3144 5332 Ρΐὶθάίθᾶῐίοιιίθ
3188 5259 3414 5328 veneriis
3457 5266 3601 5329 quam
3638 5238 3777 5302 habuit

646 5425 729 5525 (1)
757 5426 1827 5525 I‘taamssi,_rLti_siquodAubigaliiqet‘edita
1849 5439 2039 5525 legunt
2062 5442 2168 5515 oﬂi-
2278 5443 2510 5525 delibuta,
2530 5445 2764 5525 perbum,
2797 5454 2929 5525 etc._
3240 5516 3273 5525 η
3322 5514 3332 5525 ,
3448 5511 3476 5525 __
3544 5496 3774 5525 Lux“...

749 5497 925 5596 “Erg;
960 5495 1129 5596 liabet
1146 5495 1503 5596 .inyfterilum,
1557 5495 1701 5596 forte
1752 5495 2164 5596 minis‘ieriumi":
2280 5495 3078 5596 “'(vé)-Edit.,'sicuttsdriptum
3096 5525 3201 5596 est:
3230 5511 3509 5596 Cujusvita

570 5572 931 5661 pjugfutem
958 5573 1114 5661 locus
1143 5573 1201 5635 in
1383 5572 1693 5661 hocinon
1712 5590 1909 5661 exstat,
1941 5585 2169 5661 ambiunt
2277 5572 3214 5661 omnes‘vero'mssiliandfraudem
3242 5572 3419 5661 potius
3442 5593 3586 5657 quam
3600 5572 3768 5641 lapsum

570 5644 823 5709 uenerint,
852 5644 1065 5715 quando
1093 5648 1352 5722 omnibus,
1382 5650 1620 5710 videlicet
1657 5644 1907 5728 ﬁdelibus
1936 5644 2000 5713 et"
2026 5657 2166 5732 inﬁ-
2272 5644 2600 5737 restituunt.
