4060 6208
291 381 399 438 953

1176 370 1635 429 BERENGAUDI
1671 368 2046 427 EXPOSITIO
2083 368 2154 426 IN
2194 365 2695 424 APOCALYPSIN.

3470 324 3645 422 9541

290 521 355 563 eo
408 512 674 577 tempore,
717 517 827 576 quo
884 500 1027 557 inter
1073 498 1329 556 homines
1374 505 1731 556 conversatus
1772 504 1875 566 est,
1909 499 1955 560 A
1986 512 2194 569 magnae
2218 511 2447 568 corpora
2501 509 2691 550 eorum
2745 490 3082 565 projicienda
3133 507 3250 551 esse
3293 491 3573 563 dicuntur,

289 597 384 655 sed
413 595 703 669 potiorem.
751 594 1049 651 Possumus
1100 589 1263 646 etiam
1304 606 1399 663 per
1447 590 1647 649 oculum
1694 589 1879 647 Eccle-

289 686 446 753 siam,
479 700 575 758 per
604 683 848 756 pluviam
880 681 1048 737 verba
1075 687 1394 737 sanctorum
1429 678 1754 752 spiritaliter
1782 677 1881 734 in—

288 778 572 850 telligere;
626 774 905 832 clauditur
951 788 1188 845 namque
1240 771 1438 828 coelum
1497 769 1705 843 impiis,
1754 786 1880 826 cum

285 867 435 923 Deus
475 881 575 922 suo
616 863 830 938 judicio
879 862 1044 919 corda
1089 877 1281 919 eorum
1327 860 1403 916 ita
1433 858 1695 916 obdurari
1724 859 1880 929 sinit,

287 964 350 1013 ut
407 954 563 1012 nullo
608 953 771 1010 modo
819 951 990 1008 verbo
1044 951 1144 1008 Dei
1189 949 1403 1007 aditum
1462 948 1755 1006 accedendi
1812 948 1881 1006 ad

286 1058 384 1100 cor
422 1058 582 1098 suum
619 1041 903 1109 tribuant,
934 1047 995 1096 ut
1025 1040 1329 1096 salventur.
1359 1038 1498 1096 Nam
1528 1045 1583 1094 et
1617 1036 1882 1114 propheta

285 1130 457 1189 Isaias
492 1133 692 1189 coelum
729 1129 935 1188 Iudaeis
961 1129 1180 1205 clausit,
1209 1145 1334 1186 cum
1375 1128 1425 1184 ei
1463 1144 1494 1184 a
1531 1126 1769 1183 Domino
1799 1125 1879 1182 di-

286 1230 440 1281 ctum
489 1229 611 1280 est:
671 1244 691 1270 ι
744 1222 976 1279 Exczeca
1022 1237 1117 1279 cor
1163 1219 1354 1293 populi
1400 1218 1586 1292 hujus,
1622 1227 1676 1275 et
1719 1234 1881 1275 aures

287 1310 407 1383 ejus
442 1327 693 1384 aggrava,
748 1318 802 1366 et
854 1310 1042 1366 oculos
1084 1308 1203 1381 ejus
1245 1306 1469 1375 claude;
1502 1323 1571 1364 ne
1615 1307 1757 1364 forte
1785 1305 1882 1362 vi—

284 1399 453 1458 deant
481 1399 676 1468 oculis,
735 1406 789 1455 et
816 1397 1043 1456 auribus
1088 1397 1337 1469 audiant,
1372 1406 1426 1457 et
1453 1398 1616 1456 corde
1645 1414 1744 1454 suo
1781 1396 1881 1457 in-

282 1488 538 1563 telligant
570 1505 582 1544 :
634 1495 688 1544 et
734 1496 1148 1557 convertantur,
1192 1495 1246 1545 et
1285 1504 1470 1544 sanem
1502 1503 1593 1544 eos
1631 1488 1766 1558 (Isa.
1799 1503 1879 1556 vr,

283 1578 397 1651 10).
451 1603 470 1627 ι
514 1578 724 1638 Clausit
746 1584 801 1634 et
837 1578 1038 1636 coelum
1063 1577 1325 1635 Jeremias
1353 1575 1597 1634 inimicis
1626 1576 1742 1634 suis
1772 1576 1877 1648 (9),

277 1684 405 1725 cum
460 1666 678 1726 dicebat
725 1666 794 1723 ad
833 1667 1134 1725 Dominum
1167 1685 1180 1723 :
1235 1690 1253 1714 ι
1301 1666 1379 1723 Ne
1414 1665 1730 1740 propitieris
1761 1664 1882 1722 ini-

277 1760 487 1837 quitati
534 1776 746 1829 eorum,
808 1766 862 1816 et
918 1767 1202 1832 peccatum
1258 1775 1447 1816 eorum
1502 1776 1535 1815 a
1592 1757 1731 1815 facie
1785 1764 1885 1817 tua

1987 602 2278 660 possumus
2305 583 2631 657 simpliciter
2676 582 3002 655 intelligere,
3059 590 3122 639 ut
3166 582 3226 638 in
3255 597 3578 658 quacunque

1989 678 2184 751 platea,
2218 692 2337 750 quae
2366 675 2435 731 ad
2475 674 2568 748 jus
2622 672 2858 746 alicujus
2902 672 3119 745 reprobi
3165 673 3451 746 pertineat,
3479 671 3578 748 ja-

1989 774 2166 824 ceant.
2194 765 2299 823 Sed
2340 764 2537 821 melius
2591 763 2731 819 mihi
2761 762 3004 832 videtur,
3039 769 3103 819 ut
3131 762 3273 819 sicut
3303 779 3395 835 per
3425 762 3577 821 civi-

1989 864 2154 914 tatem
2186 872 2436 929 magnam
2489 871 2678 913 omnes
2734 853 2995 928 reprobos
3035 851 3422 927 intelligendos
3462 868 3577 912 esse

1989 946 2256 1016 diximus,
2288 948 2366 1006 ita
2393 954 2447 1007 et
2472 963 2570 1020 per
2601 947 2831 1020 plateam
2869 945 3036 1003 corda
3076 943 3435 1017 reproborum
3480 945 3580 1000 in-

1990 1037 2298 1108 telligamus
2356 1054 2369 1093 :
2419 1035 2682 1109 jacebunt
2732 1036 2917 1111 itaque
2972 1051 3203 1108 corpora
3262 1040 3577 1090 sanctorum

1989 1125 2048 1187 in
2086 1128 2265 1200 platea
2298 1126 2542 1183 civitatis
2569 1143 2778 1200 magnae
2804 1145 2818 1195 ;
2851 1126 2980 1200 quia
3020 1124 3195 1184 sancti
3226 1124 3346 1183 illic
3368 1123 3574 1198 jacent,

1987 1233 2021 1272 a
2069 1216 2268 1291 quibus
2310 1216 2521 1275 nullius
2572 1232 2687 1274 esse
2741 1216 3007 1273 m‘omenti
3062 1214 3498 1274 existimantur:
3550 1231 3582 1274 θ

1988 1305 2266 1364 contrario
2318 1304 2575 1366 ﬁdelibus
2629 1313 2795 1374 stant,
2853 1304 2949 1382 qui
2996 1312 3201 1380 quanta
3256 1301 3330 1360 sit
3386 1318 3578 1361 eorum

1988 1394 2167 1453 virtus
2194 1404 2356 1471 atque
2385 1396 2579 1470 gloria,
2619 1396 2800 1454 cordis
2820 1394 2997 1454 oculis
3029 1394 3339 1451 intuentur.
3369 1391 3580 1454 Civitas

1989 1505 2121 1545 vero
2166 1488 2374 1546 diaboli
2415 1505 2527 1546 non
2558 1488 3013 1547 inconvenienter
3050 1485 3287 1543 Sodoma
3315 1492 3370 1543 et
3395 1484 3581 1559 Egy-

1990 1588 2116 1652 ptus
2144 1578 2496 1648 nominatur;
2551 1596 2616 1636 eo
2672 1579 2820 1657 quod
2877 1579 3115 1637 Sodoma
3142 1576 3380 1645 caecitas,
3408 1575 3581 1650 Egy-

1990 1677 2116 1742 ptus
2145 1667 2381 1725 tenebrae
2409 1667 2858 1741 interpretentur.
2891 1667 3028 1737 Quis
3075 1667 3223 1724 enim
3250 1665 3582 1724 deteriorem

1990 1763 2291 1822 caecitatem
2333 1770 2495 1837 atque
2525 1762 2775 1821 tenebras
2804 1763 3031 1837 patitur,
3062 1779 3225 1837 quam
3276 1762 3457 1836 impii,
3485 1759 3581 1836 qui

276 1868 388 1909 non
436 1851 703 1909 deleatur.
752 1848 915 1907 Fiant
958 1856 1276 1907 corruentes
1322 1849 1381 1905 in
1410 1855 1707 1923 conspectu
1735 1854 1832 1903 tuo
1862 1864 1874 1904 :
1909 1869 1954 1929 B
1992 1852 2264 1927 prmipiti
2293 1851 2484 1925 gradu,
2513 1858 2577 1908 ut
2601 1851 2658 1908 in
2677 1852 2919 1910 cloacam
2939 1852 3143 1909 inferni
3171 1852 3578 1924 demergantur,

274 1940 335 2001 in
384 1949 642 2014 tempore
670 1938 1009 1996 visitationis
1037 1945 1146 1995 tua:
1174 1938 1436 2011 peribunt
1467 1938 1683 2011 (Jerem.
1713 1953 1877 2005 xvnr,

273 2026 393 2098 23).
457 2050 476 2073 ι
532 2025 814 2100 Numquid
867 2026 1083 2100 Moyses
1120 2042 1232 2082 non
1281 2026 1516 2083 habebat
1555 2033 1878 2098 potestatem

274 2113 583 2172 claudendi
624 2116 824 2172 coelum
873 2122 928 2172 et
968 2116 1271 2189 aperiendi,
1313 2117 1402 2175 cui
1432 2116 1650 2175 dicebat
1678 2116 1883 2174 Domi-

278 2224 406 2280 nus,
466 2224 594 2265 cum
646 2208 882 2281 populus
931 2217 1249 2282 peccasset:
1320 2233 1339 2259 ‹
1391 2211 1622 2268 Dimitte
1666 2228 1775 2279 me,
1820 2219 1883 2269 ut

281 2297 557 2356 irascatur
605 2298 761 2355 furor
804 2315 959 2355 meus
1011 2309 1201 2358 contra
1256 2317 1370 2371 eos,
1404 2310 1457 2359 et
1505 2301 1717 2360 deleam
1765 2319 1877 2373 eos,

283 2388 594 2464 faciamque
648 2396 702 2446 te
760 2389 819 2445 in
870 2398 1084 2463 gentem
1141 2405 1391 2462 magnam
1435 2391 1637 2462 (Exod.
1694 2408 1877 2461 xxxu,

285 2480 375 2554 10)
426 2480 457 2539 ‘I
510 2504 529 2529 ι
602 2480 789 2540 Sancti
846 2480 1032 2554 itaque
1084 2481 1169 2537 illi
1225 2481 1557 2555 quibusdam
1620 2483 1882 2541 claudent

282 2572 510 2642 oculum,
558 2578 620 2630 ut
666 2588 778 2630 non
813 2572 1107 2631 descendat
1143 2588 1308 2645 super
1346 2589 1438 2629 eos
1466 2573 1645 2630 imber
1670 2574 1882 2630 miseri-

283 2661 490 2721 cordiae
538 2661 661 2731 Dei,
694 2661 772 2719 eis
820 2662 1101 2733 videlicet,
1150 2680 1288 2738 quos
1317 2663 1385 2723 ab
1415 2665 1694 2723 erroribus
1722 2664 1879 2724 Anti-

283 2750 485 2810 christi
534 2769 789 2811 revocare
835 2769 947 2810 non
994 2754 1276 2827 potuerint
1327 2771 1339 2811 :
1381 2755 1709 2829 quibusdam
1750 2773 1882 2815 vero

283 2843 559 2916 aperient,
609 2843 688 2900 eis
729 2843 989 2903 videlicet
1016 2861 1154 2918 quos
1191 2845 1260 2902 ab
1293 2845 1572 2904 erroribus
1599 2845 1881 2904 Antichri-

288 2933 361 2990 sti
415 2933 842 3002 revocaverint;
904 2934 1248 3009 imbremque
1304 2951 1469 3009 super
1520 2951 1612 2992 eos
1668 2936 1878 3008 pluent,

286 3021 507 3094 quando
553 3021 668 3079 suis
730 3022 986 3096 precibus
1032 3025 1209 3080 Deum
1251 3023 1365 3081 illis
1413 3023 1714 3098 propitium
1770 3023 1879 3081 eﬂi-

288 3109 459 3169 cient.
517 3111 621 3170 Per
665 3127 831 3186 aquas
878 3129 1012 3187 quas
1069 3112 1126 3169 in
1181 3113 1504 3185 sanguinem
1560 3121 1881 3171 convertere

286 3197 589 3300 dicuntur,
621 3202 812 3297 populi
843 3201 1217 3300 designantur
1248 3220 1261 3258 :
1303 3202 1524 3300 sanguis
1566 3211 1755 3300 autem
1784 3204 1882 3260 ul—
1912 3239 1956 3300 Ο

285 3286 495 3344 tionem
536 3287 785 3344 divinam
828 3287 1185 3346 demonstrat.
1228 3292 1414 3363 Aquas
1453 3290 1624 3364 igitur
1660 3291 1719 3348 in
1748 3308 1877 3349 san-

285 3375 511 3450 guinem
540 3385 884 3448 convertant,
908 3379 1127 3452 quando
1155 3388 1341 3453 gentes
1361 3397 1482 3455 qum
1502 3382 1652 3440 aﬁde
1670 3382 1880 3442 Christi

285 3463 643 3522 discesserint
670 3510 686 3537 ,
724 3476 984 3541 perpetua
1026 3476 1202 3526 morte
1242 3486 1358 3527 esse
1402 3470 1741 3529 damnandas
1777 3489 1878 3531 suo

276 3550 496 3629 judicio
522 3554 835 3615 decernent.

358 3651 541 3723 (Vers.
575 3654 666 3727 7.)
698 3656 770 3712 Et
796 3672 913 3711 cum
947 3656 1185 3729 ﬁnierint
1213 3657 1560 3717 testimonium
1588 3676 1763 3733 suum,
1800 3661 1877 3717 be-

282 3739 387 3797 stia
415 3759 534 3812 qua:
562 3744 795 3799 ascendit
822 3745 883 3800 de
901 3745 1105 3816 abysso,
1137 3745 1297 3817 faciet
1338 3755 1522 3806 contra
1551 3766 1633 3805 eos
1663 3750 1873 3819 bellum,

282 3839 330 3889 et
364 3835 531 3892 vincet
575 3836 716 3905 illos,
768 3845 815 3893 et
859 3838 1051 3895 occidet
1097 3857 1201 3898 eos.
1238 3840 1419 3898 Bestia
1448 3841 1566 3901 haec
1596 3843 1875 3902 Antichri-

281 3930 425 3979 stum
456 3925 750 3997 signiﬁcat.
777 3928 959 3985 Faciet
974 3936 1157 3987 contra
1183 3948 1266 3987 eos
1292 3932 1504 4001 bellum,
1538 3933 1759 4007 quando
1785 3950 1878 3990 eos

278 4022 655 4088 persequetur:
688 4016 854 4074 vincet
870 4034 999 4075 vero
1036 4019 1159 4076 illos
1187 4035 1302 4077 non
1330 4022 1644 4094 superando
1661 4023 1869 4094 verbis,

280 4100 374 4157 sed
406 4102 815 4162 interﬁciendo.

350 4192 538 4263 (Vers.
574 4192 656 4265 8.)
689 4192 843 4252 Unde
899 4203 954 4252 et
997 4196 1246 4271 sequitur
1280 4216 1291 4255 :
1337 4200 1412 4256 Et
1456 4200 1647 4256 occidet
1693 4218 1799 4271 eos,
1830 4207 1878 4257 et

267 4277 523 4348 jacebunt
558 4299 782 4358 corpora
819 4303 1000 4341 eorum
1048 4286 1108 4341 in
1154 4289 1336 4359 platea
1374 4290 1603 4346 civitatis
1648 4309 1872 4364 magnw,

275 4385 389 4439 qua:
414 4380 642 4429 vocatur
673 4374 991 4447 spiritaliter
1026 4375 1256 4433 Sodoma
1289 4382 1337 4433 et
1363 4379 1629 4451 ngyptus
1660 4399 1682 4447 ;
1712 4381 1802 4436 ubi
1829 4387 1878 4437 et

273 4457 539 4519 Dominus
596 4480 777 4520 eorum
851 4465 1140 4539 crucifixus
1196 4472 1287 4524 est.
1343 4467 1401 4525 Si
1445 4485 1540 4541 per
1591 4470 1874 4548 civitatem

274 4564 534 4664 magnam
594 4554 894 4612 Jerusalem
961 4563 1274 4614 terrestrem
1330 4557 1669 4617 voluerimus
1715 4560 1873 4620 intel-
1912 4604 1961 4664 Β
1986 4565 2171 4624 minus
2216 4568 2481 4643 loquitur,
2541 4568 2731 4626 dicens

299 4636 433 4664 :._-__
502 4651 721 4664 __-_._,
765 4643 860 4664 L_,
927 4645 1061 4664 -,A__j
1136 4647 1177 4664 ιι
1220 4647 1254 4664 ο.
1368 4650 1428 4664 νη
1454 4651 1463 4660 -
1553 4656 1563 4664 .
1628 4652 1666 4664 η
1766 4653 1776 4662 ι
1985 4656 2042 4664 κ.
2134 4656 2145 4664 .
2231 4659 2242 4664 -
2378 4659 2389 4664 -
2542 4659 2552 4664 -
2644 4659 2654 4664 -

1991 1942 2135 1999 mala
2163 1941 2438 2015 operando
2469 1958 2755 2016 properare
2781 1959 2893 1999 non
2929 1940 3256 1998 desistunt?
3309 1941 3373 1998 In
3402 1940 3581 2015 platea

1991 2049 2123 2089 vero
2150 2033 2396 2090 civitatis
2428 2049 2659 2107 magnae,
2708 2033 2805 2090 ubi
2840 2032 3110 2090 Dominus
3149 2030 3451 2090 cruciﬁxus
3477 2038 3579 2105 est,

1989 2138 2219 2196 corpora
2256 2130 2567 2180 sanctorum
2615 2122 2955 2196 projicienda
2984 2140 3101 2180 esse
3146 2120 3534 2180 describuntur
3564 2137 3579 2188 ;

1989 2209 2119 2282 quia
2133 2210 2276 2268 sicut
2303 2227 2335 2266 a
2354 2211 2615 2269 membris
2636 2211 2843 2269 diaboli
2871 2212 3124 2271 Christus
3151 2210 3452 2271 cruciﬁxus
3479 2216 3581 2283 est,

1989 2299 2068 2357 ita
2093 2299 2161 2357 ab
2189 2299 2394 2358 eisdem
2425 2300 2466 2357 ii
2504 2300 2615 2359 duo
2642 2301 2919 2376 prophetae
2950 2301 3290 2360 occidantur.

2063 2399 2248 2471 (Vers.
2275 2399 2450 2473 9-12.)
2490 2402 2568 2458 Et
2610 2400 2857 2461 videbunt
2896 2400 2958 2461 de
2978 2401 3215 2474 populis,
3246 2407 3295 2458 et
3321 2400 3580 2471 tribubus,

1990 2497 2038 2547 et
2067 2490 2284 2564 linguis,
2312 2499 2361 2548 et
2385 2493 2620 2566 gentibus
2648 2510 2874 2566 corpora
2902 2510 3084 2550 eorum
3119 2510 3220 2567 per
3249 2500 3352 2552 tres
3379 2494 3491 2551 dies
3536 2499 3586 2552 et

1990 2579 2288 2651 dimidium,
2317 2589 2366 2641 et
2390 2599 2619 2656 corpora
2646 2599 2829 2639 eorum
2864 2599 2973 2639 non
2999 2582 3170 2638 sinent
3200 2583 3331 2654 poni
3357 2582 3415 2639 in
3460 2597 3583 2637 mo-

1988 2670 2296 2727 numentis:
2345 2677 2395 2726 et
2439 2671 2786 2728 inhabitantes
2842 2677 3041 2728 terram
3089 2671 3388 2744 gaudebunt
3426 2686 3586 2741 super

1991 2775 2095 2829 eos,
2124 2765 2175 2815 et
2217 2758 2682 2829 jucundabuntur,
2733 2766 2781 2816 et
2837 2776 3059 2818 munera
3098 2761 3302 2816 mittent
3327 2759 3579 2828 inuicem;

1990 2848 2242 2920 quoniam
2286 2849 2329 2904 ii
2357 2850 2461 2906 duo
2484 2852 2755 2923 prophetes
2782 2850 3154 2908 cruciaverunt
3198 2866 3283 2906 eos
3310 2852 3403 2923 qui
3437 2849 3583 2909 habi~

1993 2939 2174 2996 tabant
2199 2945 2416 2998 terram.
2447 2943 2521 2999 Et
2558 2948 2684 3015 post
2722 2942 2833 2998 dies
2865 2948 2969 2999 tres
2996 2948 3047 2999 et
3081 2941 3359 3000 dimidium
3405 2943 3582 3016 spiri-

1992 3037 2075 3087 tus
2101 3032 2221 3087 vita:
2248 3050 2283 3089 a
2310 3033 2418 3091 Deo
2448 3033 2671 3090 intravit
2704 3034 2762 3091 in
2790 3051 2874 3091 eos
2906 3052 2918 3091 :
2955 3040 3003 3090 et
3026 3040 3276 3092 steterunt
3301 3052 3460 3108 super
3492 3052 3581 3109 pe-

1989 3120 2077 3177 des
2131 3139 2275 3192 suos,
2331 3129 2380 3178 et
2423 3122 2580 3179 timor
2607 3140 2830 3196 magnus
2875 3124 3056 3181 cecidit
3104 3141 3263 3197 super
3289 3142 3464 3182 omnes
3491 3124 3585 3199 qui

1991 3212 2237 3269 vide-runt
2262 3229 2366 3269 eos.
2423 3214 2498 3270 Et
2535 3215 2823 3271 audierunt
2863 3232 3037 3273 vocem
3088 3233 3334 3296 magnam
3368 3217 3431 3273 de
3457 3219 3582 3276 cwlo

1988 3302 2237 3359 dicentem
2286 3303 2399 3360 illis
2436 3320 2449 3361 :
2510 3302 2785 3362 Ascendite
2842 3307 2960 3362 huc.
3001 3308 3074 3367 Et
3128 3308 3474 3364 ascenderunt
3524 3307 3585 3364 in

1987 3394 2171 3449 cretum
2196 3392 2255 3448 in
2290 3392 2443 3460 nube,
2476 3398 2523 3448 et
2567 3393 2812 3452 viderunt
2854 3396 2979 3451 illos
3006 3395 3209 3452 inimici
3236 3413 3438 3452 eorum.
3466 3396 3583 3455 Hoc

1986 3480 2033 3540 si
2062 3480 2365 3542 secundum
2397 3482 2685 3541 historiam
2728 3485 3042 3558 impleatur,
3096 3483 3418 3542 hominibus
3462 3484 3580 3558 qui-

1987 3570 2110 3628 dem
2165 3572 2531 3646 incognitum,
2587 3576 2701 3633 Deo
2758 3584 2942 3632 autem
3004 3582 3136 3633 nota
3193 3583 3325 3632 sunt
3371 3573 3578 3632 omnia.

1988 3661 2285 3719 Possumus
2333 3672 2517 3720 autem
2563 3672 2618 3721 et
2672 3680 2773 3721 nos
2824 3665 2955 3722 huic
3000 3663 3247 3722 historiae
3276 3663 3581 3738 spiritalem

1986 3749 2407 3823 intelligentiam
2436 3752 2776 3826 adjuugere:
2825 3755 2919 3812 sed
2962 3755 3311 3814 temerarium
3362 3753 3583 3811 videtur

1986 3839 2138 3897 illam
2172 3840 2482 3911 historiam,
2515 3860 2679 3918 quam
2710 3851 2857 3909 545
2888 3846 3272 3919 intelligimus,
3305 3832 3585 3918 spiritali-

1983 3940 2088 3998 bus
2111 3943 2362 4001 sensibus
2390 3945 2532 4001 velle
2561 3944 2846 4002 adoruare.
2878 3945 3096 4003 Nullam
3124 3944 3326 4018 quippe
3353 3942 3581 4001 domum

1985 4039 2141 4087 extra
2195 4031 2380 4104 positi,
2440 4032 2672 4091 interius
2741 4050 2937 4091 ornare
2988 4034 3236 4090 valemus
3281 4049 3295 4088 :
3361 4028 3459 4087 sed
3513 4044 3584 4085 ne

1984 4119 2212 4176 omnino
2240 4120 2473 4179 tacuisse
2504 4122 2811 4192 videamur,
2842 4138 3013 4196 pauca
3059 4121 3333 4181 dicamus.
3385 4118 3582 4177 Possu-

1985 4225 2108 4265 mus
2141 4226 2237 4283 per
2263 4218 2374 4268 tres
2428 4210 2547 4269 dies
2594 4219 2649 4268 et
2700 4211 3001 4269 dimidium
3039 4217 3149 4266 tres
3178 4224 3353 4266 annos
3395 4216 3452 4265 et
3487 4224 3583 4266 se-

1984 4298 2091 4354 mis
2118 4298 2444 4372 intelligere,
2488 4299 2688 4374 quibus
2724 4300 2766 4356 ii
2822 4301 2933 4358 duo
2980 4297 3260 4373 propheta
3308 4296 3582 4371 praedica-

1985 4387 2097 4443 turi
2126 4395 2256 4445 sunt
2287 4406 2299 4444 :
2352 4405 2449 4461 per
2493 4396 2849 4447 monumenta
2889 4404 3022 4447 vero
3061 4396 3273 4445 mentes
3324 4386 3580 4461 reprobo-

1982 4492 2107 4533 rum
2137 4477 2443 4551 intelligere
2476 4495 2784 4553 possumus.
2826 4480 2905 4536 De
2947 4477 3019 4536 iis
3059 4477 3435 4535 monumentis
3473 4479 3579 4535 Do.

2779 4586 2792 4626 :
2868 4567 2898 4618 ι’
2934 4569 3031 4627 Va)
3087 4566 3261 4637 vobis,
3292 4567 3497 4627 Scriba:
3525 4575 3581 4629 et

272 4636 440 4713 ligere
501 4651 723 4717 propter
764 4643 870 4705 hoc
918 4645 1066 4720 quod
1122 4647 1261 4706 dicit
1295 4666 1308 4705 :
1366 4650 1463 4707 Ubi
1516 4656 1565 4706 et
1616 4652 1877 4710 Dominus
1915 4636 1960 4664 υ
1984 4656 2266 4727 Pharisaei,
2286 4636 2426 4733 quia
2453 4636 2584 4717 estis
2612 4659 2755 4717 sicut
2781 4659 3032 4732 sepulcra
3075 4657 3348 4728 dealbata,
3394 4674 3517 4732 quae
3545 4675 3578 4717 a

274 4744 457 4789 eorum
508 4735 794 4807 cruciﬁxus
840 4743 931 4806 est,
976 4753 1007 4794 a
1044 4738 1275 4796 veritate
1318 4739 1695 4801 aberrabimus
1727 4744 1866 4818 (10);

275 4832 341 4875 eo
381 4822 535 4896 quod
572 4822 670 4881 illa
696 4825 996 4887 Jerusalem
1037 4843 1210 4902 usque
1253 4829 1324 4886 ad
1370 4830 1549 4889 solum
1595 4832 1873 4891 destructa

275 4906 365 4978 sit,
418 4919 477 4968 et
520 4912 625 4970 ista
673 4931 793 4988 quae
841 4932 940 4987 pro
987 4932 1050 4972 ea
1095 4918 1364 4976 aediﬁcata
1408 4929 1510 4990 est,
1546 4939 1658 4980 non
1705 4923 1765 4980 in
1807 4939 1872 4980 eo

278 4995 416 5070 loco,
448 5007 547 5058 sed
594 5002 653 5059 in
698 5004 809 5060 alio
850 5005 957 5061 sita
989 5021 1104 5064 esse
1132 5006 1349 5065 dicatur
1381 5029 1393 5067 :
1427 5028 1603 5085 neque
1633 5012 1872 5069 Sodoma

277 5092 331 5140 et
354 5088 633 5163 ngyptus
678 5091 913 5149 dicenda
956 5101 1057 5163 est,
1088 5111 1153 5151 eo
1182 5097 1330 5170 quod
1354 5115 1387 5155 a
1415 5099 1744 5158 Christianis
1774 5101 1872 5157 in-

277 5178 509 5264 colatur.
560 5182 844 5256 Simulque
890 5185 1352 5244 considerandum
1396 5190 1526 5262 quia
1554 5191 1870 5264 ubicunque

278 5260 335 5319 in
389 5267 496 5328 hoc
548 5270 691 5328 libro
728 5271 926 5330 civitas
985 5290 1180 5347 magna
1224 5260 1473 5350 ponitur,
1529 5260 1868 5354 Babylonem

280 5367 397 5426 quae
442 5368 525 5418 est
562 5359 759 5419 civitas
808 5361 1037 5433 diaboli,
1086 5373 1141 5422 et
1187 5381 1258 5423 ex
1310 5367 1569 5427 omnibus
1624 5370 1871 5445 reprobis

281 5456 512 5521 constat,
551 5450 843 5524 signiﬁcat.
894 5452 1052 5522 Quod
1093 5464 1276 5514 autem
1309 5457 1368 5515 in
1396 5459 1574 5533 platea
1626 5461 1871 5520 civitatis

351 5649 431 5741 φ)
462 5656 664 5741 omnes
702 5658 884 5741 _edit.,_
917 5663 1180 5741 Ieremias
1230 5669 1414 5727 amicis
1468 5672 1626 5740 suis;
1674 5689 1870 5735 omnes

285 5730 410 5780 mss.
441 5730 657 5804 melius,
687 5730 947 5791 lemnius
975 5736 1207 5796 inimicis
1233 5742 1364 5800 suis.

1981 4748 2117 4805 foris
2149 4750 2373 4824 quidem
2401 4753 2664 4810 videntur
2707 4751 2962 4822 candida,
3010 4749 3343 4809 intrinsecus
3387 4757 3575 4809 autem

1981 4839 2143 4910 plena
2187 4849 2316 4897 sunt
2355 4841 2508 4898 omni
2552 4841 2907 4899 immunditia
2960 4848 3015 4898 et
3060 4840 3275 4899 ossibus
3330 4848 3572 4897 mortuo-

1982 4949 2105 4989 rum
2138 4933 2351 5007 (Matth.
2381 4952 2546 5004 xxur,
2577 4937 2693 5008 27).
2725 4962 2745 4986 ι
2787 4936 2877 4994 Sic
2900 4944 2954 4993 et
2998 4953 3097 4994 vos
3123 4952 3155 4993 a
3183 4935 3319 4994 foris
3347 4934 3574 5011 quidem

1983 5023 2182 5093 patetis
2211 5023 2531 5080 hominibus
2558 5024 2719 5097 justi,
2744 5025 2895 5082 intus
2923 5033 3106 5083 autem
3135 5026 3285 5100 pleni
3315 5026 3448 5084 estis
3481 5041 3579 5082 ra-

1982 5113 2111 5184 pina
2156 5121 2212 5171 et
2252 5114 2564 5188 iniquitate.
2612 5117 2676 5174 In
2721 5117 3098 5174 monumentis
3145 5117 3314 5191 igitur
3357 5115 3576 5188 reprobi

1980 5218 2211 5276 corpora
2237 5211 2551 5261 sanctorum
2600 5222 2711 5262 non
2757 5206 2942 5263 sinent
2988 5207 3148 5280 poni;
3193 5206 3324 5280 quia
3375 5205 3574 5263 doctriv

1981 5306 2110 5348 nam
2138 5291 2363 5349 illorum
2391 5310 2424 5350 a
2442 5294 2719 5353 mentibus
2742 5295 2858 5354 suis
2884 5294 3169 5368 abjicient.
3201 5294 3361 5363 Quod
3390 5300 3573 5356 autem

1981 5389 2104 5457 post
2130 5382 2249 5441 dies
2277 5392 2389 5441 tres
2415 5394 2471 5443 et
2494 5385 2791 5444 dimidium
2819 5387 3049 5461 spiritus
3078 5386 3208 5443 vitae
3251 5400 3286 5440 a
3324 5386 3438 5442 Deo
3474 5383 3573 5441 ἱει-

1981 5479 2123 5530 trare
2158 5473 2220 5531 in
2275 5489 2369 5532 eos
2419 5474 2647 5546 dicitur,
2694 5484 2750 5534 et
2803 5483 2946 5534 stare
2993 5491 3157 5550 super
3203 5473 3368 5548 pedes
3419 5490 3570 5544 suos,

2054 5677 2283 5754 (£0)_I_ta
2320 5697 2487 5754 mss.;
2516 5690 2572 5740 at
2588 5680 2722 5740 edit.
2755 5698 2786 5739 θ
2812 5681 3111 5754 contrario,
3143 5701 3178 5740 a
3206 5682 3429 5744 veritate
3460 5700 3566 5744 non

1979 5748 2363 5809 aberrabimus.
2398 5753 2583 5813 Minus
2602 5752 2908 5813 commode.
