4026 6172
496 289 602 348 9'55

1516 286 1611 364 AD
1651 283 1883 339 OPERA
1922 282 1976 338 S.
2018 281 2347 338 AMBROSII
2389 281 2768 340 APPENDIX.

3695 288 3798 344 956

496 413 912 471 resurrectionis
980 418 1195 480 tempus
1268 408 1513 480 accipere
1579 423 1890 478 possumus,
1944 407 2088 478 quod
2119 410 2164 468 A
2199 407 2341 462 rium
2395 415 2763 463 commutatus
2810 415 2938 473 est;
2990 407 3119 479 quia
3169 407 3345 462 Judaei
3389 407 3795 466 observationes

495 513 617 577 post
642 505 749 560 tria
783 511 1023 574 tempora
1052 508 1105 554 et
1134 498 1451 565 dimidium,
1475 497 1729 570 quamvis
1752 514 1860 552 non
1873 498 2086 565 Statim,

497 594 554 649 in
584 592 838 666 proximo
871 599 1052 645 tamen
1083 588 1196 643 ﬁet.
1233 586 1467 643 Stabunt
1497 587 1697 660 quippe
1737 603 1899 659 super
1928 586 2091 658 pedes

496 701 643 751 suos,
677 679 897 756 quando
946 687 1068 752 post
1126 679 1541 734 resurrectionis
1601 687 1834 750 tempus,
1891 686 2093 749 quanta

500 773 571 830 sit
655 787 845 826 eorum
904 769 1084 825 virtus
1131 776 1293 841 atque
1349 767 1776 840 magniﬁcentia,
1833 767 2092 822 omnibus

494 861 680 933 impiis
738 859 1200 916 manifestabitur.
1258 860 1447 916 Timor
1495 876 1626 915 vero
1681 875 1908 930 magnus
1938 857 2094 913 cadet

493 968 655 1024 super
685 950 944 1008 inimicos
981 966 1196 1016 eorum,
1237 967 1361 1005 cum
1410 949 1652 1005 viderint
1687 965 1820 1014 eos;
1870 949 1997 1020 quia
2035 948 2094 1003 in

492 1041 580 1096 die
606 1040 807 1112 judicii
861 1057 985 1096 cum
1021 1039 1261 1094 viderint
1317 1057 1428 1108 eos,
1475 1039 1813 1110 gloriamque
1844 1037 2092 1106 illorum,

497 1130 868 1187 turbabuntur
903 1130 1100 1185 timore
1144 1129 1422 1196 horribili,
1471 1129 1755 1185 dicentes:
1805 1151 1822 1173 ε
1872 1129 1915 1182 Ii
1969 1135 2097 1182 sunt

499 1238 638 1296 quos
684 1220 982 1294 aliquando
1032 1219 1327 1274 habuimus
1354 1219 1410 1273 in
1441 1219 1706 1283 derisum,
1738 1225 1791 1273 et
1824 1218 1880 1272 in
1904 1217 2097 1272 simili-

497 1311 748 1368 tudinem
782 1309 1122 1382 improperii.
1182 1310 1292 1364 Nos
1348 1308 1607 1363 insensati
1666 1308 1835 1362 vitam
1873 1307 2097 1361 illorum

496 1400 910 1457 aestimabamus
944 1398 1234 1466 insaniam,
1267 1407 1319 1454 et
1349 1398 1511 1453 ﬁnem
1561 1397 1784 1453 illorum
1823 1397 1942 1452 sine
1986 1397 2098 1452 ho-

494 1511 649 1552 nore.
683 1493 974 1561 Quomodo
1004 1490 1312 1564 computati
1354 1499 1483 1546 sunt
1527 1490 1672 1544 inter
1711 1488 1857 1546 ﬁlios
1894 1488 2015 1556 Dei,
2045 1495 2098 1542 et

497 1584 644 1640 inter
695 1591 914 1639 sanctos
957 1599 1074 1638 sors
1103 1581 1325 1637 illorum
1355 1587 1436 1636 est
1469 1581 1620 1650 (Sap.
1671 1595 1730 1645 v,
1779 1577 1939 1646 3-5)?
1967 1600 1984 1623 ι
2028 1577 2100 1633 Et

496 1676 625 1749 quia
653 1674 954 1732 Malachias
983 1671 1250 1746 propheta
1281 1688 1350 1727 ex
1392 1685 1622 1742 persona
1660 1668 1884 1724 Domini
1926 1667 2097 1739 loqui-

2200 497 2395 568 legales
2425 506 2764 568 respuentes,
2793 497 3101 554 doctrinam
3134 498 3422 569 Evangelii
3449 500 3749 572 suscipient
3781 521 3792 557 :

2199 607 2318 663 quae
2353 598 2576 662 propter
2623 598 2829 662 septem
2865 589 3010 644 dona
3039 590 3280 662 Spiritus
3310 592 3482 646 sancti
3506 607 3601 662 per
3628 600 3800 664 septe-

2201 680 2416 734 narium
2450 696 2739 734 numerum
2775 680 3155 750 designantur.
3184 680 3397 752 Septem
3447 697 3574 751 ergo
3627 681 3802 736 millia

2203 776 2419 823 mortua
2464 785 2580 824 esse
2627 768 3052 837 describuntur;
3085 770 3215 842 quia
3247 771 3550 826 morientur
3578 770 3802 826 diabolo

2203 867 2264 914 ut
2296 860 2486 913 vivant
2538 861 2692 914 Deo:
2751 858 2950 930 reliqui
2993 876 3124 914 vero
3178 860 3271 932 qui
3320 860 3378 914 in
3426 860 3621 915 timore
3672 869 3808 916 sunt

2205 947 2380 1016 missi,
2417 949 2620 1004 electos
2650 957 2875 1004 caeteros
2904 947 3213 1020 designant,
3264 949 3360 1020 qui
3397 948 3642 1005 videntes
3672 967 3810 1006 con-

2205 1039 2513 1094 versionem
2566 1038 2880 1094 Judzeorum
2941 1047 3104 1112 atque
3159 1039 3407 1094 divinam
3463 1040 3808 1112 Scripturam

2207 1130 2261 1186 in
2296 1130 2408 1184 illis
2439 1147 2553 1184 esse
2584 1131 2933 1201 completam,
2985 1130 3040 1184 in
3075 1130 3270 1186 timore
3299 1130 3395 1186 Dei
3425 1138 3585 1202 atque
3613 1147 3811 1186 arnore

2209 1218 2520 1290 proﬁcient,
2549 1220 2832 1290 Deumque
2853 1234 2952 1292 pro
2973 1235 3162 1274 eorum
3193 1219 3548 1276 conversione
3579 1219 3814 1276 laudare

2209 1324 2317 1363 non
2350 1308 2632 1363 desistent.

2281 1409 2466 1478 (Vers.
2503 1407 2616 1478 14.)
2674 1408 2759 1465 Va:
2804 1407 3086 1462 secundum
3127 1407 3278 1474 abiit,
3322 1414 3372 1462 et
3417 1425 3520 1463 ecce
3568 1426 3642 1464 υω
3707 1417 3815 1464 ter-

2210 1501 2338 1555 tium
2392 1499 2558 1553 veniet
2596 1499 2714 1554 cito.
2748 1499 2842 1555 Vae
2891 1499 3113 1554 tertium
3145 1499 3213 1554 ad
3250 1515 3311 1554 ea
3350 1501 3511 1567 mala,
3557 1517 3682 1573 quae
3714 1518 3821 1574 per

2208 1589 2613 1644 Antichristum
2661 1589 2904 1646 facturus
2954 1597 3034 1645 est
3083 1589 3356 1654 diabolus,
3388 1589 3456 1644 ad
3484 1589 3622 1646 diem
3651 1590 3821 1662 judi-

2207 1680 2278 1736 cii
2316 1680 2572 1751 pertinet.
2606 1681 2677 1734 Et
2716 1681 2846 1753 quia
2874 1681 3125 1753 superius
3152 1681 3405 1752 angelum
3454 1697 3610 1753 quem
3655 1681 3821 1738 vidit

495 1775 607 1834 tur,
640 1765 829 1822 dicens
855 1783 866 1820 :
905 1787 922 1810 ι
951 1765 1092 1819 Ecce
1121 1779 1219 1834 ego
1237 1760 1451 1815 mittam
1477 1758 1636 1814 vobis
1665 1759 1845 1813 Eliam
1870 1757 2096 1830 prophe-

2211 1778 2354 1826 stare
2383 1785 2546 1841 supra
2579 1785 2727 1824 mare
2777 1777 2830 1825 et
2861 1787 3023 1842 super
3053 1778 3273 1837 terram,
3305 1770 3511 1841 jurasse
3539 1771 3681 1826 dicit
3715 1787 3824 1844 per

495 1868 631 1929 tam,
668 1858 763 1932 qui
803 1862 1090 1914 convertat
1119 1853 1285 1910 corda
1315 1861 1527 1924 patrum
1559 1850 1626 1907 ad
1663 1851 1808 1906 ﬁlios
1839 1850 2092 1922 (Malach.

494 1969 575 2020 1v,
606 1951 660 2019 5,
692 1949 751 2021 6)
780 1966 793 2016 ;
851 1971 868 1994 ι
941 1952 994 2001 et
1049 1953 1246 2001 caetera
1288 1960 1408 2015 quae
1437 1950 1742 2015 sequuntur
1777 1960 1787 1997 :
1820 1940 2098 1998 credimus

495 2040 714 2096 Iudaeos
745 2055 842 2111 per
871 2035 1320 2110 praedicationem
1351 2033 1508 2100 Elia),
1533 2031 1675 2087 sicut
1699 2030 2092 2102 superius(ii),

494 2138 656 2203 prout
687 2128 988 2202 potuimus,
1039 2124 1561 2192 demonstravimus,
1611 2123 1678 2177 ad
1729 2121 1893 2177 ﬁdem
1940 2120 2097 2178 Chri-

498 2221 566 2275 sti
604 2234 724 2273 esse
777 2215 1199 2273 convertendos.
1257 2215 1555 2269 Possumus
1613 2221 1794 2266 autem
1836 2228 1932 2282 per
1959 2210 2097 2266 duos

495 2315 661 2364 testes
689 2307 928 2363 duorum
971 2307 1303 2377 populorum
1336 2302 1722 2375 praedicatores
1769 2302 2095 2373 intelligere,

495 2400 811 2456 Judaaorum
871 2396 1131 2451 videlicet
1195 2403 1358 2466 atque
1408 2393 1674 2464 gentium.
1735 2392 1838 2459 Qui
1905 2392 2098 2448 diebus

497 2487 651 2544 mille
689 2485 944 2542 ducentis
974 2484 1258 2556 sexaginta
1306 2483 1683 2556 prophetaturi
1741 2498 1854 2538 esse
1890 2483 2098 2539 dicun-

496 2585 621 2642 tur;
658 2575 786 2648 quia
815 2574 965 2629 omni
1004 2582 1246 2644 tempore
1281 2589 1390 2644 quo
1421 2571 1751 2627 Antichristi
1786 2572 2092 2643 persecutio

498 2674 664 2738 atque
721 2664 971 2737 deceptio
1037 2678 1132 2736 per
1187 2662 1510 2717 universum
1572 2660 1759 2716 orbem
1817 2660 2094 2728 desaeviet,

497 2770 856 2829 quoscunque
913 2759 1192 2826 poterunt,
1241 2750 1310 2806 ad
1347 2751 1493 2806 viam
1542 2750 1791 2806 veritatis
1841 2749 2098 2806 reducere

495 2847 816 2906 studebant.

575 2948 758 3020 (Vers.
796 2946 908 3016 13.)
942 2947 1015 3002 Et
1043 2946 1099 3000 in
1138 2946 1237 3000 illa
1266 2946 1400 3000 hora
1428 2944 1600 3015 factus
1627 2951 1699 2999 est
1749 2951 1905 3000 terra:
1929 2950 2099 3000 motus

500 3051 740 3106 magnus.
799 3034 957 3090 Nunc
1007 3033 1075 3089 ad
1123 3033 1346 3089 initium
1405 3032 1808 3106 pradicationis
1863 3032 1998 3088 Elize
2047 3042 2101 3088 et

2210 1859 2488 1914 viventem
2521 1859 2578 1914 in
2609 1867 2912 1926 aeternum;
2944 1859 3073 1932 quia
3117 1859 3173 1914 in
3221 1859 3415 1915 diebus
3459 1860 3679 1932 septimi
3718 1877 3825 1916 an-

2211 1949 2355 2021 geli,
2408 1967 2534 2006 cum
2585 1950 2811 2021 coeperit
2856 1950 2987 2004 tuba
3032 1966 3228 2004 canere
3259 1993 3273 2016 ,
3331 1950 3827 2007 consummabitur

2210 2040 2534 2111 mysterium
2570 2041 2690 2108 Dei,
2722 2040 2868 2112 quod
2909 2040 3307 2111 evangelizavit
3337 2057 3431 2112 per
3459 2057 3640 2096 servos
3676 2058 3826 2098 suos

2211 2128 2683 2201 prophetas,diem
2711 2129 2912 2201 judicii
2942 2129 3184 2186 breviter
3212 2146 3414 2202 ponere
3442 2130 3635 2198 voluit,
3660 2140 3730 2186 et
3753 2131 3829 2187 ad

2211 2220 2352 2274 mala
2381 2219 2713 2275 Antichristi
2745 2228 2930 2292 postea
2976 2219 3248 2275 narranda
3296 2220 3603 2276 revertitur.
3637 2220 3830 2287 Quod

2211 2307 2254 2363 si
2285 2307 2577 2378 diligenter
2607 2309 2952 2380 inspicimus,
2988 2309 3302 2364 videbimus
3349 2326 3470 2365 eum
3511 2309 3610 2365 hoc
3658 2311 3830 2368 ordi-

2210 2404 2335 2452 nate
2393 2397 2616 2464 fecisse;
2679 2398 2885 2453 scimus
2944 2414 3180 2470 namque
3235 2398 3365 2470 quia
3417 2398 3833 2470 praedicatores

2209 2487 2405 2555 sancti,
2438 2489 2532 2560 qui
2564 2488 2621 2542 in
2648 2488 2756 2543 ﬁne
2806 2488 2998 2544 mundi
3048 2489 3312 2545 nascituri
3361 2497 3508 2557 sunt,
3537 2490 3640 2545 hoc
3674 2507 3832 2562 ιιι-τεο

2210 2576 2491 2644 dicabunt,
2553 2578 2700 2650 quod
2752 2578 2870 2633 dies
2915 2577 3136 2633 Domini
3197 2579 3254 2633 in
3298 2579 3548 2650 proximo
3592 2578 3722 2646 sit;
3763 2590 3832 2636 ut

2211 2683 2346 2739 quos
2392 2666 2876 2723 exhortationibus
2931 2668 2998 2723 ad
3049 2669 3194 2723 viam
3241 2669 3488 2724 veritatis
3542 2668 3834 2726 reducere

2211 2771 2322 2810 non
2353 2757 2653 2827 potuerint,
2702 2758 2894 2813 saltem
2953 2757 3258 2814 terroribus
3304 2757 3370 2812 ad
3423 2758 3834 2829 pcenitentiam

2210 2854 2533 2918 provocent.
2585 2847 2657 2901 Et
2713 2846 2842 2918 quia
2889 2854 3015 2902 ante
3066 2847 3471 2918 persecutiones
3521 2846 3835 2904 Antichri-

2211 2935 2302 3004 sti,
2335 2935 2450 2991 dies
2492 2935 2692 3007 judicii
2748 2935 2976 3007 incipiet
3023 2935 3330 3007 praedicari,
3362 2935 3607 2992 eumdem
3658 2936 3834 2994 diem

2206 3024 2405 3097 judicii
2435 3025 2670 3080 Joannes
2699 3032 2858 3080 antea
2888 3041 3086 3096 ponere
3116 3025 3314 3092 voluit,
3366 3042 3528 3098 quam
3567 3023 3635 3080 ad
3673 3043 3836 3098 per-

501 3123 694 3180 Enoch
725 3123 1044 3178 revertitur.
1079 3122 1258 3178 Terrae
1289 3129 1490 3190 motus,
1538 3121 1680 3178 sicut
1708 3121 1958 3194 superius
1981 3121 2091 3192 jam
2133 3130 2176 3190 C
2214 3114 2526 3172 secutiones
2553 3113 2725 3186 ipsius
2755 3114 3088 3170 Antichristi
3120 3113 3392 3171 narrando
3424 3115 3658 3170 veniret.

495 3213 774 3282 diximus,
806 3213 1106 3270 motionem
1140 3213 1389 3270 cordium
1425 3213 1863 3286 soletdesignare
1894 3232 1905 3270 :
1939 3222 2096 3268 terrae

501 3311 686 3362 motus
732 3311 865 3360 tunc
913 3303 1025 3371 ﬁet,
1085 3320 1210 3360 cum
1244 3320 1340 3375 per
1381 3302 1823 3375 pradicationem
1877 3303 2014 3358 Eliae
2044 3309 2099 3356 et

494 3393 688 3452 Enoch
719 3393 884 3450 multi
913 3392 980 3449 ad
1012 3393 1414 3466 penitentiam,
1469 3393 1630 3448 multi
1661 3391 1729 3447 ad
1777 3391 1940 3448 ﬁdem
1971 3407 2097 3447 con-

498 3494 804 3542 vertentur.
834 3486 909 3540 Et
935 3485 1136 3539 decima
1161 3500 1295 3556 pars
1340 3483 1570 3537 civitatis
1614 3482 1816 3536 cecidit.
1867 3483 1987 3538 Non
2018 3497 2096 3536 sa-

496 3591 601 3630 nus
630 3592 824 3630 sensus
853 3573 994 3629 mihi
1042 3572 1268 3629 videtur
1325 3588 1461 3640 esse,
1523 3581 1585 3628 ut
1640 3589 1736 3643 per
1785 3572 2091 3638 civitatem,

493 3661 653 3732 cujus
683 3661 898 3716 decima
928 3677 1052 3732 pars
1085 3659 1307 3727 cecidit,
1353 3657 1622 3714 Ecclesim
1680 3658 2092 3730 intelligamus;

494 3764 558 3804 eo
603 3747 750 3821 quod
804 3747 897 3804 hic
963 3763 1141 3802 sermo
1199 3747 1268 3802 ad
1333 3747 1612 3802 civitatem
1662 3747 1832 3820 magis
1888 3746 2096 3802 diaboli

495 3852 659 3910 quam
716 3835 783 3892 ad
836 3834 1118 3890 civitatem
1143 3873 1148 3880 η
1177 3834 1274 3890 Dei
1319 3833 1592 3906 respiciat.
1627 3833 1783 3889 Illius
1813 3851 1940 3905 ergo
1963 3834 2095 3890 civi-

496 3925 630 3981 tatis
659 3924 716 3979 in
765 3923 871 3980 hoc
909 3923 1028 3980 loco
1075 3923 1345 3980 decimam
1390 3932 1596 3996 partem
1640 3922 1908 3979 corruisse
1938 3923 2094 3992 dicit,

495 4032 657 4089 quam
726 4015 980 4087 superius
1033 4015 1316 4070 civitatem
1367 4031 1640 4086 magnam,
1694 4013 2098 4086 Sodomamque

493 4115 547 4164 et
582 4109 884 4181 zEgyptum
915 4107 1161 4176 vocavit,
1217 4117 1269 4163 et
1326 4107 1382 4161 in
1435 4106 1596 4178 cujus
1648 4107 1823 4178 platea
1871 4123 2099 4178 corpora

494 4208 812 4257 sanctorum
847 4216 942 4271 per
981 4207 1094 4254 tres
1122 4199 1238 4254 dies
1287 4208 1343 4255 et
1367 4199 1663 4256 dimidium
1707 4201 1979 4272 insepulta
2001 4199 2098 4272 ja-

494 4309 615 4350 cere
671 4293 954 4349 dicuntur.
1015 4293 1086 4348 Et
1141 4293 1270 4366 quia
1320 4310 1416 4365 per
1463 4293 1748 4348 denarium
1807 4309 2096 4348 numerum

496 4397 639 4452 saepe
666 4383 756 4437 lex
787 4382 1125 4454 designatur,
1159 4399 1223 4438 eo
1276 4382 1424 4454 quod
1482 4383 1567 4437 lex
1628 4399 1722 4455 per
1777 4381 2096 4453 decalogum

494 4467 567 4523 sit
599 4477 862 4541 accepta;
923 4487 1217 4542 possumus
1265 4488 1361 4542 per
1413 4470 1683 4526 decimam
1734 4479 1938 4542 partem
1977 4487 2096 4543 qua:

496 4561 728 4628 corruit,
769 4559 986 4615 Judzeos
1009 4560 1385 4618 observatores
1435 4563 1569 4633 legis
1623 4563 1949 4633 intelligere,
2005 4563 2100 4634 qui

496 4664 592 4721 per
621 4647 1072 4719 praedicationem
1119 4650 1255 4704 Elize
1285 4649 1448 4706 ﬁdem
1482 4650 1688 4706 Christi
1716 4652 2096 4724 suscipientes,

496 4753 527 4792 a
557 4736 785 4793 civitate
814 4737 1023 4794 diaboli
1073 4747 1332 4796 corruent
1366 4747 1420 4794 et
1454 4740 1840 4812 praecidentur.
1874 4743 1947 4796 Et
1970 4741 2094 4795 occi-

494 4845 556 4883 sa
613 4835 735 4883 sunt
790 4836 948 4884 terrm
985 4838 1128 4886 motu
1185 4831 1455 4886 hominum
1507 4837 1693 4902 septem
1742 4832 1915 4887 millia
1985 4850 1995 4886 :
2051 4839 2098 4887 et

496 4919 695 4988 reliqui
723 4920 778 4973 in
812 4921 1052 4976 timorem
1105 4927 1230 4975 sunt
1273 4921 1444 4990 missi,
1489 4928 1535 4975 et
1587 4923 1840 4976 dederunt
1868 4921 2097 4993 gloriam

494 5010 606 5067 Deo
634 5009 771 5065 caeli.
803 5008 955 5066 Sicut
984 5026 1080 5082 per
1111 5009 1398 5066 denarium
1430 5027 1720 5066 numerum
1770 5012 1881 5079 lex,
1923 5011 1999 5065 ita
2045 5017 2098 5064 et

498 5115 595 5173 per
651 5101 1020 5172 septenarium
1069 5115 1210 5170 saepe
1266 5099 1436 5172 gratia
1491 5100 1778 5173 Evangelii
1809 5099 2095 5171 accipitur.

496 5193 640 5249 Ecce
669 5191 884 5249 decima
913 5208 1036 5264 pars
1057 5190 1319 5260 civitatis,
1353 5209 1515 5265 quam
1548 5210 1658 5248 non
1705 5208 1772 5247 ex
1801 5190 2096 5262 lapidibus,

499 5282 592 5340 sed
641 5299 710 5338 ex
759 5281 1084 5337 hominibus
1133 5290 1382 5338 constare
1411 5281 1720 5350 docuimus,
1759 5279 2002 5348 cecidit;
2047 5288 2100 5335 et

505 5391 618 5431 non
647 5373 834 5431 decem
869 5374 1065 5443 millia,
1102 5375 1196 5431 sed
1225 5383 1433 5447 septem
1493 5376 1671 5431 millia
1717 5382 1934 5430 mortua
1985 5389 2100 5429 esse

501 5465 882 5538 perhibentur.
915 5467 1187 5524 Denarius
1223 5467 1396 5541 igitur
1442 5483 1705 5524 numerus
1750 5467 1808 5522 in
1837 5473 2098 5540 septena-

2283 3214 2464 3277 (Vers.
2497 3213 2605 3283 15.)
2636 3214 2710 3268 Et
2756 3213 3258 3284 septimus_angelus
3305 3214 3430 3268 tuba
3454 3213 3658 3268 cecinit.
3715 3215 3831 3272 Per

2207 3304 2499 3376 septimum
2556 3303 2832 3374 angelum,
2891 3303 3033 3358 sicut
3093 3302 3358 3368 diximus,
3418 3301 3831 3374 praedicatores

2207 3392 2380 3448 sancti
2410 3393 2504 3464 qui
2524 3393 2581 3448 in
2602 3391 2710 3449 ﬁne
2741 3392 2935 3448 mundi
2960 3391 3223 3450 nascituri
3247 3398 3396 3453 sunt,
3419 3389 3826 3461 designantur.

2208 3483 2358 3537 Tuba
2384 3490 2601 3551 canent,
2652 3500 2778 3539 cum
2824 3482 3054 3538 verbum
3102 3481 3199 3537 Dei
3247 3480 3690 3536 annuntiabunt.
3749 3485 3832 3539 Et

2206 3571 2362 3642 facta;
2391 3579 2513 3626 sunt
2540 3589 2683 3627 voces
2710 3588 2916 3643 magnae
2942 3571 2995 3625 in
3025 3571 3168 3637 creto,
3225 3570 3464 3625 dicentes.
3500 3569 3830 3626 Possumus

2209 3677 2307 3732 per
2338 3659 2537 3716 cmlum
2576 3659 2901 3727 Ecclesiam,
2933 3675 3027 3730 per
3058 3674 3220 3714 voces
3249 3674 3380 3713 vero
3410 3673 3634 3729 magnas
3671 3675 3829 3716 san-

2205 3755 2418 3804 ctorum
2452 3748 2616 3803 verba
2650 3748 2972 3820 intelligere,
3009 3748 3101 3820 qui
3125 3748 3181 3802 in
3213 3747 3455 3802 adventu
3481 3747 3728 3803 Domini
3755 3750 3828 3806 ad

2201 3837 2474 3910 judicium
2515 3838 2797 3894 venientes
2841 3837 3214 3903 exsultabunt,
3248 3838 3389 3893 sicut
3419 3837 3704 3893 Dominus
3740 3839 3827 3896 di-

2206 3927 2282 3983 cit
2304 3928 2356 3981 in
2379 3927 2679 3999 Evangelia
2704 3947 2715 3982 :
2762 3927 3060 3999 cllespicite
3093 3936 3146 3982 et
3167 3927 3340 3981 levate
3370 3927 3546 3997 capita
3575 3937 3784 3984 vestra
3809 3947 3824 3994 ;

2207 4016 2334 4089 quia
2356 4017 2759 4090 appropinquat
2786 4017 3090 4088 redemptio
3110 4023 3290 4071 vestra
3317 4017 3465 4084 (Luc.
3497 4031 3615 4081 xxx,
3643 4016 3810 4084 28).-

2290 4111 2506 4165 Factum
2557 4117 2631 4165 est
2673 4129 2891 4182 regnum
2920 4111 3079 4180 hujus
3110 4109 3290 4164 mundi
3317 4108 3532 4164 Domini
3559 4114 3602 4162 et
3646 4109 3823 4166 Chri-

2208 4206 2274 4260 sti
2305 4204 2438 4274 ejus,
2492 4209 2538 4257 et
2565 4201 2802 4272 regnabit
2831 4202 2883 4254 in
2923 4201 3111 4255 swcula
3144 4199 3474 4252 saeculorum.
3513 4195 3824 4270 Numquid

2207 4305 2365 4352 antea
2394 4310 2504 4350 non
2536 4300 2652 4348 erat
2679 4291 2900 4348 Domini
2933 4299 2987 4347 et
3011 4289 3351 4360 Christiejus
3383 4303 3598 4360 regnem
3633 4287 3822 4362 hujus

2208 4384 2400 4440 mundi
2424 4385 2451 4440 ‘i‘
2477 4383 2580 4439 Sed
2595 4399 2824 4454 regnum
2856 4380 3026 4453 hujus
3054 4380 3245 4436 mundi
3270 4379 3518 4434 homines
3551 4383 3817 4447 vocavit,

2129 4492 2176 4549 ι)
2209 4475 2262 4529 ἱη
2295 4490 2525 4547 quorum
2565 4471 2841 4527 mentibus
2892 4478 2986 4526 aut
3036 4477 3219 4541 regnat
3269 4470 3432 4537 Deus,
3463 4475 3557 4522 aut
3606 4478 3819 4541 regnat

2210 4565 2481 4621 diabolus.
2524 4564 2730 4634 Regnat
2759 4563 2904 4617 Deus
2934 4560 2990 4615 in
3021 4558 3221 4615 sanctis
3252 4559 3366 4614 suis
3408 4576 3418 4612 :
3467 4566 3664 4628 regnat
3696 4559 3818 4614 dia-

2208 4655 2369 4710 bolus
2408 4653 2464 4707 in
2496 4651 2575 4706 eis
2605 4650 2699 4724 qui
2729 4657 2858 4704 sunt
2883 4666 2950 4704 ex
2980 4657 3131 4721 parte
3179 4646 3296 4718 ejus
3349 4665 3360 4702 :
3395 4647 3508 4719 ipse
3555 4654 3606 4701 et
3651 4650 3814 4703 enim

2209 4761 2305 4799 rex
2335 4758 2496 4814 super
2527 4756 2717 4795 omnes
2746 4739 2890 4794 ﬁlios
2918 4738 3184 4809 superbiae
3217 4738 3337 4808 (Job
3396 4754 3504 4804 xu,
3538 4737 3629 4806 25)
3652 4782 3664 4790 .
3712 4739 3817 4794 Be-

2207 4852 2374 4908 gnum
2417 4832 2585 4905 igitur
2623 4830 2789 4902 hujus
2835 4829 3027 4884 mundi
3080 4828 3303 4884 Domini
3350 4835 3403 4883 et
3446 4826 3656 4883 Christi
3687 4827 3817 4899 ejus

2205 4932 2342 4980 tunc
2373 4923 2486 4990 ﬁet,
2515 4937 2639 4978 cum
2667 4920 2922 4976 diabolus
2960 4936 3085 4974 cum
3115 4917 3373 4973 omnibus
3403 4933 3537 4989 quos
3556 4915 3813 4990 decepit,

2207 5014 2264 5069 in
2299 5013 2574 5069 infernum
2597 5011 2875 5066 demersus
2905 5009 3104 5064 fuerit:
3129 5025 3254 5064 cum
3287 5006 3424 5062 illud
3457 5006 3810 5078 implebitur,

2206 5103 2352 5177 quod
2385 5101 2610 5174 angelus
2654 5098 2720 5155 ad
2756 5099 3036 5155 Danielem
3072 5097 3333 5170 loquitur,
3356 5097 3542 5152 dicens
3572 5113 3584 5151 :
3632 5122 3652 5144 ε
3709 5099 3811 5154 Re

2207 5211 2374 5266 gnum
2419 5201 2598 5248 autem
2632 5199 2688 5246 et
2720 5197 2978 5262 potestas,
3026 5206 3144 5262 qua:
3175 5196 3257 5243 est
3284 5187 3473 5242 subter
3501 5202 3669 5242 omne
3702 5205 3811 5244 co:-

2209 5283 2346 5350 lum,
2374 5281 2620 5337 tradetur
2647 5281 2849 5352 populo
2879 5288 3214 5345 sanctorum,
3247 5277 3341 5350 qui
3373 5285 3454 5333 est
3468 5275 3814 5333 obtinebunt

2208 5371 2349 5428 illud
2379 5387 2551 5444 usque
2583 5371 2641 5425 in
2673 5370 2964 5438 saeculum,
3010 5375 3062 5424 et
3092 5367 3146 5423 in
3173 5369 3436 5425 saeculum
3467 5365 3811 5424 saeculorum

2209 5463 2373 5535 (Dan.
2397 5479 2500 5529 vu,
2532 5460 2648 5532 27).
2681 5484 2699 5508 ι

570 5688 688 5756 (11)
743 5687 945 5745 Omnes
1012 5689 1175 5756 edit.,
1225 5689 1469 5762 superius
1521 5687 2036 5755 demonstravimus;
2095 5703 2224 5743 mss.
2257 5693 2318 5742 ut
2349 5686 2680 5758 incorpore.
