4026 6172
533 365 639 422 959

1539 352 1634 407 an
1674 319 1919 405 orum
1945 345 2001 401 s.
2043 342 2374 402 AMBROSII
2410 337 2788 398 APPENDIX.

3724 331 3821 391 960

535 489 866 563 telligamus,
909 486 1026 541 sine
1055 481 1212 554 cujus
1234 478 1448 536 lumine
1480 475 1538 538 iu
1568 480 1727 530 nocte
1753 469 1921 543 hujus
1943 468 2128 527 saeculi
2156 471 2205 530 A
2238 475 2386 536 runt,
2437 482 2571 540 quos
2615 461 2898 535 Scriptura
2928 459 3074 516 ﬁlios
3112 457 3408 514 hominum
3453 463 3652 521 vocat;
3702 458 3821 529 quia

535 598 630 658 per
649 559 772 636 vias
799 571 1149 633 rectitudinis
1193 568 1448 628 incedere
1476 582 1586 623 non
1615 564 1883 620 valemus.
1910 563 1989 617 De
2015 559 2123 616 hoc

538 648 746 731 lumine
777 665 1068 724 Psalmista
1099 661 1236 718 dicit
1279 677 1290 716 :
1355 682 1372 706 ε
1405 658 1652 714 Lucerna
1699 652 1932 728 pedibus
1988 648 2124 706 meis

535 760 766 820 verbum
797 763 981 824 tuum,
1015 761 1069 818 et
1095 753 1284 808 lumen
1323 747 1533 805 semitis
1559 745 1695 802 meis
1720 744 1893 814 (Psal.
1927 757 2122 810 cxvm,

535 850 682 920 105).
715 873 732 896 ι
775 844 977 906 Mulier
1009 843 1179 915 igitur
1211 841 1396 897 lunam
1447 837 1549 894 sub
1588 834 1824 910 pedibus
1870 832 1988 889 suis
2016 830 2126 886 ba-

532 939 723 997 buisse
751 937 869 993 visa
897 942 1015 1002 est;
1065 932 1195 1008 quia
1245 928 1490 988 Ecclesia
1537 932 1748 1000 gressus
1787 923 1986 980 mentis
2014 939 2123 978 sua:

533 1029 591 1089 in
622 1026 909 1101 praeceptis
930 1023 1245 1084 divinarum
1267 1020 1670 1092 Scripturarum
1700 1015 1892 1088 ﬁgens,
1921 1013 1985 1069 ad
2006 1028 2126 1069 cm-

533 1117 693 1176 lestia
722 1114 969 1191 quotidie
1007 1113 1165 1170 novit
1209 1108 1447 1168 tendere.
1499 1108 1629 1175 Quae
1659 1104 1822 1161 etiam
1863 1102 1920 1159 in
1950 1102 2124 1175 capite

533 1225 638 1266 suo
667 1222 924 1270 coronam
947 1203 1232 1261 stellarum
1264 1197 1554 1258 duodecim
1587 1195 1842 1252 habuisse
1874 1193 1992 1248 visa
2020 1199 2123 1250 est.

535 1297 713 1370 Caput
745 1293 1008 1355 Ecclesiae
1041 1292 1295 1352 Christus
1318 1295 1420 1357 est,
1458 1284 1748 1343 duodecim
1797 1299 1926 1339 vero
1955 1283 2124 1338 stellae

534 1386 829 1446 duodecim
858 1392 989 1442 sunt
1016 1381 1272 1457 apostoli.
1305 1380 1601 1437 Possumus
1639 1373 2005 1431 nihilominus
2032 1388 2127 1445 per

535 1483 702 1549 caput
749 1479 967 1532 mentes
1013 1470 1260 1528 ﬁdelium
1294 1467 1618 1540 intelligere.
1656 1464 1854 1522 Mulier
1902 1478 2029 1534 ergo
2068 1460 2125 1516 in

533 1564 715 1640 capite
763 1577 1023 1620 coronam
1071 1560 1353 1617 stellarum
1402 1555 1694 1615 duodecim
1726 1551 1979 1610 habuisse
2007 1551 2127 1607 visa

529 1662 646 1723 est;
700 1651 832 1727 quia
882 1658 1094 1708 mentes
1143 1648 1391 1706 ﬁdelium
1433 1644 1684 1705 doctrina
1713 1651 1766 1699 et
1802 1651 1956 1699 actus
1985 1643 2124 1714 Apoo

528 1743 824 1812 stolorum,
857 1757 983 1799 cum
1013 1756 1105 1796 eos
1135 1737 1344 1795 imitari
1374 1742 1646 1809 satagunt,
1675 1738 1962 1791 exornant.

2229 557 2308 613 eis
2337 555 2430 630 qui
2460 555 2562 611 ﬁlii
2595 553 2693 610 Dei
2715 551 3076 616 vocabantur,
3107 548 3164 603 in
3191 548 3445 618 laqueum
3471 545 3716 601 fuerunt.
3741 547 3822 603 Se-

2231 645 2471 703 cundum
2504 651 2667 717 caput
2692 640 2901 698 diaboli
2929 641 3154 695 fuerunt
3183 637 3244 704 ii,
3267 635 3362 708 qui
3393 643 3515 708 post
3551 636 3822 694 diluvium

2231 751 2404 808 usque
2449 734 2518 790 ad
2549 734 2721 805 legem
2753 731 2979 786 fuerunt
3004 745 3017 794 ;
3069 727 3387 782 inventores
3416 723 3630 781 scilicet
3659 723 3822 780 idolo~

2233 841 2377 893 rum,
2411 823 2863 893 diversorumque
2892 833 3162 881 errorum,
3213 831 3311 888 per
3339 831 3474 888 quos
3514 831 3689 886 genus
3719 813 3826 870 hu-

2233 930 2457 970 manum
2482 913 2769 985 deceptum
2796 917 2895 966 est.
2925 905 3169 962 Tertium
3193 913 3355 978 caput
3377 903 3587 960 diaboli
3609 903 3827 959 fuerunt

2234 1005 2294 1074 ii,
2328 1004 2422 1079 qui
2455 1013 2742 1078 postquam
2773 1001 2862 1057 lex
2905 997 3032 1053 data
3061 1004 3142 1053 est
3183 996 3387 1069 populo
3415 993 3534 1061 Dei,
3573 992 3724 1048 idola
3751 1009 3827 1050 co-

2233 1097 2346 1154 lere
2401 1093 2722 1152 suadebant.
2784 1091 3050 1160 Quartum
3109 1095 3273 1160 caput
3338 1085 3544 1142 diaboli
3612 1085 3828 1141 fuerunt

2234 1187 2356 1247 falsi
2387 1186 2686 1261 prophetaa,
2736 1197 2994 1255 regesque
3041 1178 3222 1251 impii,
3280 1194 3310 1232 a
3356 1177 3558 1250 quibus
3600 1175 3828 1250 populus

2234 1283 2333 1340 Dei
2364 1282 2421 1338 in
2452 1286 2668 1337 tantum
2697 1276 2956 1346 deceptus
3000 1280 3103 1340 est,
3144 1278 3207 1326 ut
3236 1287 3335 1343 pro
3364 1268 3478 1326 suis
3517 1267 3826 1340 iniquitati-

2234 1372 2338 1428 bus
2371 1371 2428 1426 in
2459 1367 2833 1442 captivitatem
2865 1363 3176 1420 duceretur.
3209 1359 3475 1428 Quintum
3525 1363 3697 1429 caput
3726 1356 3827 1412 fue-

2235 1468 2364 1517 runt
2394 1457 2552 1532 impii
2583 1455 2778 1523 Judaei,
2829 1453 2924 1526 qui
2971 1459 3024 1507 et
3072 1448 3373 1508 Dominum
3404 1447 3752 1513 occiderunt,
3782 1453 3827 1502 et

2235 1549 2509 1624 apostolos
2553 1546 2672 1619 ejus
2717 1542 2989 1618 persecuti
3037 1549 3187 1598 sunt.
3232 1539 3463 1596 Sextum
3510 1545 3676 1610 caput
3725 1536 3828 1593 fue-

2234 1650 2365 1701 runt
2408 1645 2779 1714 persecutores
2825 1633 3104 1692 Ecclesiae.
3151 1631 3458 1704 Septimum
3509 1644 3646 1684 vero
3675 1633 3829 1700 caput

2233 1731 2441 1791 diaboli
2469 1730 2575 1787 erit
2602 1725 2996 1785 Antichristus.
3022 1721 3167 1790 Quid
3197 1719 3510 1793 signiﬁcent
3537 1723 3723 1773 autem
3747 1715 3828 1772 de-

607 1851 788 1924 (vers.
838 1848 918 1921 2.)
977 1849 1053 1906 Et
1095 1847 1152 1903 ίη
1199 1851 1348 1902 utero
1409 1843 1620 1910 habens,
1675 1847 1722 1899 ει
1772 1837 2034 1896 clamabat
2068 1837 2126 1894 in
2153 1836 2198 1896 Β
2239 1839 2356 1881 cem
2382 1836 2608 1887 cornua,
2643 1817 2702 1874 in
2733 1813 3090 1889 sequentibus
3116 1811 3382 1877 dicemus,
3417 1809 3475 1864 in
3497 1823 3562 1864 eo
3588 1808 3714 1865 loco
3740 1805 3827 1862 ubi

2337 1913 2372 1924 ι.
2638 1917 2648 1924 .
2692 1909 2703 1920 ι
2867 1922 2955 1924 x-,
2993 1902 3216 1924 L-_‘:-__
3275 1899 3580 1924 _---:..--.....
3634 1898 3827 1924 -..ΑΞ-..Α

529 1940 804 1999 doloribus
833 1983 850 2012 ,
901 1945 949 1996 et
993 1936 1343 1994 cruciabatur
1372 1977 1388 2003 ,
1446 1939 1506 1989 ut
1553 1936 1786 2004 pareret.
1839 1927 2126 1998 Quomodo

530 2030 716 2089 infans
762 2030 821 2086 in
869 2037 1026 2086 utero
1059 2025 1403 2099 coagulatur,
1452 2021 1861 2093 humanamque
1891 2018 2125 2074 formam

529 2120 732 2194 accipit
785 2127 948 2194 atque
997 2117 1431 2191 spiramentum;
1488 2110 1748 2168 similiter
1785 2117 1839 2166 et
1881 2107 2127 2166 Ecclesia

531 2209 785 2269 inﬁdeles
814 2223 1083 2284 quosque,
1135 2222 1270 2280 quos
1319 2204 1378 2261 in
1431 2211 1587 2260 utero
1632 2206 1839 2274 gestat,
1872 2198 2005 2255 dum
2035 2213 2126 2254 eos

532 2299 887 2375 pradicando
935 2297 1132 2354 tandiu
1180 2295 1394 2362 nutrit,
1426 2308 1600 2366 usque
1647 2290 1779 2346 dum
1826 2288 2120 2345 humanam

531 2391 771 2448 formam
800 2388 1093 2465 accipiant,
1142 2385 1199 2443 id
1242 2393 1352 2454 est,
1385 2399 1556 2457 usque
1587 2382 1719 2438 dum
1751 2380 1810 2437 in
1842 2379 2122 2438 Christum

534 2481 783 2549 credant,
832 2487 995 2554 atque
1041 2476 1282 2538 animam
1324 2474 1630 2548 spiritalem
1676 2471 1970 2548 accipiant,
2002 2488 2122 2546 quae

528 2570 588 2627 in
619 2570 894 2644 baptismo
939 2568 1123 2637 datur,
1172 2582 1297 2644 cum
1347 2564 1664 2644 efﬁciuntur
1693 2568 1838 2625 547
1865 2561 1963 2618 Dei
1995 2560 2118 2644 lilii.

531 2639 769 2707 Unde-et
819 2650 1055 2707 clamare
1099 2645 1158 2702 in
1204 2643 1488 2702 doloribus
1537 2643 1763 2711 dicitur,
1805 2649 1858 2699 et
1886 2639 2121 2698 cruciari

533 2747 596 2798 ut
653 2738 865 2814 pariat;
919 2739 1117 2796 clamat
1167 2751 1404 2809 namque
1457 2732 1702 2792 Ecclesia
1750 2729 2118 2807 praedicando,

527 2831 726 2894 clamat
767 2829 933 2886 etiam
977 2843 1076 2900 pro
1127 2825 1443 2883 auditorum
1487 2839 1711 2880 suorum
1741 2822 1915 2879 salute
1945 2821 2120 2878 Deum

531 2917 897 2992 deprecando.
949 2915 1242 2974 Cruciatur
1269 2930 1398 2970 vero
1447 2920 1508 2970 ut
1550 2911 1744 2985 pariat,
1797 2926 1925 2966 cum
1973 2909 2122 2980 luget

528 3025 642 3077 eos,
675 3023 813 3082 quos
840 3005 899 3062 in
929 3003 1167 3078 peccatis
1191 3003 1371 3076 jacere
1413 3001 1704 3075 conspicit,
1740 3000 1884 3056 sicut
1919 2999 2121 3056 Paulus

525 3100 807 3173 apostolus
835 3096 1252 3154 inﬁrmantibus
1282 3094 1570 3169 discipulis
1601 3093 1866 3168 loquitur,
1891 3092 2079 3150 dicens
2104 3109 2116 3148 :

2238 1913 2439 1970 mulier
2483 1909 2747 1968 meretrix
2794 1922 2960 1979 super
2993 1902 3223 1960 bestiam
3269 1899 3584 1958 coccineam
3633 1898 3828 1955 sedisse

2237 2003 2355 2059 visa
2398 2010 2479 2060 est
2513 2001 2700 2072 (Apoc.
2734 2014 2871 2066 xvn,
2921 1994 2998 2065 3).
3038 1994 3141 2050 Per
3168 1990 3396 2048 caudam
3439 2005 3593 2056 vero,
3627 2004 3747 2060 qua:
3770 1986 3827 2043 ﬁ-

2236 2094 2324 2151 nis
2371 2101 2453 2149 est
2499 2088 2764 2163 corporis,
2814 2078 3192 2142 Antichristus
3221 2080 3560 2151 designatur.
3593 2076 3831 2132 Tertiam

2236 2185 2404 2258 igitur
2431 2188 2639 2256 partem
2666 2178 2949 2235 stellarum
2980 2173 3107 2232 caeli
3129 2171 3301 2230 cauda
3319 2167 3576 2227 draconis
3595 2166 3832 2222 traxisse

2235 2255 2353 2331 visa
2381 2255 2502 2339 est;
2551 2269 2681 2343 quia
2723 2264 3100 2324 Antichristus
3144 2262 3349 2316 multos
3395 2275 3464 2314 ex
3497 2257 3587 2325 iis,
3635 2255 3734 2330 qui
3763 2255 3834 2310 ab

2234 2361 2553 2421 hominibus
2581 2358 2739 2416 electi
2761 2355 3115 2430 putabantur,
3146 2359 3200 2408 et
3226 2351 3319 2424 qui
3354 2350 3412 2405 in
3441 2346 3687 2405 Ecclesia
3719 2344 3835 2400 vel-

2233 2464 2295 2511 ut
2335 2452 2505 2510 stellae
2549 2451 2608 2506 in
2661 2449 2822 2516 coelo,
2853 2444 3084 2502 scientia
3119 2449 3173 2499 et
3203 2439 3487 2497 intellectu
3532 2435 3835 2509 refulgent,

2233 2542 2468 2615 decipiet
2499 2547 2660 2614 atque
2709 2538 2767 2593 in
2816 2533 3143 2609 perditionis
3183 2531 3398 2586 foveam
3428 2528 3729 2598 demerget.
3763 2526 3840 2581 Et

2232 2635 2393 2690 draco
2422 2631 2559 2687 stetit
2605 2633 2726 2685 ante
2770 2625 3066 2691 mulierem,
3115 2637 3230 2693 qua:
3271 2619 3524 2692 paritura
3567 2621 3732 2679 erat;
3781 2619 3839 2668 ut

2232 2743 2346 2782 cum
2371 2722 2680 2798 peperisset,
2725 2719 2896 2793 ﬁlium
2925 2716 3039 2787 ejus
3067 2715 3361 2770 devoraret.
3407 2711 3713 2766 Possumus
3745 2723 3841 2779 per

2233 2817 2519 2874 mulierem
2549 2813 2609 2869 in
2637 2811 2745 2869 hoc
2776 2811 2897 2866 loco
2926 2816 2980 2865 et
3008 2807 3221 2866 beatam
3243 2803 3469 2862 Mariam
3494 2799 3840 2872 intelligere,

2233 2924 2296 2964 eo
2342 2904 2489 2979 quod
2529 2904 2648 2976 ipsa
2694 2906 2868 2956 mater
2915 2898 2988 2954 sit
3017 2893 3316 2961 Ecclesiae;
3351 2891 3478 2970 quia
3503 2905 3624 2947 eum
3671 2905 3842 2961 pepo-

2231 3001 2325 3069 rit,
2360 2999 2456 3072 qui
2503 3003 2667 3068 caput
2708 3001 2788 3050 est
2835 2990 3135 3049 Ecclesia:
3185 2995 3240 3045 et
3273 2986 3388 3042 ﬁlia
3423 2985 3493 3041 sit
3535 2981 3840 3048 Ecclesiae,

2231 3088 2360 3164 quia
2378 3071 2693 3143 maximum
2740 3081 3050 3138 membrum
3102 3087 3184 3135 est
3218 3074 3491 3134 Ecclesiae.
3521 3075 3710 3130 Draco
3741 3071 3841 3144 igi-

538 3160 782 3248 -.Filioli
814 3187 948 3256 mei,
979 3202 1117 3260 quos
1145 3186 1347 3243 iterum
1370 3160 1635 3259 parturio,
1660 3160 1834 3240 donec
1850 3160 2122 3238 formetur
2155 3204 2198 3264 ρ
2230 3160 2321 3236 tur
2348 3176 2500 3234 stetit
2542 3181 2667 3231 ante
2697 3172 3007 3239 mulierem,
3037 3176 3099 3225 ut
3143 3183 3269 3223 cum
3298 3164 3605 3238 peperisset,
3639 3160 3839 3217 ﬁlium

525 3278 779 3342 Christus
826 3278 885 3339 in
915 3275 1073 3334 vobis
1123 3278 1329 3347 (Galat.
1381 3293 1457 3344 tv,
1494 3276 1604 3348 19).
1636 3299 1655 3323 ι
1700 3275 1770 3331 Et
1799 3273 1858 3330 in
1887 3270 2120 3329 Actibus

523 3371 896 3448 apostolorum
928 3369 1185 3444 Ephesiis
1224 3369 1491 3443 loquitur,
1535 3367 1725 3426 dicens
1759 3384 1770 3423 :
1812 3390 1830 3415 ι
1874 3367 1977 3423 Per
2008 3365 2119 3423 tri-

522 3463 750 3522 ennium
774 3461 1023 3537 quotidie
1050 3478 1162 3521 non
1184 3461 1414 3529 cessavi,
1449 3476 1576 3516 cum
1610 3458 1868 3532 lacrymis
1892 3473 2119 3512 monens

524 3567 976 3627 unumquemque
1006 3557 1248 3607 vestrum
1283 3549 1426 3621 (Act.
1463 3565 1560 3616 xx,
1595 3547 1710 3620 31).
1744 3571 1762 3594 ι
1798 3547 1869 3604 Et
1889 3546 2118 3604 Psalmi-

524 3646 608 3695 sta
655 3639 722 3696 de
771 3639 1225 3711 praedicatoribus
1275 3638 1539 3711 loquitur,
1573 3635 1797 3694 dicens:
1861 3660 1879 3683 ι
1913 3637 2118 3693 Euntes

525 3727 678 3785 ibant
695 3736 748 3784 et
769 3728 1290 3796 ﬂebant,mittentes
1316 3726 1526 3786 semina
1539 3725 2101 3798 sua(Psal.cxxv,6).n

597 3829 778 3902 (Vers.
815 3827 870 3897 3,
902 3827 984 3900 4.)
1032 3829 1108 3884 Ει
1139 3827 1306 3883 uisum
1336 3832 1410 3882 est
1437 3825 1591 3882 aliud
1620 3824 1825 3897 signum
1855 3827 1914 3879 in
1939 3826 2063 3880 cwlo
2097 3842 2114 3880 :

521 3924 570 3975 et
597 3935 704 3975 ecce
739 3919 903 3974 draco
932 3934 1153 3990 magnus
1196 3916 1376 3988 rufus,
1415 3916 1607 3972 habens
1644 3914 1819 3987 capita
1847 3921 2036 3986 septem
2067 3920 2116 3971 et

518 4026 722 4066 cornua
759 4009 947 4077 decem,
981 4015 1030 4064 et
1057 4009 1114 4063 in
1154 4007 1411 4080 capitibus
1440 4005 1551 4061 suis
1580 4011 1768 4077 septem
1793 4005 2111 4062 diademata:

519 4106 568 4161 et
594 4100 767 4156 cauda
795 4097 908 4170 ejus
939 4097 1176 4156 trahebat
1208 4097 1414 4154 tertiam
1431 4101 1642 4168 partem
1669 4097 1945 4152 stellarum
1974 4095 2112 4164 cwli,

519 4201 566 4255 et
594 4194 739 4250 misit
768 4209 856 4249 eas
882 4192 940 4248 in
972 4198 1189 4248 terram.
1225 4191 1400 4247 Draco
1429 4189 1532 4246 iste
1559 4189 1844 4252 diabolum
1893 4190 2118 4263 signiﬁ-

518 4289 606 4340 cat
639 4300 651 4339 :
685 4281 843 4340 rufus
895 4288 1078 4338 autem
1125 4279 1278 4337 color
1307 4279 1433 4336 talis
1465 4287 1566 4348 est,
1612 4296 1674 4336 ac
1713 4263 1770 4336 si.
1807 4296 1998 4337 croceo
2029 4297 2116 4338 co-

519 4369 624 4427 lori
646 4371 1008 4443 sanguineum
1039 4368 1362 4426 admisceas.
1398 4367 1706 4426 Concordat
1723 4385 1852 4424 vero
1879 4369 2118 4442 pallidus

519 4459 691 4528 color,
724 4459 780 4518 id
811 4468 915 4528 est,
947 4475 1172 4516 croceus
1200 4475 1326 4516 cum
1354 4459 1686 4531 sanguineo;
1730 4458 1860 4533 quia
1898 4461 2117 4534 sanguis

2229 3269 2347 3342 ejus
2377 3267 2698 3325 devoraret:
2748 3262 2878 3336 quia
2914 3260 2970 3317 in
3012 3257 3240 3315 exordio
3271 3253 3570 3312 nativitatis
3604 3248 3837 3309 Christi

2229 3375 2353 3416 eum
2383 3373 2478 3430 per
2509 3353 2776 3411 Herodem
2809 3349 3126 3407 ministrum
3170 3362 3328 3403 suum
3378 3342 3694 3400 interﬁcere
3741 3355 3836 3396 vo-

2229 3449 2334 3504 luit
2366 3427 2578 3518 (Matth.
2614 3461 2676 3512 ιι,
2729 3441 2842 3513 16).
2876 3440 2994 3497 Stat
3034 3439 3196 3494 etiam
3247 3442 3372 3491 ante
3417 3431 3748 3498 mulierem,
3784 3427 3839 3484 id

2227 3546 2309 3594 est
2336 3535 2662 3601 Ecclesiam,
2695 3538 2757 3587 ut
2787 3546 2879 3586 eos
2908 3544 3044 3601 quos
3091 3544 3186 3600 per
3212 3523 3541 3598 baptismum
3588 3519 3723 3576 Deo
3756 3535 3837 3592 ge-

2226 3634 2402 3696 nerat,
2435 3624 2576 3681 male
2608 3617 2889 3679 suadendo
2920 3617 3129 3698 perdat.

2298 3746 2482 3818 (Vers.
2513 3742 2594 3814 ὅ.)
2618 3744 2694 3798 Et
2715 3738 2919 3813 peperit
2937 3737 3108 3811 filium
3136 3732 3444 3789 masculum.
3466 3730 3528 3785 In
3549 3737 3838 3800 quantum

2227 3836 2332 3893 hoc
2369 3835 2437 3892 ad
2485 3834 2785 3892 Dominum
2835 3838 3084 3886 nostrum
3134 3826 3315 3882 Iesum
3347 3821 3624 3881 Christum
3665 3821 3838 3892 perti-

2228 3936 2342 3996 net,
2382 3926 2515 4001 quid
2563 3939 2781 3982 necesse
2809 3922 2918 3978 fuit
2945 3919 3127 3976 dicere
3157 3917 3334 3973 ﬁlium
3367 3911 3678 3970 masculum
3720 3928 3836 3968 mu-

2226 4018 2414 4074 lierem
2463 4013 2756 4088 peperisse,
2806 4026 2932 4069 cum
2985 4024 3176 4065 omnes
3219 4005 3454 4064 sciamus
3510 4001 3837 4056 masculum

2227 4124 2341 4164 esse
2369 4105 2671 4163 Dominum
2701 4110 2951 4158 nostrum
2981 4099 3161 4155 Jesum
3195 4095 3476 4154 Christum
3496 4091 3525 4147 ‘?
3559 4091 3617 4146 ln
3651 4105 3840 4163 quan-

2226 4206 2343 4255 tum
2391 4212 2522 4252 vero
2560 4194 2629 4250 ad
2673 4191 2996 4258 Ecclesiam,
3053 4184 3151 4245 cur
3187 4185 3324 4243 dicit
3356 4182 3668 4240 masculum
3717 4197 3838 4237 eam

2227 4285 2520 4360 peperisse,
2561 4300 2687 4341 cum
2719 4298 2789 4338 ex
2818 4290 3050 4354 utroque
3078 4293 3212 4334 sexu
3259 4274 3406 4331 ﬁlios
3433 4279 3485 4329 et
3513 4270 3663 4326 ﬁlias
3700 4285 3838 4346 quo-

2224 4359 2361 4434 tidie
2388 4378 2501 4433 Deo
2541 4373 2802 4449 generet?
2851 4371 3142 4430 Femineus
3175 4367 3376 4440 quippe
3414 4377 3574 4420 sexus
3602 4359 3839 4434 fragilis

2225 4475 2336 4524 est:
2370 4467 2578 4523 femina
2608 4465 2777 4538 igitur
2808 4480 2928 4537 quae
2964 4457 3290 4518 fortitudine
3335 4454 3509 4511 animi
3540 4461 3838 4525 assumpta

520 4547 655 4606 dum
686 4549 1009 4618 effunditur,
1041 4557 1275 4606 mortem
1305 4548 1530 4606 adducit
1564 4568 1575 4606 ξ
1611 4550 1786 4622 pallor
1811 4559 1992 4606 autem
2020 4558 2116 4606 ῐο-
2145 4568 2193 4627 D
2226 4556 2506 4614 diabolum
2540 4556 2736 4623 vincit,
2769 4562 2932 4626 atque
2960 4568 3056 4624 per
3083 4550 3227 4607 bona,
3272 4562 3437 4619 opera
3465 4546 3573 4600 Deo
3599 4543 3836 4613 placere

520 4647 638 4697 tum
688 4654 887 4711 corpus
943 4638 1232 4696 morientis
1283 4638 1546 4711 cooperit.
1605 4640 1768 4696 Recte
1816 4654 1942 4712 ergo
1989 4639 2118 4696 dia-

517 4725 678 4785 bolus
729 4725 929 4783 habere
971 4727 1183 4784 dicitur
1226 4730 1468 4786 colorem
1517 4728 1748 4797 mortis;
1804 4729 1934 4802 quia
1963 4729 2115 4786 illius

519 4815 734 4874 invidia
764 4833 911 4875 mors
940 4817 1196 4876 introivit
1220 4819 1277 4874 in
1325 4818 1511 4875 orbem
1551 4826 1820 4874 terrarum
1863 4819 2016 4892 (Sap.
2050 4837 2112 4888 ιι,

516 4906 610 4979 24)
647 4925 660 4966 ε
705 4923 800 4980 per
826 4916 1032 4982 septem
1071 4925 1202 4965 vero
1235 4909 1414 4982 capita
1454 4910 1694 4982 reprobi,
1747 4911 1949 4983 quibus
1986 4909 2114 4966 dia-

515 4999 678 5060 bolus
731 4999 798 5056 ad
847 4999 1234 5072 decipiendum
1287 5017 1458 5074 genus
1503 5001 1804 5059 humanum
1849 5019 1981 5058 usus
2009 5011 2109 5070 est,

516 5087 894 5162 designantur.
927 5088 1248 5146 Diademata
1273 5089 1476 5162 regiam
1507 5090 1625 5163 ejus
1653 5098 1974 5164 potestatem
2005 5089 2112 5146 de-

513 5184 772 5257 signant;
823 5184 941 5256 ipse
977 5191 1059 5240 est
1104 5183 1251 5239 enim
1302 5200 1422 5255 rex,
1473 5185 1616 5242 sicut
1657 5185 1794 5242 dicit
1831 5185 2113 5256 Scriptura

518 5274 640 5348 (Job
668 5292 784 5345 xu,
833 5275 951 5345 25),
1002 5289 1166 5347 super
1210 5291 1400 5331 omnes
1445 5274 1591 5332 ﬁlios
1635 5275 1926 5348 Superbiae.
1973 5277 2111 5334 Nam

514 5365 659 5424 sicut
687 5381 784 5439 per
800 5372 1007 5440 septem
1037 5381 1245 5422 cornua
1265 5365 1411 5438 Agni
1439 5382 1630 5422 omnes
1659 5366 1818 5423 electi
1841 5365 2112 5440 designati

515 5464 666 5522 sunt,
703 5473 842 5531 quos
888 5457 948 5514 in
975 5462 1182 5529 septem
1215 5462 1424 5528 partem
1461 5455 1755 5514 divisimus
1787 5473 1801 5524 ;
1835 5456 1912 5513 ita
1937 5465 1991 5514 et
2018 5474 2113 5530 per

517 5554 724 5620 septem
775 5547 954 5622 capita
981 5546 1238 5604 draconis
1266 5546 1508 5622 reprobi,
1556 5546 1653 5620 qui
1701 5546 1780 5603 eis
1808 5546 1867 5604 in
1895 5547 1986 5604 via
2012 5548 2112 5608 Dei

518 5635 792 5694 adversati
812 5645 961 5706 sunt,
995 5635 1378 5711 designantur.
1407 5636 1655 5695 Primum
1685 5653 1922 5713 namque
1951 5645 2116 5713 caput

516 5721 773 5782 draconis
821 5725 1046 5784 fuerunt
1088 5725 1329 5803 reprobi,
1372 5726 1467 5802 qui
1513 5736 1640 5786 ante
1680 5726 1954 5789 diluvium
1985 5729 2117 5788 fue-

2226 4645 2428 4715 studet,
2477 4662 2590 4702 non
2629 4644 2930 4717 incongrue
2959 4640 3050 4696 vir
3094 4645 3356 4704 vocatur;
3404 4633 3532 4709 quia
3561 4631 3835 4705 quamvis

2223 4753 2449 4810 corpore
2478 4736 2552 4793 sit
2581 4733 2806 4802 femina,
2840 4733 3044 4788 virtute
3073 4737 3257 4786 tamen
3286 4724 3464 4782 animi
3493 4722 3624 4778 viris
3664 4721 3838 4778 bouis

2222 4835 2554 4902 coaequatur.
2595 4824 2791 4881 Mulier
2823 4824 3007 4896 itaque
3055 4819 3360 4876 masculum
3408 4812 3658 4888 peperit:
3703 4811 3838 4886 quia

2223 4900 2623 4990 ejusvmembra
2651 4930 2814 4988 quem
2857 4911 3014 4968 beata
3041 4909 3212 4966 Maria
3240 4907 3396 4978 virgo
3431 4900 3662 4976 peperit,
3699 4918 3839 4976 quo-

2222 5007 2356 5064 tidie
2386 5004 2635 5062 Ecclesia
2664 5004 2824 5076 parit.
2857 5002 3010 5058 Unus
3038 5015 3165 5072 ergo
3197 4997 3475 5053 masculus
3502 4999 3597 5058 est,
3655 5007 3836 5066 quem

2222 5097 2376 5170 virgo
2406 5096 2578 5152 Maria
2605 5094 2835 5167 peperit,
2863 5100 2916 5148 et
2945 5090 3189 5148 Ecclesia
3219 5086 3467 5162 quotidie
3496 5082 3664 5155 parit;
3703 5083 3842 5155 quia

2220 5187 2475 5245 Christus
2504 5201 2630 5241 cum
2664 5181 2925 5239 omnibus
2955 5180 3216 5237 membris
3246 5178 3361 5234 suis
3389 5191 3533 5230 unus
3561 5170 3840 5229 Christus

2221 5285 2320 5335 est.
2360 5277 2462 5346 Qui
2491 5281 2731 5330 recturus
2777 5273 2878 5328 erit
2918 5288 3091 5328 omnes
3133 5275 3301 5341 gentes
3349 5267 3405 5321 in
3439 5265 3584 5334 virga
3607 5260 3838 5330 ferrea.

2220 5370 2335 5426 Hoc
2349 5367 2598 5441 superius
2614 5367 2753 5436 (cap.
2780 5382 2820 5420 ιι
2842 5380 2975 5419 vers.
2997 5363 3086 5432 17)
3100 5361 3311 5418 dictum
3331 5364 3431 5414 est.
3451 5359 3523 5415 Et
3540 5360 3744 5423 raptus
3761 5359 3842 5406 est

2221 5459 2365 5531 filius
2404 5458 2516 5529 ejus
2559 5455 2629 5512 ad
2673 5456 2864 5522 Deum,
2896 5459 2946 5510 et
2986 5453 3057 5509 ad
3087 5453 3334 5508 thronum
3361 5449 3495 5520 ejus.
3536 5445 3654 5502 Hoc
3691 5452 3844 5502 tunc

2223 5549 2514 5624 impletum
2558 5554 2661 5614 est,
2712 5543 2931 5620 quando
2960 5540 3376 5618 quadragesima
3401 5537 3493 5594 die
3522 5542 3840 5610 postquam

2224 5638 2546 5707 resurrexit,
2578 5634 2826 5696 ascendit
2855 5635 2915 5692 in
2943 5634 3164 5692 calum.
3212 5629 3522 5703 Rapiuntur
3563 5624 3837 5699 quotidie

2223 5728 2327 5788 ﬁlii
2355 5727 2640 5797 Ecclesiae,
2692 5726 2749 5784 id
2776 5733 2877 5795 est,
2921 5721 3165 5783 membra
3203 5718 3410 5780 Christi
3457 5715 3522 5774 ad
3554 5717 3744 5775 Deum
3777 5724 3834 5770 et
