4026 6172
157 313 260 375 961

1050 295 1505 362 BERENGAUDI
1542 292 1914 354 EXPOSITIO
1953 285 2026 347 IN
2062 277 2568 346 APOCALYPSIN.

3361 269 3465 332 962

154 445 226 502 ad
256 443 522 502 thronum
551 439 691 513 ejus,
723 452 849 497 cum
879 442 1002 508 post
1030 440 1266 491 mortem
1286 429 1356 487 ad
1383 426 1624 488 ccclestia
1644 440 1760 498 per-
1789 425 1841 485 A
1869 419 1961 492 qui
2011 418 2207 474 seducit
2251 415 2552 472 universum
2605 411 2781 467 orbem
2812 426 2830 464 :
2878 414 2925 463 et
2964 403 3232 478 projectus
3284 408 3358 457 est
3408 402 3466 455 in

155 535 460 592 ducuntur.

231 624 414 696 (Vera.
469 619 548 693 6.)
581 620 655 676 Et
681 617 874 675 mulier
904 614 1042 688 fugit
1070 613 1126 670 in
1154 611 1509 679 solitudinem,
1538 607 1628 664 ubi
1655 607 1762 663 ha-

157 725 236 780 bet
265 725 433 780 locum
458 725 710 794 paratum
733 735 768 773 a
794 717 923 785 Deo,
962 721 1018 770 ut
1051 713 1124 769 ibi
1149 717 1372 785 pascant
1399 711 1554 766 illam
1581 705 1760 762 diebus

155 815 304 871 mille
349 813 586 869 ducentis
629 808 926 880 sexaginta.
957 803 1322 862 Solitudinem
1356 801 1637 860 Christum
1667 815 1760 854 vo-

157 912 289 973 cat;
325 902 568 960 solitudo
597 900 802 973 quippe
833 896 1060 964 dicitur,
1093 912 1157 952 eo
1190 892 1338 968 quod
1389 892 1506 948 sola
1543 890 1635 958 sit,
1671 888 1762 945 de-

157 1003 304 1055 serta
334 994 404 1050 ab
434 991 871 1048 habitatoribus:
920 987 1180 1044 similiter
1207 992 1261 1041 et
1292 983 1546 1041 Christus
1585 981 1760 1037 deser-

158 1096 248 1145 tus
300 1094 382 1141 est
421 1100 453 1138 a
497 1081 634 1150 suis,
683 1081 826 1137 sicut
871 1076 1204 1150 evangelista
1238 1074 1503 1148 loquitur,
1535 1071 1758 1129 dicens:

175 1176 284 1232 «In
336 1172 558 1247 propria
613 1169 768 1226 venit
802 1213 816 1238 ,
872 1177 924 1225 et
979 1167 1064 1223 sui
1101 1181 1228 1222 eum
1290 1180 1400 1219 non
1444 1166 1765 1232 receperunt

162 1266 345 1338 (Joan.
378 1280 416 1330 ι,
454 1261 592 1333 ii)»
620 1261 691 1316 Et
718 1275 814 1330 per
835 1256 1155 1330 prophetam
1189 1252 1453 1325 loquitur,
1473 1248 1761 1316 Dominus,

158 1356 350 1413 dicens
375 1371 386 1409 :
431 1377 450 1400 ε
480 1351 744 1408 Torcular
772 1348 982 1406 calcavi
1011 1347 1182 1414 solus,
1212 1352 1266 1400 et
1285 1343 1351 1399 de
1381 1339 1633 1414 gentibus
1653 1353 1763 1394 non

159 1455 240 1504 est
273 1445 362 1500 vir
388 1459 604 1499 mecum
637 1441 772 1512 (Isa.
813 1454 971 1503 Lxm,
1013 1435 1092 1506 3).
1138 1459 1157 1483 ι
1201 1430 1398 1488 Mulier
1429 1429 1597 1502 igitur
1625 1427 1766 1500 fugit

162 1537 221 1592 in
258 1533 621 1591 solitudinem
657 1549 670 1598 ;
705 1529 834 1602 quia
855 1525 1088 1600 apostoli
1111 1531 1164 1580 et
1191 1521 1375 1580 casteri
1395 1516 1673 1591 discipuli,
1697 1533 1766 1573 ex

161 1625 366 1700 quibus
421 1630 556 1678 tunc
613 1619 899 1676 constabat
958 1613 1224 1682 Ecclesia,
1284 1610 1477 1667 relicto
1520 1605 1765 1670 diabolo,

161 1697 486 1787 relictisque
538 1709 799 1768 omnibus
855 1723 975 1780 quas
1032 1701 1428 1778 possidebant,
1483 1697 1764 1756 Christum

1871 524 2092 585 terram,
2121 522 2168 571 et
2191 512 2362 586 angeli
2398 509 2509 580 ejus
2547 524 2664 564 cum
2694 522 2750 561 eo
2788 503 2967 560 missis
2991 507 3132 558 sunt.
3163 500 3328 557 Recte
3357 496 3469 552 dia-

1871 606 2032 663 bolus
2085 621 2307 677 serpens
2352 609 2601 666 vocatur,
2658 596 2775 653 sive
2821 592 2968 666 quod
3015 607 3111 664 per
3163 596 3469 662 serpentem

1872 696 2114 772 primum
2147 693 2424 749 hominem
2457 687 2752 762 deceperit,
2782 684 2901 740 sive
2929 681 3077 757 quod
3109 694 3326 736 veneno
3359 692 3471 733 suae

1875 768 2098 842 malitiae
2130 800 2297 857 genus
2329 781 2630 837 humanum
2676 772 2996 849 perdiderit.
3048 768 3313 827 Diabolus
3338 781 3470 821 vero

1874 877 2264 949 interpretatur
2314 873 2569 929 deorsum
2618 883 2823 924 ruens:
2891 862 3003 919 ruit
3044 859 3245 933 quippe
3291 853 3471 929 primo

1874 982 1971 1039 per
2015 944 2322 1038 superbiam
2372 961 2439 1016 de
2483 958 2655 1024 coelo;
2707 953 2820 1011 ruit
2849 959 3054 1025 postea,
3103 964 3230 1006 cum
3261 944 3329 1001 ab
3367 944 3472 1001 ele-

1876 1033 2099 1113 ctorum
2139 1053 2397 1110 cordibus
2450 1067 2546 1123 per
2579 1046 2859 1106 Christum
2909 1041 3154 1114 dejectus
3199 1044 3299 1105 est,
3329 1033 3473 1092 sicut

1875 1163 2112 1220 praesens
2156 1142 2428 1214 scriptura
2479 1139 2842 1194 demonstrat.
2890 1131 3114 1187 Satanas
3161 1133 3342 1182 autem
3390 1123 3471 1179 in-

1878 1243 2208 1310 terpretatur
2255 1229 2594 1296 contrarius;
2653 1221 2963 1282 contrarius
3013 1226 3093 1274 est
3143 1216 3290 1272 enim
3336 1216 3469 1283 Deo,

1877 1300 2240 1400 omnibusque
2276 1323 2436 1380 bonis
2471 1317 2813 1377 hominibus.
2855 1313 2952 1370 Vae
2981 1300 3096 1367 illis
3135 1307 3335 1380 quibus
3362 1303 3472 1359 dia-

1877 1421 2035 1477 bolus
2063 1394 2272 1474 amicus
2301 1415 2416 1471 est!
2465 1428 2591 1468 nam
2635 1415 2840 1482 quanto
2870 1401 3106 1474 amplius
3136 1405 3217 1454 est
3247 1394 3476 1454 cuilibet

1877 1512 2108 1577 amicus,
2158 1514 2312 1563 tanto
2343 1501 2609 1576 ampliora
2656 1500 2705 1555 ei
2745 1502 3017 1553 tormenta
3059 1487 3290 1562 ingerit;
3342 1482 3478 1540 infe-

1879 1599 1959 1654 lix
1988 1606 2070 1653 est
2095 1573 2251 1652 enim
2301 1573 2544 1649 amicitia
2587 1586 2814 1644 diaboli.
2861 1581 3019 1652 Quod
3063 1586 3244 1635 autem
3289 1573 3471 1654 dicit_:

1882 1689 1985 1756 Qui
2028 1686 2224 1742 seducit
2269 1683 2569 1739 universum
2611 1677 2806 1744 orbem,
2857 1687 3092 1745 presens
3133 1675 3348 1738 tempus
3377 1642 3476 1736 prb

163 1805 338 1862 secuti
364 1756 496 1859 s‘ilnt
527 1801 740 1874 (Matth.
771 1756 896 1866 xxx:
927 1756 1061 1867 27).r
1066 1795 1169 1850 Per
1197 1792 1314 1849 dies
1337 1756 1468 1846 vero
1499 1787 1650 1844 mille
1671 1786 1767 1843 du-
1805 1793 1844 1851 Β
1880 1776 2158 1851 praeterito
2188 1772 2391 1846 posuit.
2424 1770 2729 1826 Seduxerat
2750 1772 2929 1820 autem
2960 1775 3127 1834 genus
3147 1756 3473 1821 humanum,

2005 1866 2019 1874 .
2281 1863 2294 1874 .
2463 1859 2477 1874 .
2551 1858 2560 1868 .
2656 1864 2766 1874 μμ
2810 1872 2817 1874 _
2871 1851 2957 1874 η,
3002 1866 3064 1874 μ,
3109 1861 3294 1874 mm“
3327 1848 3473 1874 Mm

161 1904 354 1955 centos
402 1894 687 1966 sexaginta
736 1898 949 1962 tempus
992 1904 1100 1960 quo
1146 1884 1395 1943 Christus
1424 1877 1764 1954 prandicavit,

163 1987 512 2062 designatur.
562 1981 812 2039 Pascitur
854 1995 981 2051 ergo
1019 1976 1220 2032 mulier
1247 1973 1442 2030 diebus
1472 1970 1624 2025 mille
1650 1967 1766 2024 du-

161 2059 344 2138 centis
388 2076 715 2150 sexaginta;
756 2072 886 2147 quia
920 2068 1152 2144 apostoli
1182 2076 1236 2124 et
1265 2064 1446 2124 caeteri
1483 2059 1763 2133 discipuli,

161 2193 234 2234 ex
280 2173 506 2249 quibus,
557 2170 702 2228 sicut
751 2165 1006 2240 superius
1042 2162 1309 2228 diximus,
1358 2157 1606 2215 Ecclesia
1635 2164 1767 2212 tunc

162 2246 473 2331 constabat,
505 2277 602 2335 per
619 2268 730 2317 tres
745 2274 917 2315 annos
944 2264 999 2313 et
1012 2253 1307 2313 dimidium
1337 2248 1570 2322 dapibus
1589 2246 1766 2302 Evan-

166 2355 297 2429 gelii
327 2370 358 2409 a
396 2351 634 2410 Domino
663 2348 802 2423 pasti
824 2353 973 2404 sunt.

239 2451 426 2525 (Vers.
451 2451 528 2518 7.)
560 2450 634 2505 Et
662 2447 862 2518 factum
890 2450 964 2500 est
985 2441 1236 2515 praelium
1261 2449 1507 2509 magnum
1531 2433 1590 2488 in
1617 2434 1762 2505 coelo,

165 2545 396 2603 Michael
445 2548 493 2598 et
544 2540 718 2613 angeli
765 2539 877 2609 ejus
919 2534 1312 2609 prteliabantur
1356 2544 1474 2585 cum
1519 2526 1766 2581 dracone.

165 2637 310 2706 Quia
339 2633 592 2708 superius
620 2630 967 2688 nativitatem
998 2634 1052 2684 et
1081 2621 1530 2699 praedicationem
1561 2614 1795 2692 Christi.

165 2706 424 2783 breviter
461 2719 900 2796 comprehendit,
950 2729 1290 2789 consequens
1337 2719 1420 2768 est
1449 2717 1510 2766 ut
1531 2706 1771 2781 qualiter

169 2833 268 2891 per
297 2795 607 2889 passionem
637 2829 790 2869 suam
820 2808 1105 2866 diabolum
1130 2805 1286 2872 vicit,
1312 2800 1623 2873 subjungat.
1657 2795 1772 2853 Mi-

167 2887 325 2963 chael
379 2903 476 2978 qui
532 2903 941 2974 interpretatur,
1003 2896 1126 2971 quis
1175 2902 1238 2950 ut
1271 2894 1438 2959 Deus;
1489 2887 1770 2947 Christum

167 2995 466 3070 signiﬁcat.
501 2993 758 3049 Praelium
792 2991 850 3046 in
889 2990 1027 3046 coelo
1048 2987 1254 3042 factum
1290 2991 1392 3049 est,
1412 2978 1469 3035 id
1501 2986 1602 3046 est,
1635 2991 1774 3048 pro-

168 3095 296 3163 pter
321 3087 546 3153 cmlum,
579 3099 679 3156 pro
709 3082 884 3136 salute
907 3076 1166 3134 videlicet
1196 3071 1444 3130 omnium
1474 3069 1770 3124 electorum

169 3155 457 3252 praeliatus
503 3155 594 3230 est,
626 3169 861 3228 Michael
893 3184 1017 3225 cum
1051 3166 1288 3222 dracone
1315 3181 1328 3231 ;
1361 3159 1492 3234 quia
1519 3155 1771 3214 Christus

168 3248 550 3343 pradicando,
602 3260 861 3334 patiendo
906 3268 960 3314 et
1001 3253 1306 3321 moriendo,
1355 3266 1455 3323 pro
1484 3248 1658 3304 salute
1690 3260 1774 3316 ge-

171 3333 327 3415 neris
357 3333 898 3424 humaniipraeliatus
923 3355 1022 3405 est.
1055 3343 1293 3402 Praaliati
1322 3347 1452 3397 sunt
1478 3335 1657 3409 angeli
1678 3333 1778 3390 Mi-

171 3447 413 3512 chaelis,
463 3443 519 3498 id
566 3450 670 3509 est,
699 3437 931 3512 apostoli
962 3436 1165 3495 Christi
1198 3448 1325 3490 cum
1365 3429 1620 3494 dracone,
1645 3441 1778 3497 prae-

170 3534 418 3593 dicando
448 3531 728 3598 videlicet,
752 3528 1018 3586 miracula
1044 3523 1318 3588 faciendo,
1347 3528 1400 3576 et
1422 3518 1492 3575 ad
1520 3517 1778 3572 ultimum

170 3644 276 3701 pro
312 3624 521 3684 Christi
551 3622 776 3679 nomine
796 3616 1104 3675 moriendo.
1138 3617 1212 3671 Et
1239 3614 1401 3668 draco
1425 3608 1719 3682 pugnabat,
1736 3611 1785 3661 et

172 3698 356 3789 angeli
415 3715 548 3785 ejus.
599 3711 875 3785 Pugnavit
914 3709 1078 3764 draco
1115 3714 1169 3761 et
1212 3701 1392 3775 angeli
1435 3698 1554 3771 ejus
1591 3703 1784 3754 contra

172 3787 530 3875 Michaelem,
581 3803 801 3877 quando
847 3799 1100 3857 diabolus
1147 3803 1202 3853 et
1247 3802 1442 3852 caetera
1483 3787 1784 3846 multitudo

176 3874 522 3957 daemonum
551 3874 768 3951 Iudaeos
807 3896 952 3955 548
981 3895 1174 3948 contra
1199 3883 1480 3944 Christum
1511 3874 1784 3937 excitave-

176 4004 339 4065 runt,
377 4003 442 4051 ut
490 4009 615 4050 eum
657 3990 1050 4048 interﬁcerent.
1081 3981 1353 4057 Pugnavit
1378 3988 1432 4037 et
1455 3985 1647 4035 contra
1675 3991 1784 4030 an—

180 4088 336 4159 gelos
355 4083 660 4152 Michaelis,
691 4080 910 4156 quando
940 4076 1216 4151 apostolos
1245 4069 1452 4130 Christi
1483 4075 1534 4124 et
1563 4081 1660 4140 per
1694 4065 1784 4120 Ju-

177 4158 335 4235 deos
378 4185 434 4233 et
479 4192 576 4248 per
622 4190 858 4248 paganos
890 4170 1088 4228 tandiu
1114 4171 1431 4240 persecutus
1458 4158 1585 4228 fuit,
1614 4170 1788 4230 usque

176 4259 324 4328 dum
357 4285 452 4325 eos
479 4266 831 4323 interﬁceret.

259 4359 451 4432 (Vers.
502 4357 582 4430 8.)
614 4359 688 4412 Et
715 4371 820 4410 non
850 4353 1157 4432 valuerunt,
1186 4363 1347 4418 neque
1379 4346 1520 4401 locus
1549 4340 1790 4395 inventus

177 4457 259 4508 est
310 4467 493 4505 eorum
518 4447 749 4520 amplius
779 4447 833 4501 in
862 4446 1006 4500 ccclo.
1037 4425 1159 4499 Non
1190 4437 1368 4494 valuit
1397 4433 1652 4490 diabolus
1683 4444 1792 4485 ne-

179 4557 299 4616 que
346 4539 590 4595 ministri
638 4536 756 4609 ejus
800 4534 1021 4590 vincere
1057 4529 1340 4589 Christum
1387 4539 1489 4582 nec
1517 4520 1792 4596 apostolos

180 4633 355 4704 ejus;
415 4629 544 4703 quia
596 4627 743 4684 unde
798 4631 1132 4699 putaverunt
1179 4620 1424 4686 vincere,
1465 4614 1599 4671 victi
1647 4617 1796 4668 sunt.

181 4724 540 4780 Putaverunt
567 4733 803 4793 namque
833 4716 1114 4775 Christum
1146 4729 1203 4768 se
1240 4726 1336 4784 per
1368 4714 1600 4764 mortem
1630 4700 1802 4759 vicis-

185 4832 272 4882 se,
323 4811 419 4868 sed
466 4826 534 4866 ex
565 4817 740 4864 morte
769 4806 886 4880 ejus
915 4820 1116 4862 nomen
1146 4801 1297 4857 illius
1329 4797 1530 4856 claruit
1558 4794 1617 4850 in
1648 4805 1804 4848 mun-

188 4905 291 4962 do.
353 4903 474 4959 Non
515 4902 799 4957 valuerunt
852 4914 1000 4969 ergo,
1057 4910 1220 4965 neque
1279 4893 1418 4946 locus
1471 4888 1707 4942 inve-ntus
1734 4885 1813 4936 est

189 5011 384 5050 eorum
440 4991 674 5063 amplius
723 4990 780 5044 in
842 4989 998 5050 ccelo;
1054 4984 1182 5058 quia
1219 4998 1314 5054 per
1362 4976 1807 5051 praedicationem

191 5081 582 5158 apostolorum
635 5089 1068 5148 caterorumque
1119 5079 1435 5128 sanctorum
1490 5083 1521 5121 a
1550 5063 1808 5122 cordibus

192 5177 531 5240 electorum,
590 5170 686 5244 qui
740 5185 835 5243 per
890 5167 1089 5225 coelum
1147 5160 1538 5233 designantur,
1594 5149 1810 5224 expulsi

313 5271 354 5319 ι.

313 5282 354 5319 ι.

193 5282 466 5426 maius.
524 5349 608 5421 9.)
665 5349 739 5405 Et
777 5343 1044 5420 projectus
1103 5347 1178 5398 est
1231 5339 1324 5396 ille
1369 5338 1528 5393 draco
1569 5345 1809 5404 magnus,

193 5459 424 5518 serpens
471 5441 747 5513 antiquus,
805 5437 897 5510 qui
945 5441 1167 5493 vocatur
1203 5429 1445 5489 diabolus
1484 5433 1531 5483 et
1561 5427 1812 5488 Satanas,

278 5643 603 5722 (l5)Codex
623 5645 806 5710 Gem.,
835 5642 1104 5702 Gaudium
1131 5643 1207 5698 est
1233 5633 1433 5712 angelis
1463 5632 1560 5692 Dei
1582 5629 1642 5689 in
1669 5629 1813 5687 caelo.

1878 1848 2025 1941 quod
2072 1881 2167 1937 per
2217 1863 2404 1919 orbem
2448 1858 2768 1930 designatur
2808 1872 2819 1910 :
2868 1851 2963 1908 sed
2999 1866 3069 1906 ex
3108 1861 3300 1918 magna
3327 1848 3479 1916 parte

1875 1931 2017 2013 illud
2051 1931 2148 2028 per
2179 1952 2464 2012 Christum
2499 1947 2774 2004 amiserat.
2801 1939 3086 2012 Projectus
3114 1943 3196 1992 est
3221 1950 3347 2007 ergo
3367 1931 3479 1988 dia-

1874 2025 2118 2102 bolus-et
2145 2041 2327 2114 angeli
2361 2039 2482 2111 ejus
2513 2040 2571 2094 in
2601 2044 2842 2100 terram;
2889 2030 3018 2105 quia
3047 2027 3116 2084 ab
3157 2025 3348 2082 electis
3375 2035 3482 2077 ex-

1875 2137 2087 2212 pulsus,
2119 2134 2263 2192 solos
2290 2131 2572 2206 reprobos,
2605 2127 2700 2202 qui
2730 2142 2826 2200 per
2854 2131 3061 2179 terram
3092 2117 3471 2192 designantur,

1876 2227 2140 2302 possedit.

1951 2327 2132 2401 (Vers.
2167 2323 2279 2396 i0.)
2321 2325 2395 2380 Et
2426 2316 2611 2377 audivi
2654 2330 2824 2372 vocem
2863 2325 3111 2384 magnam
3149 2306 3212 2363 de
3239 2305 3365 2362 calo
3403 2302 3482 2360 di-

1875 2425 2101 2474 centem:
2157 2416 2311 2473 Nunc
2361 2411 2506 2483 facta
2551 2415 2624 2465 est
2671 2406 2818 2462 salus
2863 2410 2912 2459 et
2959 2401 3135 2457 virtus
3172 2403 3220 2453 et
3265 2410 3485 2468 regnum

1877 2508 1976 2565 Dei
2001 2505 2192 2574 nostri,
2235 2509 2282 2560 et
2322 2507 2550 2576 potestas
2599 2496 2796 2558 Christi
2837 2494 2971 2566 ejus.
3027 2492 3154 2550 Vox
3192 2503 3387 2561 magna
3417 2484 3484 2542 de

1877 2597 2014 2655 caelo
2042 2612 2154 2652 vox
2179 2573 2266 2650 est
2294 2573 2612 2665 angelorum
2658 2603 2757 2660 pro
2785 2585 2962 2640 salute
3009 2579 3222 2655 generis
3251 2573 3481 2632 humani

1881 2685 2260 2761 gaudentium,
2293 2664 2577 2751 Deumque
2622 2672 2993 2738 laudantium,
3039 2668 3183 2724 sicut
3212 2664 3349 2721 dicit
3377 2664 3482 2718 Do-

1880 2751 2065 2834 minus
2087 2773 2145 2829 in
2165 2768 2486 2842 Evangelia:
2508 2793 2525 2815 -
2540 2763 2820 2824 Gaudium
2841 2759 3022 2831 majus
3035 2764 3120 2814 est
3140 2755 3198 2812 in
3219 2751 3480 2824 omlo(15)

1882 2887 2045 2944 super
2093 2884 2208 2924 uno
2263 2870 2548 2938 peccatore
2607 2853 2988 2932 pcenitentiam
3051 2856 3263 2924 agente,
3322 2860 3484 2920 quam

1881 2937 2044 3034 super
2071 2937 2375 3030 nonaginta
2404 2966 2606 3009 novem
2631 2947 2819 3021 justis,
2845 2943 2941 3019 qui
2964 2957 3078 2998 non
3101 2937 3352 3009 indigent
3378 2949 3486 3008 pos-

1884 3048 2120 3108 nitentia
2152 3047 2306 3119 (Luc.
2347 3060 2447 3112 xv,
2495 3041 2576 3113 7).
2621 3063 2639 3088 ι
2684 3038 2981 3094 Possumus
3008 3046 3106 3104 per
3150 3042 3323 3086 unum
3353 3040 3491 3098 pec-

1809 3163 1851 3224 C
1887 3149 2128 3200 catorem
2160 3135 2424 3210 p0pulum
2477 3129 2760 3203 gentilem,
2806 3140 2902 3198 per
2943 3118 3243 3192 nonaginta
3289 3130 3490 3172 novem

1884 3236 2066 3310 justos
2091 3231 2310 3289 Iudaeos
2338 3226 2648 3297 intelligere
2681 3239 2694 3278 :
2725 3219 2821 3294 qui
2861 3217 2932 3274 ad
2957 3211 3336 3274 centenarium
3376 3223 3491 3265 nu—

1891 3342 2107 3384 merum
2126 3339 2238 3379 non
2258 3318 2610 3394 perveniunt,
2637 3313 2767 3387 quia
2797 3308 3075 3367 neminem
3100 3304 3169 3362 ad
3190 3302 3490 3377 perfectum

1889 3414 2124 3473 adduxit
2179 3387 2277 3468 lex
2325 3409 2506 3481 (Hebr.
2548 3422 2649 3470 vn,
2700 3401 2827 3474 19);
2884 3397 3059 3455 multo
3114 3394 3262 3450 enim
3313 3387 3492 3462 majus

1892 3505 2154 3582 gaudium
2202 3502 2409 3558 factum
2451 3505 2532 3554 est
2581 3496 2639 3551 in
2673 3493 2810 3551 coelo
2856 3489 2926 3548 de
2965 3483 3326 3545 conversione
3366 3497 3491 3554 gen-

1891 3569 2034 3652 tium
2083 3607 2245 3666 quam
2293 3590 2361 3646 de
2399 3585 2716 3644 Judaeorum
2756 3573 3252 3637 observationibus.
3296 3571 3360 3628 In
3403 3569 3494 3627 de-

1888 3661 2130 3760 jectione
2161 3683 2334 3756 igitur
2372 3677 2581 3737 diaboli
2625 3674 2770 3730 facta
2802 3678 2884 3727 est
2929 3667 3077 3724 salus
3103 3661 3446 3722 credentium
3476 3675 3490 3716 :

1892 3751 2221 3848 acceperunt
2276 3770 2445 3827 etiam
2492 3767 2757 3823 virtutem
2804 3755 3067 3816 vincendi
3115 3751 3418 3818 diabolum,
3465 3763 3498 3804 a

1894 3881 2004 3939 quo
2024 3839 2191 3918 antea
2237 3859 2374 3916 victi
2409 3855 2739 3914 tenebantur
2769 3850 2910 3923 (16).
2961 3849 3190 3904 Factum
3218 3849 3300 3900 est
3333 3839 3496 3896 nihi-

1892 3952 2136 4010 lominus
2183 3965 2411 4023 regnum
2441 3946 2543 4005 Dei
2571 3941 2775 4008 nostri;
2813 3939 2944 4013 quia
2981 3937 3040 3993 in
3070 3934 3279 4008 quibus
3302 3929 3489 3987 diabo-

1894 4045 1982 4101 lus
2032 4020 2310 4116 regnabat,
2370 4038 2536 4111 coepit
2601 4048 2824 4107 regnare
2861 4031 3038 4096 Pater,
3085 4033 3140 4082 et
3192 4020 3388 4087 Filius,
3441 4024 3499 4073 et

1896 4106 2135 4209 Spirith
2185 4106 2406 4188 sanctus
2439 4106 2474 4183 ε-
2503 4125 2646 4182 facta
2667 4106 2750 4179 est
2772 4129 2826 4177 et
2849 4125 3086 4192 potestas
3113 4109 3320 4209 Christi
3349 4106 3490 4206 ejus,

1898 4196 2024 4284 cum
2073 4239 2164 4280 eos
2192 4237 2330 4295 quos
2357 4215 2608 4275 diabolus
2656 4209 2988 4286 possidebat,
3027 4202 3193 4275 cmpit
3237 4196 3493 4295 Christus

1898 4288 2227 4389 possidere:
2263 4310 2400 4380 Quia
2458 4304 2722 4379 projectus
2787 4306 2861 4356 est
2911 4300 3188 4353 accusator
3250 4288 3493 4360 fratrum

1897 4366 2221 4470 nostrorum,
2266 4366 2368 4470 qui
2405 4366 2684 4454 accusabat
2710 4391 2835 4447 illos
2882 4391 3003 4443 ante
3042 4385 3369 4452 conspectum
3399 4366 3502 4433 Dei

1901 4495 2072 4553 nostri
2099 4495 2180 4550 die
2210 4508 2272 4549 ac
2297 4495 2461 4546 nocte.
2506 4486 2851 4543 Accusantur
2880 4470 3036 4533 noxii
3066 4470 3320 4528 homines
3346 4465 3497 4541 apud

1903 4588 2137 4662 judices,
2167 4599 2293 4642 cum
2323 4594 2514 4637 eorum
2555 4575 2761 4633 scelera
2803 4567 2884 4625 eis
2929 4563 3392 4622 manifestantur:
3444 4556 3506 4614 in

1912 4649 2207 4752 conspectu
2252 4691 2385 4732 vero
2431 4671 2553 4737 Dei,
2595 4666 2691 4741 qui
2736 4677 2848 4719 non
2886 4659 3065 4716 solum
3110 4655 3274 4721 facta,
3317 4649 3412 4708 sed
3451 4653 3508 4707 et

1913 4743 2147 4844 cogitata
2191 4763 2520 4829 considerat,
2551 4751 2826 4832 quomodo
2854 4747 3110 4807 diabolus
3138 4743 3380 4816 aliquem
3421 4753 3508 4798 ac.

1915 4829 2102 4923 cusare
2138 4856 2360 4933 potest?
2413 4850 2519 4909 Sed
2565 4829 2885 4905 accusamur
2931 4838 2990 4894 in
3037 4840 3340 4910 conSpectu
3384 4829 3508 4896 Dei,

1916 4971 2041 5012 cum
2063 4919 2350 5025 peccamus
2374 4963 2386 5001 :
2420 4947 2638 5000 accusat
2659 4943 2714 4994 et
2732 4932 3007 5000 diabolus,
3031 4944 3161 4988 cum
3187 4925 3247 4982 in
3276 4919 3511 4998 peccatis

1918 5046 2060 5102 male
2088 5037 2366 5099 suadendo
2393 5031 2604 5105 dejicit.

1994 5153 2175 5225 (Vers.
2210 5147 2325 5219 il.)
2371 5146 2446 5202 Et
2471 5140 2576 5214 ipsi
2612 5138 2850 5194 vicerunt
2889 5147 3006 5190 eum
3038 5133 3260 5225 propter
3287 5118 3508 5225 'sangui-

1920 5214 2036 5300 nem
2073 5239 2234 5311 Agni,
2276 5214 2323 5292 et
2351 5239 2574 5308 propter
2601 5228 2817 5285 verbum
2845 5220 3126 5281 testimonii
3154 5215 3256 5273 sui.
3287 5214 3513 5307 Propter

1924 5295 2246 5402 sanguinem
2277 5295 2418 5397 Αέηί
2447 5295 2740 5385 vicerunt;
2789 5316 2918 5389 quia
2949 5304 3253 5379 redemptio
3282 5295 3515 5371 sangui-

1923 5420 2010 5478 nis
2026 5393 2248 5476 Christi
2295 5393 2401 5473 hoc
2439 5410 2680 5472 contulit
2707 5406 2932 5472 sanctis,
2964 5408 3025 5457 ut
3052 5393 3334 5454 diabolum
3361 5403 3499 5463 pos-

1999 5620 2114 5695 (16)
2156 5619 2360 5695 anes
2385 5612 2542 5682 edit.,
2583 5605 2742 5666 vincti
2771 5601 3096 5663 tenebantur,
3145 5608 3336 5653 omnes
3363 5605 3520 5661 mss,

1925 5692 2048 5751 uicti
2076 5692 2397 5749 tenebantur.
