4060 6208
508 314 615 372 963

1536 314 1631 372 AD
1670 312 1904 373 OPERA
1941 315 1997 373 S.
2038 312 2371 374 AMBROSII
2410 313 2788 375 APPENDIX.

3714 320 3823 379 964

504 453 626 501 sent
656 443 899 501 vincere.
930 443 1200 500 Vicerunt
1225 444 1389 503 etiam
1419 454 1643 517 propter
1682 445 1912 501 verbum
1939 446 2105 502 testi-
2130 454 2186 516 Α
2214 447 2361 521 quod
2405 464 2438 503 a
2480 456 2593 504 tam
2633 447 2864 504 immani
2918 445 3076 503 hoste
3130 445 3353 503 liberari
3378 447 3691 504 meruerint
3722 464 3824 522 per

506 537 680 593 monii
720 536 828 603 sui,
880 535 1046 591 ﬁdem
1103 536 1375 592 servando
1433 552 1597 609 quam
1660 537 1894 610 professi
1950 544 2101 606 sunt,

502 642 732 699 eamque
782 624 1040 697 operibus
1095 625 1393 698 implendo.
1443 625 1550 682 Sed
1597 625 1757 682 valde
1808 627 2101 683 obscurum

503 726 584 772 est
614 715 760 788 quod
790 717 1038 787 sequitur
1073 732 1085 771 :
1137 718 1212 772 Et
1238 734 1344 771 non
1386 717 1692 772 dilexerunt
1734 717 1949 773 animas
1978 735 2104 772 suas

502 822 665 876 usque
715 806 786 861 ad
832 812 1071 862 mortem.
1129 806 1416 874 Quomodo
1470 806 1617 863 enim
1666 806 1842 863 sancti
1891 807 2103 862 animas

500 911 627 951 suas
656 912 766 950 non
798 895 1058 968 diligunt,
1085 912 1183 967 pro
1214 913 1444 969 quarum
1475 897 1650 952 salute
1675 895 1846 953 ardua
1874 913 2103 969 quaeque

506 999 572 1038 ac
603 982 856 1039 diﬂicilia
885 984 1212 1057 patiuntur?
1258 984 1545 1052 Quomodo
1589 985 1800 1041 animas
1831 1002 1958 1041 suas
1985 1001 2099 1041 non

499 1071 767 1145 diligunt,
822 1090 922 1145 pro
970 1074 1170 1146 quibus
1216 1074 1537 1146 semetipsos
1579 1074 1806 1146 vigiliis,
1849 1074 2097 1146 jejuniis,

499 1166 841 1223 abstinentia
870 1174 1167 1235 macerant,
1190 1174 1352 1240 atque
1372 1168 1582 1223 caeteris
1612 1166 1917 1222 virtutibus
1948 1182 2100 1221 exer-

499 1255 673 1312 cent?
703 1255 859 1323 Quod
892 1255 937 1310 si
960 1272 1056 1328 per
1080 1256 1320 1310 animam
1343 1257 1512 1311 vitam
1540 1265 1864 1327 praesentem
1895 1254 2100 1311 intelli-

500 1359 625 1416 gere
638 1342 1012 1413 voluerimus;
1043 1346 1166 1419 quis
1185 1353 1409 1403 sanctus
1420 1345 1591 1401 vitam
1606 1362 1759 1401 suam
1784 1361 1895 1401 non
1917 1344 2101 1417 diligit

497 1432 557 1488 in
587 1448 693 1504 qua
721 1431 959 1504 positus,
1003 1434 1155 1490 illam
1198 1437 1472 1491 coelestem
1504 1435 1732 1507 gloriam
1766 1433 1871 1491 sibi
1902 1433 2101 1506 acqui—

499 1520 591 1588 rit,
640 1543 657 1569 σ
693 1537 853 1593 quam
887 1537 990 1579 nec
1020 1524 1212 1579 oculus
1242 1524 1405 1591 vidit,
1432 1540 1532 1579 nec
1557 1522 1705 1578 auris
1733 1521 1966 1587 audivit,
2000 1537 2100 1577 nec

498 1610 614 1667 ulla
659 1626 813 1666 mens
858 1619 1036 1683 potest
1084 1611 1545 1684 comprehendere
1587 1612 1645 1681 (Ι
1670 1611 1794 1667 Cor.
1826 1628 1886 1675 u,
1917 1610 1975 1676 9)
2000 1609 2028 1664 ‘?
2067 1633 2085 1657 ι

497 1702 610 1759 Aut
638 1703 762 1776 quis
790 1704 859 1760 ad
889 1704 1038 1758 illam
1071 1703 1189 1759 sine
1238 1703 1343 1759 ista
1371 1719 1615 1775 unquam
1652 1701 1903 1774 pervenit
1929 1701 1957 1757 7
1995 1702 2099 1757 Lu-

2210 535 2434 592 Domini
2490 536 2742 608 gratiam.
2796 538 2880 595 Va:
2910 542 3065 591 terrae
3088 543 3137 592 et
3165 538 3345 593 mari!
3374 537 3507 607 quia
3554 538 3827 594 descendit

2211 624 2452 679 diabolus
2500 625 2573 679 ad
2620 642 2731 690 vos,
2762 626 2955 681 habens
3006 625 3149 680 iram
3174 643 3443 696 magnam,
3470 626 3642 681 sciens
3666 630 3816 698 quod

2211 714 2472 768 modicum
2518 720 2716 786 tempus
2774 716 2943 771 habet.
2994 716 3292 772 Possumus
3339 731 3433 788 per
3478 724 3688 772 terram
3713 718 3823 773 Ju-

2212 800 2377 869 daeos,
2422 817 2518 873 per
2566 819 2714 857 mare
2757 819 2890 859 vero
2919 820 3159 876 paganos
3189 809 3334 866 549
3353 811 3691 876 ceterosque
3726 821 3824 860 re-

2212 897 2411 970 probos
2448 897 2773 972 intelligere.
2808 900 2905 957 Vae
2933 900 3103 972 igitur
3128 901 3332 958 Judaais
3360 909 3528 975 atque
3556 901 3823 974 gentibus

2211 983 2544 1044 incredulisl
2580 989 2710 1062 quia
2739 998 2961 1062 propter
2990 991 3129 1046 iram
3147 1007 3309 1063 quam
3341 990 3508 1048 habet
3531 990 3818 1063 diabolus,

2210 1093 2275 1133 eo
2290 1078 2437 1151 quod
2458 1078 2755 1136 maximam
2778 1080 3195 1137 multitudinem
3225 1080 3491 1147 amiserit,
3524 1089 3641 1137 tam
3670 1090 3821 1139 atro-

2210 1166 2349 1222 citer
2391 1168 2639 1240 reprobis
2664 1169 3004 1238 dominatur,
3037 1177 3091 1226 et
3119 1170 3178 1225 in
3211 1170 3380 1226 tantis
3407 1169 3640 1242 ﬂagitiis
3664 1169 3822 1243 deji-

2210 1254 2313 1311 cit:
2347 1264 2410 1311 ut
2438 1258 2595 1314 nullo
2622 1258 2787 1314 modo
2813 1258 2966 1331 digni
2997 1259 3109 1315 sint
3139 1266 3407 1332 quatenus
3434 1258 3505 1314 ad
3531 1260 3666 1315 vitae
3701 1261 3823 1318 vias

2211 1352 2558 1401 revertantur
2585 1355 2637 1402 et
2654 1357 2933 1404 sanentur.
2964 1348 3113 1405 Dicit
3140 1348 3309 1404 etiam
3346 1348 3642 1404 diabolum
3671 1349 3819 1405 scire

2209 1438 2357 1512 quod
2411 1439 2689 1495 modicum
2716 1448 2934 1512 tempus
2964 1440 3199 1509 habeat;
3231 1442 3360 1515 quia
3384 1451 3596 1514 quanto
3620 1460 3819 1516 appro-

2209 1529 2480 1601 pinquare
2508 1533 2685 1585 cernit
2712 1530 2857 1586 diem
2884 1529 3265 1601 judicii,tanto
3286 1532 3528 1604 amplius
3552 1533 3818 1589 callidior

2208 1616 2446 1673 eﬂicitur
2473 1617 2542 1673 ad
2564 1617 2917 1690 decipiendos
2952 1618 3224 1674 homines.

2282 1705 2463 1777 (Vers.
2518 1706 2633 1778 13.)
2690 1708 2767 1762 Et
2789 1712 3074 1778 postquam
3099 1708 3234 1763 vidit
3261 1708 3424 1764 draco
3448 1711 3595 1779 quod
3619 1711 3813 1782 projb

499 1811 657 1852 crum
688 1794 836 1850 enim
880 1812 1138 1866 magnum
1179 1795 1394 1851 confert
1441 1791 1646 1849 sanctis
1678 1792 1793 1847 vita
1837 1807 2093 1863 praesens,
2131 1803 2178 1863 Β
2205 1799 2319 1849 ctus
2359 1801 2435 1849 est
2472 1796 2530 1850 in
2560 1802 2781 1864 terram,
2826 1803 3125 1867 persecutus
3152 1804 3231 1852 est
3250 1798 3549 1865 mulierem,
3580 1816 3704 1870 qui:
3728 1819 3811 1873 pe-

494 1883 638 1940 sicut
682 1899 712 1938 e
753 1884 1032 1939 contrario
1079 1882 1325 1956 reprobis
1374 1900 1631 1955 magnum
1677 1881 2091 1939 detrimentum.

501 1969 816 2027 Secundum
848 1979 1034 2027 tamen
1062 1972 1353 2045 quemdam
1382 1973 1610 2029 modum
1658 1978 1806 2028 recte
1831 1971 2097 2028 dicuntur

491 2060 666 2116 sancti
713 2061 886 2117 vitam
930 2077 1079 2118 suam
1128 2062 1258 2119 odio
1304 2060 1538 2131 habere;
1582 2077 1646 2118 eo
1694 2059 1841 2134 quod
1876 2067 2096 2133 propter

492 2165 735 2207 amorem
764 2151 893 2207 vitae
923 2159 1139 2208 aeternae
1171 2153 1227 2208 in
1260 2151 1553 2208 fastidium
1589 2151 1668 2208 eis
1697 2151 1813 2206 vita
1855 2166 2092 2223 praesens

492 2246 762 2310 vertatur,
818 2242 963 2298 sicut
989 2241 1278 2297 Psalmista
1306 2242 1597 2312 deplorans
1625 2239 1842 2296 dicebat
1865 2258 1877 2296 :
1925 2265 1944 2287 ι
1973 2240 2093 2295 Heu

493 2326 671 2383 mihi!
719 2329 851 2401 quia
891 2328 1165 2386 incolatus
1205 2345 1359 2384 meus
1390 2330 1746 2401 prolongatus
1787 2337 1870 2384 est
1913 2329 2086 2401 (Psal.

376 2416 387 2425 ’
492 2433 646 2487 cxrx,
675 2418 758 2490 5).
792 2444 811 2467 ι
875 2420 1147 2476 Dominus
1191 2436 1408 2493 quoque
1458 2420 1596 2476 dicit
1640 2419 1699 2475 in
1746 2418 2086 2492 Evangelia:

505 2539 523 2561 ι
555 2513 661 2581 Qui
693 2522 839 2571 amat
868 2514 1107 2569 animam
1135 2531 1312 2583 suam,
1346 2512 1536 2586 perdet
1569 2528 1686 2570 eam
1721 2531 1734 2569 :
1766 2521 1821 2570 et
1846 2512 1942 2586 qui
1972 2511 2090 2568 odit

491 2602 733 2659 animam
766 2619 919 2660 suam
964 2603 1022 2659 in
1068 2603 1174 2660 hoc
1215 2604 1443 2673 mundo,
1499 2603 1557 2659 in
1606 2603 1782 2660 vitam
1828 2610 2087 2660 aeternam

492 2692 737 2750 custodit
766 2709 884 2749 eam
928 2694 1110 2765 (Joan.
1148 2710 1252 2762 xu,
1285 2694 1402 2766 25).
1435 2719 1453 2742 ι
1513 2693 1654 2751 Cum
1700 2693 1849 2748 enim
1889 2692 1946 2748 in
1983 2691 2089 2749 hoc

498 2782 706 2839 mundo
720 2782 855 2840 dicit
871 2783 1011 2856 (17),
1027 2782 1365 2839 demonstrat
1378 2781 1656 2856 quomodo
1668 2781 2088 2854 hocintelligere

493 2871 809 2929 debeamus.
847 2897 864 2919 ι
888 2872 995 2939 Qui
1022 2880 1170 2927 amat
1198 2871 1417 2944 (igitur)
1439 2871 1681 2948 animam
1710 2887 1864 2926 suam
1895 2870 1953 2925 in
1983 2869 2088 2926 hoc

494 2961 726 3027 mundo,
777 2963 835 3017 in
877 2963 1052 3018 vitam
1078 2967 1337 3017 aeternam
1380 2960 1621 3016 custodit
1661 2975 1801 3028 eam,
1834 2985 1853 3008 ι
1896 2959 1954 3015 id
1982 2969 2085 3029 est,

492 3052 800 3108 secundum
833 3055 1093 3109 saeculum
1124 3051 1313 3123 perdet
1342 3068 1460 3107 eam
1495 3070 1506 3107 :
1555 3076 1574 3098 ι
1602 3058 1657 3107 et
1685 3050 1779 3123 qui
1809 3051 1927 3107 odit
1951 3052 2086 3107 ani-

2200 1884 2346 1955 perit
2364 1887 2676 1942 masculum.
2732 1887 2941 1945 Videns
2969 1887 3225 1945 diabolus
3251 1905 3309 1945 se
3334 1889 3645 1947 maximam
3674 1895 3814 1949 mul-

2205 1972 2501 2031 titudinem
2558 1977 2859 2033 electorum
2915 1976 3186 2047 amisisse,
3245 1986 3300 2034 et
3345 1980 3496 2035 intra
3525 1984 3810 2053 angustias

2202 2061 2454 2118 cordium
2482 2065 2841 2137 reproborum
2867 2082 2983 2122 esse
3011 2068 3355 2136 conclusum,
3387 2078 3716 2140 persecutus
3732 2081 3811 2128 est

2202 2152 2516 2221 mulierem,
2548 2153 2604 2209 id
2633 2161 2716 2209 est
2745 2155 3047 2211 Ecclesiam
3075 2173 3089 2224 ;
3129 2156 3430 2213 concitavit
3452 2158 3608 2214 enim
3641 2160 3812 2233 impe-

2202 2248 2409 2296 ratores
2434 2243 2825 2312 Romanorum,
2858 2260 3187 2318 omnemque
3221 2246 3646 2303 multitudinem
3690 2248 3810 2305 im-

2200 2327 2418 2402 piorum
2448 2328 2516 2384 ad
2544 2331 2979 2404 persequendum
3002 2334 3268 2406 populum
3297 2335 3417 2391 Dei.

2272 2432 2454 2503 (Vers.
2500 2431 2613 2504 i4.)
2663 2435 2737 2490 Et
2779 2435 2917 2490 datm
2941 2441 3065 2490 sunt
3092 2437 3305 2493 mulieri
3332 2437 3451 2493 dua
3476 2439 3583 2494 alte
3608 2441 3810 2511 aquila

2197 2540 2420 2595 magna,
2447 2529 2507 2578 ut
2533 2526 2740 2581 volaret
2765 2526 2823 2581 in
2849 2526 3107 2583 desertum
3144 2528 3204 2583 in
3253 2529 3421 2583 locum
3457 2545 3618 2585 suum
3650 2549 3670 2595 ;
3716 2532 3807 2586 ubi

2197 2613 2366 2668 alitur
2395 2630 2495 2684 per
2542 2619 2760 2684 tempus,
2803 2621 3137 2686 ettempora,
3167 2622 3216 2671 et
3238 2615 3519 2671 dimidium
3544 2620 3804 2689 temporis

2196 2726 2230 2764 a
2276 2708 2412 2779 facie
2455 2710 2726 2781 serpentis.
2780 2711 2882 2766 Per
2925 2712 3167 2785 aquilam
3197 2712 3477 2769 Christum
3505 2729 3808 2785 possumus

2198 2799 2544 2873 intelligere:
2605 2801 2728 2858 duae
2782 2818 2915 2858 vero
2964 2803 3065 2859 alte
3112 2802 3225 2859 duo
3271 2812 3400 2859 sunt
3426 2803 3803 2864 Testamenta.

2196 2889 2328 2944 Duai
2361 2889 2530 2961 igitur
2557 2890 2656 2946 alae
2685 2890 2826 2947 data)
2854 2898 2984 2947 sunt
3010 2891 3254 2961 mulieri,
3287 2892 3416 2965 quia
3442 2891 3553 2949 duo
3597 2894 3806 2951 Testa-

2196 2985 2381 3033 menta
2406 2978 2653 3034 Ecclesia
2678 2980 2889 3052 accepit
2921 2997 2934 3047 ;
2984 2987 3047 3034 ut
3088 2995 3278 3036 eorum
3314 2980 3569 3037 doctrina
3596 2990 3653 3038 et
3679 2982 3803 3040 dia-

2194 3064 2384 3122 bolum
2412 3067 2627 3136 evadat,
2653 3075 2708 3123 et
2736 3067 2806 3124 ad
2830 3070 3108 3126 ccelestem
3139 3069 3371 3142 patriam
3402 3071 3802 3143 quotidiecon-

490 3154 635 3238 Πιεξῐη
677 3156 830 3238 sua"?
865 3139 1075 3238 ίῖιμῗιοο
1104 3139 1332 3210 mundo:
1366 3164 1383 3186 ’
1441 3140 1500 3196 id
1527 3146 1626 3238 εἶξε»
1659 3138 1957 3238 εθοιιηίίιξῖη
2115 3165 2157 3225 C
2192 3160 2434 3215 scendat.
2459 3161 2611 3217 Hanc
2629 3177 2864 3235 namque
2880 3162 3111 3234 patriam
3134 3138 3799 3238 desertumvocat,quem-

488 3229 700 3298 culum,
746 3254 764 3277 ε
794 3229 853 3285 in
884 3229 1055 3285 vitam
1085 3237 1343 3285 aeternam
1374 3228 1616 3286 custodit
1642 3244 1783 3284 eam.
1814 3251 1833 3277 ι
1862 3227 2084 3285 Amato-

488 3334 573 3375 res
602 3318 796 3376 mundi
824 3319 1038 3376 animas
1080 3334 1204 3375 suas
1231 3326 1416 3375 amant
1446 3317 1749 3376 secundum
1784 3319 2079 3386 saeculum;

482 3408 615 3481 quia
643 3407 710 3464 ab
736 3408 839 3465 hac
858 3408 975 3463 vita
995 3408 1250 3481 prasenti
1270 3423 1551 3481 nunquam
1579 3407 1783 3464 vellent
1810 3407 2078 3477 recedere,

484 3506 546 3554 ut
575 3514 788 3570 semper
818 3499 1102 3555 luxuriose
1142 3505 1367 3570 possent
1398 3499 1584 3553 vivere
1616 3497 1755 3568 (18).
1800 3498 1899 3553 Ille
1927 3496 2081 3553 dives

482 3585 723 3641 animam
756 3603 911 3641 suam
941 3587 1243 3643 secundum
1271 3588 1531 3642 saeculum
1563 3584 1845 3656 diligebat,
1877 3584 1974 3658 qui
1997 3584 2077 3641 di-

483 3671 673 3729 cebat:
724 3696 742 3719 «
771 3673 993 3740 Anima,
1025 3673 1193 3728 habes
1220 3674 1391 3728 multa
1420 3673 1567 3729 bona
1607 3673 1785 3745 posita
1811 3674 1871 3729 in
1907 3690 2080 3731 annos

482 3762 772 3835 plurimos,
817 3765 1058 3835 epulare,
1102 3763 1429 3835 jucundare,
1478 3775 1532 3821 et
1560 3764 1756 3821 satiare
1787 3765 1939 3835 (Luc.
1971 3782 2073 3835 xu,

484 3851 597 3923 19).
624 3876 642 3900 ι
700 3850 885 3911 Sancti
932 3868 1062 3910 vero
1091 3854 1186 3926 qui
1217 3854 1416 3910 nolunt
1442 3852 1777 3912 conformari
1820 3853 1954 3911 huic
1980 3872 2073 3912 sre-

478 3940 625 4009 culo,
651 3940 796 3999 sicut
824 3940 961 3999 dicit
989 3941 1289 4014 Apostolus
1322 3942 1501 4015 (Rom.
1521 3959 1626 4011 xu,
1656 3942 1738 4015 2),
1767 3942 1862 4000 sed
1888 3942 2074 3999 refor-

477 4036 617 4093 mari
643 4037 702 4093 in
748 4036 995 4093 noiitate
1021 4053 1211 4094 sensus
1239 4037 1502 4109 spiritalis
1526 4054 1539 4093 :
1569 4038 1665 4111 qui
1693 4054 1805 4094 non
1833 4036 2075 4110 diligunt

474 4127 768 4198 mundum,
798 4146 976 4203 neque
1005 4147 1065 4187 ea
1092 4146 1213 4203 quae
1243 4130 1301 4186 in
1333 4130 1542 4187 mundo
1570 4138 1701 4187 sunt
1730 4132 1789 4203 (Ι
1817 4130 1975 4186 Joan.
2006 4147 2070 4200 ιι,

477 4219 605 4291 15);
641 4221 737 4294 qui
765 4220 963 4277 nolunt
987 4237 1103 4277 esse
1126 4220 1290 4278 amici
1319 4220 1508 4278 saeculi
1536 4218 1722 4292 hujus,
1752 4236 1822 4275 ne
1851 4219 2069 4277 inimici

472 4308 572 4363 Dei
599 4308 1009 4365 constituantur
1039 4310 1179 4382 (Jac.
1210 4327 1288 4378 1v,
1326 4308 1383 4381 4)
1420 4327 1431 4365 :
1466 4308 1594 4365 odio
1621 4308 1827 4365 habent
1855 4307 2069 4364 animas

471 4413 598 4454 suas
626 4398 685 4453 in
724 4398 830 4456 hoc
863 4400 1091 4469 mundo,
1126 4400 1183 4457 id
1212 4408 1315 4469 est,
1346 4417 1459 4456 non
1486 4401 1729 4481 diligunt
1756 4416 1847 4457 eas
1875 4415 2064 4458 secun-

2194 3247 2491 3305 admodum
2539 3258 2593 3306 et
2636 3250 2908 3306 Dominus
2954 3250 3091 3307 dicit
3148 3250 3205 3306 in
3247 3252 3550 3325 Evangelia
3581 3296 3600 3321 ,
3667 3270 3803 3311 cum

2194 3354 2250 3393 se
2278 3339 2579 3411 nonaginta
2607 3354 2807 3395 novem
2829 3353 2961 3395 oves
2990 3337 3048 3393 in
3079 3338 3295 3396 deserto
3323 3339 3469 3395 dixit
3487 3339 3801 3411 dimisisse,

2192 3434 2245 3482 et
2290 3443 2459 3483 unam
2508 3427 2710 3484 abiisse
2755 3442 3019 3502 quaerere,
3051 3443 3171 3499 quae
3197 3436 3472 3484 erraverat
3503 3431 3660 3499 (Luc.
3690 3447 3800 3501 xv,

2188 3513 2330 3588 4-7).
2362 3517 2516 3573 Hanc
2544 3516 2772 3589 patriam
2803 3517 2983 3572 locum
3014 3515 3276 3572 Ecclesiae
3300 3526 3480 3585 vocat,
3509 3517 3658 3574 sicut
3679 3519 3806 3592 ipse

2188 3605 2248 3661 in
2285 3604 2499 3677 judicio
2535 3605 2784 3662 dicturus
2825 3613 2940 3662 est:
3016 3630 3034 3653 ι
3063 3605 3281 3674 Venite,
3311 3605 3587 3663 benedicti
3613 3608 3806 3666 Patris

2187 3696 2316 3763 mei,
2362 3693 2629 3766 percipite
2670 3710 2899 3765 regnum
2942 3692 3089 3767 quod
3129 3693 3288 3750 vobis
3329 3702 3574 3766 paratum
3606 3704 3691 3752 est
3721 3697 3801 3754 ab

2186 3782 2398 3855 origine
2427 3782 2621 3840 mundi
2644 3784 2858 3855 (Matth.
2889 3800 3028 3853 xxv,
3059 3782 3174 3853 34).
3216 3807 3236 3832 ι
3279 3782 3380 3838 Per
3407 3790 3628 3855 tempus
3656 3800 3801 3843 vero

2184 3878 2239 3927 et
2280 3878 2553 3944 tempora,
2602 3878 2657 3928 et
2685 3870 2979 3928 dimidium
3019 3870 3302 3944 temporis,
3335 3878 3553 3944 tempus
3602 3890 3638 3929 a
3669 3890 3800 3947 pas-

2183 3960 2337 4018 sione
2380 3961 2593 4020 Christi
2624 3978 2796 4035 usque
2825 3961 2894 4019 ad
2921 3961 3089 4018 ﬁnem
3120 3960 3316 4017 mundi
3340 3961 3682 4034 designatur.
3715 3964 3791 4021 In

2182 4049 2290 4107 hoc
2317 4067 2445 4124 ergo
2471 4052 2648 4124 spatio
2678 4061 2989 4125 temporum
3013 4050 3211 4108 animae
3229 4058 3563 4119 sanctorum,
3585 4051 3648 4108 id
3677 4062 3792 4122 est,

2180 4145 2447 4215 Ecclesia,
2501 4145 2734 4218 dapibus
2777 4146 2964 4220 gloriae
2993 4145 3231 4204 cmlestis
3258 4146 3451 4220 patriae
3480 4144 3543 4202 in
3567 4148 3793 4204 cmlesti

2179 4234 2519 4292 beatitudine
2548 4245 2866 4309 pascuntur.
3756 4260 3767 4268 -

2251 4333 2559 4405 (Vers.l5.)
2576 4334 2649 4390 Et
2664 4334 2812 4390 misit
2838 4351 3049 4407 serpens
3067 4350 3234 4390 exere
3252 4351 3347 4390 suo
3365 4336 3488 4407 post
3499 4331 3787 4391 mulierem

2176 4438 2377 4492 aquam
2399 4413 2662 4494 tanquam
2679 4425 2893 4494 ﬂumen,
2920 4430 2982 4479 ut
2995 4441 3110 4479 eam
3132 4423 3329 4495 faceret
3344 4423 3524 4479 trahia
3554 4425 3789 4495 ﬂumine

471 4485 608 4589 (Ῑαξη
639 4488 924 4589 εωξξυίῑξῐηι
943 4489 1035 4545 Sed
1063 4491 1366 4589 $901111de
1385 4492 1581 4589 Delli”:
1604 4507 1670 4589 PT
1671 4507 1703 4546 0
1730 4489 1891 4589 cuius
1918 4504 2064 4589 ἦξηο·
2093 4528 2142 4587 D
2174 4511 2405 4567 Flumen
2436 4529 2589 4585 aquai
2622 4512 2894 4569 desideria
2916 4522 3045 4569 sunt
3068 4513 3328 4581 camella;
3350 4513 3546 4569 videns
3568 4514 3786 4586 quippe

469 4589 530 4631 re
557 4582 878 4631 transitoria
916 4585 1117 4634 cuncta
1163 4586 1544 4646 contemnunt,
1594 4587 1657 4635 ut
1684 4595 1774 4635 eas
1803 4582 1863 4634 in
1893 4582 2064 4635 vitam

2203 4600 2427 4658 liabolus
2447 4582 2748 4658 Ecclesiam
2770 4619 2881 4658 non
2902 4619 3058 4675 posse
3078 4602 3242 4675 dejici
3270 4582 3781 4675 persecutionibus,

469 4670 727 4763 ωίῗτηδω
757 4664 1271 4763 θηείοδίθητχΝοη
1317 4667 1634 4763 ἀίίθλθτξωῖ
1680 4667 1850 4763 igitur
1890 4668 2064 4760 δδηθίξ
2174 4690 2267 4746 sed
2298 4692 2482 4763 potius
2510 4707 2750 4748 crescere
2792 4699 2846 4748 et
2874 4664 3161 4759 roborari:
3175 4664 3590 4748 multitudinem
3628 4664 3780 4749 desi:

468 4751 681 4853 Mimas
711 4769 837 4810 ωδε
863 4770 1036 4853 usque
1064 4754 1415 4853 admoneﬂla
1439 4756 1550 4853 fini
1588 4773 1678 4813 eas
1719 4756 1779 4813 in
1808 4764 2064 4853 Ρτεεεθηίξ
2171 4778 2448 4835 deriorum
2479 4781 2784 4836 carnalium
2813 4780 2865 4838 ei
2895 4762 3195 4837 immittere
3221 4780 3418 4848 voluit,
3456 4780 3665 4853 quibus
3679 4777 3777 4838 de-

468 4842 832 4944 VimfF’Y‘ffe
859 4846 1176 4944 Homerum»
1211 4853 1292 4944 ,ιη
1320 4845 1600 4944 (ξδτίδῑ-ιιω
1634 4857 1892 4920 negarem
1921 4867 1932 4904 ³
1965 4848 2059 4944 ⁵Ῠά
2167 4875 2344 4940 cepta,
2376 4868 2445 4925 ad
2474 4870 2617 4926 mala
2645 4886 2808 4942 opera
2843 4872 3049 4944 agenda
3084 4842 3472 4927 retraheretur.

466 4948 567 5006 pro
589 4932 799 4990 Christi
828 4935 1053 4991 nomine
1084 4935 1225 4991 mori
1256 4936 1439 5008 potius
1465 4937 1765 5009 elegerunt,
1797 4945 1858 4994 ut
1883 4954 1971 4995 eas
1999 4938 2058 4993 in

2233 4932 2422 5029 (vers.
2480 4957 2593 5029 16.)
2644 4932 2718 5015 Et
2747 4932 2954 5029 adjubit
2983 4967 3127 5015 terra
3149 4960 3445 5027 mulierem,
3474 4964 3525 5012 et
3548 4955 3775 5028 aperuit

464 5028 636 5083 Vitam
668 5034 923 5083 “emam
966 5028 1300 5086 ίηνθηίΐθηῐ-
2164 5061 2222 5100 os
2253 5028 2452 5112 suum,
2513 5028 2821 5119 etsuscepit
2858 5051 3071 5119 ﬂumen,
3102 5048 3242 5119 quod
3269 5047 3413 5101 misit
3440 5063 3654 5117 serpens
3697 5064 3771 5102 ea:

536 5124 720 5198 (Vers.
760 5124 874 5197 12.)
918 5127 1211 5199 Propterea
1246 5129 1520 5197 lwtamini,
1551 5129 1685 5198 cwl-i,
1715 5135 1763 5184 et
1787 5129 1881 5200 qui
1909 5128 2053 5184 habi-
2162 5150 2252 5189 ore
2282 5151 2394 5190 suo.
2451 5135 2747 5193 Possumus
2785 5153 2880 5209 per
2907 5145 3107 5194 terram
3137 5136 3396 5209 reprobos
3424 5133 3764 5207 intelligam,

460 5215 584 5271 tatis
610 5216 670 5269 in
698 5216 793 5271 eis.
822 5217 1118 5273 Possumus
1142 5234 1237 5290 per
1285 5219 1451 5275 oculos
1479 5226 1533 5275 et
1563 5218 1896 5275 habitatores
1932 5233 2053 5274 cae-
2161 5222 2256 5296 qui
2314 5232 2654 5297 susceptores
2690 5224 2918 5283 fuerunt
2968 5227 3367 5283 desideriorum
3423 5223 3760 5292 carnalium,

460 5306 642 5362 lorum
691 5305 939 5362 diversas
986 5306 1261 5363 Ecclesiae
1288 5307 1614 5379 intelligere,
1663 5322 1783 5379 quae
1811 5321 1921 5361 una
1946 5299 2085 5362 est.‘
2158 5311 2362 5387 quibus
2391 5312 2645 5370 diabolus
2676 5316 2864 5373 ﬁdeles
2912 5317 3126 5373 irretire
3166 5316 3347 5372 voluit
3374 5323 3429 5371 et
3451 5313 3520 5371 ad
3549 5329 3606 5370 se
3636 5330 3759 5386 per-

458 5394 793 5469 Prmcipitur
841 5395 1014 5468 igitur
1063 5394 1196 5453 ﬁliis
1249 5396 1508 5453 Ecclesiae
1558 5404 1619 5453 ut
1666 5396 1940 5464 laetentur,
1983 5410 2048 5451 eo
2155 5396 2392 5459 trahere.
2430 5403 2726 5471 Possumus
2765 5404 3056 5489 etiamper
3078 5403 3323 5462 eamdem
3350 5412 3552 5461 terram
3591 5401 3754 5460 Chri-

531 5535 651 5607 (17)
683 5535 927 5616 Aberant
951 5535 1021 5616 ab
1048 5535 1206 5605 edit.,
1239 5535 1511 5616 cumenim
1540 5535 1595 5592 in
1624 5537 1718 5593 hoc
1744 5534 1939 5593 "tundo
2228 5537 2344 5611 (18)
2393 5538 2569 5616 Edit.,
2608 5540 2697 5597 sed
2736 5558 2935 5616 semper
2974 5542 3247 5602 luxuriose
3263 5542 3348 5599 hic
3371 5541 3586 5608 vivere;
3609 5555 3748 5600 mss.

456 5605 736 5681 citusque
779 5607 849 5664 ad
877 5615 1141 5664 amatores
1188 5607 1416 5681 mundi:
1461 5622 1581 5681 qua:
1618 5624 1719 5667 nos
1759 5626 1789 5667 e
1831 5607 2046 5665 cunctis
2152 5605 2285 5668 vero
2316 5605 2469 5669 utin
2497 5605 2779 5672 contextu.

456 5689 585 5734 mss.
617 5676 678 5732 in
706 5677 888 5735 locum
917 5695 1077 5735 suum
1103 5678 1467 5750 reposuimus.
