4060 6208
226 341 331 403 965

1122 335 1577 401 BERENGAUDI
1614 334 1988 398 EXPOSI’I‘IO
2026 341 2098 398 IN
2136 335 2638 398 APOCALYPSIN.

3410 345 3532 402 966

226 481 372 529 stum
423 470 766 544 intelligere;
811 477 866 527 et
910 468 1040 544 quia
1080 469 1140 526 in
1193 468 1540 527 sermonibus
1590 467 1819 525 Domini
1867 470 1918 529 A
1941 467 2135 540 quitur
2161 465 2391 524 dicens:
2452 492 2470 515 ε
2511 467 2651 525 Cum
2699 466 3021 525 immundus
3063 469 3293 542 spiritus
3338 472 3539 536 exierit

228 577 423 634 magna
466 568 705 633 potestas
750 567 866 616 est:
915 583 934 608 ι
980 560 1138 616 Dixit
1164 560 1333 629 enim,
1380 568 1434 616 et
1480 558 1623 615 facta
1668 566 1820 627 sunt,

227 650 511 707 mandavit
540 658 593 707 et
638 657 817 706 creata
858 657 986 707 sunt
1017 648 1189 720 (Psal.
1232 665 1461 717 CXLVIII,
1493 649 1587 721 5);
1614 673 1632 695 ι
1674 647 1823 703 haud

226 740 458 797 absurde
488 758 584 813 per
631 758 692 796 os
718 748 876 797 terrae
924 747 1161 812 potestas
1203 738 1319 812 ejus
1358 739 1594 812 intelligi
1624 745 1819 811 potest.

241 828 512 901 «Adiuvit
543 831 718 903 (ergo)
763 837 907 886 terra
948 829 1258 898 mulierem,
1289 855 1307 878 ι
1350 828 1407 885 id
1436 836 1538 897 est,
1571 828 1825 886 Christus

224 918 550 988 Ecclesiam,
598 945 616 967 σ
646 930 699 976 et
746 920 960 992 aperuit
1004 936 1065 975 os
1106 935 1288 986 suum,
1329 926 1384 975 et
1426 918 1664 990 suscepit
1711 917 1824 973 du-

224 1023 372 1076 men,
402 1006 550 1080 quod
590 1007 741 1063 misit
784 1024 1003 1080 serpens
1041 1024 1111 1063 ex
1157 1023 1249 1063 ore
1278 1024 1414 1063 suo:
1446 1033 1464 1056 -
1508 1006 1564 1062 id
1606 1013 1705 1073 est,
1738 1005 1823 1060 si-

224 1111 360 1150 num
394 1094 783 1152 misericordiae
813 1113 924 1152 suae
944 1098 1178 1170 aperuit,
1212 1095 1527 1169 ﬂumenque
1556 1095 1821 1151 vitiorum

223 1192 465 1256 potestas
491 1183 608 1254 ejus
642 1185 894 1242 funditus
921 1186 1213 1242 exstinxit.

214 1281 230 1296 ⁸
301 1283 483 1356 (Vers.
535 1283 647 1355 17.)
697 1286 770 1339 Et
799 1284 970 1339 iratus
1015 1290 1088 1339 est
1133 1284 1294 1339 draco
1337 1283 1394 1338 in
1434 1284 1728 1350 mulierem,
1779 1291 1827 1340 et

223 1373 359 1429 abiit
379 1375 631 1445 praelium
666 1374 842 1445 facere
869 1392 985 1429 cum
1013 1374 1235 1444 reliquis
1260 1374 1323 1429 de
1352 1374 1540 1429 semine
1568 1374 1703 1443 ejus,
1734 1377 1825 1446 qui

224 1464 524 1518 custodiunt
550 1466 805 1520 mandata
845 1465 965 1532 Dei,
1011 1472 1061 1519 et
1096 1464 1283 1519 habent
1329 1464 1678 1519 testimonium
1728 1467 1826 1521 Je-

226 1568 309 1609 su.
341 1552 559 1625 Reliqui
600 1553 668 1609 de
711 1554 918 1609 semine
949 1554 1211 1610 Ecclesia:
1262 1553 1420 1610 electi
1456 1560 1606 1622 sunt,
1641 1555 1734 1627 qui
1769 1555 1824 1609 in

226 1642 335 1699 ﬁne
382 1642 577 1698 mundi
622 1644 886 1699 nascituri
929 1650 1078 1700 sunt.
1127 1643 1599 1711 Quemadmodum
1642 1652 1823 1701 autem

227 1731 332 1787 hoc
362 1732 613 1803 praelium
645 1731 900 1790 diabolus
946 1742 1187 1807 peragat,
1228 1734 1283 1788 in
1316 1732 1671 1806 sequentibus
1699 1750 1826 1789 ma—

227 1818 541 1876 nifestatur.

302 1921 483 1993 (Vers.
520 1921 635 1994 18.)
668 1923 743 1978 Et
769 1924 910 1978 stetit
929 1939 1088 1994 super
1113 1939 1337 1979 arenam
1364 1924 1551 1980 maris.
1581 1924 1683 1980 Per
1710 1939 1825 1979 are-

225 2024 354 2064 nam
404 2010 570 2066 maris
615 2010 915 2067 multitudo
954 2010 1332 2085 reproborum,
1365 2012 1460 2086 qui
1490 2029 1553 2068 eo
1581 2021 1827 2085 tempore

225 2096 403 2154 futuri
440 2108 590 2169 sunt,
622 2099 961 2173 designatur.

299 2194 528 2252 CAPUT
559 2197 708 2253 XIII.
764 2229 830 2239 —
860 2198 1041 2270 (Vers.
1090 2199 1168 2272 1.)
1202 2202 1276 2256 Et
1308 2201 1419 2255 vidi
1455 2200 1517 2255 de
1557 2201 1706 2256 mari
1734 2201 1828 2256 be-

228 2286 383 2341 stiam
422 2286 796 2354 ascendentem,
850 2288 1118 2344 habentem
1155 2290 1329 2361 capita
1375 2295 1568 2362 septem
1604 2297 1653 2345 et
1699 2307 1829 2345 cor-

227 2392 339 2430 nua
375 2375 565 2444 decem,
609 2381 658 2431 et
702 2393 861 2449 super
887 2394 1089 2434 cornua
1125 2377 1237 2448 ejus
1280 2380 1450 2434 decem
1504 2379 1822 2436 diademata.

230 2466 359 2523 Haec
401 2465 579 2522 bestia
625 2466 1033 2522 Antichristum
1074 2466 1383 2540 signiﬁcat:
1434 2468 1531 2542 qui
1561 2485 1692 2524 vero
1722 2469 1829 2525 de—

226 2555 517 2628 signantur
555 2570 652 2627 per
680 2571 923 2624 arenam,
974 2556 1078 2629 ipsi
1106 2564 1159 2612 et
1188 2572 1284 2628 per
1325 2574 1493 2624 mare,
1529 2557 1828 2613 multitudo

225 2642 441 2700 scilicet
474 2642 852 2715 reproborum.
886 2644 964 2699 De
994 2644 1133 2700 mari
1165 2644 1338 2717 igitur
1365 2645 1542 2701 bestia
1569 2661 1827 2702 conscen-

226 2730 356 2788 dere
385 2731 508 2788 visa
534 2740 642 2801 est;
693 2732 822 2806 quia
850 2732 917 2788 de
960 2732 1219 2790 societate
1264 2734 1624 2806 reproborum
1654 2732 1828 2789 Anti-

230 2820 472 2879 christus
499 2831 775 2895 exsurget,
807 2839 926 2897 quae
958 2823 1133 2880 bestia
1173 2824 1351 2896 capita
1378 2832 1586 2897 septem
1614 2831 1668 2879 et
1695 2840 1828 2880 cor-

226 2928 339 2968 nua
367 2911 559 2969 decem
605 2914 804 2971 habere
853 2914 1205 2972 describitur.
1246 2915 1515 2970 Similiter
1560 2921 1613 2970 et
1660 2913 1829 2970 draco

227 3003 481 3075 superius
527 3011 733 3074 septem
782 3004 960 3075 capita
1014 3004 1270 3060 habuisse
1304 3004 1486 3060 dictus
1521 3011 1624 3072 est,
1673 3011 1727 3059 et
1769 3002 1828 3059 in

230 3091 504 3164 capitibus
552 3100 758 3165 septem
812 3091 1160 3149 diademata:
1203 3109 1299 3165 per
1345 3110 1464 3165 quae
1509 3108 1700 3148 omnes
1746 3108 1826 3149 re-

234 3178 453 3250 probos,
486 3179 690 3252 quibus
719 3180 969 3236 diabolus
997 3179 1067 3235 ad
1095 3179 1483 3251 decipiendum
1514 3195 1684 3252 genus
1713 3180 1830 3236 hu-

231 3285 455 3326 manum
497 3287 630 3325 usus
681 3280 781 3339 est,
832 3270 1077 3326 diximus
1124 3271 1292 3326 fuisse
1340 3271 1668 3344 designatos.
1702 3273 1829 3328 Haec

230 3366 412 3413 autem
439 3358 613 3414 bestia
652 3374 763 3413 non
788 3359 845 3414 in
878 3358 1171 3431 capitibus,
1203 3359 1298 3415 sed
1328 3359 1384 3414 in
1417 3360 1603 3417 decem
1635 3360 1829 3416 corni-

231 3446 335 3503 bus
356 3446 544 3503 decem
576 3446 886 3510 diademata
913 3447 1169 3504 habuisse
1198 3447 1563 3516 describitur;
1597 3448 1830 3521 ideoque

232 3551 330 3607 per
384 3534 575 3592 decem
622 3552 830 3593 cornua
881 3546 1066 3609 gentes
1113 3553 1247 3609 quas
1289 3538 1394 3592 sibi
1451 3537 1829 3594 Antichristus

230 3623 623 3695 subjugaturus
669 3634 770 3693 est,
802 3624 1189 3697 designantur:
1231 3633 1438 3699 septem
1482 3643 1612 3683 vero
1650 3628 1830 3701 capita

230 3720 436 3785 septem
466 3715 603 3770 vitia
645 3715 971 3788 principalia
1008 3715 1315 3788 designant.
1358 3717 1429 3771 Et
1459 3724 1521 3773 ut
1547 3719 1831 3791 sequentia

234 3800 429 3856 melius
458 3801 848 3875 intelligamus,
890 3805 1097 3876 placuit
1144 3804 1283 3860 mihi
1315 3804 1370 3861 in
1418 3807 1828 3862 enumeratione

235 3887 498 3944 vitiorum
546 3890 910 3947 Prudentium
950 3893 1105 3966 sequi
1139 3893 1279 3965 (19),
1323 3892 1417 3966 qui
1468 3893 1535 3950 de
1563 3893 1828 3950 conﬂictu

233 3977 497 4034 vitiorum
518 3986 681 4053 atque
718 3980 993 4036 virtutum
1024 3982 1238 4053 egregie
1267 3982 1517 4037 versibus
1546 3981 1827 4039 disseruit.

234 4066 478 4124 Primum
508 4085 745 4141 namque
772 4070 974 4125 vitium
1013 4072 1197 4142 posuit
1225 4072 1498 4128 culturam
1528 4070 1824 4140 idolorum,

232 4156 534 4212 secundum
579 4157 890 4225 libidinem,
950 4159 1174 4214 tertium
1222 4159 1383 4228 iram,
1432 4168 1689 4232 quartum
1735 4175 1827 4214 su-

234 4246 499 4318 perbiam,
535 4249 794 4321 quintum
843 4250 1145 4305 luxuriam.
1181 4251 1446 4319 Quamvis
1474 4252 1623 4309 enim
1652 4251 1829 4308 libido

234 4334 312 4390 ita
368 4337 572 4393 inserta
624 4337 698 4393 sit
744 4338 1003 4406 luxuriat,
1052 4338 1195 4396 sicut
1240 4341 1465 4412 aliquod
1520 4340 1828 4396 membrum

233 4426 489 4497 corpori:
543 4443 643 4498 pro
670 4443 778 4500 qua
814 4445 871 4484 re
916 4427 1035 4501 (20)
1084 4446 1116 4486 a
1155 4429 1408 4485 Patribus
1449 4446 1547 4501 pro
1595 4428 1827 4485 libidine

1930 556 1998 612 ab
2028 556 2271 625 homine,
2316 556 2561 613 ambulat
2607 574 2703 630 per
2750 558 2869 615 loca
2912 558 3084 626 arida,
3137 576 3388 633 quaerens
3431 578 3534 619 re—

1932 646 2139 720 quiem,
2168 656 2222 703 et
2246 663 2356 703 non
2387 648 2675 704 inveniens
2704 646 2843 704 dicit
2867 667 2878 704 2
2914 649 3177 705 Revertar
3207 651 3265 706 in
3294 650 3526 708 domum

1932 753 2131 806 meam,
2177 738 2323 793 unde
2350 739 2522 794 exivi.
2568 740 2638 793 Et
2666 754 2791 795 cum
2831 738 3065 807 venerit,
3099 740 3315 796 invenit
3352 742 3532 814 scopis

1932 827 2249 884 mundatam
2282 836 2335 884 et
2367 838 2634 884 ornatam.
2685 828 2757 884 Et
2794 836 2929 885 tunc
2973 827 3149 894 vadit,
3196 836 3251 885 et
3301 831 3536 887 assumit

1932 926 2137 989 septem
2179 917 2317 972 alios
2358 918 2585 988 spiritus
2626 932 2810 974 secum
2852 917 3142 990 nequiores
3200 934 3279 987 se,
3328 926 3384 974 et
3436 919 3535 974 in—

1930 1015 2139 1063 trantes
2169 1006 2419 1063 habitant
2440 1007 2517 1062 ibi
2541 1007 2754 1079 (Matth.
2781 1022 2884 1076 xn,
2910 1006 3119 1079 43-45).
3151 1033 3170 1056 ι
3205 1007 3534 1065 Immundas

1933 1096 2159 1169 spiritus
2181 1095 2359 1153 exivit
2386 1097 2455 1152 ab
2486 1095 2734 1164 homine,
2767 1096 2988 1169 quando
3019 1096 3275 1153 diabolus
3302 1098 3481 1155 exivit
3505 1114 3538 1155 a

1933 1186 2159 1253 Judazis,
2189 1204 2316 1244 cum
2350 1188 2523 1259 legem
2557 1194 2908 1260 acceperunt.
2944 1187 3267 1245 Ambulavit
3296 1206 3391 1262 per
3417 1190 3538 1247 loca

1934 1277 2107 1345 arida,
2154 1276 2211 1333 id
2261 1286 2361 1347 est,
2419 1293 2517 1349 per
2577 1274 2823 1350 gentium
2866 1276 3139 1346 nationes,
3195 1296 3315 1352 quae
3367 1279 3536 1336 aridae

1934 1377 2124 1435 erant;
2176 1369 2307 1441 quia
2363 1368 2703 1425 viriditatem
2742 1367 2872 1424 ﬁdei
2914 1384 3027 1425 non
3064 1367 3359 1425 habebant.
3412 1370 3534 1426 Non

1936 1457 2150 1514 invenit
2180 1458 2257 1514 ibi
2286 1458 2553 1531 requiem,
2577 1458 2706 1532 quia
2733 1457 2993 1515 veniente
3020 1457 3241 1516 Christo
3262 1459 3320 1514 in
3346 1475 3532 1528 carne,

1936 1554 2123 1617 gentes
2148 1563 2282 1619 quas
2310 1546 2409 1603 diu
2436 1554 2707 1617 tenuerat,
2759 1548 2962 1605 amisit.
3003 1548 3186 1605 Rediit
3214 1548 3273 1605 in
3302 1549 3532 1606 domum

1933 1651 2111 1703 suam,
2160 1634 2306 1690 unde
2364 1635 2576 1702 exivit;
2629 1637 2758 1709 quia
2803 1637 2871 1693 ad
2917 1637 3135 1695 Judzeos
3176 1637 3537 1711 possidendos

1934 1738 2185 1777 reversus
2214 1730 2315 1791 est,
2360 1739 2425 1779 eo
2467 1725 2615 1796 quod
2662 1726 2719 1780 in
2764 1725 3046 1782 Christum
3080 1727 3302 1783 credere
3329 1727 3534 1784 nolue-

1853 1822 1899 1881 B
1938 1810 2072 1868 rint.
2124 1813 2340 1869 Invenit
2395 1813 2623 1871 domum
2685 1815 2999 1872 Iudaeorum
3051 1827 3358 1887 vacantem,
3405 1819 3537 1892 quia

1937 1900 2222 1958 Christum
2284 1901 2555 1976 hospitem
2613 1921 2725 1961 non
2779 1906 3078 1963 habebant.
3166 1908 3533 1976 Quaerendum

1935 2005 2067 2046 vero
2094 1990 2251 2047 nobis
2281 2000 2380 2061 est,
2413 2010 2512 2049 cur
2541 2011 2632 2051 eas
2662 2003 2872 2053 mentes
2901 2013 3022 2070 quae
3053 1998 3231 2053 Deum
3261 1996 3530 2055 habitato-

1935 2095 2050 2135 rem
2090 2096 2202 2137 non
2241 2082 2535 2151 habebant,
2591 2084 2883 2141 mandatas
2935 2092 2990 2142 et
3035 2095 3255 2145 ornatas
3302 2087 3530 2145 dixerit.

1936 2174 2081 2232 550
2127 2168 2232 2225 Sed
2262 2170 2538 2226 mundata;
2565 2180 2719 2228 erant
2745 2173 2987 2244 diabolo,
3043 2191 3155 2232 non
3184 2178 3331 2246 Deo;
3385 2176 3535 2251 quod

1936 2267 2085 2323 enim
2110 2268 2381 2324 mundum
2402 2278 2484 2326 est
2512 2270 2570 2325 in
2599 2280 2898 2345 conspectu
2926 2273 3048 2343 Dei,
3080 2273 3430 2330 immundum
3452 2275 3532 2331 vi-

1936 2357 2097 2415 detur
2128 2358 2383 2416 diabolo:
2432 2368 2486 2418 et
2514 2361 2662 2434 quod
2687 2362 3038 2419 immundum
3066 2373 3148 2421 est
3173 2366 3305 2434 Deo,
3362 2381 3535 2420 mun-

1936 2446 2069 2503 dum
2097 2456 2179 2504 est
2204 2448 2446 2506 diabolo.
2496 2450 2633 2506 Nam
2662 2451 2806 2508 sicut
2836 2452 3106 2509 scarame
3136 2453 3400 2510 mundius
3439 2453 3537 2509 vi-

1936 2537 2098 2595 detur
2124 2546 2333 2596 stercus
2360 2539 2659 2612 cujuslibet
2685 2542 2987 2598 animantis
3026 2542 3168 2614 (21),
3220 2558 3384 2615 quam
3414 2542 3533 2615 qui-

1938 2627 2073 2684 libet
2112 2629 2270 2685 cibus
2298 2629 2540 2707 mundus
2568 2639 2732 2702 atque
2759 2630 3137 2697 delectabilis;
3192 2631 3271 2686 ita
3311 2638 3366 2686 et
3418 2630 3532 2686 dia-

1936 2716 2096 2773 bolus
2124 2718 2248 2789 plus
2277 2717 2461 2788 diligit
2487 2734 2550 2774 ea
2577 2718 2764 2786 corda,
2787 2735 2908 2791 quas
2938 2719 3197 2775 omnibus
3225 2718 3381 2774 vitiis
3404 2727 3533 2776 sunt

1938 2807 2159 2878 repleta,
2204 2823 2367 2879 quam
2416 2822 2477 2862 ea
2522 2823 2644 2880 quae
2688 2808 2903 2864 cunctis
2945 2807 3250 2865 virtutibus
3296 2808 3529 2881 pollent.

1936 2896 2122 2969 Scopae
2150 2907 2333 2953 autem
2361 2906 2509 2965 sunt,
2529 2914 2649 2970 quae
2679 2898 2903 2954 domum
2935 2915 2968 2954 a
2994 2899 3313 2972 quisquiliis
3340 2916 3531 2956 emun-

1937 2990 2091 3047 dant.
2144 2990 2320 3046 Habet
2348 2990 2520 3063 igitur
2550 2992 2697 3047 Deus
2730 3007 2920 3063 scopas
2952 3007 3099 3063 suas,
3140 2991 3307 3048 habet
3334 3001 3389 3049 et
3415 2992 3530 3050 dia-

1936 3080 2136 3137 bolus:
2178 3096 2354 3152 scopas
2398 3080 2497 3136 Dei
2546 3088 2696 3149 sunt,
2728 3097 2849 3154 quae
2900 3081 3126 3137 domum
3173 3080 3293 3154 ejus
3338 3100 3530 3140 emun-

1858 3180 1901 3241 α
1938 3170 2092 3239 dant,
2147 3180 2211 3228 ut
2249 3172 2306 3227 in
2336 3187 2400 3227 ea
2428 3171 2542 3243 ipse
2584 3171 2830 3227 habitare
2857 3171 3051 3244 possit,
3096 3172 3356 3230 videlicet
3400 3192 3527 3231 con-

1937 3261 2102 3320 fessio
2154 3270 2524 3333 peccatorum,
2574 3262 2918 3333 pmnitentia,
2964 3263 3242 3335 lacrymae,
3294 3274 3349 3322 et
3391 3266 3528 3323 elee-

1937 3366 2215 3422 mosynm:
2257 3366 2434 3422 scopae
2463 3349 2672 3405 diaboli
2703 3358 2849 3418 sunt,
2901 3366 3023 3423 qua:
3067 3352 3371 3409 secundum
3400 3371 3527 3411 eum

1937 3440 2165 3496 domum
2194 3439 2370 3511 ipsius
2401 3447 2676 3506 evertunt,
2726 3438 2938 3495 scilicet
2969 3455 3123 3495 amor
3152 3442 3363 3507 saeculi,
3393 3442 3528 3499 levié

1935 3536 2020 3585 tas
2047 3527 2269 3598 mentis,
2319 3536 2668 3601 contemptus
2693 3527 3075 3584 mandatorum
3106 3530 3227 3599 Dei,
3267 3540 3323 3587 et
3352 3532 3531 3589 multa

1936 3619 2063 3675 alia.
2094 3620 2308 3691 Septem
2347 3634 2475 3674 vero
2509 3618 2758 3689 spiritus,
2792 3634 2928 3690 quos
2956 3617 3211 3675 diabolus
3239 3635 3423 3676 secum
3453 3638 3533 3677 as-

1936 3709 2189 3780 sumpsit,
2245 3715 2453 3780 septem
2497 3714 2627 3763 sunt
2673 3707 2812 3764 vitia
2856 3706 3220 3779 principalia:
3272 3724 3397 3765 cum
3465 3710 3536 3768 iis

1936 3813 2065 3868 ergo
2120 3806 2327 3869 septem
2388 3796 2719 3855 satellitibus
2772 3796 3028 3853 diabolus
3086 3797 3306 3855 Iudaeos
3360 3815 3535 3873 usque

1938 3886 2102 3941 modo
2132 3886 2391 3957 possidet.
2448 3886 2553 3942 Sed
2590 3885 2762 3959 quaeri
2785 3893 2984 3958 potest,
3030 3903 3130 3943 cur
3158 3886 3278 3944 haec
3319 3895 3530 3960 septem

1936 3977 2077 4033 vitia
2132 3977 2458 4049 principalia
2506 3977 2729 4033 diabolo
2775 3994 2892 4035 esse
2939 3978 3214 4036 deteriora
3254 3979 3531 4039 dicantur.

1936 4067 2181 4126 Verbum
2212 4067 2373 4123 nobis
2400 4066 2673 4123 deteriora
2699 4075 2828 4123 sunt
2856 4068 3016 4135 vitia,
3046 4085 3208 4141 quam
3233 4070 3529 4126 daemones:

1937 4159 2067 4231 quia
2094 4156 2180 4212 illi
2205 4156 2339 4212 foris
2366 4171 2467 4211 nos
2496 4155 2841 4228 impugnant,
2882 4157 3021 4213 vitia
3054 4165 3237 4213 autem
3267 4157 3547 4213 intrinse-'

1936 4263 2034 4304 cus
2061 4263 2161 4303 nos
2199 4244 2414 4302 assidue
2442 4245 2740 4302 debellant.
2796 4245 2935 4301 Nam
2979 4245 3123 4301 sicut
3170 4245 3349 4302 levius
3393 4245 3530 4302 tole-

1937 4344 2130 4392 rantur
2156 4336 2358 4403 hostes,
2416 4337 2510 4409 qui
2551 4334 2896 4391 extrinsecus
2945 4334 3137 4391 urbem
3189 4344 3531 4408 oppugnant,

1937 4442 2002 4482 eo
2029 4425 2178 4499 quod
2202 4442 2389 4482 muros
2421 4425 2659 4482 habeant
2687 4424 2949 4497 objectos,
3000 4441 3163 4498 quam
3216 4426 3258 4481 ii
3301 4426 3399 4499 qui
3446 4426 3529 4483 in-

234 4529 377 4586 saape
402 4515 624 4572 luxuria
654 4516 995 4588 ponebatur;
1029 4527 1214 4575 tamen
1256 4519 1402 4574 inter
1434 4518 1722 4575 libidinem
1773 4528 1829 4576 et
1856 4538 1905 4596 ι)
1932 4517 2205 4573 trinsecus
2247 4516 2410 4588 positi
2451 4514 2568 4587 jam
2614 4515 2895 4571 civitatem
2951 4514 3399 4588 depopulantur:
3455 4515 3536 4572 ita

236 4602 515 4660 luxuriam
554 4604 812 4661 distantia
859 4614 960 4663 est.
1006 4607 1234 4664 Sextum
1289 4610 1473 4680 posuit
1515 4609 1823 4677 avaritiam,

235 4692 531 4764 septimum
576 4694 971 4767 blasphemiam
1021 4696 1137 4752 sive
1178 4696 1534 4755 discordiam.
1588 4699 1661 4754 Et
1700 4700 1829 4772 quia

236 4797 330 4839 eos
364 4783 458 4856 qui
489 4783 557 4838 iis
585 4784 738 4840 vitiis
778 4785 986 4841 subditi
1019 4794 1202 4855 erunt,
1247 4788 1407 4845 facile
1448 4788 1829 4846 Antichristus

236 4868 471 4943 decipiet
516 4873 730 4946 sibique
772 4874 1022 4944 sociabit,
1068 4884 1213 4933 recte
1259 4893 1355 4949 per
1396 4886 1603 4951 septem
1651 4880 1830 4952 capita

236 4967 442 5032 septem
473 4960 610 5017 vitia
635 4962 1011 5034 designantur.

307 5058 386 5115 De
422 5059 493 5116 iis
541 5072 747 5135 septem
777 5062 932 5118 vitiis
973 5063 1243 5120 Dominus
1287 5063 1347 5121 in
1393 5066 1697 5139 Evangelio
1738 5068 1831 5124 lo-

312 5257 429 5329 (19)
454 5257 676 5336 _anes
708 5259 874 5336 _edit.,
901 5261 1245 5332 prudentium
1282 5265 1427 5335 sequi
1454 5265 1687 5336 vestigia,
1738 5267 1832 5336 qui

238 5328 302 5384 de
324 5328 580 5408 conﬂictu
622 5328 872 5408 initiorum
901 5328 1091 5404 —atque
1128 5328 1395 5408 uirtutum
1442 5328 1635 5408 egregie
1671 5328 1830 5393 disse-

238 5408 483 5457 ruerunt.
533 5402 778 5457 Primum
815 5402 1038 5478 namque
1086 5406 1266 5478 vitium
1312 5402 1620 5478 posuerunt,
1673 5418 1825 5465 etc.:

239 5486 430 5529 omnes
477 5490 606 5529 mss.
654 5490 683 5528 e
735 5476 1011 5532 contrario
1044 5476 1331 5533 nobiscum
1380 5478 1631 5535 faciunt:
1683 5480 1829 5537 unde

242 5544 769 5621 cognosciturillius
792 5562 830 5621 Aa
855 5563 965 5621 quo
992 5556 1244 5604 exaralus
1275 5549 1450 5621 fuerat
1496 5550 1589 5605 ille
1629 5551 1825 5621 codex,

243 5629 407 5687 quem
448 5618 835 5694 Dunelmensis
878 5618 1168 5694 episcopus
1214 5620 1380 5692 praelo
1428 5620 1680 5694 subjecit,
1738 5618 1827 5681 vel

242 5686 420 5743 crassa
451 5686 775 5759 ignorantia,
817 5690 903 5746 vel
915 5686 1123 5763 'putida
1150 5686 1471 5765 iuipostura.

1936 4607 2155 4664 facilius
2199 4606 2504 4661 tolerantur
2545 4603 2842 4669 daemones,
2886 4604 2982 4678 qui
3024 4604 3289 4673 exterius,
3347 4620 3515 4679 quam
3597 4607 3619 4627 ⁵

1937 4696 2074 4752 vitia
2100 4712 2222 4769 qua:
2253 4697 2402 4750 intus
2430 4710 2531 4750 nos
2560 4693 2931 4749 indesinenter
2958 4693 3265 4751 devastant.
3323 4696 3399 4750 Et
3430 4711 3536 4750 su-

1936 4806 2030 4861 per
2084 4788 2258 4859 capita
2310 4788 2423 4858 ejus
2475 4789 2693 4843 nomina
2743 4787 3096 4858 blasphemia.
3178 4786 3533 4860 Blasphemia

1937 4882 2265 4940 Antichristi
2294 4885 2451 4956 plura
2478 4884 2704 4938 nomina
2730 4882 2989 4939 habebit:
3024 4882 3153 4955 quia
3183 4884 3379 4939 multis
3407 4901 3522 4942 mo-

1939 4974 2026 5031 dis
2054 4974 2336 5032 Christum
2368 4972 2794 5045 blasphemavit.

2012 5064 2193 5136 (Vers.
2224 5063 2306 5135 2.)
2336 5064 2411 5118 Et
2438 5062 2598 5118 bestia
2627 5079 2785 5133 quam
2812 5062 2945 5131 vidi,
2972 5063 3166 5120 similis
3193 5069 3313 5120 erat
3326 5064 3528 5135 pardo.

2012 5266 2129 5337 (20)
2169 5264 2371 5322 Eadem
2396 5264 2553 5334 cdit.,
2573 5281 2673 5336 pro
2700 5280 2805 5336 qua
2833 5280 2891 5321 re
2918 5282 2949 5321 α
2978 5262 3268 5337 pluribus;
3292 5277 3421 5317 mss.
3441 5276 3529 5317 ve-

1940 5354 2029 5415 ro,
2044 5356 2160 5415 pro
2180 5356 2299 5415 qua
2328 5355 2385 5415 re
2413 5356 2449 5392 α
2479 5338 2753 5393 Patribus.
2910 5410 2921 5415 _
2997 5413 3004 5415 Α
3184 5404 3219 5415 η
3360 5403 3370 5414 ,

2015 5403 2130 5481 (21)
2171 5403 2303 5485 Gill.
2335 5409 2393 5464 in
2421 5425 2670 5485 corpore,
2720 5426 2844 5485 nam
2873 5410 3009 5485 sicut
3032 5404 3283 5461 mundius
3316 5403 3530 5485 videtur

1939 5478 2133 5557 stercus
2157 5481 2365 5557 cuilibet
2394 5478 2688 5557 animanti;
2740 5480 2797 5535 in
2839 5478 3360 5557 margiue‘autem...
3396 5478 3532 5557 qui-:-

1941 5551 2184 5629 busdam-
2220 5552 2659 5629 animantibus
2686 5567 2850 5624 quam
2908 5548 3345 5629 emendationem
3390 5548 3532 5629 licet

1939 5622 2336 5682 ineptissimam
2367 5626 2526 5682 Rom.
2575 5620 2721 5679 edit.‘
2760 5620 3043 5678 transtulit
3086 5620 3146 5673 in
3182 5623 3525 5675 contextum.

1940 5692 2052 5750 Sed
2077 5710 2258 5750 veram
2290 5695 2581 5752 lectionem
2611 5692 2944 5750 exhibemus
2971 5705 3000 5746 e
3030 5704 3163 5746 mss.
