  <div class='ocr_page' id='page_1' title='image "/cluster/home/n/w/nwhite01/storage/ocr_20150623/17/hvd.32044096580436/489.png"; bbox 0 0 4060 6208; ppageno 0'>
   <div class='ocr_carea' id='block_1_1' title="bbox 616 290 720 350">
    <p class='ocr_par' dir='ltr' id='par_1_1' title="bbox 616 290 720 350">
     <span class='ocr_line' id='line_1_1' title="bbox 616 290 720 350; baseline -0.01 0"><span class='ocrx_word' id='word_1_1' title='bbox 616 290 720 350; x_wconf 85' lang='grc'><strong>967</strong></span> 
     </span>
    </p>
   </div>
   <div class='ocr_carea' id='block_1_2' title="bbox 614 414 2282 492">
    <p class='ocr_par' dir='ltr' id='par_1_2' title="bbox 614 414 2282 492">
     <span class='ocr_line' id='line_1_2' title="bbox 614 414 2282 492; baseline -0.004 -17"><span class='ocrx_word' id='word_1_2' title='bbox 614 426 664 476; x_wconf 82' lang='lat' dir='ltr'><strong>et</strong></span> <span class='ocrx_word' id='word_1_3' title='bbox 681 419 836 492; x_wconf 85' lang='lat' dir='ltr'><strong>pedes</strong></span> <span class='ocrx_word' id='word_1_4' title='bbox 883 418 996 488; x_wconf 86' lang='lat' dir='ltr'><strong>ejus</strong></span> <span class='ocrx_word' id='word_1_5' title='bbox 1037 418 1172 474; x_wconf 87' lang='lat' dir='ltr'><strong>sicut</strong></span> <span class='ocrx_word' id='word_1_6' title='bbox 1219 417 1376 489; x_wconf 82' lang='lat' dir='ltr'><strong>pedes</strong></span> <span class='ocrx_word' id='word_1_7' title='bbox 1425 417 1561 485; x_wconf 86' lang='lat' dir='ltr'><strong>ursi,</strong></span> <span class='ocrx_word' id='word_1_8' title='bbox 1612 421 1663 470; x_wconf 86' lang='lat' dir='ltr'><strong>et</strong></span> <span class='ocrx_word' id='word_1_9' title='bbox 1701 433 1758 470; x_wconf 93' lang='lat' dir='ltr'><strong>os</strong></span> <span class='ocrx_word' id='word_1_10' title='bbox 1813 414 1926 484; x_wconf 87' lang='lat' dir='ltr'><strong>ejus</strong></span> <span class='ocrx_word' id='word_1_11' title='bbox 1965 415 2100 470; x_wconf 80' lang='lat' dir='ltr'><strong><em>sicut</em></strong></span> <span class='ocrx_word' id='word_1_12' title='bbox 2141 431 2199 470; x_wconf 87' lang='lat' dir='ltr'><strong>os</strong></span> <span class='ocrx_word' id='word_1_13' title='bbox 2231 418 2282 476; x_wconf 82' lang='grc' dir='ltr'>Α</span> 
     </span>
    </p>
   </div>
   <div class='ocr_carea' id='block_1_3' title="bbox 621 505 2205 581">
    <p class='ocr_par' dir='ltr' id='par_1_3' title="bbox 621 505 2205 581">
     <span class='ocr_line' id='line_1_3' title="bbox 621 505 2205 581; baseline -0.003 -15"><span class='ocrx_word' id='word_1_14' title='bbox 621 510 782 566; x_wconf 78' lang='lat' dir='ltr'><strong>leonis</strong></span> <span class='ocrx_word' id='word_1_15' title='bbox 809 515 943 566; x_wconf 87' lang='lat' dir='ltr'><strong>erat.</strong></span> <span class='ocrx_word' id='word_1_16' title='bbox 992 509 1094 565; x_wconf 91' lang='lat' dir='ltr'><strong>Per</strong></span> <span class='ocrx_word' id='word_1_17' title='bbox 1121 509 1372 581; x_wconf 89' lang='lat' dir='ltr'><strong>pardum,</strong></span> <span class='ocrx_word' id='word_1_18' title='bbox 1432 507 1527 579; x_wconf 87' lang='lat' dir='ltr'><strong>qui</strong></span> <span class='ocrx_word' id='word_1_19' title='bbox 1565 507 1741 562; x_wconf 83' lang='lat' dir='ltr'><strong>fertur</strong></span> <span class='ocrx_word' id='word_1_20' title='bbox 1765 505 2012 562; x_wconf 88' lang='lat' dir='ltr'><strong>diversos</strong></span> <span class='ocrx_word' id='word_1_21' title='bbox 2053 506 2205 562; x_wconf 84' lang='lat' dir='ltr'><strong>colo-</strong></span> 
     </span>
    </p>
   </div>
   <div class='ocr_carea' id='block_1_4' title="bbox 617 595 2206 671">
    <p class='ocr_par' dir='ltr' id='par_1_4' title="bbox 617 595 2206 671">
     <span class='ocr_line' id='line_1_4' title="bbox 617 595 2206 671; baseline -0.004 -15"><span class='ocrx_word' id='word_1_22' title='bbox 617 615 703 657; x_wconf 88' lang='lat' dir='ltr'><strong>res</strong></span> <span class='ocrx_word' id='word_1_23' title='bbox 732 599 949 669; x_wconf 88' lang='lat' dir='ltr'><strong>habere,</strong></span> <span class='ocrx_word' id='word_1_24' title='bbox 1005 598 1321 671; x_wconf 83' lang='lat' dir='ltr'><strong>hypocrisis</strong></span> <span class='ocrx_word' id='word_1_25' title='bbox 1348 595 1685 654; x_wconf 80' lang='lat' dir='ltr'><strong>Antichristi</strong></span> <span class='ocrx_word' id='word_1_26' title='bbox 1715 596 2062 668; x_wconf 84' lang='lat' dir='ltr'><strong>designatur:</strong></span> <span class='ocrx_word' id='word_1_27' title='bbox 2111 595 2206 668; x_wconf 86' lang='lat' dir='ltr'><strong>qui</strong></span> 
     </span>
    </p>
   </div>
   <div class='ocr_carea' id='block_1_5' title="bbox 617 685 2208 762">
    <p class='ocr_par' dir='ltr' id='par_1_5' title="bbox 617 685 2208 762">
     <span class='ocr_line' id='line_1_5' title="bbox 617 685 2208 762; baseline -0.003 -16"><span class='ocrx_word' id='word_1_28' title='bbox 617 705 742 746; x_wconf 89' lang='lat' dir='ltr'><strong>cum</strong></span> <span class='ocrx_word' id='word_1_29' title='bbox 777 689 999 746; x_wconf 81' lang='lat' dir='ltr'><strong>futurus</strong></span> <span class='ocrx_word' id='word_1_30' title='bbox 1023 689 1095 746; x_wconf 89' lang='lat' dir='ltr'><strong>sit</strong></span> <span class='ocrx_word' id='word_1_31' title='bbox 1116 689 1282 746; x_wconf 90' lang='lat' dir='ltr'><strong>homo</strong></span> <span class='ocrx_word' id='word_1_32' title='bbox 1303 688 1696 762; x_wconf 88' lang='lat' dir='ltr'><strong>nequissimus,</strong></span> <span class='ocrx_word' id='word_1_33' title='bbox 1716 685 1885 742; x_wconf 89' lang='lat' dir='ltr'><strong>variis</strong></span> <span class='ocrx_word' id='word_1_34' title='bbox 1904 685 2208 741; x_wconf 74' lang='lat' dir='ltr'><strong>virtutibus</strong></span> 
     </span>
    </p>
   </div>
   <div class='ocr_carea' id='block_1_6' title="bbox 617 773 2204 849">
    <p class='ocr_par' dir='ltr' id='par_1_6' title="bbox 617 773 2204 849">
     <span class='ocr_line' id='line_1_6' title="bbox 617 773 2204 849; baseline -0.003 -14"><span class='ocrx_word' id='word_1_35' title='bbox 617 794 672 835; x_wconf 89' lang='lat' dir='ltr'><strong>se</strong></span> <span class='ocrx_word' id='word_1_36' title='bbox 698 778 1057 847; x_wconf 88' lang='lat' dir='ltr'><strong>decolorabit,</strong></span> <span class='ocrx_word' id='word_1_37' title='bbox 1109 787 1169 835; x_wconf 88' lang='lat' dir='ltr'><strong>ut</strong></span> <span class='ocrx_word' id='word_1_38' title='bbox 1197 779 1416 835; x_wconf 85' lang='lat' dir='ltr'><strong>facilius</strong></span> <span class='ocrx_word' id='word_1_39' title='bbox 1445 779 1642 834; x_wconf 90' lang='lat' dir='ltr'><strong>stultos</strong></span> <span class='ocrx_word' id='word_1_40' title='bbox 1670 792 1914 849; x_wconf 90' lang='lat' dir='ltr'><strong>quosque</strong></span> <span class='ocrx_word' id='word_1_41' title='bbox 1947 773 2204 846; x_wconf 83' lang='lat' dir='ltr'><strong>decipiat.</strong></span> 
     </span>
    </p>
   </div>
   <div class='ocr_carea' id='block_1_7' title="bbox 615 863 2208 941">
    <p class='ocr_par' dir='ltr' id='par_1_7' title="bbox 615 863 2208 941">
     <span class='ocr_line' id='line_1_7' title="bbox 615 863 2208 941; baseline -0.003 -17"><span class='ocrx_word' id='word_1_42' title='bbox 615 868 718 924; x_wconf 90' lang='lat' dir='ltr'><strong>Per</strong></span> <span class='ocrx_word' id='word_1_43' title='bbox 747 884 934 924; x_wconf 89' lang='lat' dir='ltr'><strong>ursum</strong></span> <span class='ocrx_word' id='word_1_44' title='bbox 966 885 1116 937; x_wconf 90' lang='lat' dir='ltr'><strong>vero,</strong></span> <span class='ocrx_word' id='word_1_45' title='bbox 1157 869 1251 941; x_wconf 89' lang='lat' dir='ltr'><strong>qui</strong></span> <span class='ocrx_word' id='word_1_46' title='bbox 1281 867 1700 925; x_wconf 88' lang='lat' dir='ltr'><strong>callidissimum</strong></span> <span class='ocrx_word' id='word_1_47' title='bbox 1727 873 1807 922; x_wconf 88' lang='lat' dir='ltr'><strong>est</strong></span> <span class='ocrx_word' id='word_1_48' title='bbox 1837 865 2062 932; x_wconf 84' lang='lat' dir='ltr'><strong>animal,</strong></span> <span class='ocrx_word' id='word_1_49' title='bbox 2091 863 2208 935; x_wconf 85' lang='lat' dir='ltr'><strong>ejus</strong></span> 
     </span>
    </p>
   </div>
   <div class='ocr_carea' id='block_1_8' title="bbox 617 955 2203 1030">
    <p class='ocr_par' dir='ltr' id='par_1_8' title="bbox 617 955 2203 1030">
     <span class='ocr_line' id='line_1_8' title="bbox 617 955 2203 1030; baseline -0.004 -15"><span class='ocrx_word' id='word_1_50' title='bbox 617 958 819 1015; x_wconf 82' lang='lat' dir='ltr'><strong>astutia</strong></span> <span class='ocrx_word' id='word_1_51' title='bbox 846 958 915 1015; x_wconf 89' lang='lat' dir='ltr'><strong>ad</strong></span> <span class='ocrx_word' id='word_1_52' title='bbox 944 958 1298 1030; x_wconf 89' lang='lat' dir='ltr'><strong>decipiendos</strong></span> <span class='ocrx_word' id='word_1_53' title='bbox 1324 957 1579 1015; x_wconf 90' lang='lat' dir='ltr'><strong>homines</strong></span> <span class='ocrx_word' id='word_1_54' title='bbox 1607 955 1970 1013; x_wconf 88' lang='lat' dir='ltr'><strong>demonstrari</strong></span> <span class='ocrx_word' id='word_1_55' title='bbox 2008 962 2203 1026; x_wconf 85' lang='lat' dir='ltr'><strong>potest.</strong></span> 
     </span>
    </p>
   </div>
   <div class='ocr_carea' id='block_1_9' title="bbox 615 1043 2207 1118">
    <p class='ocr_par' dir='ltr' id='par_1_9' title="bbox 615 1043 2207 1118">
     <span class='ocr_line' id='line_1_9' title="bbox 615 1043 2207 1118; baseline -0.004 -14"><span class='ocrx_word' id='word_1_56' title='bbox 615 1048 718 1104; x_wconf 90' lang='lat' dir='ltr'><strong>Per</strong></span> <span class='ocrx_word' id='word_1_57' title='bbox 747 1049 958 1105; x_wconf 89' lang='lat' dir='ltr'><strong>leonem</strong></span> <span class='ocrx_word' id='word_1_58' title='bbox 1004 1049 1373 1105; x_wconf 90' lang='lat' dir='ltr'><strong>nihilominus</strong></span> <span class='ocrx_word' id='word_1_59' title='bbox 1415 1047 1532 1118; x_wconf 89' lang='lat' dir='ltr'><strong>ejus</strong></span> <span class='ocrx_word' id='word_1_60' title='bbox 1563 1046 1856 1103; x_wconf 83' lang='lat' dir='ltr'><strong>crudelitas</strong></span> <span class='ocrx_word' id='word_1_61' title='bbox 1903 1045 1970 1101; x_wconf 86' lang='lat' dir='ltr'><strong>ad</strong></span> <span class='ocrx_word' id='word_1_62' title='bbox 2011 1043 2207 1099; x_wconf 89' lang='lat' dir='ltr'><strong>dilace-</strong></span> 
     </span>
    </p>
   </div>
   <div class='ocr_carea' id='block_1_10' title="bbox 616 1134 2208 1210">
    <p class='ocr_par' dir='ltr' id='par_1_10' title="bbox 616 1134 2208 1210">
     <span class='ocr_line' id='line_1_10' title="bbox 616 1134 2208 1210; baseline -0.003 -17"><span class='ocrx_word' id='word_1_63' title='bbox 616 1137 850 1194; x_wconf 89' lang='lat' dir='ltr'><strong>randum</strong></span> <span class='ocrx_word' id='word_1_64' title='bbox 906 1139 1167 1210; x_wconf 89' lang='lat' dir='ltr'><strong>populum</strong></span> <span class='ocrx_word' id='word_1_65' title='bbox 1224 1138 1324 1194; x_wconf 88' lang='lat' dir='ltr'><strong>Dei</strong></span> <span class='ocrx_word' id='word_1_66' title='bbox 1388 1137 1722 1208; x_wconf 84' lang='lat' dir='ltr'><strong>designatur.</strong></span> <span class='ocrx_word' id='word_1_67' title='bbox 1800 1138 1874 1192; x_wconf 91' lang='lat' dir='ltr'><strong>Et</strong></span> <span class='ocrx_word' id='word_1_68' title='bbox 1932 1135 2073 1190; x_wconf 80' lang='lat' dir='ltr'><strong>dedit</strong></span> <span class='ocrx_word' id='word_1_69' title='bbox 2123 1134 2208 1190; x_wconf 91' lang='lat' dir='ltr'><strong>illi</strong></span> 
     </span>
    </p>
   </div>
   <div class='ocr_carea' id='block_1_11' title="bbox 615 1224 2206 1298">
    <p class='ocr_par' dir='ltr' id='par_1_11' title="bbox 615 1224 2206 1298">
     <span class='ocr_line' id='line_1_11' title="bbox 615 1224 2206 1298; baseline -0.003 -16"><span class='ocrx_word' id='word_1_70' title='bbox 615 1226 777 1283; x_wconf 86' lang='lat' dir='ltr'><strong>draco</strong></span> <span class='ocrx_word' id='word_1_71' title='bbox 809 1228 1052 1282; x_wconf 78' lang='lat' dir='ltr'><strong>virtutem</strong></span> <span class='ocrx_word' id='word_1_72' title='bbox 1083 1243 1254 1296; x_wconf 89' lang='lat' dir='ltr'><strong>suam,</strong></span> <span class='ocrx_word' id='word_1_73' title='bbox 1305 1233 1351 1282; x_wconf 85' lang='lat' dir='ltr'><strong>et</strong></span> <span class='ocrx_word' id='word_1_74' title='bbox 1377 1232 1678 1298; x_wconf 86' lang='lat' dir='ltr'><strong>potestatem</strong></span> <span class='ocrx_word' id='word_1_75' title='bbox 1703 1242 1968 1296; x_wconf 80' lang='lat' dir='ltr'><strong>magnam.</strong></span> <span class='ocrx_word' id='word_1_76' title='bbox 2021 1224 2206 1282; x_wconf 80' lang='lat' dir='ltr'><strong>Virtu-</strong></span> 
     </span>
    </p>
   </div>
   <div class='ocr_carea' id='block_1_12' title="bbox 615 1313 2207 1390">
    <p class='ocr_par' dir='ltr' id='par_1_12' title="bbox 615 1313 2207 1390">
     <span class='ocr_line' id='line_1_12' title="bbox 615 1313 2207 1390; baseline -0.001 -18"><span class='ocrx_word' id='word_1_77' title='bbox 615 1324 726 1373; x_wconf 88' lang='lat' dir='ltr'><strong>tem</strong></span> <span class='ocrx_word' id='word_1_78' title='bbox 759 1334 914 1373; x_wconf 90' lang='lat' dir='ltr'><strong>suam</strong></span> <span class='ocrx_word' id='word_1_79' title='bbox 941 1317 1214 1386; x_wconf 86' lang='lat' dir='ltr'><strong>diabolus,</strong></span> <span class='ocrx_word' id='word_1_80' title='bbox 1245 1334 1364 1390; x_wconf 86' lang='lat' dir='ltr'><strong>quae</strong></span> <span class='ocrx_word' id='word_1_81' title='bbox 1395 1325 1508 1372; x_wconf 87' lang='lat' dir='ltr'><strong>tota</strong></span> <span class='ocrx_word' id='word_1_82' title='bbox 1537 1317 1678 1372; x_wconf 88' lang='lat' dir='ltr'><strong>mala</strong></span> <span class='ocrx_word' id='word_1_83' title='bbox 1711 1323 1812 1384; x_wconf 89' lang='lat' dir='ltr'><strong>est,</strong></span> <span class='ocrx_word' id='word_1_84' title='bbox 1861 1313 2207 1371; x_wconf 89' lang='lat' dir='ltr'><strong>Antichristo</strong></span> 
     </span>
    </p>
   </div>
   <div class='ocr_carea' id='block_1_13' title="bbox 615 1405 2206 1479">
    <p class='ocr_par' dir='ltr' id='par_1_13' title="bbox 615 1405 2206 1479">
     <span class='ocr_line' id='line_1_13' title="bbox 615 1405 2206 1479; baseline -0.001 -16"><span class='ocrx_word' id='word_1_85' title='bbox 615 1406 808 1474; x_wconf 86' lang='lat' dir='ltr'><strong>dabit;</strong></span> <span class='ocrx_word' id='word_1_86' title='bbox 857 1407 986 1479; x_wconf 89' lang='lat' dir='ltr'><strong>quia</strong></span> <span class='ocrx_word' id='word_1_87' title='bbox 1016 1407 1073 1463; x_wconf 91' lang='lat' dir='ltr'><strong>in</strong></span> <span class='ocrx_word' id='word_1_88' title='bbox 1105 1407 1204 1463; x_wconf 91' lang='lat' dir='ltr'><strong>illo</strong></span> <span class='ocrx_word' id='word_1_89' title='bbox 1230 1406 1523 1476; x_wconf 84' lang='lat' dir='ltr'><strong>habitabit,</strong></span> <span class='ocrx_word' id='word_1_90' title='bbox 1573 1416 1627 1463; x_wconf 89' lang='lat' dir='ltr'><strong>et</strong></span> <span class='ocrx_word' id='word_1_91' title='bbox 1657 1423 1752 1479; x_wconf 90' lang='lat' dir='ltr'><strong>per</strong></span> <span class='ocrx_word' id='word_1_92' title='bbox 1779 1423 1904 1463; x_wconf 91' lang='lat' dir='ltr'><strong>eum</strong></span> <span class='ocrx_word' id='word_1_93' title='bbox 1935 1405 2206 1479; x_wconf 87' lang='lat' dir='ltr'><strong>quidquid</strong></span> 
     </span>
    </p>
   </div>
   <div class='ocr_carea' id='block_1_14' title="bbox 616 1496 2202 1572">
    <p class='ocr_par' dir='ltr' id='par_1_14' title="bbox 616 1496 2202 1572">
     <span class='ocr_line' id='line_1_14' title="bbox 616 1496 2202 1572; baseline -0.002 -18"><span class='ocrx_word' id='word_1_94' title='bbox 616 1496 867 1570; x_wconf 86' lang='lat' dir='ltr'><strong>nequitia</strong></span> <span class='ocrx_word' id='word_1_95' title='bbox 942 1497 1148 1554; x_wconf 90' lang='lat' dir='ltr'><strong>diaboli</strong></span> <span class='ocrx_word' id='word_1_96' title='bbox 1223 1499 1534 1572; x_wconf 83' lang='lat' dir='ltr'><strong>excogitare</strong></span> <span class='ocrx_word' id='word_1_97' title='bbox 1597 1506 1794 1571; x_wconf 89' lang='lat' dir='ltr'><strong>potest,</strong></span> <span class='ocrx_word' id='word_1_98' title='bbox 1870 1497 2202 1570; x_wconf 85' lang='lat' dir='ltr'><strong>operahitur.</strong></span> 
     </span>
    </p>
   </div>
   <div class='ocr_carea' id='block_1_15' title="bbox 619 1585 2206 1660">
    <p class='ocr_par' dir='ltr' id='par_1_15' title="bbox 619 1585 2206 1660">
     <span class='ocr_line' id='line_1_15' title="bbox 619 1585 2206 1660; baseline -0.001 -18"><span class='ocrx_word' id='word_1_99' title='bbox 619 1585 724 1642; x_wconf 87' lang='lat' dir='ltr'><strong>Sed</strong></span> <span class='ocrx_word' id='word_1_100' title='bbox 755 1603 881 1643; x_wconf 88' lang='lat' dir='ltr'><strong>cum</strong></span> <span class='ocrx_word' id='word_1_101' title='bbox 909 1586 1193 1660; x_wconf 89' lang='lat' dir='ltr'><strong>Scriptura</strong></span> <span class='ocrx_word' id='word_1_102' title='bbox 1225 1589 1408 1646; x_wconf 84' lang='lat' dir='ltr'><strong>dicat:</strong></span> <span class='ocrx_word' id='word_1_103' title='bbox 1476 1613 1492 1636; x_wconf 82' lang='grc' dir='ltr'><strong>ι</strong></span> <span class='ocrx_word' id='word_1_104' title='bbox 1527 1589 1649 1644; x_wconf 89' lang='lat' dir='ltr'><strong>Non</strong></span> <span class='ocrx_word' id='word_1_105' title='bbox 1698 1595 1779 1643; x_wconf 89' lang='lat' dir='ltr'><strong>est</strong></span> <span class='ocrx_word' id='word_1_106' title='bbox 1821 1593 2057 1659; x_wconf 86' lang='lat' dir='ltr'><strong>potestas</strong></span> <span class='ocrx_word' id='word_1_107' title='bbox 2099 1585 2206 1642; x_wconf 90' lang='lat' dir='ltr'><strong>nisi</strong></span> 
     </span>
    </p>
   </div>
   <div class='ocr_carea' id='block_1_16' title="bbox 616 1675 2204 1751">
    <p class='ocr_par' dir='ltr' id='par_1_16' title="bbox 616 1675 2204 1751">
     <span class='ocr_line' id='line_1_16' title="bbox 616 1675 2204 1751; baseline -0.001 -20"><span class='ocrx_word' id='word_1_108' title='bbox 616 1691 648 1731; x_wconf 89' lang='lat' dir='ltr'><strong>a</strong></span> <span class='ocrx_word' id='word_1_109' title='bbox 675 1677 788 1732; x_wconf 89' lang='lat' dir='ltr'><strong>Deo</strong></span> <span class='ocrx_word' id='word_1_110' title='bbox 822 1676 998 1746; x_wconf 83' lang='lat' dir='ltr'><strong>(Rom.</strong></span> <span class='ocrx_word' id='word_1_111' title='bbox 1030 1694 1157 1743; x_wconf 80' lang='lat' dir='ltr'><strong>xm,</strong></span> <span class='ocrx_word' id='word_1_112' title='bbox 1193 1678 1268 1749; x_wconf 85' lang='grc'><strong>1),</strong></span> <span class='ocrx_word' id='word_1_113' title='bbox 1304 1702 1323 1727; x_wconf 76' lang='grc' dir='ltr'><strong>ι</strong></span> <span class='ocrx_word' id='word_1_114' title='bbox 1378 1676 1653 1751; x_wconf 89' lang='lat' dir='ltr'><strong>quomodo</strong></span> <span class='ocrx_word' id='word_1_115' title='bbox 1691 1675 1944 1732; x_wconf 90' lang='lat' dir='ltr'><strong>diabolus</strong></span> <span class='ocrx_word' id='word_1_116' title='bbox 1973 1682 2204 1748; x_wconf 86' lang='lat' dir='ltr'><strong>potesta-</strong></span> 
     </span>
    </p>
   </div>
   <div class='ocr_carea' id='block_1_17' title="bbox 1634 281 3814 347">
    <p class='ocr_par' dir='ltr' id='par_1_17' title="bbox 1634 281 3814 347">
     <span class='ocr_line' id='line_1_17' title="bbox 1634 281 3814 347; baseline -0.004 -1"><span class='ocrx_word' id='word_1_117' title='bbox 1634 289 1730 347; x_wconf 86' lang='lat' dir='ltr'><strong>AD</strong></span> <span class='ocrx_word' id='word_1_118' title='bbox 1771 287 2004 347; x_wconf 78' lang='lat' dir='ltr'><strong>OPERA</strong></span> <span class='ocrx_word' id='word_1_119' title='bbox 2046 287 2103 345; x_wconf 92' lang='lat' dir='ltr'><strong>S.</strong></span> <span class='ocrx_word' id='word_1_120' title='bbox 2144 284 2479 344; x_wconf 84' lang='lat' dir='ltr'><strong>AMBROSII</strong></span> <span class='ocrx_word' id='word_1_121' title='bbox 2516 281 2894 343; x_wconf 83' lang='lat' dir='ltr'><strong>APPENDIX.</strong></span> <span class='ocrx_word' id='word_1_122' title='bbox 3737 289 3814 346; x_wconf 83' lang='lat'><strong>968</strong></span> 
     </span>
    </p>
   </div>
   <div class='ocr_carea' id='block_1_18' title="bbox 2391 408 3817 483">
    <p class='ocr_par' dir='ltr' id='par_1_18' title="bbox 2391 408 3817 483">
     <span class='ocr_line' id='line_1_18' title="bbox 2391 408 3817 483; baseline -0.001 -14"><span class='ocrx_word' id='word_1_123' title='bbox 2391 412 2572 483; x_wconf 86' lang='lat' dir='ltr'><strong>(Vers.</strong></span> <span class='ocrx_word' id='word_1_124' title='bbox 2599 411 2680 483; x_wconf 83' lang='lat'><strong>5.)</strong></span> <span class='ocrx_word' id='word_1_125' title='bbox 2713 413 2788 467; x_wconf 90' lang='lat' dir='ltr'><strong>Et</strong></span> <span class='ocrx_word' id='word_1_126' title='bbox 2823 411 3008 465; x_wconf 89' lang='lat' dir='ltr'><strong>datum</strong></span> <span class='ocrx_word' id='word_1_127' title='bbox 3056 414 3130 463; x_wconf 88' lang='lat' dir='ltr'><strong>est</strong></span> <span class='ocrx_word' id='word_1_128' title='bbox 3156 408 3239 464; x_wconf 90' lang='lat' dir='ltr'><strong>illi</strong></span> <span class='ocrx_word' id='word_1_129' title='bbox 3281 425 3336 464; x_wconf 85' lang='lat' dir='ltr'><strong>os</strong></span> <span class='ocrx_word' id='word_1_130' title='bbox 3381 409 3576 480; x_wconf 82' lang='lat' dir='ltr'><strong>loquens</strong></span> <span class='ocrx_word' id='word_1_131' title='bbox 3611 427 3760 482; x_wconf 84' lang='lat' dir='ltr'><strong>magna</strong></span> <span class='ocrx_word' id='word_1_132' title='bbox 3784 420 3817 468; x_wconf 84' lang='lat' dir='ltr'><strong>et</strong></span> 
     </span>
    </p>
   </div>
   <div class='ocr_carea' id='block_1_19' title="bbox 2317 498 3816 574">
    <p class='ocr_par' dir='ltr' id='par_1_19' title="bbox 2317 498 3816 574">
     <span class='ocr_line' id='line_1_19' title="bbox 2317 498 3816 574; baseline 0.001 -18"><span class='ocrx_word' id='word_1_133' title='bbox 2317 501 2682 574; x_wconf 87' lang='lat' dir='ltr'><strong>blasphemias.</strong></span> <span class='ocrx_word' id='word_1_134' title='bbox 2724 503 2922 557; x_wconf 88' lang='lat' dir='ltr'><strong>Datum</strong></span> <span class='ocrx_word' id='word_1_135' title='bbox 2972 507 3072 568; x_wconf 89' lang='lat' dir='ltr'><strong>est,</strong></span> <span class='ocrx_word' id='word_1_136' title='bbox 3119 499 3174 555; x_wconf 91' lang='lat' dir='ltr'><strong>id</strong></span> <span class='ocrx_word' id='word_1_137' title='bbox 3220 505 3319 566; x_wconf 87' lang='lat' dir='ltr'><strong>est,</strong></span> <span class='ocrx_word' id='word_1_138' title='bbox 3376 498 3668 570; x_wconf 87' lang='lat' dir='ltr'><strong>permissum</strong></span> <span class='ocrx_word' id='word_1_139' title='bbox 3700 510 3762 556; x_wconf 90' lang='lat' dir='ltr'><strong>est</strong></span> <span class='ocrx_word' id='word_1_140' title='bbox 3795 521 3816 557; x_wconf 85' lang='lat' dir='ltr'><strong>a</strong></span> 
     </span>
    </p>
   </div>
   <div class='ocr_carea' id='block_1_20' title="bbox 2315 587 3818 664">
    <p class='ocr_par' dir='ltr' id='par_1_20' title="bbox 2315 587 3818 664">
     <span class='ocr_line' id='line_1_20' title="bbox 2315 587 3818 664; baseline 0.001 -18"><span class='ocrx_word' id='word_1_141' title='bbox 2315 593 2447 658; x_wconf 90' lang='lat' dir='ltr'><strong>Deo,</strong></span> <span class='ocrx_word' id='word_1_142' title='bbox 2496 599 2555 646; x_wconf 91' lang='lat' dir='ltr'><strong>ut</strong></span> <span class='ocrx_word' id='word_1_143' title='bbox 2601 592 2857 664; x_wconf 87' lang='lat' dir='ltr'><strong>loquatur</strong></span> <span class='ocrx_word' id='word_1_144' title='bbox 2905 604 3100 661; x_wconf 86' lang='lat' dir='ltr'><strong>magna</strong></span> <span class='ocrx_word' id='word_1_145' title='bbox 3142 587 3205 644; x_wconf 91' lang='lat' dir='ltr'><strong>de</strong></span> <span class='ocrx_word' id='word_1_146' title='bbox 3252 587 3549 659; x_wconf 87' lang='lat' dir='ltr'><strong>semetipso,</strong></span> <span class='ocrx_word' id='word_1_147' title='bbox 3591 588 3744 646; x_wconf 88' lang='lat' dir='ltr'><strong>dicens</strong></span> <span class='ocrx_word' id='word_1_148' title='bbox 3778 607 3818 647; x_wconf 87' lang='lat' dir='ltr'><strong>se</strong></span> 
     </span>
    </p>
   </div>
   <div class='ocr_carea' id='block_1_21' title="bbox 2317 676 3817 750">
    <p class='ocr_par' dir='ltr' id='par_1_21' title="bbox 2317 676 3817 750">
     <span class='ocr_line' id='line_1_21' title="bbox 2317 676 3817 750; baseline -0.001 -14"><span class='ocrx_word' id='word_1_149' title='bbox 2317 697 2431 736; x_wconf 90' lang='lat' dir='ltr'><strong>esse</strong></span> <span class='ocrx_word' id='word_1_150' title='bbox 2481 680 2684 736; x_wconf 88' lang='lat' dir='ltr'><strong>Filium</strong></span> <span class='ocrx_word' id='word_1_151' title='bbox 2732 679 2852 746; x_wconf 88' lang='lat' dir='ltr'><strong>Dei,</strong></span> <span class='ocrx_word' id='word_1_152' title='bbox 2902 686 2954 734; x_wconf 92' lang='lat' dir='ltr'><strong>et</strong></span> <span class='ocrx_word' id='word_1_153' title='bbox 3001 688 3062 734; x_wconf 88' lang='lat' dir='ltr'><strong>ut</strong></span> <span class='ocrx_word' id='word_1_154' title='bbox 3113 679 3364 750; x_wconf 86' lang='lat' dir='ltr'><strong>loquatur</strong></span> <span class='ocrx_word' id='word_1_155' title='bbox 3414 676 3730 748; x_wconf 87' lang='lat' dir='ltr'><strong>blasphemias</strong></span> <span class='ocrx_word' id='word_1_156' title='bbox 3771 680 3817 736; x_wconf 88' lang='lat' dir='ltr'><strong>de</strong></span> 
     </span>
    </p>
   </div>
   <div class='ocr_carea' id='block_1_22' title="bbox 2317 766 3819 839">
    <p class='ocr_par' dir='ltr' id='par_1_22' title="bbox 2317 766 3819 839">
     <span class='ocr_line' id='line_1_22' title="bbox 2317 766 3819 839; baseline -0.003 -13"><span class='ocrx_word' id='word_1_157' title='bbox 2317 771 2450 826; x_wconf 90' lang='lat' dir='ltr'><strong>Deo.</strong></span> <span class='ocrx_word' id='word_1_158' title='bbox 2494 771 2568 825; x_wconf 91' lang='lat' dir='ltr'><strong>Et</strong></span> <span class='ocrx_word' id='word_1_159' title='bbox 2595 769 2718 824; x_wconf 86' lang='lat' dir='ltr'><strong>data</strong></span> <span class='ocrx_word' id='word_1_160' title='bbox 2751 775 2824 823; x_wconf 82' lang='lat' dir='ltr'><strong>est</strong></span> <span class='ocrx_word' id='word_1_161' title='bbox 2856 769 2940 823; x_wconf 84' lang='lat' dir='ltr'><strong>illi</strong></span> <span class='ocrx_word' id='word_1_162' title='bbox 2973 774 3198 839; x_wconf 83' lang='lat' dir='ltr'><strong>potestas</strong></span> <span class='ocrx_word' id='word_1_163' title='bbox 3227 766 3399 838; x_wconf 84' lang='lat' dir='ltr'><strong>facere</strong></span> <span class='ocrx_word' id='word_1_164' title='bbox 3425 784 3604 820; x_wconf 85' lang='lat' dir='ltr'><strong>menses</strong></span> <span class='ocrx_word' id='word_1_165' title='bbox 3631 768 3819 836; x_wconf 86' lang='lat' dir='ltr'><strong>quadra-</strong></span> 
     </span>
    </p>
   </div>
   <div class='ocr_carea' id='block_1_23' title="bbox 2315 855 3819 932">
    <p class='ocr_par' dir='ltr' id='par_1_23' title="bbox 2315 855 3819 932">
     <span class='ocr_line' id='line_1_23' title="bbox 2315 855 3819 932; baseline -0.003 -16"><span class='ocrx_word' id='word_1_166' title='bbox 2315 863 2462 932; x_wconf 85' lang='lat' dir='ltr'><strong>ginta</strong></span> <span class='ocrx_word' id='word_1_167' title='bbox 2492 861 2642 916; x_wconf 85' lang='lat' dir='ltr'><strong>duos.</strong></span> <span class='ocrx_word' id='word_1_168' title='bbox 2674 859 2909 916; x_wconf 84' lang='lat' dir='ltr'><strong>Diﬂicile</strong></span> <span class='ocrx_word' id='word_1_169' title='bbox 2941 859 3178 926; x_wconf 81' lang='lat' dir='ltr'><strong>videtur,</strong></span> <span class='ocrx_word' id='word_1_170' title='bbox 3223 864 3286 913; x_wconf 90' lang='lat' dir='ltr'><strong>ut</strong></span> <span class='ocrx_word' id='word_1_171' title='bbox 3331 855 3388 911; x_wconf 87' lang='lat' dir='ltr'><strong>in</strong></span> <span class='ocrx_word' id='word_1_172' title='bbox 3432 865 3534 912; x_wconf 86' lang='lat' dir='ltr'><strong>tam</strong></span> <span class='ocrx_word' id='word_1_173' title='bbox 3564 856 3819 927; x_wconf 83' lang='lat' dir='ltr'><strong>parvissimo</strong></span> 
     </span>
    </p>
   </div>
   <div class='ocr_carea' id='block_1_24' title="bbox 2317 946 3819 1024">
    <p class='ocr_par' dir='ltr' id='par_1_24' title="bbox 2317 946 3819 1024">
     <span class='ocr_line' id='line_1_24' title="bbox 2317 946 3819 1024; baseline -0.004 -16"><span class='ocrx_word' id='word_1_174' title='bbox 2317 960 2580 1024; x_wconf 87' lang='lat' dir='ltr'><strong>tempore,</strong></span> <span class='ocrx_word' id='word_1_175' title='bbox 2626 949 2684 1006; x_wconf 93' lang='lat' dir='ltr'><strong>id</strong></span> <span class='ocrx_word' id='word_1_176' title='bbox 2713 958 2814 1018; x_wconf 87' lang='lat' dir='ltr'><strong>est,</strong></span> <span class='ocrx_word' id='word_1_177' title='bbox 2855 950 2911 1004; x_wconf 91' lang='lat' dir='ltr'><strong>in</strong></span> <span class='ocrx_word' id='word_1_178' title='bbox 2942 949 3120 1004; x_wconf 90' lang='lat' dir='ltr'><strong>tribus</strong></span> <span class='ocrx_word' id='word_1_179' title='bbox 3149 948 3308 1004; x_wconf 89' lang='lat' dir='ltr'><strong>annis</strong></span> <span class='ocrx_word' id='word_1_180' title='bbox 3337 955 3388 1002; x_wconf 90' lang='lat' dir='ltr'><strong>et</strong></span> <span class='ocrx_word' id='word_1_181' title='bbox 3425 946 3652 1014; x_wconf 87' lang='lat' dir='ltr'><strong>dimidio,</strong></span> <span class='ocrx_word' id='word_1_182' title='bbox 3681 963 3819 1003; x_wconf 83' lang='lat' dir='ltr'><strong>omnes</strong></span> 
     </span>
    </p>
   </div>
   <div class='ocr_carea' id='block_1_25' title="bbox 2319 1037 3821 1114">
    <p class='ocr_par' dir='ltr' id='par_1_25' title="bbox 2319 1037 3821 1114">
     <span class='ocr_line' id='line_1_25' title="bbox 2319 1037 3821 1114; baseline -0.004 -16"><span class='ocrx_word' id='word_1_183' title='bbox 2319 1051 2504 1114; x_wconf 84' lang='lat' dir='ltr'><strong>gentes</strong></span> <span class='ocrx_word' id='word_1_184' title='bbox 2545 1041 2650 1096; x_wconf 88' lang='lat' dir='ltr'><strong>sibi</strong></span> <span class='ocrx_word' id='word_1_185' title='bbox 2696 1037 2984 1110; x_wconf 88' lang='lat' dir='ltr'><strong>subjicere,</strong></span> <span class='ocrx_word' id='word_1_186' title='bbox 3031 1047 3084 1094; x_wconf 88' lang='lat' dir='ltr'><strong>et</strong></span> <span class='ocrx_word' id='word_1_187' title='bbox 3130 1037 3196 1093; x_wconf 90' lang='lat' dir='ltr'><strong>ad</strong></span> <span class='ocrx_word' id='word_1_188' title='bbox 3237 1054 3389 1092; x_wconf 89' lang='lat' dir='ltr'><strong>suam</strong></span> <span class='ocrx_word' id='word_1_189' title='bbox 3421 1038 3664 1093; x_wconf 88' lang='lat' dir='ltr'><strong>culturam</strong></span> <span class='ocrx_word' id='word_1_190' title='bbox 3700 1052 3821 1106; x_wconf 82' lang='lat' dir='ltr'><strong>genus</strong></span> 
     </span>
    </p>
   </div>
   <div class='ocr_carea' id='block_1_26' title="bbox 2317 1123 3817 1202">
    <p class='ocr_par' dir='ltr' id='par_1_26' title="bbox 2317 1123 3817 1202">
     <span class='ocr_line' id='line_1_26' title="bbox 2317 1123 3817 1202; baseline -0.005 -16"><span class='ocrx_word' id='word_1_191' title='bbox 2317 1131 2620 1186; x_wconf 91' lang='lat' dir='ltr'><strong>humanum</strong></span> <span class='ocrx_word' id='word_1_192' title='bbox 2667 1137 2861 1202; x_wconf 63' lang='lat' dir='ltr'><strong>praeter</strong></span> <span class='ocrx_word' id='word_1_193' title='bbox 2907 1145 3108 1200; x_wconf 90' lang='lat' dir='ltr'><strong>paucos</strong></span> <span class='ocrx_word' id='word_1_194' title='bbox 3157 1128 3358 1183; x_wconf 87' lang='lat' dir='ltr'><strong>electos</strong></span> <span class='ocrx_word' id='word_1_195' title='bbox 3403 1125 3563 1198; x_wconf 86' lang='lat' dir='ltr'><strong>possit</strong></span> <span class='ocrx_word' id='word_1_196' title='bbox 3589 1123 3817 1189; x_wconf 83' lang='lat' dir='ltr'><strong>adducere;</strong></span> 
     </span>
    </p>
   </div>
   <div class='ocr_carea' id='block_1_27' title="bbox 2317 1214 3820 1287">
    <p class='ocr_par' dir='ltr' id='par_1_27' title="bbox 2317 1214 3820 1287">
     <span class='ocr_line' id='line_1_27' title="bbox 2317 1214 3820 1287; baseline -0.006 -10"><span class='ocrx_word' id='word_1_197' title='bbox 2317 1229 2478 1277; x_wconf 89' lang='lat' dir='ltr'><strong>erunt</strong></span> <span class='ocrx_word' id='word_1_198' title='bbox 2506 1220 2651 1276; x_wconf 91' lang='lat' dir='ltr'><strong>enim</strong></span> <span class='ocrx_word' id='word_1_199' title='bbox 2699 1219 2862 1275; x_wconf 89' lang='lat' dir='ltr'><strong>multi</strong></span> <span class='ocrx_word' id='word_1_200' title='bbox 2893 1219 3076 1286; x_wconf 86' lang='lat' dir='ltr'><strong>electi,</strong></span> <span class='ocrx_word' id='word_1_201' title='bbox 3123 1217 3217 1274; x_wconf 88' lang='lat' dir='ltr'><strong>sed</strong></span> <span class='ocrx_word' id='word_1_202' title='bbox 3265 1217 3323 1272; x_wconf 90' lang='lat' dir='ltr'><strong>in</strong></span> <span class='ocrx_word' id='word_1_203' title='bbox 3354 1215 3714 1287; x_wconf 86' lang='lat' dir='ltr'><strong>comparatione</strong></span> <span class='ocrx_word' id='word_1_204' title='bbox 3737 1214 3820 1268; x_wconf 79' lang='lat' dir='ltr'><strong>infi-</strong></span> 
     </span>
    </p>
   </div>
   <div class='ocr_carea' id='block_1_28' title="bbox 2316 1306 3819 1384">
    <p class='ocr_par' dir='ltr' id='par_1_28' title="bbox 2316 1306 3819 1384">
     <span class='ocr_line' id='line_1_28' title="bbox 2316 1306 3819 1384; baseline -0.006 -15"><span class='ocrx_word' id='word_1_205' title='bbox 2316 1313 2523 1369; x_wconf 87' lang='lat' dir='ltr'><strong>delium</strong></span> <span class='ocrx_word' id='word_1_206' title='bbox 2576 1312 2735 1368; x_wconf 83' lang='lat' dir='ltr'><strong>valde</strong></span> <span class='ocrx_word' id='word_1_207' title='bbox 2779 1309 3116 1384; x_wconf 84' lang='lat' dir='ltr'><strong>paucissimi.</strong></span> <span class='ocrx_word' id='word_1_208' title='bbox 3174 1308 3384 1364; x_wconf 81' lang='lat' dir='ltr'><strong>Verum</strong></span> <span class='ocrx_word' id='word_1_209' title='bbox 3433 1314 3594 1379; x_wconf 87' lang='lat' dir='ltr'><strong>potest</strong></span> <span class='ocrx_word' id='word_1_210' title='bbox 3631 1306 3741 1375; x_wconf 86' lang='lat' dir='ltr'><strong>ﬁeri,</strong></span> <span class='ocrx_word' id='word_1_211' title='bbox 3778 1313 3819 1360; x_wconf 89' lang='lat' dir='ltr'><strong>ut</strong></span> 
     </span>
    </p>
   </div>
   <div class='ocr_carea' id='block_1_29' title="bbox 2315 1396 3816 1477">
    <p class='ocr_par' dir='ltr' id='par_1_29' title="bbox 2315 1396 3816 1477">
     <span class='ocr_line' id='line_1_29' title="bbox 2315 1396 3816 1477; baseline -0.007 -18"><span class='ocrx_word' id='word_1_212' title='bbox 2315 1403 2495 1477; x_wconf 90' lang='lat' dir='ltr'><strong>primo</strong></span> <span class='ocrx_word' id='word_1_213' title='bbox 2546 1419 2736 1458; x_wconf 90' lang='lat' dir='ltr'><strong>omnes</strong></span> <span class='ocrx_word' id='word_1_214' title='bbox 2767 1409 2952 1474; x_wconf 82' lang='lat' dir='ltr'><strong>gentes</strong></span> <span class='ocrx_word' id='word_1_215' title='bbox 2993 1416 3104 1456; x_wconf 71' lang='lat' dir='ltr'><strong>suae</strong></span> <span class='ocrx_word' id='word_1_216' title='bbox 3155 1398 3359 1455; x_wconf 88' lang='lat' dir='ltr'><strong>dilioni</strong></span> <span class='ocrx_word' id='word_1_217' title='bbox 3387 1396 3650 1468; x_wconf 89' lang='lat' dir='ltr'><strong>subjiciat:</strong></span> <span class='ocrx_word' id='word_1_218' title='bbox 3689 1405 3816 1467; x_wconf 68' lang='lat' dir='ltr'><strong>postea</strong></span> 
     </span>
    </p>
   </div>
   <div class='ocr_carea' id='block_1_30' title="bbox 2315 1485 3812 1564">
    <p class='ocr_par' dir='ltr' id='par_1_30' title="bbox 2315 1485 3812 1564">
     <span class='ocr_line' id='line_1_30' title="bbox 2315 1485 3812 1564; baseline -0.009 -14"><span class='ocrx_word' id='word_1_219' title='bbox 2315 1510 2446 1550; x_wconf 87' lang='lat' dir='ltr'><strong>vero</strong></span> <span class='ocrx_word' id='word_1_220' title='bbox 2477 1493 2534 1548; x_wconf 90' lang='lat' dir='ltr'><strong>in</strong></span> <span class='ocrx_word' id='word_1_221' title='bbox 2566 1491 2877 1564; x_wconf 86' lang='lat' dir='ltr'><strong>superbiam</strong></span> <span class='ocrx_word' id='word_1_222' title='bbox 2916 1491 3112 1558; x_wconf 90' lang='lat' dir='ltr'><strong>elatus,</strong></span> <span class='ocrx_word' id='word_1_223' title='bbox 3143 1505 3200 1544; x_wconf 91' lang='lat' dir='ltr'><strong>se</strong></span> <span class='ocrx_word' id='word_1_224' title='bbox 3231 1505 3328 1560; x_wconf 90' lang='lat' dir='ltr'><strong>pro</strong></span> <span class='ocrx_word' id='word_1_225' title='bbox 3359 1489 3467 1542; x_wconf 88' lang='lat' dir='ltr'><strong>Deo</strong></span> <span class='ocrx_word' id='word_1_226' title='bbox 3495 1486 3589 1542; x_wconf 92' lang='lat' dir='ltr'><strong>coli</strong></span> <span class='ocrx_word' id='word_1_227' title='bbox 3616 1485 3812 1539; x_wconf 85' lang='lat' dir='ltr'><strong>instituat.</strong></span> 
     </span>
    </p>
   </div>
   <div class='ocr_carea' id='block_1_31' title="bbox 2316 1573 3813 1647">
    <p class='ocr_par' dir='ltr' id='par_1_31' title="bbox 2316 1573 3813 1647">
     <span class='ocr_line' id='line_1_31' title="bbox 2316 1573 3813 1647; baseline -0.009 -7"><span class='ocrx_word' id='word_1_228' title='bbox 2316 1584 2450 1640; x_wconf 89' lang='lat' dir='ltr'><strong>Nam</strong></span> <span class='ocrx_word' id='word_1_229' title='bbox 2479 1581 2622 1638; x_wconf 89' lang='lat' dir='ltr'><strong>sicut</strong></span> <span class='ocrx_word' id='word_1_230' title='bbox 2654 1579 2792 1636; x_wconf 90' lang='lat' dir='ltr'><strong>mihi</strong></span> <span class='ocrx_word' id='word_1_231' title='bbox 2832 1579 3070 1647; x_wconf 87' lang='lat' dir='ltr'><strong>videtur,</strong></span> <span class='ocrx_word' id='word_1_232' title='bbox 3118 1577 3177 1634; x_wconf 91' lang='lat' dir='ltr'><strong>in</strong></span> <span class='ocrx_word' id='word_1_233' title='bbox 3207 1577 3386 1633; x_wconf 87' lang='lat' dir='ltr'><strong>tribus</strong></span> <span class='ocrx_word' id='word_1_234' title='bbox 3409 1575 3559 1630; x_wconf 91' lang='lat' dir='ltr'><strong>annis</strong></span> <span class='ocrx_word' id='word_1_235' title='bbox 3581 1583 3627 1630; x_wconf 87' lang='lat' dir='ltr'><strong>et</strong></span> <span class='ocrx_word' id='word_1_236' title='bbox 3650 1573 3813 1629; x_wconf 86' lang='lat' dir='ltr'><strong>dimidio</strong></span> 
     </span>
    </p>
   </div>
   <div class='ocr_carea' id='block_1_32' title="bbox 2316 1666 3810 1750">
    <p class='ocr_par' dir='ltr' id='par_1_32' title="bbox 2316 1666 3810 1750">
     <span class='ocr_line' id='line_1_32' title="bbox 2316 1666 3810 1750; baseline -0.009 -17"><span class='ocrx_word' id='word_1_237' title='bbox 2316 1673 2720 1750; x_wconf 91' lang='lat' dir='ltr'><strong>persecutionis</strong></span> <span class='ocrx_word' id='word_1_238' title='bbox 2749 1678 2966 1746; x_wconf 91' lang='lat' dir='ltr'><strong>tempus</strong></span> <span class='ocrx_word' id='word_1_239' title='bbox 2993 1670 3380 1728; x_wconf 87' lang='lat' dir='ltr'><strong>tantummodo</strong></span> <span class='ocrx_word' id='word_1_240' title='bbox 3403 1666 3810 1741; x_wconf 78' lang='lat' dir='ltr'><strong>comprehenditur,</strong></span> 
     </span>
    </p>
   </div>
   <div class='ocr_carea' id='block_1_33' title="bbox 617 1759 3812 1848">
    <p class='ocr_par' dir='ltr' id='par_1_33' title="bbox 617 1759 3812 1848">
     <span class='ocr_line' id='line_1_33' title="bbox 617 1759 3812 1848; baseline -0.004 -27"><span class='ocrx_word' id='word_1_241' title='bbox 617 1771 728 1822; x_wconf 85' lang='lat' dir='ltr'><strong>tem</strong></span> <span class='ocrx_word' id='word_1_242' title='bbox 763 1782 1014 1839; x_wconf 89' lang='lat' dir='ltr'><strong>magnam</strong></span> <span class='ocrx_word' id='word_1_243' title='bbox 1046 1767 1394 1824; x_wconf 89' lang='lat' dir='ltr'><strong>Antichristo</strong></span> <span class='ocrx_word' id='word_1_244' title='bbox 1423 1767 1624 1824; x_wconf 79' lang='lat' dir='ltr'><strong>dabit?</strong></span> <span class='ocrx_word' id='word_1_245' title='bbox 1659 1769 1806 1823; x_wconf 89' lang='lat' dir='ltr'><strong>Deus</strong></span> <span class='ocrx_word' id='word_1_246' title='bbox 1853 1765 2004 1822; x_wconf 89' lang='lat' dir='ltr'><strong>dabit</strong></span> <span class='ocrx_word' id='word_1_247' title='bbox 2048 1765 2205 1822; x_wconf 87' lang='lat' dir='ltr'><strong>Anti-</strong></span> <span class='ocrx_word' id='word_1_248' title='bbox 2236 1789 2283 1848; x_wconf 80' lang='grc' dir='ltr'>Β</span> <span class='ocrx_word' id='word_1_249' title='bbox 2315 1766 2373 1821; x_wconf 92' lang='lat' dir='ltr'><strong>in</strong></span> <span class='ocrx_word' id='word_1_250' title='bbox 2407 1782 2514 1839; x_wconf 90' lang='lat' dir='ltr'><strong>quo</strong></span> <span class='ocrx_word' id='word_1_251' title='bbox 2562 1773 2614 1821; x_wconf 89' lang='lat' dir='ltr'><strong>et</strong></span> <span class='ocrx_word' id='word_1_252' title='bbox 2667 1781 2764 1836; x_wconf 91' lang='lat' dir='ltr'><strong>per</strong></span> <span class='ocrx_word' id='word_1_253' title='bbox 2803 1781 2878 1832; x_wconf 92' lang='lat' dir='ltr'><strong>se,</strong></span> <span class='ocrx_word' id='word_1_254' title='bbox 2930 1770 2984 1819; x_wconf 90' lang='lat' dir='ltr'><strong>et</strong></span> <span class='ocrx_word' id='word_1_255' title='bbox 3029 1779 3124 1835; x_wconf 89' lang='lat' dir='ltr'><strong>per</strong></span> <span class='ocrx_word' id='word_1_256' title='bbox 3167 1759 3466 1832; x_wconf 88' lang='lat' dir='ltr'><strong>discipulos</strong></span> <span class='ocrx_word' id='word_1_257' title='bbox 3509 1774 3638 1848; x_wconf 85' lang='lat' dir='ltr'><strong>suos,</strong></span> <span class='ocrx_word' id='word_1_258' title='bbox 3681 1764 3721 1811; x_wconf 89' lang='lat' dir='ltr'><strong>et</strong></span> <span class='ocrx_word' id='word_1_259' title='bbox 3752 1771 3812 1848; x_wconf 78' lang='lat' dir='ltr'><strong>per</strong></span> 
     </span>
    </p>
   </div>
   <div class='ocr_carea' id='block_1_34' title="bbox 616 1853 2208 1930">
    <p class='ocr_par' dir='ltr' id='par_1_34' title="bbox 616 1853 2208 1930">
     <span class='ocr_line' id='line_1_34' title="bbox 616 1853 2208 1930; baseline -0.001 -18"><span class='ocrx_word' id='word_1_260' title='bbox 616 1853 827 1912; x_wconf 89' lang='lat' dir='ltr'><strong>christo</strong></span> <span class='ocrx_word' id='word_1_261' title='bbox 865 1863 1208 1928; x_wconf 89' lang='lat' dir='ltr'><strong>potestatem,</strong></span> <span class='ocrx_word' id='word_1_262' title='bbox 1227 1857 1323 1913; x_wconf 90' lang='lat' dir='ltr'><strong>sed</strong></span> <span class='ocrx_word' id='word_1_263' title='bbox 1353 1856 1524 1930; x_wconf 83' lang='lat' dir='ltr'><strong>ipsam</strong></span> <span class='ocrx_word' id='word_1_264' title='bbox 1556 1865 1878 1929; x_wconf 88' lang='lat' dir='ltr'><strong>potestatem</strong></span> <span class='ocrx_word' id='word_1_265' title='bbox 1908 1857 1967 1913; x_wconf 91' lang='lat' dir='ltr'><strong>in</strong></span> <span class='ocrx_word' id='word_1_266' title='bbox 1993 1864 2208 1912; x_wconf 88' lang='lat' dir='ltr'><strong>tantum</strong></span> 
     </span>
    </p>
   </div>
   <div class='ocr_carea' id='block_1_35' title="bbox 613 1945 2210 2018">
    <p class='ocr_par' dir='ltr' id='par_1_35' title="bbox 613 1945 2210 2018">
     <span class='ocr_line' id='line_1_35' title="bbox 613 1945 2210 2018; baseline 0.001 -16"><span class='ocrx_word' id='word_1_267' title='bbox 613 1947 955 2018; x_wconf 86' lang='lat' dir='ltr'><strong>permutabit</strong></span> <span class='ocrx_word' id='word_1_268' title='bbox 981 1948 1039 2004; x_wconf 90' lang='lat' dir='ltr'><strong>in</strong></span> <span class='ocrx_word' id='word_1_269' title='bbox 1071 1949 1300 2017; x_wconf 88' lang='lat' dir='ltr'><strong>malum,</strong></span> <span class='ocrx_word' id='word_1_270' title='bbox 1334 1954 1396 2004; x_wconf 89' lang='lat' dir='ltr'><strong>ut</strong></span> <span class='ocrx_word' id='word_1_271' title='bbox 1424 1953 1539 2004; x_wconf 88' lang='lat' dir='ltr'><strong>tota</strong></span> <span class='ocrx_word' id='word_1_272' title='bbox 1565 1945 1840 2005; x_wconf 88' lang='lat' dir='ltr'><strong>diabolica</strong></span> <span class='ocrx_word' id='word_1_273' title='bbox 1881 1963 1997 2005; x_wconf 91' lang='lat' dir='ltr'><strong>esse</strong></span> <span class='ocrx_word' id='word_1_274' title='bbox 2027 1947 2210 2006; x_wconf 88' lang='lat' dir='ltr'><strong>creda-</strong></span> 
     </span>
    </p>
   </div>
   <div class='ocr_carea' id='block_1_36' title="bbox 609 2037 904 2095">
    <p class='ocr_par' dir='ltr' id='par_1_36' title="bbox 609 2037 904 2095">
     <span class='ocr_line' id='line_1_36' title="bbox 609 2037 904 2095; baseline 0.01 -3"><span class='ocrx_word' id='word_1_275' title='bbox 609 2043 706 2093; x_wconf 89' lang='lat' dir='ltr'><strong>tur</strong></span> <span class='ocrx_word' id='word_1_276' title='bbox 733 2046 788 2095; x_wconf 90' lang='lat' dir='ltr'><strong>et</strong></span> <span class='ocrx_word' id='word_1_277' title='bbox 814 2037 904 2095; x_wconf 85' lang='lat' dir='ltr'><strong>sit.</strong></span> 
     </span>
    </p>
   </div>
   <div class='ocr_carea' id='block_1_37' title="bbox 688 2137 2213 2211">
    <p class='ocr_par' dir='ltr' id='par_1_37' title="bbox 688 2137 2213 2211">
     <span class='ocr_line' id='line_1_37' title="bbox 688 2137 2213 2211; baseline -0.001 -15"><span class='ocrx_word' id='word_1_278' title='bbox 688 2137 874 2208; x_wconf 87' lang='lat' dir='ltr'><strong>(Vers.</strong></span> <span class='ocrx_word' id='word_1_279' title='bbox 902 2137 983 2210; x_wconf 88' lang='lat'><strong>3.)</strong></span> <span class='ocrx_word' id='word_1_280' title='bbox 1037 2140 1112 2196; x_wconf 86' lang='lat' dir='ltr'><strong>Et</strong></span> <span class='ocrx_word' id='word_1_281' title='bbox 1141 2138 1252 2195; x_wconf 81' lang='lat' dir='ltr'><strong>vidi</strong></span> <span class='ocrx_word' id='word_1_282' title='bbox 1281 2155 1446 2196; x_wconf 82' lang='lat' dir='ltr'><strong>unum</strong></span> <span class='ocrx_word' id='word_1_283' title='bbox 1487 2138 1523 2194; x_wconf 74' lang='grc' dir='ltr'><em>ἀ</em></span> <span class='ocrx_word' id='word_1_284' title='bbox 1595 2139 1856 2211; x_wconf 85' lang='lat' dir='ltr'><strong>capitibus</strong></span> <span class='ocrx_word' id='word_1_285' title='bbox 1900 2139 2013 2209; x_wconf 86' lang='lat' dir='ltr'><strong>ejus</strong></span> <span class='ocrx_word' id='word_1_286' title='bbox 2057 2139 2213 2211; x_wconf 88' lang='lat' dir='ltr'><strong>quasi</strong></span> 
     </span>
    </p>
   </div>
   <div class='ocr_carea' id='block_1_38' title="bbox 621 2226 2210 2311">
    <p class='ocr_par' dir='ltr' id='par_1_38' title="bbox 621 2226 2210 2311">
     <span class='ocr_line' id='line_1_38' title="bbox 621 2226 2210 2311; baseline 0.001 -29"><span class='ocrx_word' id='word_1_287' title='bbox 621 2226 847 2282; x_wconf 86' lang='lat' dir='ltr'><strong>occisum</strong></span> <span class='ocrx_word' id='word_1_288' title='bbox 904 2228 962 2282; x_wconf 85' lang='lat' dir='ltr'><strong>in</strong></span> <span class='ocrx_word' id='word_1_289' title='bbox 1014 2235 1254 2297; x_wconf 84' lang='lat' dir='ltr'><strong>mortem,</strong></span> <span class='ocrx_word' id='word_1_290' title='bbox 1303 2235 1352 2284; x_wconf 89' lang='lat' dir='ltr'><strong>et</strong></span> <span class='ocrx_word' id='word_1_291' title='bbox 1400 2230 1564 2301; x_wconf 84' lang='lat' dir='ltr'><strong>plaga</strong></span> <span class='ocrx_word' id='word_1_292' title='bbox 1617 2229 1806 2311; x_wconf 77' lang='lat' dir='ltr'><strong>mortis</strong></span> <span class='ocrx_word' id='word_1_293' title='bbox 1857 2228 1970 2298; x_wconf 87' lang='lat' dir='ltr'><strong>ejus</strong></span> <span class='ocrx_word' id='word_1_294' title='bbox 2022 2235 2210 2285; x_wconf 76' lang='lat' dir='ltr'><strong>curata</strong></span> 
     </span>
    </p>
   </div>
   <div class='ocr_carea' id='block_1_39' title="bbox 620 2316 2210 2391">
    <p class='ocr_par' dir='ltr' id='par_1_39' title="bbox 620 2316 2210 2391">
     <span class='ocr_line' id='line_1_39' title="bbox 620 2316 2210 2391; baseline 0.003 -21"><span class='ocrx_word' id='word_1_295' title='bbox 620 2321 712 2371; x_wconf 87' lang='lat' dir='ltr'><strong>est.</strong></span> <span class='ocrx_word' id='word_1_296' title='bbox 737 2316 996 2373; x_wconf 83' lang='lat' dir='ltr'><strong>Diximus</strong></span> <span class='ocrx_word' id='word_1_297' title='bbox 1028 2319 1280 2391; x_wconf 90' lang='lat' dir='ltr'><strong>superius</strong></span> <span class='ocrx_word' id='word_1_298' title='bbox 1308 2335 1406 2391; x_wconf 91' lang='lat' dir='ltr'><strong>per</strong></span> <span class='ocrx_word' id='word_1_299' title='bbox 1435 2327 1642 2391; x_wconf 90' lang='lat' dir='ltr'><strong>septem</strong></span> <span class='ocrx_word' id='word_1_300' title='bbox 1677 2319 1856 2390; x_wconf 87' lang='lat' dir='ltr'><strong>capita</strong></span> <span class='ocrx_word' id='word_1_301' title='bbox 1877 2318 2210 2376; x_wconf 84' lang='lat' dir='ltr'><strong>Antichristi</strong></span> 
     </span>
    </p>
   </div>
   <div class='ocr_carea' id='block_1_40' title="bbox 617 2405 2210 2481">
    <p class='ocr_par' dir='ltr' id='par_1_40' title="bbox 617 2405 2210 2481">
     <span class='ocr_line' id='line_1_40' title="bbox 617 2405 2210 2481; baseline 0.003 -21"><span class='ocrx_word' id='word_1_302' title='bbox 617 2411 829 2477; x_wconf 87' lang='lat' dir='ltr'><strong>septem</strong></span> <span class='ocrx_word' id='word_1_303' title='bbox 870 2405 1009 2462; x_wconf 87' lang='lat' dir='ltr'><strong>vitia</strong></span> <span class='ocrx_word' id='word_1_304' title='bbox 1039 2406 1364 2480; x_wconf 88' lang='lat' dir='ltr'><strong>principalia</strong></span> <span class='ocrx_word' id='word_1_305' title='bbox 1405 2423 1521 2464; x_wconf 91' lang='lat' dir='ltr'><strong>esse</strong></span> <span class='ocrx_word' id='word_1_306' title='bbox 1550 2407 1849 2480; x_wconf 87' lang='lat' dir='ltr'><strong>designata.</strong></span> <span class='ocrx_word' id='word_1_307' title='bbox 1899 2408 2001 2463; x_wconf 93' lang='lat' dir='ltr'><strong>Per</strong></span> <span class='ocrx_word' id='word_1_308' title='bbox 2047 2417 2210 2481; x_wconf 89' lang='lat' dir='ltr'><strong>caput</strong></span> 
     </span>
    </p>
   </div>
   <div class='ocr_carea' id='block_1_41' title="bbox 616 2495 2207 2571">
    <p class='ocr_par' dir='ltr' id='par_1_41' title="bbox 616 2495 2207 2571">
     <span class='ocr_line' id='line_1_41' title="bbox 616 2495 2207 2571; baseline 0.004 -21"><span class='ocrx_word' id='word_1_309' title='bbox 616 2510 744 2568; x_wconf 88' lang='lat' dir='ltr'><strong>ergo</strong></span> <span class='ocrx_word' id='word_1_310' title='bbox 781 2495 928 2568; x_wconf 86' lang='lat' dir='ltr'><strong>quod</strong></span> <span class='ocrx_word' id='word_1_311' title='bbox 957 2512 1060 2554; x_wconf 89' lang='lat' dir='ltr'><strong>nec</strong></span> <span class='ocrx_word' id='word_1_312' title='bbox 1085 2497 1349 2566; x_wconf 91' lang='lat' dir='ltr'><strong>occisum,</strong></span> <span class='ocrx_word' id='word_1_313' title='bbox 1401 2497 1495 2555; x_wconf 91' lang='lat' dir='ltr'><strong>sed</strong></span> <span class='ocrx_word' id='word_1_314' title='bbox 1538 2498 1694 2571; x_wconf 90' lang='lat' dir='ltr'><strong>quasi</strong></span> <span class='ocrx_word' id='word_1_315' title='bbox 1741 2498 1984 2556; x_wconf 89' lang='lat' dir='ltr'><strong>occisum</strong></span> <span class='ocrx_word' id='word_1_316' title='bbox 2027 2499 2207 2556; x_wconf 87' lang='lat' dir='ltr'><strong>visum</strong></span> 
     </span>
    </p>
   </div>
   <div class='ocr_carea' id='block_1_42' title="bbox 615 2586 2208 2664">
    <p class='ocr_par' dir='ltr' id='par_1_42' title="bbox 615 2586 2208 2664">
     <span class='ocr_line' id='line_1_42' title="bbox 615 2586 2208 2664; baseline 0.004 -22"><span class='ocrx_word' id='word_1_317' title='bbox 615 2593 718 2655; x_wconf 89' lang='lat' dir='ltr'><strong>est,</strong></span> <span class='ocrx_word' id='word_1_318' title='bbox 763 2586 1104 2661; x_wconf 84' lang='lat' dir='ltr'><strong>blasphemia</strong></span> <span class='ocrx_word' id='word_1_319' title='bbox 1133 2588 1470 2661; x_wconf 80' lang='lat' dir='ltr'><strong>designatur.</strong></span> <span class='ocrx_word' id='word_1_320' title='bbox 1503 2590 1868 2664; x_wconf 71' lang='lat' dir='ltr'><strong>Quaerendum</strong></span> <span class='ocrx_word' id='word_1_321' title='bbox 1900 2591 2083 2664; x_wconf 89' lang='lat' dir='ltr'><strong>itaque</strong></span> <span class='ocrx_word' id='word_1_322' title='bbox 2113 2608 2208 2648; x_wconf 88' lang='lat' dir='ltr'><strong>no-</strong></span> 
     </span>
    </p>
   </div>
   <div class='ocr_carea' id='block_1_43' title="bbox 615 2673 2208 2753">
    <p class='ocr_par' dir='ltr' id='par_1_43' title="bbox 615 2673 2208 2753">
     <span class='ocr_line' id='line_1_43' title="bbox 615 2673 2208 2753; baseline 0.004 -22"><span class='ocrx_word' id='word_1_323' title='bbox 615 2673 702 2731; x_wconf 87' lang='lat' dir='ltr'><strong>bis</strong></span> <span class='ocrx_word' id='word_1_324' title='bbox 757 2684 860 2746; x_wconf 90' lang='lat' dir='ltr'><strong>est,</strong></span> <span class='ocrx_word' id='word_1_325' title='bbox 921 2677 1198 2750; x_wconf 89' lang='lat' dir='ltr'><strong>quomodo</strong></span> <span class='ocrx_word' id='word_1_326' title='bbox 1254 2677 1596 2751; x_wconf 86' lang='lat' dir='ltr'><strong>blasphemia</strong></span> <span class='ocrx_word' id='word_1_327' title='bbox 1659 2681 1813 2753; x_wconf 88' lang='lat' dir='ltr'><strong>quasi</strong></span> <span class='ocrx_word' id='word_1_328' title='bbox 1865 2680 2044 2737; x_wconf 89' lang='lat' dir='ltr'><strong>occisa</strong></span> <span class='ocrx_word' id='word_1_329' title='bbox 2091 2697 2208 2737; x_wconf 90' lang='lat' dir='ltr'><strong>esse</strong></span> 
     </span>
    </p>
   </div>
   <div class='ocr_carea' id='block_1_44' title="bbox 615 2763 2207 2844">
    <p class='ocr_par' dir='ltr' id='par_1_44' title="bbox 615 2763 2207 2844">
     <span class='ocr_line' id='line_1_44' title="bbox 615 2763 2207 2844; baseline 0.003 -21"><span class='ocrx_word' id='word_1_330' title='bbox 615 2763 875 2824; x_wconf 62' lang='lat' dir='ltr'><strong>dicatur:</strong></span> <span class='ocrx_word' id='word_1_331' title='bbox 907 2767 1107 2825; x_wconf 89' lang='lat' dir='ltr'><strong>Primis</strong></span> <span class='ocrx_word' id='word_1_332' title='bbox 1135 2785 1371 2843; x_wconf 89' lang='lat' dir='ltr'><strong>namque</strong></span> <span class='ocrx_word' id='word_1_333' title='bbox 1398 2769 1740 2844; x_wconf 89' lang='lat' dir='ltr'><strong>temporibus</strong></span> <span class='ocrx_word' id='word_1_334' title='bbox 1766 2771 2054 2844; x_wconf 86' lang='lat' dir='ltr'><strong>Evangelii</strong></span> <span class='ocrx_word' id='word_1_335' title='bbox 2093 2771 2207 2828; x_wconf 89' lang='lat' dir='ltr'><strong>fue-</strong></span> 
     </span>
    </p>
   </div>
   <div class='ocr_carea' id='block_1_45' title="bbox 615 2857 2206 2931">
    <p class='ocr_par' dir='ltr' id='par_1_45' title="bbox 615 2857 2206 2931">
     <span class='ocr_line' id='line_1_45' title="bbox 615 2857 2206 2931; baseline 0.004 -21"><span class='ocrx_word' id='word_1_336' title='bbox 615 2862 747 2911; x_wconf 90' lang='lat' dir='ltr'><strong>runt</strong></span> <span class='ocrx_word' id='word_1_337' title='bbox 771 2857 937 2912; x_wconf 90' lang='lat' dir='ltr'><strong>multi</strong></span> <span class='ocrx_word' id='word_1_338' title='bbox 970 2857 1238 2928; x_wconf 71' lang='lat' dir='ltr'><strong>haeretici,</strong></span> <span class='ocrx_word' id='word_1_339' title='bbox 1290 2858 1382 2931; x_wconf 90' lang='lat' dir='ltr'><strong>qui</strong></span> <span class='ocrx_word' id='word_1_340' title='bbox 1413 2859 1578 2915; x_wconf 87' lang='lat' dir='ltr'><strong>ﬁdem</strong></span> <span class='ocrx_word' id='word_1_341' title='bbox 1608 2859 1870 2916; x_wconf 71' lang='lat' dir='ltr'><strong>Ecclesiae</strong></span> <span class='ocrx_word' id='word_1_342' title='bbox 1912 2860 2026 2916; x_wconf 88' lang='lat' dir='ltr'><strong>suis</strong></span> <span class='ocrx_word' id='word_1_343' title='bbox 2063 2876 2206 2916; x_wconf 87' lang='lat' dir='ltr'><strong>erro-</strong></span> 
     </span>
    </p>
   </div>
   <div class='ocr_carea' id='block_1_46' title="bbox 615 2943 2208 3021">
    <p class='ocr_par' dir='ltr' id='par_1_46' title="bbox 615 2943 2208 3021">
     <span class='ocr_line' id='line_1_46' title="bbox 615 2943 2208 3021; baseline 0.006 -22"><span class='ocrx_word' id='word_1_344' title='bbox 615 2943 774 3002; x_wconf 90' lang='lat' dir='ltr'><strong>ribus</strong></span> <span class='ocrx_word' id='word_1_345' title='bbox 803 2945 1136 3004; x_wconf 87' lang='lat' dir='ltr'><strong>labefactare</strong></span> <span class='ocrx_word' id='word_1_346' title='bbox 1161 2948 1345 3003; x_wconf 89' lang='lat' dir='ltr'><strong>conati</strong></span> <span class='ocrx_word' id='word_1_347' title='bbox 1375 2956 1505 3003; x_wconf 88' lang='lat' dir='ltr'><strong>sunt</strong></span> <span class='ocrx_word' id='word_1_348' title='bbox 1530 2967 1540 3004; x_wconf 91' lang='lat'><strong>:</strong></span> <span class='ocrx_word' id='word_1_349' title='bbox 1565 2948 1660 3004; x_wconf 90' lang='lat' dir='ltr'><strong>sed</strong></span> <span class='ocrx_word' id='word_1_350' title='bbox 1688 2948 2037 3021; x_wconf 89' lang='lat' dir='ltr'><strong>omnipotens</strong></span> <span class='ocrx_word' id='word_1_351' title='bbox 2061 2953 2208 3008; x_wconf 88' lang='lat' dir='ltr'><strong>Deus</strong></span> 
     </span>
    </p>
   </div>
   <div class='ocr_carea' id='block_1_47' title="bbox 618 3032 2208 3097">
    <p class='ocr_par' dir='ltr' id='par_1_47' title="bbox 618 3032 2208 3097">
     <span class='ocr_line' id='line_1_47' title="bbox 618 3032 2208 3097; baseline 0.004 -7"><span class='ocrx_word' id='word_1_352' title='bbox 618 3032 934 3091; x_wconf 82' lang='lat' dir='ltr'><strong>defensores</strong></span> <span class='ocrx_word' id='word_1_353' title='bbox 997 3037 1256 3093; x_wconf 69' lang='lat' dir='ltr'><strong>Ecclesiae</strong></span> <span class='ocrx_word' id='word_1_354' title='bbox 1311 3037 1650 3094; x_wconf 87' lang='lat' dir='ltr'><strong>orthodoxos</strong></span> <span class='ocrx_word' id='word_1_355' title='bbox 1714 3040 1899 3096; x_wconf 85' lang='lat' dir='ltr'><strong>Patres</strong></span> <span class='ocrx_word' id='word_1_356' title='bbox 1943 3057 2012 3096; x_wconf 84' lang='lat' dir='ltr'><strong>ex</strong></span> <span class='ocrx_word' id='word_1_357' title='bbox 2075 3040 2208 3097; x_wconf 87' lang='lat' dir='ltr'><strong>ﬁliis</strong></span> 
     </span>
    </p>
   </div>
   <div class='ocr_carea' id='block_1_48' title="bbox 618 3123 2286 3220">
    <p class='ocr_par' dir='ltr' id='par_1_48' title="bbox 618 3123 2286 3220">
     <span class='ocr_line' id='line_1_48' title="bbox 618 3123 2286 3220; baseline 0.005 -40"><span class='ocrx_word' id='word_1_358' title='bbox 618 3123 792 3196; x_wconf 90' lang='lat' dir='ltr'><strong>ipsius</strong></span> <span class='ocrx_word' id='word_1_359' title='bbox 821 3125 1081 3182; x_wconf 62' lang='lat' dir='ltr'><strong>Ecclesiae</strong></span> <span class='ocrx_word' id='word_1_360' title='bbox 1109 3127 1293 3199; x_wconf 86' lang='lat' dir='ltr'><strong>elegit,</strong></span> <span class='ocrx_word' id='word_1_361' title='bbox 1345 3144 1480 3201; x_wconf 89' lang='lat' dir='ltr'><strong>quos</strong></span> <span class='ocrx_word' id='word_1_362' title='bbox 1507 3127 1736 3186; x_wconf 87' lang='lat' dir='ltr'><strong>ﬂumine</strong></span> <span class='ocrx_word' id='word_1_363' title='bbox 1766 3130 2048 3202; x_wconf 65' lang='lat' dir='ltr'><strong>sapientiae</strong></span> <span class='ocrx_word' id='word_1_364' title='bbox 2093 3148 2204 3188; x_wconf 77' lang='lat' dir='ltr'><strong>suae</strong></span> <span class='ocrx_word' id='word_1_365' title='bbox 2244 3161 2286 3220; x_wconf 66' lang='grc' dir='ltr'>Ο</span> 
     </span>
    </p>
   </div>
   <div class='ocr_carea' id='block_1_49' title="bbox 616 3213 2205 3287">
    <p class='ocr_par' dir='ltr' id='par_1_49' title="bbox 616 3213 2205 3287">
     <span class='ocr_line' id='line_1_49' title="bbox 616 3213 2205 3287; baseline 0.005 -18"><span class='ocrx_word' id='word_1_366' title='bbox 616 3213 856 3286; x_wconf 85' lang='lat' dir='ltr'><strong>replens,</strong></span> <span class='ocrx_word' id='word_1_367' title='bbox 905 3231 1001 3287; x_wconf 89' lang='lat' dir='ltr'><strong>per</strong></span> <span class='ocrx_word' id='word_1_368' title='bbox 1047 3232 1235 3273; x_wconf 91' lang='lat' dir='ltr'><strong>eorum</strong></span> <span class='ocrx_word' id='word_1_369' title='bbox 1280 3216 1590 3275; x_wconf 88' lang='lat' dir='ltr'><strong>doctrinam</strong></span> <span class='ocrx_word' id='word_1_370' title='bbox 1629 3236 1818 3277; x_wconf 90' lang='lat' dir='ltr'><strong>omnes</strong></span> <span class='ocrx_word' id='word_1_371' title='bbox 1863 3220 2094 3278; x_wconf 67' lang='lat' dir='ltr'><strong>haereses</strong></span> <span class='ocrx_word' id='word_1_372' title='bbox 2137 3221 2205 3277; x_wconf 89' lang='lat' dir='ltr'><strong>ab</strong></span> 
     </span>
    </p>
   </div>
   <div class='ocr_carea' id='block_1_50' title="bbox 613 3301 2204 3381">
    <p class='ocr_par' dir='ltr' id='par_1_50' title="bbox 613 3301 2204 3381">
     <span class='ocr_line' id='line_1_50' title="bbox 613 3301 2204 3381; baseline 0.004 -23"><span class='ocrx_word' id='word_1_373' title='bbox 613 3301 862 3360; x_wconf 89' lang='lat' dir='ltr'><strong>Ecclesia</strong></span> <span class='ocrx_word' id='word_1_374' title='bbox 891 3319 989 3360; x_wconf 88' lang='lat' dir='ltr'><strong>sua</strong></span> <span class='ocrx_word' id='word_1_375' title='bbox 1017 3306 1344 3378; x_wconf 83' lang='lat' dir='ltr'><strong>exslirpavit</strong></span> <span class='ocrx_word' id='word_1_376' title='bbox 1403 3307 1556 3381; x_wconf 81' lang='lat'><strong>(22);</strong></span> <span class='ocrx_word' id='word_1_377' title='bbox 1612 3317 1675 3365; x_wconf 88' lang='lat' dir='ltr'><strong>ut</strong></span> <span class='ocrx_word' id='word_1_378' title='bbox 1710 3309 1936 3367; x_wconf 89' lang='lat' dir='ltr'><strong>fuerunt</strong></span> <span class='ocrx_word' id='word_1_379' title='bbox 1974 3309 2204 3366; x_wconf 89' lang='lat' dir='ltr'><strong>Ambro-</strong></span> 
     </span>
    </p>
   </div>
   <div class='ocr_carea' id='block_1_51' title="bbox 611 3393 2200 3473">
    <p class='ocr_par' dir='ltr' id='par_1_51' title="bbox 611 3393 2200 3473">
     <span class='ocr_line' id='line_1_51' title="bbox 611 3393 2200 3473; baseline 0.005 -22"><span class='ocrx_word' id='word_1_380' title='bbox 611 3393 746 3464; x_wconf 82' lang='lat' dir='ltr'><strong>sius,</strong></span> <span class='ocrx_word' id='word_1_381' title='bbox 779 3395 1040 3465; x_wconf 86' lang='lat' dir='ltr'><strong>Hilarius,</strong></span> <span class='ocrx_word' id='word_1_382' title='bbox 1073 3397 1465 3472; x_wconf 85' lang='lat' dir='ltr'><strong>Hieronymus,</strong></span> <span class='ocrx_word' id='word_1_383' title='bbox 1498 3402 1858 3472; x_wconf 83' lang='lat' dir='ltr'><strong>Augustinus,</strong></span> <span class='ocrx_word' id='word_1_384' title='bbox 1888 3401 2200 3473; x_wconf 87' lang='lat' dir='ltr'><strong>Gregorius,</strong></span> 
     </span>
    </p>
   </div>
   <div class='ocr_carea' id='block_1_52' title="bbox 611 3484 2202 3563">
    <p class='ocr_par' dir='ltr' id='par_1_52' title="bbox 611 3484 2202 3563">
     <span class='ocr_line' id='line_1_52' title="bbox 611 3484 2202 3563; baseline 0.006 -25"><span class='ocrx_word' id='word_1_385' title='bbox 611 3489 664 3537; x_wconf 90' lang='lat' dir='ltr'><strong>et</strong></span> <span class='ocrx_word' id='word_1_386' title='bbox 692 3484 855 3540; x_wconf 89' lang='lat' dir='ltr'><strong>multi</strong></span> <span class='ocrx_word' id='word_1_387' title='bbox 880 3485 1012 3552; x_wconf 89' lang='lat' dir='ltr'><strong>alii;</strong></span> <span class='ocrx_word' id='word_1_388' title='bbox 1039 3487 1134 3558; x_wconf 87' lang='lat' dir='ltr'><strong>qui</strong></span> <span class='ocrx_word' id='word_1_389' title='bbox 1163 3487 1325 3543; x_wconf 89' lang='lat' dir='ltr'><strong>etiam</strong></span> <span class='ocrx_word' id='word_1_390' title='bbox 1361 3489 1662 3544; x_wconf 85' lang='lat' dir='ltr'><strong>maximam</strong></span> <span class='ocrx_word' id='word_1_391' title='bbox 1691 3490 1903 3563; x_wconf 88' lang='lat' dir='ltr'><strong>copiam</strong></span> <span class='ocrx_word' id='word_1_392' title='bbox 1935 3490 2202 3547; x_wconf 88' lang='lat' dir='ltr'><strong>librorum</strong></span> 
     </span>
    </p>
   </div>
   <div class='ocr_carea' id='block_1_53' title="bbox 611 3573 2205 3653">
    <p class='ocr_par' dir='ltr' id='par_1_53' title="bbox 611 3573 2205 3653">
     <span class='ocr_line' id='line_1_53' title="bbox 611 3573 2205 3653; baseline 0.005 -23"><span class='ocrx_word' id='word_1_393' title='bbox 611 3573 925 3642; x_wconf 86' lang='lat' dir='ltr'><strong>ediderunt,</strong></span> <span class='ocrx_word' id='word_1_394' title='bbox 980 3577 1184 3649; x_wconf 87' lang='lat' dir='ltr'><strong>quibus</strong></span> <span class='ocrx_word' id='word_1_395' title='bbox 1239 3595 1431 3635; x_wconf 91' lang='lat' dir='ltr'><strong>omnes</strong></span> <span class='ocrx_word' id='word_1_396' title='bbox 1484 3579 1735 3648; x_wconf 64' lang='lat' dir='ltr'><strong>haereses,</strong></span> <span class='ocrx_word' id='word_1_397' title='bbox 1803 3597 1924 3653; x_wconf 67' lang='lat' dir='ltr'><strong>quae</strong></span> <span class='ocrx_word' id='word_1_398' title='bbox 1979 3581 2205 3638; x_wconf 87' lang='lat' dir='ltr'><strong>fuerunt</strong></span> 
     </span>
    </p>
   </div>
   <div class='ocr_carea' id='block_1_54' title="bbox 611 3667 2203 3741">
    <p class='ocr_par' dir='ltr' id='par_1_54' title="bbox 611 3667 2203 3741">
     <span class='ocr_line' id='line_1_54' title="bbox 611 3667 2203 3741; baseline 0.005 -22"><span class='ocrx_word' id='word_1_399' title='bbox 611 3672 666 3720; x_wconf 87' lang='lat' dir='ltr'><strong>et</strong></span> <span class='ocrx_word' id='word_1_400' title='bbox 707 3680 827 3736; x_wconf 62' lang='lat' dir='ltr'><strong>quae</strong></span> <span class='ocrx_word' id='word_1_401' title='bbox 860 3679 976 3720; x_wconf 90' lang='lat' dir='ltr'><strong>esse</strong></span> <span class='ocrx_word' id='word_1_402' title='bbox 1006 3674 1281 3736; x_wconf 89' lang='lat' dir='ltr'><strong>poterant,</strong></span> <span class='ocrx_word' id='word_1_403' title='bbox 1330 3667 1620 3724; x_wconf 60' lang='lat' dir='ltr'><strong>destructa;</strong></span> <span class='ocrx_word' id='word_1_404' title='bbox 1652 3676 1799 3725; x_wconf 88' lang='lat' dir='ltr'><strong>sunt.</strong></span> <span class='ocrx_word' id='word_1_405' title='bbox 1855 3669 2203 3741; x_wconf 89' lang='lat' dir='ltr'><strong>Blasphemia</strong></span> 
     </span>
    </p>
   </div>
   <div class='ocr_carea' id='block_1_55' title="bbox 611 3753 2204 3831">
    <p class='ocr_par' dir='ltr' id='par_1_55' title="bbox 611 3753 2204 3831">
     <span class='ocr_line' id='line_1_55' title="bbox 611 3753 2204 3831; baseline 0.004 -22"><span class='ocrx_word' id='word_1_406' title='bbox 611 3767 738 3826; x_wconf 86' lang='lat' dir='ltr'><strong>ergo</strong></span> <span class='ocrx_word' id='word_1_407' title='bbox 781 3754 937 3826; x_wconf 89' lang='lat' dir='ltr'><strong>quasi</strong></span> <span class='ocrx_word' id='word_1_408' title='bbox 987 3753 1166 3811; x_wconf 87' lang='lat' dir='ltr'><strong>occisa</strong></span> <span class='ocrx_word' id='word_1_409' title='bbox 1211 3763 1292 3812; x_wconf 90' lang='lat' dir='ltr'><strong>est</strong></span> <span class='ocrx_word' id='word_1_410' title='bbox 1347 3757 1546 3812; x_wconf 87' lang='lat' dir='ltr'><strong>modo:</strong></span> <span class='ocrx_word' id='word_1_411' title='bbox 1593 3757 1724 3830; x_wconf 88' lang='lat' dir='ltr'><strong>quia</strong></span> <span class='ocrx_word' id='word_1_412' title='bbox 1780 3759 2032 3831; x_wconf 83' lang='lat' dir='ltr'><strong>quamvis</strong></span> <span class='ocrx_word' id='word_1_413' title='bbox 2093 3761 2204 3816; x_wconf 89' lang='lat' dir='ltr'><strong>sint</strong></span> 
     </span>
    </p>
   </div>
   <div class='ocr_carea' id='block_1_56' title="bbox 611 3842 2202 3921">
    <p class='ocr_par' dir='ltr' id='par_1_56' title="bbox 611 3842 2202 3921">
     <span class='ocr_line' id='line_1_56' title="bbox 611 3842 2202 3921; baseline 0.005 -24"><span class='ocrx_word' id='word_1_414' title='bbox 611 3842 776 3898; x_wconf 88' lang='lat' dir='ltr'><strong>multi</strong></span> <span class='ocrx_word' id='word_1_415' title='bbox 827 3842 921 3916; x_wconf 89' lang='lat' dir='ltr'><strong>qui</strong></span> <span class='ocrx_word' id='word_1_416' title='bbox 968 3845 1171 3900; x_wconf 88' lang='lat' dir='ltr'><strong>multas</strong></span> <span class='ocrx_word' id='word_1_417' title='bbox 1220 3844 1588 3917; x_wconf 89' lang='lat' dir='ltr'><strong>blasphemias</strong></span> <span class='ocrx_word' id='word_1_418' title='bbox 1632 3855 1815 3903; x_wconf 88' lang='lat' dir='ltr'><strong>mente</strong></span> <span class='ocrx_word' id='word_1_419' title='bbox 1865 3848 2202 3921; x_wconf 88' lang='lat' dir='ltr'><strong>concipiant,</strong></span> 
     </span>
    </p>
   </div>
   <div class='ocr_carea' id='block_1_57' title="bbox 612 3931 2203 4011">
    <p class='ocr_par' dir='ltr' id='par_1_57' title="bbox 612 3931 2203 4011">
     <span class='ocr_line' id='line_1_57' title="bbox 612 3931 2203 4011; baseline 0.004 -23"><span class='ocrx_word' id='word_1_420' title='bbox 612 3931 820 3988; x_wconf 88' lang='lat' dir='ltr'><strong>malum</strong></span> <span class='ocrx_word' id='word_1_421' title='bbox 849 3932 1000 4006; x_wconf 87' lang='lat' dir='ltr'><strong>quod</strong></span> <span class='ocrx_word' id='word_1_422' title='bbox 1027 3943 1209 3991; x_wconf 89' lang='lat' dir='ltr'><strong>mente</strong></span> <span class='ocrx_word' id='word_1_423' title='bbox 1251 3935 1624 4008; x_wconf 89' lang='lat' dir='ltr'><strong>conceperint,</strong></span> <span class='ocrx_word' id='word_1_424' title='bbox 1674 3953 1786 3994; x_wconf 90' lang='lat' dir='ltr'><strong>non</strong></span> <span class='ocrx_word' id='word_1_425' title='bbox 1832 3936 2037 3996; x_wconf 89' lang='lat' dir='ltr'><strong>audent</strong></span> <span class='ocrx_word' id='word_1_426' title='bbox 2083 3955 2203 4011; x_wconf 89' lang='lat' dir='ltr'><strong>pro-</strong></span> 
     </span>
    </p>
   </div>
   <div class='ocr_carea' id='block_1_58' title="bbox 610 4019 2202 4100">
    <p class='ocr_par' dir='ltr' id='par_1_58' title="bbox 610 4019 2202 4100">
     <span class='ocr_line' id='line_1_58' title="bbox 610 4019 2202 4100; baseline 0.004 -22"><span class='ocrx_word' id='word_1_427' title='bbox 610 4019 772 4092; x_wconf 88' lang='lat' dir='ltr'><strong>ferre,</strong></span> <span class='ocrx_word' id='word_1_428' title='bbox 800 4037 869 4078; x_wconf 92' lang='lat' dir='ltr'><strong>ne</strong></span> <span class='ocrx_word' id='word_1_429' title='bbox 897 4039 994 4095; x_wconf 91' lang='lat' dir='ltr'><strong>per</strong></span> <span class='ocrx_word' id='word_1_430' title='bbox 1020 4023 1254 4081; x_wconf 90' lang='lat' dir='ltr'><strong>istorum</strong></span> <span class='ocrx_word' id='word_1_431' title='bbox 1285 4023 1595 4083; x_wconf 89' lang='lat' dir='ltr'><strong>doctrinam</strong></span> <span class='ocrx_word' id='word_1_432' title='bbox 1616 4027 1856 4100; x_wconf 89' lang='lat' dir='ltr'><strong>turpiter</strong></span> <span class='ocrx_word' id='word_1_433' title='bbox 1872 4027 2202 4085; x_wconf 89' lang='lat' dir='ltr'><strong>convincan-</strong></span> 
     </span>
    </p>
   </div>
   <div class='ocr_carea' id='block_1_59' title="bbox 609 4111 2202 4190">
    <p class='ocr_par' dir='ltr' id='par_1_59' title="bbox 609 4111 2202 4190">
     <span class='ocr_line' id='line_1_59' title="bbox 609 4111 2202 4190; baseline 0.003 -20"><span class='ocrx_word' id='word_1_434' title='bbox 609 4118 720 4170; x_wconf 85' lang='lat' dir='ltr'><strong>tur.</strong></span> <span class='ocrx_word' id='word_1_435' title='bbox 759 4112 876 4170; x_wconf 84' lang='lat' dir='ltr'><strong>Hoc</strong></span> <span class='ocrx_word' id='word_1_436' title='bbox 905 4111 1077 4184; x_wconf 84' lang='lat' dir='ltr'><strong>igitur</strong></span> <span class='ocrx_word' id='word_1_437' title='bbox 1103 4121 1288 4187; x_wconf 88' lang='lat' dir='ltr'><strong>caput,</strong></span> <span class='ocrx_word' id='word_1_438' title='bbox 1321 4114 1380 4170; x_wconf 92' lang='lat' dir='ltr'><strong>id</strong></span> <span class='ocrx_word' id='word_1_439' title='bbox 1406 4124 1508 4185; x_wconf 90' lang='lat' dir='ltr'><strong>est,</strong></span> <span class='ocrx_word' id='word_1_440' title='bbox 1538 4115 1901 4189; x_wconf 89' lang='lat' dir='ltr'><strong>blasphemia,</strong></span> <span class='ocrx_word' id='word_1_441' title='bbox 1945 4116 2202 4190; x_wconf 88' lang='lat' dir='ltr'><strong>tempori-</strong></span> 
     </span>
    </p>
   </div>
   <div class='ocr_carea' id='block_1_60' title="bbox 608 4199 2201 4274">
    <p class='ocr_par' dir='ltr' id='par_1_60' title="bbox 608 4199 2201 4274">
     <span class='ocr_line' id='line_1_60' title="bbox 608 4199 2201 4274; baseline 0.004 -17"><span class='ocrx_word' id='word_1_442' title='bbox 608 4199 713 4257; x_wconf 90' lang='lat' dir='ltr'><strong>bus</strong></span> <span class='ocrx_word' id='word_1_443' title='bbox 740 4201 1073 4260; x_wconf 87' lang='lat' dir='ltr'><strong>Antichristi</strong></span> <span class='ocrx_word' id='word_1_444' title='bbox 1109 4211 1387 4260; x_wconf 90' lang='lat' dir='ltr'><strong>mortuum</strong></span> <span class='ocrx_word' id='word_1_445' title='bbox 1417 4221 1535 4262; x_wconf 90' lang='lat' dir='ltr'><strong>esse</strong></span> <span class='ocrx_word' id='word_1_446' title='bbox 1563 4205 1879 4274; x_wconf 86' lang='lat' dir='ltr'><strong>videbitur;</strong></span> <span class='ocrx_word' id='word_1_447' title='bbox 1914 4206 2009 4263; x_wconf 93' lang='lat' dir='ltr'><strong>sed</strong></span> <span class='ocrx_word' id='word_1_448' title='bbox 2037 4223 2067 4263; x_wconf 94' lang='lat' dir='ltr'><strong>a</strong></span> <span class='ocrx_word' id='word_1_449' title='bbox 2089 4207 2201 4264; x_wconf 50' lang='lat' dir='ltr'><strong>dia.</strong></span> 
     </span>
    </p>
   </div>
   <div class='ocr_carea' id='block_1_61' title="bbox 607 4286 2202 4371">
    <p class='ocr_par' dir='ltr' id='par_1_61' title="bbox 607 4286 2202 4371">
     <span class='ocr_line' id='line_1_61' title="bbox 607 4286 2202 4371; baseline 0.005 -25"><span class='ocrx_word' id='word_1_450' title='bbox 607 4286 739 4348; x_wconf 88' lang='lat' dir='ltr'><strong>bolo</strong></span> <span class='ocrx_word' id='word_1_451' title='bbox 781 4291 840 4349; x_wconf 91' lang='lat' dir='ltr'><strong>in</strong></span> <span class='ocrx_word' id='word_1_452' title='bbox 885 4293 1231 4352; x_wconf 85' lang='lat' dir='ltr'><strong>Antichristo</strong></span> <span class='ocrx_word' id='word_1_453' title='bbox 1277 4296 1715 4367; x_wconf 89' lang='lat' dir='ltr'><strong>resuscitabitur,</strong></span> <span class='ocrx_word' id='word_1_454' title='bbox 1765 4314 1927 4371; x_wconf 90' lang='lat' dir='ltr'><strong>quem</strong></span> <span class='ocrx_word' id='word_1_455' title='bbox 1975 4297 2044 4354; x_wconf 89' lang='lat' dir='ltr'><strong>ad</strong></span> <span class='ocrx_word' id='word_1_456' title='bbox 2089 4298 2202 4354; x_wconf 83' lang='lat' dir='ltr'><strong>bla-</strong></span> 
     </span>
    </p>
   </div>
   <div class='ocr_carea' id='block_1_62' title="bbox 613 4377 2204 4454">
    <p class='ocr_par' dir='ltr' id='par_1_62' title="bbox 613 4377 2204 4454">
     <span class='ocr_line' id='line_1_62' title="bbox 613 4377 2204 4454; baseline 0.006 -21"><span class='ocrx_word' id='word_1_457' title='bbox 613 4377 1012 4451; x_wconf 87' lang='lat' dir='ltr'><strong>sphemandum</strong></span> <span class='ocrx_word' id='word_1_458' title='bbox 1065 4384 1347 4442; x_wconf 88' lang='lat' dir='ltr'><strong>Christum</strong></span> <span class='ocrx_word' id='word_1_459' title='bbox 1406 4387 1464 4442; x_wconf 92' lang='lat' dir='ltr'><strong>in</strong></span> <span class='ocrx_word' id='word_1_460' title='bbox 1519 4395 1734 4444; x_wconf 87' lang='lat' dir='ltr'><strong>tantum</strong></span> <span class='ocrx_word' id='word_1_461' title='bbox 1786 4386 2066 4454; x_wconf 90' lang='lat' dir='ltr'><strong>accendet,</strong></span> <span class='ocrx_word' id='word_1_462' title='bbox 2141 4395 2204 4443; x_wconf 92' lang='lat' dir='ltr'><strong>ut</strong></span> 
     </span>
    </p>
   </div>
   <div class='ocr_carea' id='block_1_63' title="bbox 613 4468 2200 4549">
    <p class='ocr_par' dir='ltr' id='par_1_63' title="bbox 613 4468 2200 4549">
     <span class='ocr_line' id='line_1_63' title="bbox 613 4468 2200 4549; baseline 0.009 -29"><span class='ocrx_word' id='word_1_463' title='bbox 613 4480 803 4522; x_wconf 89' lang='lat' dir='ltr'><strong>omnes</strong></span> <span class='ocrx_word' id='word_1_464' title='bbox 832 4468 1295 4542; x_wconf 89' lang='lat' dir='ltr'><strong>blasphematores</strong></span> <span class='ocrx_word' id='word_1_465' title='bbox 1343 4475 1401 4531; x_wconf 91' lang='lat' dir='ltr'><strong>in</strong></span> <span class='ocrx_word' id='word_1_466' title='bbox 1445 4475 1557 4532; x_wconf 87' lang='lat' dir='ltr'><strong>suis</strong></span> <span class='ocrx_word' id='word_1_467' title='bbox 1585 4477 1942 4549; x_wconf 84' lang='lat' dir='ltr'><strong>blasphemiis</strong></span> <span class='ocrx_word' id='word_1_468' title='bbox 1991 4486 2200 4535; x_wconf 87' lang='lat' dir='ltr'><strong>antece-</strong></span> 
     </span>
    </p>
   </div>
   <div class='ocr_carea' id='block_1_64' title="bbox 609 4549 2201 4637">
    <p class='ocr_par' dir='ltr' id='par_1_64' title="bbox 609 4549 2201 4637">
     <span class='ocr_line' id='line_1_64' title="bbox 609 4549 2201 4637; baseline 0.009 -28"><span class='ocrx_word' id='word_1_469' title='bbox 609 4549 722 4610; x_wconf 87' lang='lat' dir='ltr'><strong>dat.</strong></span> <span class='ocrx_word' id='word_1_470' title='bbox 776 4557 851 4611; x_wconf 85' lang='lat' dir='ltr'><strong>Et</strong></span> <span class='ocrx_word' id='word_1_471' title='bbox 895 4560 1166 4616; x_wconf 83' lang='lat' dir='ltr'><strong>admirata</strong></span> <span class='ocrx_word' id='word_1_472' title='bbox 1211 4569 1287 4616; x_wconf 87' lang='lat' dir='ltr'><strong>est</strong></span> <span class='ocrx_word' id='word_1_473' title='bbox 1332 4564 1581 4620; x_wconf 83' lang='lat' dir='ltr'><strong>universa</strong></span> <span class='ocrx_word' id='word_1_474' title='bbox 1628 4572 1772 4620; x_wconf 76' lang='lat' dir='ltr'><strong>terra</strong></span> <span class='ocrx_word' id='word_1_475' title='bbox 1807 4573 1929 4637; x_wconf 84' lang='lat' dir='ltr'><strong>post</strong></span> <span class='ocrx_word' id='word_1_476' title='bbox 1970 4566 2201 4624; x_wconf 87' lang='lat' dir='ltr'><strong>bestiam.</strong></span> 
     </span>
    </p>
   </div>
   <div class='ocr_carea' id='block_1_65' title="bbox 610 4638 1986 4728">
    <p class='ocr_par' dir='ltr' id='par_1_65' title="bbox 610 4638 1986 4728">
     <span class='ocr_line' id='line_1_65' title="bbox 610 4638 1986 4728; baseline 0.009 -28"><span class='ocrx_word' id='word_1_477' title='bbox 610 4638 715 4701; x_wconf 87' lang='lat' dir='ltr'><strong>Per</strong></span> <span class='ocrx_word' id='word_1_478' title='bbox 741 4653 944 4704; x_wconf 86' lang='lat' dir='ltr'><strong>terram</strong></span> <span class='ocrx_word' id='word_1_479' title='bbox 987 4657 1301 4721; x_wconf 88' lang='lat' dir='ltr'><strong>peccatores</strong></span> <span class='ocrx_word' id='word_1_480' title='bbox 1328 4651 1584 4711; x_wconf 90' lang='lat' dir='ltr'><strong>homines</strong></span> <span class='ocrx_word' id='word_1_481' title='bbox 1614 4655 1986 4728; x_wconf 85' lang='lat' dir='ltr'><strong>designantur.</strong></span> 
     </span>
    </p>
   </div>
   <div class='ocr_carea' id='block_1_66' title="bbox 686 4738 2206 4828">
    <p class='ocr_par' dir='ltr' id='par_1_66' title="bbox 686 4738 2206 4828">
     <span class='ocr_line' id='line_1_66' title="bbox 686 4738 2206 4828; baseline 0.008 -26"><span class='ocrx_word' id='word_1_482' title='bbox 686 4738 867 4816; x_wconf 81' lang='lat' dir='ltr'><strong>(Vers.</strong></span> <span class='ocrx_word' id='word_1_483' title='bbox 899 4746 982 4820; x_wconf 74' lang='grc'><strong>4.)</strong></span> <span class='ocrx_word' id='word_1_484' title='bbox 1035 4750 1112 4804; x_wconf 87' lang='lat' dir='ltr'><strong>Et</strong></span> <span class='ocrx_word' id='word_1_485' title='bbox 1147 4751 1509 4809; x_wconf 66' lang='lat' dir='ltr'><strong>adwaverunt</strong></span> <span class='ocrx_word' id='word_1_486' title='bbox 1551 4755 1850 4825; x_wconf 78' lang='lat' dir='ltr'><strong>draconem,</strong></span> <span class='ocrx_word' id='word_1_487' title='bbox 1891 4757 2206 4828; x_wconf 14' lang='lat' dir='ltr'><strong>quia‘dedit</strong></span> 
     </span>
    </p>
   </div>
   <div class='ocr_carea' id='block_1_67' title="bbox 601 4838 2194 4916">
    <p class='ocr_par' dir='ltr' id='par_1_67' title="bbox 601 4838 2194 4916">
     <span class='ocr_line' id='line_1_67' title="bbox 601 4838 2194 4916; baseline 0.011 -28"><span class='ocrx_word' id='word_1_488' title='bbox 601 4839 907 4907; x_wconf 81' lang='lat' dir='ltr'><strong>potestatem</strong></span> <span class='ocrx_word' id='word_1_489' title='bbox 941 4838 1147 4897; x_wconf 66' lang='lat' dir='ltr'><strong>bestia:</strong></span> <span class='ocrx_word' id='word_1_490' title='bbox 1199 4849 1246 4898; x_wconf 87' lang='lat' dir='ltr'><strong>et</strong></span> <span class='ocrx_word' id='word_1_491' title='bbox 1272 4845 1638 4901; x_wconf 80' lang='lat' dir='ltr'><strong>adoraverunt</strong></span> <span class='ocrx_word' id='word_1_492' title='bbox 1663 4847 1898 4916; x_wconf 86' lang='lat' dir='ltr'><strong>bestiam,</strong></span> <span class='ocrx_word' id='word_1_493' title='bbox 1955 4848 2194 4906; x_wconf 83' lang='lat' dir='ltr'><strong>dicentes:</strong></span> 
     </span>
    </p>
   </div>
   <div class='ocr_carea' id='block_1_68' title="bbox 612 4923 2201 5009">
    <p class='ocr_par' dir='ltr' id='par_1_68' title="bbox 612 4923 2201 5009">
     <span class='ocr_line' id='line_1_68' title="bbox 612 4923 2201 5009; baseline 0.011 -30"><span class='ocrx_word' id='word_1_494' title='bbox 612 4923 742 4994; x_wconf 83' lang='lat' dir='ltr'><strong>Quis</strong></span> <span class='ocrx_word' id='word_1_495' title='bbox 765 4927 958 4984; x_wconf 83' lang='lat' dir='ltr'><strong>similis</strong></span> <span class='ocrx_word' id='word_1_496' title='bbox 987 4931 1176 5002; x_wconf 73' lang='lat' dir='ltr'><strong>bestiae,</strong></span> <span class='ocrx_word' id='word_1_497' title='bbox 1225 4941 1272 4988; x_wconf 89' lang='lat' dir='ltr'><strong>et</strong></span> <span class='ocrx_word' id='word_1_498' title='bbox 1309 4937 1428 5007; x_wconf 86' lang='lat' dir='ltr'><strong>quis</strong></span> <span class='ocrx_word' id='word_1_499' title='bbox 1450 4939 1646 5008; x_wconf 84' lang='lat' dir='ltr'><strong>poterit</strong></span> <span class='ocrx_word' id='word_1_500' title='bbox 1671 4955 1911 5009; x_wconf 81' lang='lat' dir='ltr'><strong>pugnare</strong></span> <span class='ocrx_word' id='word_1_501' title='bbox 1937 4955 2054 4994; x_wconf 87' lang='lat' dir='ltr'><strong>cum</strong></span> <span class='ocrx_word' id='word_1_502' title='bbox 2094 4957 2153 4995; x_wconf 91' lang='lat' dir='ltr'><strong>ea</strong></span> <span class='ocrx_word' id='word_1_503' title='bbox 2174 4943 2201 4997; x_wconf 82' lang='lat'><em>?</em></span> 
     </span>
    </p>
   </div>
   <div class='ocr_carea' id='block_1_69' title="bbox 608 5013 2198 5095">
    <p class='ocr_par' dir='ltr' id='par_1_69' title="bbox 608 5013 2198 5095">
     <span class='ocr_line' id='line_1_69' title="bbox 608 5013 2198 5095; baseline 0.009 -25"><span class='ocrx_word' id='word_1_504' title='bbox 608 5013 900 5082; x_wconf 87' lang='lat' dir='ltr'><strong>Quomodo</strong></span> <span class='ocrx_word' id='word_1_505' title='bbox 929 5019 1244 5092; x_wconf 88' lang='lat' dir='ltr'><strong>draconem,</strong></span> <span class='ocrx_word' id='word_1_506' title='bbox 1294 5023 1352 5079; x_wconf 88' lang='lat' dir='ltr'><strong>id</strong></span> <span class='ocrx_word' id='word_1_507' title='bbox 1401 5034 1484 5081; x_wconf 88' lang='lat' dir='ltr'><strong>est</strong></span> <span class='ocrx_word' id='word_1_508' title='bbox 1529 5025 1832 5093; x_wconf 89' lang='lat' dir='ltr'><strong>diabolum,</strong></span> <span class='ocrx_word' id='word_1_509' title='bbox 1872 5027 2198 5095; x_wconf 89' lang='lat' dir='ltr'><strong>adorabunt,</strong></span> 
     </span>
    </p>
   </div>
   <div class='ocr_carea' id='block_1_70' title="bbox 610 5108 2197 5179">
    <p class='ocr_par' dir='ltr' id='par_1_70' title="bbox 610 5108 2197 5179">
     <span class='ocr_line' id='line_1_70' title="bbox 610 5108 2197 5179; baseline 0.007 -17"><span class='ocrx_word' id='word_1_510' title='bbox 610 5120 773 5179; x_wconf 90' lang='lat' dir='ltr'><strong>quem</strong></span> <span class='ocrx_word' id='word_1_511' title='bbox 806 5123 916 5164; x_wconf 90' lang='lat' dir='ltr'><strong>non</strong></span> <span class='ocrx_word' id='word_1_512' title='bbox 946 5108 1266 5169; x_wconf 82' lang='lat' dir='ltr'><strong>videbunt?</strong></span> <span class='ocrx_word' id='word_1_513' title='bbox 1300 5112 1406 5170; x_wconf 92' lang='lat' dir='ltr'><strong>Sed</strong></span> <span class='ocrx_word' id='word_1_514' title='bbox 1442 5115 1750 5173; x_wconf 87' lang='lat' dir='ltr'><strong>adorabunt</strong></span> <span class='ocrx_word' id='word_1_515' title='bbox 1792 5113 2197 5174; x_wconf 88' lang='lat' dir='ltr'><strong>Antichristum</strong></span> 
     </span>
    </p>
   </div>
   <div class='ocr_carea' id='block_1_71' title="bbox 607 5195 2199 5276">
    <p class='ocr_par' dir='ltr' id='par_1_71' title="bbox 607 5195 2199 5276">
     <span class='ocr_line' id='line_1_71' title="bbox 607 5195 2199 5276; baseline 0.009 -25"><span class='ocrx_word' id='word_1_516' title='bbox 607 5195 714 5265; x_wconf 88' lang='lat' dir='ltr'><strong>illi,</strong></span> <span class='ocrx_word' id='word_1_517' title='bbox 773 5197 868 5270; x_wconf 87' lang='lat' dir='ltr'><strong>qui</strong></span> <span class='ocrx_word' id='word_1_518' title='bbox 897 5215 994 5272; x_wconf 91' lang='lat' dir='ltr'><strong>per</strong></span> <span class='ocrx_word' id='word_1_519' title='bbox 1019 5207 1219 5256; x_wconf 89' lang='lat' dir='ltr'><strong>terram</strong></span> <span class='ocrx_word' id='word_1_520' title='bbox 1250 5201 1632 5276; x_wconf 89' lang='lat' dir='ltr'><strong>designantur,</strong></span> <span class='ocrx_word' id='word_1_521' title='bbox 1683 5213 1737 5263; x_wconf 89' lang='lat' dir='ltr'><strong>et</strong></span> <span class='ocrx_word' id='word_1_522' title='bbox 1768 5206 1827 5262; x_wconf 94' lang='lat' dir='ltr'><strong>in</strong></span> <span class='ocrx_word' id='word_1_523' title='bbox 1854 5207 2199 5265; x_wconf 90' lang='lat' dir='ltr'><strong>Antichristo</strong></span> 
     </span>
    </p>
   </div>
   <div class='ocr_carea' id='block_1_72' title="bbox 611 5285 2196 5359">
    <p class='ocr_par' dir='ltr' id='par_1_72' title="bbox 611 5285 2196 5359">
     <span class='ocr_line' id='line_1_72' title="bbox 611 5285 2196 5359; baseline 0.008 -17"><span class='ocrx_word' id='word_1_524' title='bbox 611 5285 919 5359; x_wconf 88' lang='lat' dir='ltr'><strong>diabolum,</strong></span> <span class='ocrx_word' id='word_1_525' title='bbox 963 5289 1207 5349; x_wconf 85' lang='lat' dir='ltr'><strong>dicentes</strong></span> <span class='ocrx_word' id='word_1_526' title='bbox 1235 5295 1450 5350; x_wconf 90' lang='lat' dir='ltr'><strong>nullum</strong></span> <span class='ocrx_word' id='word_1_527' title='bbox 1502 5311 1616 5352; x_wconf 88' lang='lat' dir='ltr'><strong>esse</strong></span> <span class='ocrx_word' id='word_1_528' title='bbox 1662 5296 2006 5354; x_wconf 88' lang='lat' dir='ltr'><strong>Antichristo</strong></span> <span class='ocrx_word' id='word_1_529' title='bbox 2047 5298 2196 5354; x_wconf 89' lang='lat' dir='ltr'><strong>simi-</strong></span> 
     </span>
    </p>
   </div>
   <div class='ocr_carea' id='block_1_73' title="bbox 605 5375 2192 5463">
    <p class='ocr_par' dir='ltr' id='par_1_73' title="bbox 605 5375 2192 5463">
     <span class='ocr_line' id='line_1_73' title="bbox 605 5375 2192 5463; baseline 0.008 -30"><span class='ocrx_word' id='word_1_530' title='bbox 605 5375 737 5449; x_wconf 85' lang='lat' dir='ltr'><strong>lem,</strong></span> <span class='ocrx_word' id='word_1_531' title='bbox 787 5394 889 5438; x_wconf 91' lang='lat' dir='ltr'><strong>nec</strong></span> <span class='ocrx_word' id='word_1_532' title='bbox 915 5397 1030 5439; x_wconf 87' lang='lat' dir='ltr'><strong>esse</strong></span> <span class='ocrx_word' id='word_1_533' title='bbox 1060 5381 1158 5456; x_wconf 88' lang='lat' dir='ltr'><strong>qui</strong></span> <span class='ocrx_word' id='word_1_534' title='bbox 1186 5381 1304 5455; x_wconf 88' lang='lat' dir='ltr'><strong>ejus</strong></span> <span class='ocrx_word' id='word_1_535' title='bbox 1333 5383 1650 5442; x_wconf 88' lang='lat' dir='ltr'><strong>fortitudini</strong></span> <span class='ocrx_word' id='word_1_536' title='bbox 1693 5386 1866 5461; x_wconf 88' lang='lat' dir='ltr'><strong>possit</strong></span> <span class='ocrx_word' id='word_1_537' title='bbox 1900 5387 2192 5463; x_wconf 71' lang='lat' dir='ltr'><strong>coaequari.</strong></span> 
     </span>
    </p>
   </div>
   <div class='ocr_carea' id='block_1_74' title="bbox 2235 4519 2284 4577">
    <p class='ocr_par' dir='ltr' id='par_1_74' title="bbox 2235 4519 2284 4577">
     <span class='ocr_line' id='line_1_74' title="bbox 2235 4519 2284 4577; baseline 0 0"><span class='ocrx_word' id='word_1_538' title='bbox 2235 4519 2284 4577; x_wconf 95' lang='lat' dir='ltr'><strong>D</strong></span> 
     </span>
    </p>
   </div>
   <div class='ocr_carea' id='block_1_75' title="bbox 2321 1843 3810 1926">
    <p class='ocr_par' dir='ltr' id='par_1_75' title="bbox 2321 1843 3810 1926">
     <span class='ocr_line' id='line_1_75' title="bbox 2321 1843 3810 1926; baseline -0.01 -14"><span class='ocrx_word' id='word_1_539' title='bbox 2321 1855 2689 1912; x_wconf 90' lang='lat' dir='ltr'><strong>ostensionem</strong></span> <span class='ocrx_word' id='word_1_540' title='bbox 2742 1855 3021 1926; x_wconf 87' lang='lat' dir='ltr'><strong>signorum</strong></span> <span class='ocrx_word' id='word_1_541' title='bbox 3061 1849 3405 1907; x_wconf 89' lang='lat' dir='ltr'><strong>mirabilium</strong></span> <span class='ocrx_word' id='word_1_542' title='bbox 3432 1855 3539 1904; x_wconf 91' lang='lat' dir='ltr'><strong>tota</strong></span> <span class='ocrx_word' id='word_1_543' title='bbox 3571 1847 3734 1901; x_wconf 85' lang='lat' dir='ltr'><strong>virtute</strong></span> <span class='ocrx_word' id='word_1_544' title='bbox 3767 1843 3810 1898; x_wconf 81' lang='lat' dir='ltr'><strong>la-</strong></span> 
     </span>
    </p>
   </div>
   <div class='ocr_carea' id='block_1_76' title="bbox 2320 1931 3807 2015">
    <p class='ocr_par' dir='ltr' id='par_1_76' title="bbox 2320 1931 3807 2015">
     <span class='ocr_line' id='line_1_76' title="bbox 2320 1931 3807 2015; baseline -0.012 -13"><span class='ocrx_word' id='word_1_545' title='bbox 2320 1945 2556 2015; x_wconf 89' lang='lat' dir='ltr'><strong>borabit,</strong></span> <span class='ocrx_word' id='word_1_546' title='bbox 2605 1951 2667 2000; x_wconf 91' lang='lat' dir='ltr'><strong>ut</strong></span> <span class='ocrx_word' id='word_1_547' title='bbox 2713 1945 2986 2001; x_wconf 89' lang='lat' dir='ltr'><strong>culturam</strong></span> <span class='ocrx_word' id='word_1_548' title='bbox 3035 1940 3255 1998; x_wconf 83' lang='lat' dir='ltr'><strong>deitatis</strong></span> <span class='ocrx_word' id='word_1_549' title='bbox 3291 1955 3476 1995; x_wconf 89' lang='lat' dir='ltr'><strong>omnes</strong></span> <span class='ocrx_word' id='word_1_550' title='bbox 3510 1935 3717 1993; x_wconf 84' lang='lat' dir='ltr'><strong>homines</strong></span> <span class='ocrx_word' id='word_1_551' title='bbox 3742 1931 3807 1986; x_wconf 84' lang='lat' dir='ltr'><strong>sibi</strong></span> 
     </span>
    </p>
   </div>
   <div class='ocr_carea' id='block_1_77' title="bbox 2322 2022 3808 2116">
    <p class='ocr_par' dir='ltr' id='par_1_77' title="bbox 2322 2022 3808 2116">
     <span class='ocr_line' id='line_1_77' title="bbox 2322 2022 3808 2116; baseline -0.012 -24"><span class='ocrx_word' id='word_1_552' title='bbox 2322 2035 2662 2108; x_wconf 89' lang='lat' dir='ltr'><strong>impendant.</strong></span> <span class='ocrx_word' id='word_1_553' title='bbox 2697 2035 2808 2090; x_wconf 90' lang='lat' dir='ltr'><strong>Eos</strong></span> <span class='ocrx_word' id='word_1_554' title='bbox 2846 2042 3029 2090; x_wconf 89' lang='lat' dir='ltr'><strong>autem</strong></span> <span class='ocrx_word' id='word_1_555' title='bbox 3069 2030 3165 2104; x_wconf 90' lang='lat' dir='ltr'><strong>qui</strong></span> <span class='ocrx_word' id='word_1_556' title='bbox 3211 2028 3569 2087; x_wconf 89' lang='lat' dir='ltr'><strong>contradicere</strong></span> <span class='ocrx_word' id='word_1_557' title='bbox 3594 2022 3808 2116; x_wconf 71' lang='lat' dir='ltr'><strong>voluerint,</strong></span> 
     </span>
    </p>
   </div>
   <div class='ocr_carea' id='block_1_78' title="bbox 2319 2116 3809 2190">
    <p class='ocr_par' dir='ltr' id='par_1_78' title="bbox 2319 2116 3809 2190">
     <span class='ocr_line' id='line_1_78' title="bbox 2319 2116 3809 2190; baseline -0.012 -9"><span class='ocrx_word' id='word_1_558' title='bbox 2319 2125 2552 2182; x_wconf 89' lang='lat' dir='ltr'><strong>diversis</strong></span> <span class='ocrx_word' id='word_1_559' title='bbox 2593 2131 2647 2180; x_wconf 90' lang='lat' dir='ltr'><strong>et</strong></span> <span class='ocrx_word' id='word_1_560' title='bbox 2694 2122 2960 2179; x_wconf 85' lang='lat' dir='ltr'><strong>inauditis</strong></span> <span class='ocrx_word' id='word_1_561' title='bbox 3000 2119 3299 2176; x_wconf 88' lang='lat' dir='ltr'><strong>tormentis</strong></span> <span class='ocrx_word' id='word_1_562' title='bbox 3342 2118 3568 2190; x_wconf 83' lang='lat' dir='ltr'><strong>aﬂligct;</strong></span> <span class='ocrx_word' id='word_1_563' title='bbox 3609 2121 3659 2170; x_wconf 90' lang='lat' dir='ltr'><strong>ut</strong></span> <span class='ocrx_word' id='word_1_564' title='bbox 3695 2116 3809 2168; x_wconf 75' lang='lat' dir='ltr'><strong>coacti</strong></span> 
     </span>
    </p>
   </div>
   <div class='ocr_carea' id='block_1_79' title="bbox 2319 2205 3667 2286">
    <p class='ocr_par' dir='ltr' id='par_1_79' title="bbox 2319 2205 3667 2286">
     <span class='ocr_line' id='line_1_79' title="bbox 2319 2205 3667 2286; baseline -0.01 -16"><span class='ocrx_word' id='word_1_565' title='bbox 2319 2215 2542 2283; x_wconf 84' lang='lat' dir='ltr'><strong>faciant,</strong></span> <span class='ocrx_word' id='word_1_566' title='bbox 2576 2213 2722 2286; x_wconf 89' lang='lat' dir='ltr'><strong>quod</strong></span> <span class='ocrx_word' id='word_1_567' title='bbox 2752 2211 3063 2268; x_wconf 90' lang='lat' dir='ltr'><strong>voluntarie</strong></span> <span class='ocrx_word' id='word_1_568' title='bbox 3089 2209 3275 2266; x_wconf 87' lang='lat' dir='ltr'><strong>facere</strong></span> <span class='ocrx_word' id='word_1_569' title='bbox 3304 2205 3667 2281; x_wconf 75' lang='lat' dir='ltr'><strong>detrectabant.</strong></span> 
     </span>
    </p>
   </div>
   <div class='ocr_carea' id='block_1_80' title="bbox 2391 2285 3813 2377">
    <p class='ocr_par' dir='ltr' id='par_1_80' title="bbox 2391 2285 3813 2377">
     <span class='ocr_line' id='line_1_80' title="bbox 2391 2285 3813 2377; baseline -0.014 -15"><span class='ocrx_word' id='word_1_570' title='bbox 2391 2305 2570 2377; x_wconf 77' lang='lat' dir='ltr'><strong>(Vers.</strong></span> <span class='ocrx_word' id='word_1_571' title='bbox 2592 2285 2686 2375; x_wconf 22' lang='lat'><strong>76.)</strong></span> <span class='ocrx_word' id='word_1_572' title='bbox 2731 2304 2805 2359; x_wconf 89' lang='lat' dir='ltr'><strong>Et</strong></span> <span class='ocrx_word' id='word_1_573' title='bbox 2832 2301 3043 2373; x_wconf 80' lang='lat' dir='ltr'><strong>aperuit</strong></span> <span class='ocrx_word' id='word_1_574' title='bbox 3079 2317 3134 2354; x_wconf 88' lang='lat' dir='ltr'><strong>os</strong></span> <span class='ocrx_word' id='word_1_575' title='bbox 3173 2317 3335 2353; x_wconf 70' lang='lat' dir='ltr'><strong>satum</strong></span> <span class='ocrx_word' id='word_1_576' title='bbox 3384 2297 3438 2353; x_wconf 81' lang='lat' dir='ltr'><strong>in</strong></span> <span class='ocrx_word' id='word_1_577' title='bbox 3472 2285 3813 2366; x_wconf 74' lang='lat' dir='ltr'><strong>blasphe-miasad</strong></span> 
     </span>
    </p>
   </div>
   <div class='ocr_carea' id='block_1_81' title="bbox 2317 2381 3812 2465">
    <p class='ocr_par' dir='ltr' id='par_1_81' title="bbox 2317 2381 3812 2465">
     <span class='ocr_line' id='line_1_81' title="bbox 2317 2381 3812 2465; baseline -0.014 -12"><span class='ocrx_word' id='word_1_578' title='bbox 2317 2397 2482 2454; x_wconf 87' lang='lat' dir='ltr'><strong>Deum</strong></span> <span class='ocrx_word' id='word_1_579' title='bbox 2539 2393 2899 2465; x_wconf 76' lang='lat' dir='ltr'><strong>blasphe—mare</strong></span> <span class='ocrx_word' id='word_1_580' title='bbox 2962 2407 3148 2446; x_wconf 78' lang='lat' dir='ltr'><strong>nomen</strong></span> <span class='ocrx_word' id='word_1_581' title='bbox 3223 2388 3355 2459; x_wconf 75' lang='lat' dir='ltr'><strong>ejus,</strong></span> <span class='ocrx_word' id='word_1_582' title='bbox 3411 2393 3455 2443; x_wconf 89' lang='lat' dir='ltr'><strong>et</strong></span> <span class='ocrx_word' id='word_1_583' title='bbox 3519 2381 3812 2441; x_wconf 75' lang='lat' dir='ltr'><strong>tabernaculum</strong></span> 
     </span>
    </p>
   </div>
   <div class='ocr_carea' id='block_1_82' title="bbox 2317 2481 3811 2560">
    <p class='ocr_par' dir='ltr' id='par_1_82' title="bbox 2317 2481 3811 2560">
     <span class='ocr_line' id='line_1_82' title="bbox 2317 2481 3811 2560; baseline -0.011 -15"><span class='ocrx_word' id='word_1_584' title='bbox 2317 2489 2448 2560; x_wconf 76' lang='lat' dir='ltr'><strong>ejus,</strong></span> <span class='ocrx_word' id='word_1_585' title='bbox 2480 2495 2528 2544; x_wconf 89' lang='lat' dir='ltr'><strong>et</strong></span> <span class='ocrx_word' id='word_1_586' title='bbox 2571 2506 2653 2544; x_wconf 87' lang='lat' dir='ltr'><strong>eos</strong></span> <span class='ocrx_word' id='word_1_587' title='bbox 2704 2488 2796 2559; x_wconf 85' lang='lat' dir='ltr'><strong>qui</strong></span> <span class='ocrx_word' id='word_1_588' title='bbox 2839 2488 2898 2541; x_wconf 87' lang='lat' dir='ltr'><strong>in</strong></span> <span class='ocrx_word' id='word_1_589' title='bbox 2939 2488 3062 2542; x_wconf 69' lang='lat' dir='ltr'><strong>calo</strong></span> <span class='ocrx_word' id='word_1_590' title='bbox 3105 2485 3374 2540; x_wconf 84' lang='lat' dir='ltr'><strong>habitant.</strong></span> <span class='ocrx_word' id='word_1_591' title='bbox 3420 2481 3620 2555; x_wconf 84' lang='lat' dir='ltr'><strong>Aperiet</strong></span> <span class='ocrx_word' id='word_1_592' title='bbox 3653 2488 3811 2546; x_wconf 82' lang='lat' dir='ltr'><strong>namque</strong></span> 
     </span>
    </p>
   </div>
   <div class='ocr_carea' id='block_1_83' title="bbox 2317 2563 3812 2652">
    <p class='ocr_par' dir='ltr' id='par_1_83' title="bbox 2317 2563 3812 2652">
     <span class='ocr_line' id='line_1_83' title="bbox 2317 2563 3812 2652; baseline -0.013 -15"><span class='ocrx_word' id='word_1_593' title='bbox 2317 2598 2378 2637; x_wconf 91' lang='lat' dir='ltr'><strong>os</strong></span> <span class='ocrx_word' id='word_1_594' title='bbox 2407 2598 2567 2637; x_wconf 91' lang='lat' dir='ltr'><strong>suum</strong></span> <span class='ocrx_word' id='word_1_595' title='bbox 2610 2579 2678 2636; x_wconf 92' lang='lat' dir='ltr'><strong>ad</strong></span> <span class='ocrx_word' id='word_1_596' title='bbox 2726 2577 3234 2652; x_wconf 78' lang='lat' dir='ltr'><strong>blasphemandurn</strong></span> <span class='ocrx_word' id='word_1_597' title='bbox 3262 2579 3451 2643; x_wconf 90' lang='lat' dir='ltr'><strong>Deum,</strong></span> <span class='ocrx_word' id='word_1_598' title='bbox 3480 2575 3659 2628; x_wconf 88' lang='lat' dir='ltr'><strong>Patrem</strong></span> <span class='ocrx_word' id='word_1_599' title='bbox 3683 2563 3812 2621; x_wconf 72' lang='lat' dir='ltr'><strong>videli-</strong></span> 
     </span>
    </p>
   </div>
   <div class='ocr_carea' id='block_1_84' title="bbox 2315 2653 3813 2739">
    <p class='ocr_par' dir='ltr' id='par_1_84' title="bbox 2315 2653 3813 2739">
     <span class='ocr_line' id='line_1_84' title="bbox 2315 2653 3813 2739; baseline -0.015 -12"><span class='ocrx_word' id='word_1_600' title='bbox 2315 2679 2420 2738; x_wconf 90' lang='lat' dir='ltr'><strong>cet,</strong></span> <span class='ocrx_word' id='word_1_601' title='bbox 2451 2677 2507 2725; x_wconf 91' lang='lat' dir='ltr'><strong>et</strong></span> <span class='ocrx_word' id='word_1_602' title='bbox 2535 2669 2761 2736; x_wconf 89' lang='lat' dir='ltr'><strong>Filium,</strong></span> <span class='ocrx_word' id='word_1_603' title='bbox 2793 2678 2846 2725; x_wconf 91' lang='lat' dir='ltr'><strong>et</strong></span> <span class='ocrx_word' id='word_1_604' title='bbox 2877 2666 3145 2739; x_wconf 90' lang='lat' dir='ltr'><strong>Spiritum</strong></span> <span class='ocrx_word' id='word_1_605' title='bbox 3178 2675 3438 2723; x_wconf 81' lang='lat' dir='ltr'><strong>sanctum</strong></span> <span class='ocrx_word' id='word_1_606' title='bbox 3463 2683 3473 2720; x_wconf 94' lang='lat'>:</span> <span class='ocrx_word' id='word_1_607' title='bbox 3508 2653 3813 2732; x_wconf 83' lang='lat' dir='ltr'><strong>blasphemabit</strong></span> 
     </span>
    </p>
   </div>
   <div class='ocr_carea' id='block_1_85' title="bbox 2316 2750 3812 2816">
    <p class='ocr_par' dir='ltr' id='par_1_85' title="bbox 2316 2750 3812 2816">
     <span class='ocr_line' id='line_1_85' title="bbox 2316 2750 3812 2816; baseline -0.011 -1"><span class='ocrx_word' id='word_1_608' title='bbox 2316 2768 2370 2816; x_wconf 89' lang='lat' dir='ltr'><strong>et</strong></span> <span class='ocrx_word' id='word_1_609' title='bbox 2411 2775 2615 2814; x_wconf 89' lang='lat' dir='ltr'><strong>nomen</strong></span> <span class='ocrx_word' id='word_1_610' title='bbox 2662 2758 2763 2814; x_wconf 90' lang='lat' dir='ltr'><strong>Dei</strong></span> <span class='ocrx_word' id='word_1_611' title='bbox 2806 2757 2995 2814; x_wconf 89' lang='lat' dir='ltr'><strong>dicens</strong></span> <span class='ocrx_word' id='word_1_612' title='bbox 3042 2757 3341 2815; x_wconf 89' lang='lat' dir='ltr'><strong>Christum</strong></span> <span class='ocrx_word' id='word_1_613' title='bbox 3387 2771 3490 2811; x_wconf 90' lang='lat' dir='ltr'><strong>non</strong></span> <span class='ocrx_word' id='word_1_614' title='bbox 3540 2767 3636 2808; x_wconf 89' lang='lat' dir='ltr'><strong>esse</strong></span> <span class='ocrx_word' id='word_1_615' title='bbox 3669 2750 3812 2808; x_wconf 87' lang='lat' dir='ltr'><strong>Deum;</strong></span> 
     </span>
    </p>
   </div>
   <div class='ocr_carea' id='block_1_86' title="bbox 2314 2832 3813 2932">
    <p class='ocr_par' dir='ltr' id='par_1_86' title="bbox 2314 2832 3813 2932">
     <span class='ocr_line' id='line_1_86' title="bbox 2314 2832 3813 2932; baseline -0.01 -26"><span class='ocrx_word' id='word_1_616' title='bbox 2314 2848 2718 2922; x_wconf 88' lang='lat' dir='ltr'><strong>blasphemabit</strong></span> <span class='ocrx_word' id='word_1_617' title='bbox 2748 2849 2911 2904; x_wconf 89' lang='lat' dir='ltr'><strong>etiam</strong></span> <span class='ocrx_word' id='word_1_618' title='bbox 2943 2847 3371 2904; x_wconf 70' lang='lat' dir='ltr'><strong>tabernaculum</strong></span> <span class='ocrx_word' id='word_1_619' title='bbox 3414 2844 3524 2913; x_wconf 86' lang='lat' dir='ltr'><strong>Dei,</strong></span> <span class='ocrx_word' id='word_1_620' title='bbox 3567 2840 3614 2898; x_wconf 90' lang='lat' dir='ltr'><strong>id</strong></span> <span class='ocrx_word' id='word_1_621' title='bbox 3651 2832 3813 2932; x_wconf 56' lang='lat' dir='ltr'><strong>estbe-</strong></span> 
     </span>
    </p>
   </div>
   <div class='ocr_carea' id='block_1_87' title="bbox 2315 2925 3811 3009">
    <p class='ocr_par' dir='ltr' id='par_1_87' title="bbox 2315 2925 3811 3009">
     <span class='ocr_line' id='line_1_87' title="bbox 2315 2925 3811 3009; baseline -0.015 -12"><span class='ocrx_word' id='word_1_622' title='bbox 2315 2940 2535 2997; x_wconf 90' lang='lat' dir='ltr'><strong>clesiam</strong></span> <span class='ocrx_word' id='word_1_623' title='bbox 2568 2938 2688 3008; x_wconf 90' lang='lat' dir='ltr'><strong>Dei,</strong></span> <span class='ocrx_word' id='word_1_624' title='bbox 2721 2938 2908 2995; x_wconf 90' lang='lat' dir='ltr'><strong>dicens</strong></span> <span class='ocrx_word' id='word_1_625' title='bbox 2937 2937 3080 2994; x_wconf 90' lang='lat' dir='ltr'><strong>nihil</strong></span> <span class='ocrx_word' id='word_1_626' title='bbox 3113 2938 3381 3009; x_wconf 75' lang='lat' dir='ltr'><strong>prodesse</strong></span> <span class='ocrx_word' id='word_1_627' title='bbox 3419 2933 3641 2991; x_wconf 85' lang='lat' dir='ltr'><strong>ﬁdelibus</strong></span> <span class='ocrx_word' id='word_1_628' title='bbox 3665 2925 3811 2995; x_wconf 80' lang='lat' dir='ltr'><strong>religio-</strong></span> 
     </span>
    </p>
   </div>
   <div class='ocr_carea' id='block_1_88' title="bbox 2315 3021 3811 3108">
    <p class='ocr_par' dir='ltr' id='par_1_88' title="bbox 2315 3021 3811 3108">
     <span class='ocr_line' id='line_1_88' title="bbox 2315 3021 3811 3108; baseline -0.009 -23"><span class='ocrx_word' id='word_1_629' title='bbox 2315 3045 2440 3085; x_wconf 91' lang='lat' dir='ltr'><strong>nem</strong></span> <span class='ocrx_word' id='word_1_630' title='bbox 2467 3027 2854 3095; x_wconf 86' lang='lat' dir='ltr'><strong>Christianam,</strong></span> <span class='ocrx_word' id='word_1_631' title='bbox 2895 3027 2987 3083; x_wconf 91' lang='lat' dir='ltr'><strong>sed</strong></span> <span class='ocrx_word' id='word_1_632' title='bbox 3019 3027 3320 3083; x_wconf 77' lang='lat' dir='ltr'><strong>interitum</strong></span> <span class='ocrx_word' id='word_1_633' title='bbox 3344 3024 3503 3097; x_wconf 88' lang='lat' dir='ltr'><strong>magis</strong></span> <span class='ocrx_word' id='word_1_634' title='bbox 3523 3021 3680 3078; x_wconf 78' lang='lat' dir='ltr'><strong>afferre</strong></span> <span class='ocrx_word' id='word_1_635' title='bbox 3702 3026 3811 3108; x_wconf 51' lang='lat' dir='ltr'><strong>quae!</strong></span> 
     </span>
    </p>
   </div>
   <div class='ocr_carea' id='block_1_89' title="bbox 2313 3101 3810 3191">
    <p class='ocr_par' dir='ltr' id='par_1_89' title="bbox 2313 3101 3810 3191">
     <span class='ocr_line' id='line_1_89' title="bbox 2313 3101 3810 3191; baseline -0.015 -16"><span class='ocrx_word' id='word_1_636' title='bbox 2313 3120 2586 3175; x_wconf 88' lang='lat' dir='ltr'><strong>salutem:</strong></span> <span class='ocrx_word' id='word_1_637' title='bbox 2633 3117 3033 3191; x_wconf 88' lang='lat' dir='ltr'><strong>blasphemabit</strong></span> <span class='ocrx_word' id='word_1_638' title='bbox 3073 3125 3127 3173; x_wconf 89' lang='lat' dir='ltr'><strong>et</strong></span> <span class='ocrx_word' id='word_1_639' title='bbox 3175 3134 3282 3174; x_wconf 85' lang='lat' dir='ltr'><strong>eos</strong></span> <span class='ocrx_word' id='word_1_640' title='bbox 3318 3115 3408 3191; x_wconf 90' lang='lat' dir='ltr'><strong>qui</strong></span> <span class='ocrx_word' id='word_1_641' title='bbox 3450 3115 3502 3169; x_wconf 91' lang='lat' dir='ltr'><strong>in</strong></span> <span class='ocrx_word' id='word_1_642' title='bbox 3556 3109 3669 3168; x_wconf 75' lang='lat' dir='ltr'><strong>coelo</strong></span> <span class='ocrx_word' id='word_1_643' title='bbox 3711 3101 3810 3158; x_wconf 60' lang='lat' dir='ltr'><strong>habio</strong></span> 
     </span>
    </p>
   </div>
   <div class='ocr_carea' id='block_1_90' title="bbox 2319 3193 3812 3280">
    <p class='ocr_par' dir='ltr' id='par_1_90' title="bbox 2319 3193 3812 3280">
     <span class='ocr_line' id='line_1_90' title="bbox 2319 3193 3812 3280; baseline -0.007 -15"><span class='ocrx_word' id='word_1_644' title='bbox 2319 3216 2454 3275; x_wconf 86' lang='lat' dir='ltr'><strong>tant,</strong></span> <span class='ocrx_word' id='word_1_645' title='bbox 2503 3207 2559 3264; x_wconf 91' lang='lat' dir='ltr'><strong>id</strong></span> <span class='ocrx_word' id='word_1_646' title='bbox 2615 3217 2696 3264; x_wconf 87' lang='lat' dir='ltr'><strong>est</strong></span> <span class='ocrx_word' id='word_1_647' title='bbox 2744 3217 3014 3280; x_wconf 76' lang='lat' dir='ltr'><strong>martyres</strong></span> <span class='ocrx_word' id='word_1_648' title='bbox 3069 3214 3122 3262; x_wconf 89' lang='lat' dir='ltr'><strong>et</strong></span> <span class='ocrx_word' id='word_1_649' title='bbox 3166 3215 3402 3262; x_wconf 74' lang='lat' dir='ltr'><strong>czeteros</strong></span> <span class='ocrx_word' id='word_1_650' title='bbox 3443 3209 3648 3265; x_wconf 87' lang='lat' dir='ltr'><strong>sanctos,</strong></span> <span class='ocrx_word' id='word_1_651' title='bbox 3685 3193 3812 3250; x_wconf 69' lang='lat' dir='ltr'><strong>dicenS</strong></span> 
     </span>
    </p>
   </div>
   <div class='ocr_carea' id='block_1_91' title="bbox 2317 3289 3810 3375">
    <p class='ocr_par' dir='ltr' id='par_1_91' title="bbox 2317 3289 3810 3375">
     <span class='ocr_line' id='line_1_91' title="bbox 2317 3289 3810 3375; baseline -0.009 -21"><span class='ocrx_word' id='word_1_652' title='bbox 2317 3297 2460 3375; x_wconf 83' lang='lat' dir='ltr'><strong>nihil</strong></span> <span class='ocrx_word' id='word_1_653' title='bbox 2490 3304 2627 3360; x_wconf 86' lang='lat'><strong>551</strong></span> <span class='ocrx_word' id='word_1_654' title='bbox 2666 3298 2919 3371; x_wconf 90' lang='lat' dir='ltr'><strong>prodesse</strong></span> <span class='ocrx_word' id='word_1_655' title='bbox 2960 3314 3050 3353; x_wconf 87' lang='lat' dir='ltr'><strong>eos</strong></span> <span class='ocrx_word' id='word_1_656' title='bbox 3095 3313 3266 3369; x_wconf 87' lang='lat' dir='ltr'><strong>posse</strong></span> <span class='ocrx_word' id='word_1_657' title='bbox 3305 3295 3564 3368; x_wconf 88' lang='lat' dir='ltr'><strong>cuiquam,</strong></span> <span class='ocrx_word' id='word_1_658' title='bbox 3589 3289 3810 3352; x_wconf 72' lang='lat' dir='ltr'><strong>falsumque</strong></span> 
     </span>
    </p>
   </div>
   <div class='ocr_carea' id='block_1_92' title="bbox 2317 3391 3584 3468">
    <p class='ocr_par' dir='ltr' id='par_1_92' title="bbox 2317 3391 3584 3468">
     <span class='ocr_line' id='line_1_92' title="bbox 2317 3391 3584 3468; baseline -0.007 -16"><span class='ocrx_word' id='word_1_659' title='bbox 2317 3411 2430 3452; x_wconf 90' lang='lat' dir='ltr'><strong>esse</strong></span> <span class='ocrx_word' id='word_1_660' title='bbox 2463 3394 2734 3468; x_wconf 90' lang='lat' dir='ltr'><strong>quidquid</strong></span> <span class='ocrx_word' id='word_1_661' title='bbox 2762 3395 2828 3450; x_wconf 88' lang='lat' dir='ltr'><strong>de</strong></span> <span class='ocrx_word' id='word_1_662' title='bbox 2854 3394 2932 3450; x_wconf 93' lang='lat' dir='ltr'><strong>eis</strong></span> <span class='ocrx_word' id='word_1_663' title='bbox 2961 3410 2992 3448; x_wconf 92' lang='lat' dir='ltr'><strong>a</strong></span> <span class='ocrx_word' id='word_1_664' title='bbox 3025 3391 3299 3450; x_wconf 79' lang='lat' dir='ltr'><strong>ﬁdelibus</strong></span> <span class='ocrx_word' id='word_1_665' title='bbox 3326 3393 3584 3448; x_wconf 89' lang='lat' dir='ltr'><strong>asseritur.</strong></span> 
     </span>
    </p>
   </div>
   <div class='ocr_carea' id='block_1_93' title="bbox 2389 3476 3811 3565">
    <p class='ocr_par' dir='ltr' id='par_1_93' title="bbox 2389 3476 3811 3565">
     <span class='ocr_line' id='line_1_93' title="bbox 2389 3476 3811 3565; baseline -0.013 -24"><span class='ocrx_word' id='word_1_666' title='bbox 2389 3485 2569 3556; x_wconf 84' lang='lat' dir='ltr'><strong>(Vers.</strong></span> <span class='ocrx_word' id='word_1_667' title='bbox 2613 3485 2690 3557; x_wconf 91' lang='lat'><strong>7.)</strong></span> <span class='ocrx_word' id='word_1_668' title='bbox 2743 3485 2815 3539; x_wconf 90' lang='lat' dir='ltr'><strong>Et</strong></span> <span class='ocrx_word' id='word_1_669' title='bbox 2860 3484 3042 3538; x_wconf 87' lang='lat' dir='ltr'><strong>datum</strong></span> <span class='ocrx_word' id='word_1_670' title='bbox 3073 3489 3147 3538; x_wconf 88' lang='lat' dir='ltr'><strong>est</strong></span> <span class='ocrx_word' id='word_1_671' title='bbox 3194 3482 3293 3539; x_wconf 71' lang='lat' dir='ltr'><strong>illi</strong></span> <span class='ocrx_word' id='word_1_672' title='bbox 3348 3482 3523 3537; x_wconf 89' lang='lat' dir='ltr'><strong>bellum</strong></span> <span class='ocrx_word' id='word_1_673' title='bbox 3564 3476 3704 3546; x_wconf 86' lang='lat' dir='ltr'><strong>facere</strong></span> <span class='ocrx_word' id='word_1_674' title='bbox 3738 3479 3811 3565; x_wconf 61' lang='lat' dir='ltr'><strong>cum</strong></span> 
     </span>
    </p>
   </div>
   <div class='ocr_carea' id='block_1_94' title="bbox 2315 3567 3812 3654">
    <p class='ocr_par' dir='ltr' id='par_1_94' title="bbox 2315 3567 3812 3654">
     <span class='ocr_line' id='line_1_94' title="bbox 2315 3567 3812 3654; baseline -0.005 -26"><span class='ocrx_word' id='word_1_675' title='bbox 2315 3574 2530 3638; x_wconf 83' lang='lat' dir='ltr'><strong>sanctis,</strong></span> <span class='ocrx_word' id='word_1_676' title='bbox 2563 3580 2610 3629; x_wconf 92' lang='lat' dir='ltr'><strong>et</strong></span> <span class='ocrx_word' id='word_1_677' title='bbox 2650 3573 2852 3628; x_wconf 69' lang='lat' dir='ltr'><strong>uincere</strong></span> <span class='ocrx_word' id='word_1_678' title='bbox 2883 3573 3022 3628; x_wconf 87' lang='lat' dir='ltr'><strong>illos.</strong></span> <span class='ocrx_word' id='word_1_679' title='bbox 3055 3572 3253 3630; x_wconf 77' lang='lat' dir='ltr'><strong>Faciet</strong></span> <span class='ocrx_word' id='word_1_680' title='bbox 3280 3573 3480 3629; x_wconf 90' lang='lat' dir='ltr'><strong>bellum</strong></span> <span class='ocrx_word' id='word_1_681' title='bbox 3506 3583 3616 3626; x_wconf 91' lang='lat' dir='ltr'><strong>cum</strong></span> <span class='ocrx_word' id='word_1_682' title='bbox 3654 3567 3812 3654; x_wconf 49' lang='lat' dir='ltr'><strong>sancte,</strong></span> 
     </span>
    </p>
   </div>
   <div class='ocr_carea' id='block_1_95' title="bbox 2315 3649 3811 3740">
    <p class='ocr_par' dir='ltr' id='par_1_95' title="bbox 2315 3649 3811 3740">
     <span class='ocr_line' id='line_1_95' title="bbox 2315 3649 3811 3740; baseline -0.014 -17"><span class='ocrx_word' id='word_1_683' title='bbox 2315 3667 2582 3740; x_wconf 86' lang='lat' dir='ltr'><strong>quosdam</strong></span> <span class='ocrx_word' id='word_1_684' title='bbox 2612 3665 2966 3734; x_wconf 90' lang='lat' dir='ltr'><strong>blandiendo,</strong></span> <span class='ocrx_word' id='word_1_685' title='bbox 2998 3664 3273 3739; x_wconf 88' lang='lat' dir='ltr'><strong>quosdam</strong></span> <span class='ocrx_word' id='word_1_686' title='bbox 3302 3663 3557 3729; x_wconf 88' lang='lat' dir='ltr'><strong>terrendo,</strong></span> <span class='ocrx_word' id='word_1_687' title='bbox 3586 3666 3632 3714; x_wconf 89' lang='lat' dir='ltr'><strong>et</strong></span> <span class='ocrx_word' id='word_1_688' title='bbox 3654 3654 3705 3710; x_wconf 86' lang='lat' dir='ltr'><strong>ad</strong></span> <span class='ocrx_word' id='word_1_689' title='bbox 3729 3649 3811 3705; x_wconf 85' lang='lat' dir='ltr'><strong>ulti-</strong></span> 
     </span>
    </p>
   </div>
   <div class='ocr_carea' id='block_1_96' title="bbox 2315 3745 3812 3829">
    <p class='ocr_par' dir='ltr' id='par_1_96' title="bbox 2315 3745 3812 3829">
     <span class='ocr_line' id='line_1_96' title="bbox 2315 3745 3812 3829; baseline -0.013 -17"><span class='ocrx_word' id='word_1_690' title='bbox 2315 3772 2467 3812; x_wconf 89' lang='lat' dir='ltr'><strong>mum</strong></span> <span class='ocrx_word' id='word_1_691' title='bbox 2505 3755 2583 3812; x_wconf 90' lang='lat' dir='ltr'><strong>eis</strong></span> <span class='ocrx_word' id='word_1_692' title='bbox 2612 3757 2848 3829; x_wconf 89' lang='lat' dir='ltr'><strong>pessima</strong></span> <span class='ocrx_word' id='word_1_693' title='bbox 2877 3763 3152 3812; x_wconf 86' lang='lat' dir='ltr'><strong>tormenta</strong></span> <span class='ocrx_word' id='word_1_694' title='bbox 3185 3755 3486 3824; x_wconf 82' lang='lat' dir='ltr'><strong>inferendo,</strong></span> <span class='ocrx_word' id='word_1_695' title='bbox 3514 3759 3570 3808; x_wconf 89' lang='lat' dir='ltr'><strong>ut</strong></span> <span class='ocrx_word' id='word_1_696' title='bbox 3591 3765 3666 3805; x_wconf 89' lang='lat' dir='ltr'><strong>eos</strong></span> <span class='ocrx_word' id='word_1_697' title='bbox 3689 3745 3730 3798; x_wconf 88' lang='lat' dir='ltr'><strong>in</strong></span> <span class='ocrx_word' id='word_1_698' title='bbox 3749 3753 3812 3795; x_wconf 84' lang='lat' dir='ltr'><strong>er-</strong></span> 
     </span>
    </p>
   </div>
   <div class='ocr_carea' id='block_1_97' title="bbox 2315 3831 3812 3918">
    <p class='ocr_par' dir='ltr' id='par_1_97' title="bbox 2315 3831 3812 3918">
     <span class='ocr_line' id='line_1_97' title="bbox 2315 3831 3812 3918; baseline -0.006 -18"><span class='ocrx_word' id='word_1_699' title='bbox 2315 3861 2465 3902; x_wconf 90' lang='lat' dir='ltr'><strong>rores</strong></span> <span class='ocrx_word' id='word_1_700' title='bbox 2492 3861 2620 3903; x_wconf 90' lang='lat' dir='ltr'><strong>suos</strong></span> <span class='ocrx_word' id='word_1_701' title='bbox 2665 3845 2891 3903; x_wconf 87' lang='lat' dir='ltr'><strong>inducat</strong></span> <span class='ocrx_word' id='word_1_702' title='bbox 2919 3864 2929 3902; x_wconf 95' lang='lat'>:</span> <span class='ocrx_word' id='word_1_703' title='bbox 2963 3846 3058 3903; x_wconf 90' lang='lat' dir='ltr'><strong>sed</strong></span> <span class='ocrx_word' id='word_1_704' title='bbox 3107 3845 3234 3903; x_wconf 90' lang='lat' dir='ltr'><strong>ﬁeri</strong></span> <span class='ocrx_word' id='word_1_705' title='bbox 3279 3863 3388 3903; x_wconf 91' lang='lat' dir='ltr'><strong>non</strong></span> <span class='ocrx_word' id='word_1_706' title='bbox 3417 3849 3597 3918; x_wconf 88' lang='lat' dir='ltr'><strong>potest,</strong></span> <span class='ocrx_word' id='word_1_707' title='bbox 3622 3844 3672 3893; x_wconf 88' lang='lat' dir='ltr'><strong>ut</strong></span> <span class='ocrx_word' id='word_1_708' title='bbox 3702 3831 3743 3887; x_wconf 87' lang='lat' dir='ltr'><strong>in</strong></span> <span class='ocrx_word' id='word_1_709' title='bbox 3761 3841 3812 3882; x_wconf 73' lang='grc' dir='ltr'><strong>ετ·</strong></span> 
     </span>
    </p>
   </div>
   <div class='ocr_carea' id='block_1_98' title="bbox 2315 3927 3812 3996">
    <p class='ocr_par' dir='ltr' id='par_1_98' title="bbox 2315 3927 3812 3996">
     <span class='ocr_line' id='line_1_98' title="bbox 2315 3927 3812 3996; baseline -0.011 -3"><span class='ocrx_word' id='word_1_710' title='bbox 2315 3951 2494 3993; x_wconf 92' lang='lat' dir='ltr'><strong>rorem</strong></span> <span class='ocrx_word' id='word_1_711' title='bbox 2543 3936 2879 3994; x_wconf 90' lang='lat' dir='ltr'><strong>inducantur</strong></span> <span class='ocrx_word' id='word_1_712' title='bbox 2923 3936 3103 3994; x_wconf 88' lang='lat' dir='ltr'><strong>electi.</strong></span> <span class='ocrx_word' id='word_1_713' title='bbox 3137 3937 3342 3996; x_wconf 87' lang='lat' dir='ltr'><strong>Vincet</strong></span> <span class='ocrx_word' id='word_1_714' title='bbox 3387 3944 3559 3993; x_wconf 89' lang='lat' dir='ltr'><strong>autem</strong></span> <span class='ocrx_word' id='word_1_715' title='bbox 3603 3927 3704 3984; x_wconf 86' lang='lat' dir='ltr'><strong>illos</strong></span> <span class='ocrx_word' id='word_1_716' title='bbox 3738 3929 3812 3976; x_wconf 79' lang='lat' dir='ltr'><strong>non</strong></span> 
     </span>
    </p>
   </div>
   <div class='ocr_carea' id='block_1_99' title="bbox 2315 4025 3178 4100">
    <p class='ocr_par' dir='ltr' id='par_1_99' title="bbox 2315 4025 3178 4100">
     <span class='ocr_line' id='line_1_99' title="bbox 2315 4025 3178 4100; baseline 0.002 -18"><span class='ocrx_word' id='word_1_717' title='bbox 2315 4025 2642 4100; x_wconf 90' lang='lat' dir='ltr'><strong>superando,</strong></span> <span class='ocrx_word' id='word_1_718' title='bbox 2673 4026 2767 4084; x_wconf 88' lang='lat' dir='ltr'><strong>sed</strong></span> <span class='ocrx_word' id='word_1_719' title='bbox 2795 4026 3178 4084; x_wconf 88' lang='lat' dir='ltr'><strong>inerﬁciendo.</strong></span> 
     </span>
    </p>
   </div>
   <div class='ocr_carea' id='block_1_100' title="bbox 2388 4111 3812 4199">
    <p class='ocr_par' dir='ltr' id='par_1_100' title="bbox 2388 4111 3812 4199">
     <span class='ocr_line' id='line_1_100' title="bbox 2388 4111 3812 4199; baseline -0.01 -15"><span class='ocrx_word' id='word_1_720' title='bbox 2388 4126 2568 4199; x_wconf 88' lang='lat' dir='ltr'><strong>(Vers.</strong></span> <span class='ocrx_word' id='word_1_721' title='bbox 2599 4127 2681 4198; x_wconf 92' lang='lat'><strong>8.)</strong></span> <span class='ocrx_word' id='word_1_722' title='bbox 2713 4129 2787 4183; x_wconf 88' lang='lat' dir='ltr'><strong>Et</strong></span> <span class='ocrx_word' id='word_1_723' title='bbox 2815 4128 2943 4184; x_wconf 88' lang='lat' dir='ltr'><strong>data</strong></span> <span class='ocrx_word' id='word_1_724' title='bbox 2970 4133 3043 4184; x_wconf 88' lang='lat' dir='ltr'><strong>est</strong></span> <span class='ocrx_word' id='word_1_725' title='bbox 3059 4128 3107 4183; x_wconf 87' lang='lat' dir='ltr'><strong>ei</strong></span> <span class='ocrx_word' id='word_1_726' title='bbox 3129 4133 3362 4199; x_wconf 83' lang='lat' dir='ltr'><strong>potestas</strong></span> <span class='ocrx_word' id='word_1_727' title='bbox 3387 4126 3442 4182; x_wconf 80' lang='lat' dir='ltr'><strong>in</strong></span> <span class='ocrx_word' id='word_1_728' title='bbox 3459 4136 3640 4181; x_wconf 76' lang='lat' dir='ltr'><strong>omnem</strong></span> <span class='ocrx_word' id='word_1_729' title='bbox 3661 4111 3812 4171; x_wconf 59' lang='lat' dir='ltr'><strong>tribum,</strong></span> 
     </span>
    </p>
   </div>
   <div class='ocr_carea' id='block_1_101' title="bbox 2313 4200 3814 4290">
    <p class='ocr_par' dir='ltr' id='par_1_101' title="bbox 2313 4200 3814 4290">
     <span class='ocr_line' id='line_1_101' title="bbox 2313 4200 3814 4290; baseline -0.011 -18"><span class='ocrx_word' id='word_1_730' title='bbox 2313 4221 2362 4272; x_wconf 86' lang='lat' dir='ltr'><strong>et</strong></span> <span class='ocrx_word' id='word_1_731' title='bbox 2400 4217 2680 4287; x_wconf 81' lang='lat' dir='ltr'><strong>populum,</strong></span> <span class='ocrx_word' id='word_1_732' title='bbox 2714 4222 2763 4271; x_wconf 87' lang='lat' dir='ltr'><strong>et</strong></span> <span class='ocrx_word' id='word_1_733' title='bbox 2797 4217 3054 4289; x_wconf 86' lang='lat' dir='ltr'><strong>linguam,</strong></span> <span class='ocrx_word' id='word_1_734' title='bbox 3096 4224 3145 4273; x_wconf 85' lang='lat' dir='ltr'><strong>et</strong></span> <span class='ocrx_word' id='word_1_735' title='bbox 3183 4225 3417 4290; x_wconf 83' lang='lat' dir='ltr'><strong>gentem:</strong></span> <span class='ocrx_word' id='word_1_736' title='bbox 3452 4222 3498 4272; x_wconf 87' lang='lat' dir='ltr'><strong>et</strong></span> <span class='ocrx_word' id='word_1_737' title='bbox 3539 4200 3814 4269; x_wconf 73' lang='lat' dir='ltr'><strong>adoraqu</strong></span> 
     </span>
    </p>
   </div>
   <div class='ocr_carea' id='block_1_102' title="bbox 2313 4291 3813 4383">
    <p class='ocr_par' dir='ltr' id='par_1_102' title="bbox 2313 4291 3813 4383">
     <span class='ocr_line' id='line_1_102' title="bbox 2313 4291 3813 4383; baseline -0.006 -23"><span class='ocrx_word' id='word_1_738' title='bbox 2313 4322 2430 4361; x_wconf 86' lang='lat' dir='ltr'><strong>eum</strong></span> <span class='ocrx_word' id='word_1_739' title='bbox 2458 4323 2633 4362; x_wconf 85' lang='lat' dir='ltr'><strong>omnes</strong></span> <span class='ocrx_word' id='word_1_740' title='bbox 2661 4307 2753 4378; x_wconf 86' lang='lat' dir='ltr'><strong>qui</strong></span> <span class='ocrx_word' id='word_1_741' title='bbox 2779 4308 3020 4363; x_wconf 88' lang='lat' dir='ltr'><strong>habitant</strong></span> <span class='ocrx_word' id='word_1_742' title='bbox 3049 4313 3269 4366; x_wconf 84' lang='lat' dir='ltr'><strong>terram.</strong></span> <span class='ocrx_word' id='word_1_743' title='bbox 3291 4309 3403 4365; x_wconf 89' lang='lat' dir='ltr'><strong>Hoc</strong></span> <span class='ocrx_word' id='word_1_744' title='bbox 3429 4300 3695 4363; x_wconf 86' lang='lat' dir='ltr'><strong>secundum</strong></span> <span class='ocrx_word' id='word_1_745' title='bbox 3716 4291 3813 4383; x_wconf 52' lang='lat' dir='ltr'><strong>lim:</strong></span> 
     </span>
    </p>
   </div>
   <div class='ocr_carea' id='block_1_103' title="bbox 2313 4380 3813 4479">
    <p class='ocr_par' dir='ltr' id='par_1_103' title="bbox 2313 4380 3813 4479">
     <span class='ocr_line' id='line_1_103' title="bbox 2313 4380 3813 4479; baseline -0.009 -27"><span class='ocrx_word' id='word_1_746' title='bbox 2313 4410 2428 4452; x_wconf 91' lang='lat' dir='ltr'><strong>ram</strong></span> <span class='ocrx_word' id='word_1_747' title='bbox 2475 4395 2816 4469; x_wconf 88' lang='lat' dir='ltr'><strong>implebitur.</strong></span> <span class='ocrx_word' id='word_1_748' title='bbox 2866 4397 3026 4454; x_wconf 91' lang='lat' dir='ltr'><strong>Multi</strong></span> <span class='ocrx_word' id='word_1_749' title='bbox 3061 4397 3268 4468; x_wconf 89' lang='lat' dir='ltr'><strong>dicent,</strong></span> <span class='ocrx_word' id='word_1_750' title='bbox 3308 4413 3404 4456; x_wconf 89' lang='lat' dir='ltr'><strong>cur</strong></span> <span class='ocrx_word' id='word_1_751' title='bbox 3430 4395 3553 4452; x_wconf 85' lang='lat' dir='ltr'><strong>talia</strong></span> <span class='ocrx_word' id='word_1_752' title='bbox 3585 4393 3703 4447; x_wconf 90' lang='lat' dir='ltr'><strong>Deus</strong></span> <span class='ocrx_word' id='word_1_753' title='bbox 3735 4380 3813 4479; x_wconf 52' lang='lat' dir='ltr'><strong>ﬁeri</strong></span> 
     </span>
    </p>
   </div>
   <div class='ocr_carea' id='block_1_104' title="bbox 2315 4480 3813 4563">
    <p class='ocr_par' dir='ltr' id='par_1_104' title="bbox 2315 4480 3813 4563">
     <span class='ocr_line' id='line_1_104' title="bbox 2315 4480 3813 4563; baseline -0.004 -20"><span class='ocrx_word' id='word_1_754' title='bbox 2315 4487 2473 4556; x_wconf 88' lang='lat' dir='ltr'><strong>sinat,</strong></span> <span class='ocrx_word' id='word_1_755' title='bbox 2509 4495 2571 4542; x_wconf 90' lang='lat' dir='ltr'><strong>ut</strong></span> <span class='ocrx_word' id='word_1_756' title='bbox 2598 4486 2975 4544; x_wconf 88' lang='lat' dir='ltr'><strong>Antichristus</strong></span> <span class='ocrx_word' id='word_1_757' title='bbox 3004 4505 3173 4560; x_wconf 89' lang='lat' dir='ltr'><strong>genus</strong></span> <span class='ocrx_word' id='word_1_758' title='bbox 3197 4490 3497 4545; x_wconf 90' lang='lat' dir='ltr'><strong>humanum</strong></span> <span class='ocrx_word' id='word_1_759' title='bbox 3523 4493 3620 4540; x_wconf 88' lang='lat' dir='ltr'><strong>tam</strong></span> <span class='ocrx_word' id='word_1_760' title='bbox 3648 4480 3813 4563; x_wconf 45' lang='lat' dir='ltr'><strong>pessuli?</strong></span> 
     </span>
    </p>
   </div>
   <div class='ocr_carea' id='block_1_105' title="bbox 2314 4557 3814 4650">
    <p class='ocr_par' dir='ltr' id='par_1_105' title="bbox 2314 4557 3814 4650">
     <span class='ocr_line' id='line_1_105' title="bbox 2314 4557 3814 4650; baseline -0.005 -16"><span class='ocrx_word' id='word_1_761' title='bbox 2314 4576 2600 4650; x_wconf 78' lang='lat' dir='ltr'><strong>decipiat?</strong></span> <span class='ocrx_word' id='word_1_762' title='bbox 2640 4577 2848 4634; x_wconf 83' lang='lat' dir='ltr'><strong>Verum</strong></span> <span class='ocrx_word' id='word_1_763' title='bbox 2894 4557 3110 4634; x_wconf 84' lang='lat' dir='ltr'><strong>duabus</strong></span> <span class='ocrx_word' id='word_1_764' title='bbox 3159 4579 3338 4635; x_wconf 87' lang='lat' dir='ltr'><strong>causis</strong></span> <span class='ocrx_word' id='word_1_765' title='bbox 3381 4569 3706 4633; x_wconf 82' lang='lat' dir='ltr'><strong>existentibus</strong></span> <span class='ocrx_word' id='word_1_766' title='bbox 3726 4557 3814 4650; x_wconf 52' lang='lat' dir='ltr'><strong>ulla</strong></span> 
     </span>
    </p>
   </div>
   <div class='ocr_carea' id='block_1_106' title="bbox 2313 4647 3814 4744">
    <p class='ocr_par' dir='ltr' id='par_1_106' title="bbox 2313 4647 3814 4744">
     <span class='ocr_line' id='line_1_106' title="bbox 2313 4647 3814 4744; baseline -0.006 -20"><span class='ocrx_word' id='word_1_767' title='bbox 2313 4647 2592 4743; x_wconf 83' lang='lat' dir='ltr'><strong>permittet</strong></span> <span class='ocrx_word' id='word_1_768' title='bbox 2620 4688 2634 4738; x_wconf 91' lang='lat'>;</span> <span class='ocrx_word' id='word_1_769' title='bbox 2669 4687 2795 4726; x_wconf 90' lang='lat' dir='ltr'><strong>nam</strong></span> <span class='ocrx_word' id='word_1_770' title='bbox 2826 4671 2970 4728; x_wconf 90' lang='lat' dir='ltr'><strong>sicut</strong></span> <span class='ocrx_word' id='word_1_771' title='bbox 2999 4673 3113 4744; x_wconf 90' lang='lat' dir='ltr'><strong>ipse</strong></span> <span class='ocrx_word' id='word_1_772' title='bbox 3151 4672 3290 4728; x_wconf 91' lang='lat' dir='ltr'><strong>dicit</strong></span> <span class='ocrx_word' id='word_1_773' title='bbox 3326 4671 3383 4726; x_wconf 91' lang='lat' dir='ltr'><strong>in</strong></span> <span class='ocrx_word' id='word_1_774' title='bbox 3412 4661 3704 4736; x_wconf 82' lang='lat' dir='ltr'><strong>Evangelia:</strong></span> <span class='ocrx_word' id='word_1_775' title='bbox 3723 4679 3752 4744; x_wconf 59' lang='lat' dir='ltr'><em>f</em></span> <span class='ocrx_word' id='word_1_776' title='bbox 3773 4647 3814 4702; x_wconf 77' lang='grc' dir='ltr'><strong>Ῑη</strong></span> 
     </span>
    </p>
   </div>
   <div class='ocr_carea' id='block_1_107' title="bbox 2312 4743 3816 4834">
    <p class='ocr_par' dir='ltr' id='par_1_107' title="bbox 2312 4743 3816 4834">
     <span class='ocr_line' id='line_1_107' title="bbox 2312 4743 3816 4834; baseline -0.013 -20"><span class='ocrx_word' id='word_1_777' title='bbox 2312 4759 2428 4815; x_wconf 90' lang='lat' dir='ltr'><strong>illis</strong></span> <span class='ocrx_word' id='word_1_778' title='bbox 2458 4761 2651 4817; x_wconf 90' lang='lat' dir='ltr'><strong>diebus</strong></span> <span class='ocrx_word' id='word_1_779' title='bbox 2690 4761 3003 4834; x_wconf 86' lang='lat' dir='ltr'><strong>refrigescet</strong></span> <span class='ocrx_word' id='word_1_780' title='bbox 3025 4743 3271 4819; x_wconf 17' lang='lat' dir='ltr'><strong>icbaritas</strong></span> <span class='ocrx_word' id='word_1_781' title='bbox 3301 4762 3606 4822; x_wconf 80' lang='lat' dir='ltr'><strong>multorum,</strong></span> <span class='ocrx_word' id='word_1_782' title='bbox 3629 4759 3673 4807; x_wconf 86' lang='lat' dir='ltr'><strong>et</strong></span> <span class='ocrx_word' id='word_1_783' title='bbox 3696 4743 3816 4800; x_wconf 86' lang='lat' dir='ltr'><strong>abun-</strong></span> 
     </span>
    </p>
   </div>
   <div class='ocr_carea' id='block_1_108' title="bbox 2309 4841 3812 4924">
    <p class='ocr_par' dir='ltr' id='par_1_108' title="bbox 2309 4841 3812 4924">
     <span class='ocr_line' id='line_1_108' title="bbox 2309 4841 3812 4924; baseline -0.013 -19"><span class='ocrx_word' id='word_1_784' title='bbox 2309 4848 2463 4905; x_wconf 87' lang='lat' dir='ltr'><strong>dabit</strong></span> <span class='ocrx_word' id='word_1_785' title='bbox 2518 4851 2780 4923; x_wconf 89' lang='lat' dir='ltr'><strong>iniquitas</strong></span> <span class='ocrx_word' id='word_1_786' title='bbox 2839 4853 3050 4924; x_wconf 87' lang='lat' dir='ltr'><strong>(Matth.</strong></span> <span class='ocrx_word' id='word_1_787' title='bbox 3105 4870 3223 4921; x_wconf 73' lang='lat' dir='ltr'><strong>xxn,</strong></span> <span class='ocrx_word' id='word_1_788' title='bbox 3285 4852 3374 4923; x_wconf 80' lang='grc'><strong>12)</strong></span> <span class='ocrx_word' id='word_1_789' title='bbox 3426 4869 3439 4918; x_wconf 91' lang='grc'>;</span> <span class='ocrx_word' id='word_1_790' title='bbox 3493 4874 3510 4897; x_wconf 75' lang='grc' dir='ltr'><strong>ι</strong></span> <span class='ocrx_word' id='word_1_791' title='bbox 3571 4845 3620 4900; x_wconf 89' lang='lat' dir='ltr'><strong>in</strong></span> <span class='ocrx_word' id='word_1_792' title='bbox 3660 4841 3812 4895; x_wconf 86' lang='lat' dir='ltr'><strong>tantum</strong></span> 
     </span>
    </p>
   </div>
   <div class='ocr_carea' id='block_1_109' title="bbox 2309 4927 3811 5012">
    <p class='ocr_par' dir='ltr' id='par_1_109' title="bbox 2309 4927 3811 5012">
     <span class='ocr_line' id='line_1_109' title="bbox 2309 4927 3811 5012; baseline -0.017 -14"><span class='ocrx_word' id='word_1_793' title='bbox 2309 4938 2510 5012; x_wconf 85' lang='lat' dir='ltr'><strong>quippe</strong></span> <span class='ocrx_word' id='word_1_794' title='bbox 2553 4941 2763 4997; x_wconf 88' lang='lat' dir='ltr'><strong>malitia</strong></span> <span class='ocrx_word' id='word_1_795' title='bbox 2810 4942 3098 4997; x_wconf 90' lang='lat' dir='ltr'><strong>hominum</strong></span> <span class='ocrx_word' id='word_1_796' title='bbox 3147 4947 3441 5006; x_wconf 80' lang='lat' dir='ltr'><strong>excrescat,</strong></span> <span class='ocrx_word' id='word_1_797' title='bbox 3492 4943 3542 4992; x_wconf 89' lang='lat' dir='ltr'><strong>et</strong></span> <span class='ocrx_word' id='word_1_798' title='bbox 3589 4932 3653 4986; x_wconf 87' lang='lat' dir='ltr'><strong>ita</strong></span> <span class='ocrx_word' id='word_1_799' title='bbox 3690 4927 3811 5012; x_wconf 61' lang='lat' dir='ltr'><strong>Dauni</strong></span> 
     </span>
    </p>
   </div>
   <div class='ocr_carea' id='block_1_110' title="bbox 2310 5008 3811 5112">
    <p class='ocr_par' dir='ltr' id='par_1_110' title="bbox 2310 5008 3811 5112">
     <span class='ocr_line' id='line_1_110' title="bbox 2310 5008 3811 5112; baseline 0 -31"><span class='ocrx_word' id='word_1_800' title='bbox 2310 5008 2409 5101; x_wconf 78' lang='lat' dir='ltr'><strong>pro</strong></span> <span class='ocrx_word' id='word_1_801' title='bbox 2438 5028 2552 5086; x_wconf 87' lang='lat' dir='ltr'><strong>suis</strong></span> <span class='ocrx_word' id='word_1_802' title='bbox 2587 5031 2885 5088; x_wconf 89' lang='lat' dir='ltr'><strong>sceleribus</strong></span> <span class='ocrx_word' id='word_1_803' title='bbox 2931 5032 2998 5087; x_wconf 90' lang='lat' dir='ltr'><strong>ad</strong></span> <span class='ocrx_word' id='word_1_804' title='bbox 3029 5029 3369 5088; x_wconf 88' lang='lat' dir='ltr'><strong>iracundiam</strong></span> <span class='ocrx_word' id='word_1_805' title='bbox 3409 5008 3811 5112; x_wconf 33' lang='lat' dir='ltr'><strong>provocabttf&#39;llfl1t</strong></span> 
     </span>
    </p>
   </div>
   <div class='ocr_carea' id='block_1_111' title="bbox 2309 5107 3809 5194">
    <p class='ocr_par' dir='ltr' id='par_1_111' title="bbox 2309 5107 3809 5194">
     <span class='ocr_line' id='line_1_111' title="bbox 2309 5107 3809 5194; baseline -0.028 -2"><span class='ocrx_word' id='word_1_806' title='bbox 2309 5117 2462 5190; x_wconf 67' lang='lat' dir='ltr'><strong>digni</strong></span> <span class='ocrx_word' id='word_1_807' title='bbox 2493 5119 2603 5175; x_wconf 79' lang='lat' dir='ltr'><strong>Sint</strong></span> <span class='ocrx_word' id='word_1_808' title='bbox 2645 5129 2916 5194; x_wconf 87' lang='lat' dir='ltr'><strong>quatenus</strong></span> <span class='ocrx_word' id='word_1_809' title='bbox 2946 5130 3055 5177; x_wconf 89' lang='lat' dir='ltr'><strong>tam</strong></span> <span class='ocrx_word' id='word_1_810' title='bbox 3097 5122 3333 5194; x_wconf 89' lang='lat' dir='ltr'><strong>pessimo</strong></span> <span class='ocrx_word' id='word_1_811' title='bbox 3363 5113 3564 5174; x_wconf 88' lang='lat' dir='ltr'><strong>homini</strong></span> <span class='ocrx_word' id='word_1_812' title='bbox 3589 5107 3809 5175; x_wconf 66' lang='lat' dir='ltr'><strong>subjiciam</strong></span> 
     </span>
    </p>
   </div>
   <div class='ocr_carea' id='block_1_112' title="bbox 2309 5196 3805 5284">
    <p class='ocr_par' dir='ltr' id='par_1_112' title="bbox 2309 5196 3805 5284">
     <span class='ocr_line' id='line_1_112' title="bbox 2309 5196 3805 5284; baseline 0.003 -21"><span class='ocrx_word' id='word_1_813' title='bbox 2309 5214 2420 5275; x_wconf 91' lang='lat' dir='ltr'><strong>tur,</strong></span> <span class='ocrx_word' id='word_1_814' title='bbox 2466 5219 2628 5284; x_wconf 88' lang='lat' dir='ltr'><strong>atque</strong></span> <span class='ocrx_word' id='word_1_815' title='bbox 2657 5211 2724 5266; x_wconf 88' lang='lat' dir='ltr'><strong>ab</strong></span> <span class='ocrx_word' id='word_1_816' title='bbox 2771 5227 2835 5267; x_wconf 91' lang='lat' dir='ltr'><strong>eo</strong></span> <span class='ocrx_word' id='word_1_817' title='bbox 2886 5211 3249 5284; x_wconf 88' lang='lat' dir='ltr'><strong>decipiantur,</strong></span> <span class='ocrx_word' id='word_1_818' title='bbox 3304 5213 3528 5264; x_wconf 87' lang='lat' dir='ltr'><strong>testante</strong></span> <span class='ocrx_word' id='word_1_819' title='bbox 3565 5196 3805 5284; x_wconf 34' lang='lat' dir='ltr'><strong>Salpini“?</strong></span> 
     </span>
    </p>
   </div>
   <div class='ocr_carea' id='block_1_113' title="bbox 2323 5281 3809 5372">
    <p class='ocr_par' dir='ltr' id='par_1_113' title="bbox 2323 5281 3809 5372">
     <span class='ocr_line' id='line_1_113' title="bbox 2323 5281 3809 5372; baseline 0.001 -21"><span class='ocrx_word' id='word_1_820' title='bbox 2323 5323 2340 5346; x_wconf 78' lang='grc' dir='ltr'><strong>ι</strong></span> <span class='ocrx_word' id='word_1_821' title='bbox 2371 5298 2477 5365; x_wconf 87' lang='lat' dir='ltr'><strong>Qui</strong></span> <span class='ocrx_word' id='word_1_822' title='bbox 2522 5281 2744 5372; x_wconf 77' lang='lat' dir='ltr'><strong>regnare</strong></span> <span class='ocrx_word' id='word_1_823' title='bbox 2787 5299 2918 5357; x_wconf 81' lang='lat' dir='ltr'><strong>facit</strong></span> <span class='ocrx_word' id='word_1_824' title='bbox 2965 5281 3240 5357; x_wconf 82' lang='lat' dir='ltr'><strong>hominem</strong></span> <span class='ocrx_word' id='word_1_825' title='bbox 3291 5293 3614 5371; x_wconf 90' lang='lat' dir='ltr'><strong>hypocritam</strong></span> <span class='ocrx_word' id='word_1_826' title='bbox 3647 5281 3809 5372; x_wconf 60' lang='grc' dir='ltr'><strong>ΡιξοΡξετ</strong></span> 
     </span>
    </p>
   </div>
   <div class='ocr_carea' id='block_1_114' title="bbox 2308 5361 3806 5466">
    <p class='ocr_par' dir='ltr' id='par_1_114' title="bbox 2308 5361 3806 5466">
     <span class='ocr_line' id='line_1_114' title="bbox 2308 5361 3806 5466; baseline -0.016 -19"><span class='ocrx_word' id='word_1_827' title='bbox 2308 5361 2722 5463; x_wconf 67' lang='lat' dir='ltr'><strong>perversitatem</strong></span> <span class='ocrx_word' id='word_1_828' title='bbox 2752 5393 2942 5466; x_wconf 88' lang='lat' dir='ltr'><strong>populi</strong></span> <span class='ocrx_word' id='word_1_829' title='bbox 2965 5393 3091 5466; x_wconf 83' lang='lat' dir='ltr'><strong>(Job</strong></span> <span class='ocrx_word' id='word_1_830' title='bbox 3130 5361 3458 5460; x_wconf 37' lang='lat' dir='ltr'><strong>xxxrv,v3.0).</strong></span> <span class='ocrx_word' id='word_1_831' title='bbox 3479 5409 3496 5434; x_wconf 71' lang='grc' dir='ltr'><strong>ρ</strong></span> <span class='ocrx_word' id='word_1_832' title='bbox 3530 5411 3593 5424; x_wconf 89' lang='grc'><strong><em>-</em></strong></span> <span class='ocrx_word' id='word_1_833' title='bbox 3628 5401 3642 5424; x_wconf 81' lang='grc' dir='ltr'><strong>ι</strong></span> <span class='ocrx_word' id='word_1_834' title='bbox 3665 5361 3806 5427; x_wconf 78' lang='lat' dir='ltr'><strong>Trade-</strong></span> 
     </span>
    </p>
   </div>
   <div class='ocr_carea' id='block_1_115' title="bbox 677 5582 3800 5695">
    <p class='ocr_par' dir='ltr' id='par_1_115' title="bbox 677 5582 3800 5695">
     <span class='ocr_line' id='line_1_115' title="bbox 677 5582 3800 5695; baseline -0.002 -27"><span class='ocrx_word' id='word_1_835' title='bbox 827 5603 1043 5695; x_wconf 40' lang='lat' dir='ltr'><strong>_0Amnes</strong></span> <span class='ocrx_word' id='word_1_836' title='bbox 1089 5607 1248 5681; x_wconf 63' lang='lat' dir='ltr'><strong>edit,</strong></span> <span class='ocrx_word' id='word_1_837' title='bbox 1305 5610 1639 5685; x_wconf 71' lang='lat' dir='ltr'><strong>erstirpavit.</strong></span> <span class='ocrx_word' id='word_1_838' title='bbox 1704 5612 1808 5683; x_wconf 83' lang='lat' dir='ltr'><strong>Qui</strong></span> <span class='ocrx_word' id='word_1_839' title='bbox 1860 5617 2036 5687; x_wconf 85' lang='lat' dir='ltr'><strong>etiam,</strong></span> <span class='ocrx_word' id='word_1_840' title='bbox 2092 5621 2196 5676; x_wconf 85' lang='lat' dir='ltr'><strong>etc.</strong></span> <span class='ocrx_word' id='word_1_841' title='bbox 2257 5612 2539 5692; x_wconf 88' lang='lat' dir='ltr'><strong>Quidquid</strong></span> <span class='ocrx_word' id='word_1_842' title='bbox 2591 5633 2722 5677; x_wconf 87' lang='lat' dir='ltr'><strong>vero</strong></span> <span class='ocrx_word' id='word_1_843' title='bbox 2769 5616 3159 5695; x_wconf 86' lang='lat' dir='ltr'><strong>interponitur,</strong></span> <span class='ocrx_word' id='word_1_844' title='bbox 3196 5633 3224 5676; x_wconf 93' lang='lat' dir='ltr'><strong>e</strong></span> <span class='ocrx_word' id='word_1_845' title='bbox 3262 5629 3390 5675; x_wconf 85' lang='lat' dir='ltr'><strong>mss.</strong></span> <span class='ocrx_word' id='word_1_846' title='bbox 3438 5603 3662 5671; x_wconf 83' lang='lat' dir='ltr'><strong>omnibus</strong></span> <span class='ocrx_word' id='word_1_847' title='bbox 3692 5582 3800 5652; x_wconf 70' lang='grc' dir='ltr'><strong>ιἐείί·</strong></span> 
     </span>
    </p>
   </div>
   <div class='ocr_carea' id='block_1_116' title="bbox 609 5679 918 5734">
    <p class='ocr_par' dir='ltr' id='par_1_116' title="bbox 609 5679 918 5734">
     <span class='ocr_line' id='line_1_116' title="bbox 609 5679 918 5734; baseline 0.016 -5"><span class='ocrx_word' id='word_1_848' title='bbox 609 5679 788 5731; x_wconf 84' lang='lat' dir='ltr'><strong>tutum</strong></span> <span class='ocrx_word' id='word_1_849' title='bbox 817 5685 918 5734; x_wconf 85' lang='lat' dir='ltr'><strong>est.</strong></span> 
     </span>
    </p>
   </div>
   <div class='ocr_carea' id='block_1_117' title="bbox 2129 5841 2162 5866">
    <p class='ocr_par' dir='ltr' id='par_1_117' title="bbox 2129 5841 2162 5866">
     <span class='ocr_line' id='line_1_117' title="bbox 2129 5841 2162 5866; baseline 0 0"><span class='ocrx_word' id='word_1_850' title='bbox 2129 5841 2162 5866; x_wconf 83' lang='lat'><strong><em>\</em></strong></span> 
     </span>
    </p>
   </div>
  </div>
