4060 6208
291 283 395 341 969

1214 282 1669 340 BERENGAUDI
1708 282 2079 340 EXPOSITlO
2121 283 2189 338 1N
2209 261 2730 339 'APOCALYPSlN.

3489 286 3595 343 970

294 414 438 464 enim
474 409 596 464 illos
634 411 830 475 Dens,-
869 409 1011 462 sicut
1043 408 1178 464 dicit
1208 409 1522 480 Apostolus,
1566 432 1584 454 ‹
1617 409 1672 463 in
1704 425 1885 480 repro-
1912 409 1963 468 Α
1997 415 2288 477 exsurget;
2320 406 2539 480 duoque
2559 423 2764 464 cornua
2785 407 2992 462 similia
3021 407 3163 478 Agni
3187 406 3446 466 habuisse
3476 410 3596 466 visa

293 499 424 554 bum
465 515 681 554 sensum
715 500 890 571 (Rom.
931 516 970 566 ι,
1019 498 1150 570 28);
1183 523 1202 546 ι
1259 506 1320 554 ut
1361 498 1566 555 faciant
1611 515 1731 572 quae
1777 516 1889 554 non

293 587 668 654 conveniunt;
704 596 758 643 et
788 587 988 660 quibus
1017 587 1158 642 nihil
1191 587 1344 659 pensi
1374 587 1498 655 erit,
1523 595 1736 644 tantum
1771 589 1887 660 (23)

293 689 354 737 ut
385 681 656 754 quidquid
687 681 817 736 mali
850 681 1236 754 cogitaverint,
1259 681 1547 753 expleant;
1581 679 1892 752 justissima

291 771 390 826 Dei
422 771 781 843 permissione
811 770 922 839 ﬁet,
957 779 1018 827 ut
1047 770 1114 826 ab
1166 771 1511 827 Antichristo
1544 771 1755 843 decepti
1786 771 1892 826 de—

292 863 463 918 terius
510 869 753 934 pereant.
835 863 1119 918 Permittet
1192 862 1356 919 etiam
1412 862 1518 920 hoc
1576 864 1720 918 Deus
1771 861 1890 916 ﬁeri

292 963 514 1026 propter
568 954 953 1028 probationem
997 954 1296 1010 electorum
1340 970 1589 1023 suorum,
1638 961 1700 1008 ut
1746 953 1890 1008 sicut

291 1059 489 1100 aurum
521 1045 783 1116 probatur
812 1061 908 1116 per
950 1045 1152 1116 ignem,
1207 1043 1284 1099 ita
1330 1052 1383 1100 et
1415 1043 1498 1098 illi
1541 1041 1596 1098 in
1627 1058 1890 1114 persecu-

293 1132 539 1190 tionibus
569 1133 898 1190 Antichristi
926 1133 1226 1206 probentur
1256 1140 1309 1190 et
1341 1133 1752 1200 examinentur,
1787 1131 1889 1188 sic-

290 1230 352 1279 ut
384 1223 442 1278 in
500 1223 724 1279 Daniele
769 1223 836 1279 de
866 1223 980 1279 illis
1029 1223 1295 1294 scriptum
1342 1230 1422 1278 est
1461 1240 1472 1278 :
1523 1246 1541 1270 ‹
1577 1222 1887 1294 Eligentur,

289 1319 344 1369 et
372 1312 794 1381 dealbabuntur,
825 1320 878 1369 et
903 1312 1055 1386 quasi
1086 1329 1280 1368 aurum
1313 1312 1694 1384 probabuntur
1716 1312 1888 1385 pluri-

289 1402 365 1456 mi
399 1403 514 1474 (24)
551 1405 713 1475 (Dan.
747 1420 848 1471 xu,
891 1404 1001 1473 10).
1041 1426 1060 1450 ι
1132 1403 1390 1477 Sequitur
1422 1421 1434 1459 :
1501 1405 1738 1470 Quorum
1785 1421 1889 1459 non

289 1497 411 1546 sunt
442 1491 638 1562 scripta
688 1492 906 1547 nomina
935 1493 990 1546 in
1034 1492 1167 1548 libro
1214 1492 1334 1548 vita:
1380 1492 1544 1563 Agni,
1573 1494 1665 1562 qui
1693 1493 1889 1548 occisus

289 1585 362 1636 est
393 1580 458 1635 ab
489 1581 692 1651 origine
721 1581 925 1636 mundi.
968 1580 1133 1636 Liber
1176 1580 1306 1636 vitae
1354 1582 1767 1653 praedestinatio
1807 1592 1889 1640 est

288 1670 387 1728 Dei
431 1671 827 1744 omnipotentis
866 1690 877 1728 :
930 1670 1149 1744 reprobi
1179 1688 1291 1727 non
1322 1679 1453 1728 sunt
1495 1673 1686 1745 scripti
1717 1673 1775 1730 in
1809 1675 1888 1730 li-

1999 504 2098 552 est.
2130 496 2390 568 Superius
2417 495 2663 552 diximus
2692 513 2787 568 per
2817 503 3024 567 septem
3047 512 3253 553 cornua
3280 497 3426 570 Agni
3464 514 3597 555 om-

1999 603 2097 642 nes
2129 588 2330 642 electos
2377 602 2493 642 esse
2540 585 2872 658 designatos,
2904 602 3042 658 quos
3071 585 3129 642 in
3168 596 3373 660 septem
3416 595 3596 660 partes

2001 676 2294 733 divisimus
2328 694 2338 732 :
2367 693 2462 748 per
2491 676 2747 748 quintum
2781 684 2962 732 autem
2993 692 3167 733 cornu
3211 676 3455 736 diximus
3487 679 3595 734 Ju-

1999 766 2165 835 dmos,
2191 767 2285 838 qui
2313 767 2368 821 in
2403 766 2685 823 Christum
2719 766 3090 837 crediderunt,
3128 766 3295 824 fuisse
3334 767 3593 840 designa-

2000 865 2086 914 tos
2119 875 2130 913 :
2161 873 2256 930 per
2287 865 2503 914 sextum
2533 873 2664 913 vero
2695 865 2899 929 gentes,
2933 874 3053 930 quae
3099 857 3155 913 in
3193 856 3476 914 Christum
3510 859 3595 914 si-

1999 947 2208 1003 militer
2236 945 2605 1002 crediderunt.
2643 947 2823 1003 Bestia
2851 947 3033 1020 itaque
3061 963 3269 1004 cornua
3295 947 3406 1004 duo
3445 946 3594 1003 simi-

1999 1037 2074 1092 lia
2104 1038 2245 1109 Agni
2267 1037 2490 1093 habebit
2514 1055 2527 1103 ;
2560 1035 2689 1108 quia
2716 1035 2932 1092 Iudaeos
2963 1043 3016 1092 et
3046 1043 3232 1109 gentes
3270 1037 3595 1110 decipiendo

1997 1125 2316 1198 possidebit.
2359 1126 2499 1193 Quia
2543 1124 2794 1199 quamvis
2831 1126 2994 1183 multi
3033 1127 3257 1185 credant
3285 1145 3356 1186 ex
3391 1128 3595 1187 Iudaeis

1998 1233 2096 1289 per
2138 1216 2584 1289 praedicationem
2614 1217 2752 1273 Eliaa
2794 1216 2854 1273 in
2892 1217 3198 1288 Christum,
3229 1220 3474 1276 maxima
3501 1229 3594 1278 ta-

1998 1324 2125 1364 men
2172 1325 2296 1381 pars
2331 1324 2521 1365 eorum
2567 1307 2974 1365 Antichristum
3022 1319 3278 1368 secutura
3313 1317 3414 1380 est,
3451 1311 3596 1370 sicut

1999 1397 2134 1455 dicit
2163 1398 2432 1454 Dominus
2459 1399 2514 1454 in
2544 1398 2845 1471 Evangelia
2883 1414 2896 1456 :
2943 1422 2962 1448 ι
2982 1399 3097 1472 Ego
3126 1400 3255 1457 veni
3283 1399 3342 1456 in
3368 1401 3592 1458 nomine

1999 1488 2176 1544 Patris
2220 1489 2352 1555 mei,
2383 1497 2436 1544 et
2474 1505 2585 1544 non
2633 1488 2913 1561 recepistis
2952 1505 3040 1546 me
3072 1508 3085 1547 :
3116 1490 3258 1548 alius
3297 1492 3488 1549 veniet
3535 1493 3592 1549 in

1999 1577 2222 1633 nomine
2269 1595 2389 1646 suo,
2443 1585 2497 1633 et
2545 1578 2703 1633 illum
2745 1578 3056 1651 suscipietis
3107 1580 3290 1654 (Joan.
3322 1598 3378 1652 v,
3412 1581 3527 1655 43).
3559 1608 3580 1633 ι

1999 1667 2345 1740 Loquebatur
2390 1682 2517 1739 ergo
2559 1665 2676 1723 haec
2719 1667 2896 1724 bestia
2939 1677 3003 1725 ut
3051 1670 3240 1740 draco,
3289 1671 3420 1744 quia
3475 1671 3593 1744 ejus

288 1758 388 1816 bro
417 1760 546 1815 vitae
575 1778 589 1827 ;
625 1760 753 1834 quia
782 1776 894 1816 non
926 1768 1053 1816 sunt
1081 1759 1459 1832 praedestinati
1491 1763 1559 1818 ad
1589 1763 1764 1819 vitam
1795 1781 1878 1820 ω-
1910 1777 1958 1840 Β
1995 1759 2163 1817 verba
2203 1756 2474 1814 diabolica
2519 1763 2711 1824 erant;
2743 1773 2871 1813 nam
2903 1757 3158 1815 diabolus
3196 1760 3292 1833 qui
3337 1761 3594 1834 loquetur

289 1857 520 1906 ternam.
541 1848 646 1906 Sed
675 1849 1033 1923 quaerendum
1063 1849 1222 1905 nobis
1250 1859 1351 1918 est,
1375 1853 1654 1924 quomodo
1672 1855 1882 1926 Agnus,

289 1938 347 1995 id
378 1945 483 2009 est,
515 1937 788 2008 Christus,
834 1939 901 1996 ab
931 1938 1144 2012 origine
1174 1938 1368 1996 mundi
1405 1939 1619 1999 occisus
1647 1958 1762 1999 esse
1789 1942 1887 1998 di-

289 2037 462 2088 catur.

362 2121 544 2194 (Vers.
575 2121 656 2194 9.)
705 2121 841 2178 Nam
886 2121 1026 2178 illud
1057 2121 1204 2196 quod
1231 2122 1510 2196 sequitur:
1548 2123 1606 2181 Si
1646 2123 1764 2196 quis
1793 2125 1884 2181 ha-

287 2211 365 2268 bet
398 2228 578 2280 aures,
609 2211 840 2277 audiat;
885 2213 1203 2286 ubicunque
1249 2213 1307 2269 in
1339 2213 1550 2269 divinis
1582 2213 1881 2287 Scripturis

287 2302 533 2375 ponitur,
554 2301 850 2358 obscurum
869 2319 983 2359 esse
1013 2303 1160 2377 quod
1182 2304 1479 2378 praecessit,
1510 2304 1879 2362 demonstrat:

288 2409 444 2449 aures
490 2391 691 2466 quippe
734 2393 915 2449 cordis
973 2402 1135 2465 atque
1193 2394 1572 2466 intelligentiae
1629 2395 1881 2468 requirit.

290 2485 475 2555 Agnus
520 2481 686 2553 igitur
731 2482 800 2537 ab
839 2483 1050 2555 origine
1098 2483 1291 2538 mundi
1339 2485 1552 2540 occisus
1608 2493 1721 2552 est;
1757 2486 1885 2557 quia

288 2568 404 2641 ejus
446 2587 591 2625 mors
643 2569 710 2624 ab
757 2570 988 2626 exordio
1035 2571 1246 2643 generis
1293 2571 1522 2628 humani
1577 2572 1634 2628 in
1683 2573 1885 2629 sanctis

289 2659 536 2732 patribus
559 2658 907 2731 praaﬁgurata
935 2667 1036 2716 est.
1078 2661 1138 2715 In
1184 2661 1366 2732 primo
1394 2678 1628 2735 namque
1658 2661 1883 2718 homine

286 2749 629 2822 praefigurata
677 2758 778 2819 est,
829 2751 1049 2824 quando
1078 2768 1142 2807 eo
1165 2751 1495 2822 dormiente,
1526 2754 1644 2809 Eva
1689 2753 1756 2809 de
1797 2771 1882 2810 co-

287 2849 367 2897 sta
396 2840 513 2912 ejus
540 2841 682 2896 facta
711 2850 792 2897 est
823 2859 834 2897 :
893 2843 1149 2898 similiter
1189 2851 1243 2899 et
1275 2845 1331 2899 in
1364 2845 1501 2900 Abel
1542 2844 1885 2917 praeﬁgurata

287 2937 387 2998 est,
421 2929 575 3002 quia
624 2931 789 2987 fratre
842 2931 977 2989 Cain
1025 2941 1339 3005 peremptus
1369 2942 1491 3001 est;
1543 2934 1885 3004 prmﬁgurata

287 3026 367 3075 est
395 3028 448 3074 et
479 3035 574 3090 per
603 3021 770 3087 Isaac,
803 3038 965 3094 quem
995 3031 1148 3093 pater
1174 3022 1232 3077 in
1264 3023 1646 3079 holocaustum
1682 3023 1884 3080 obtulit

1994 1865 2091 1923 per
2136 1848 2564 1918 Antichristum,
2598 1845 2714 1919 ipse
2761 1847 3016 1920 loquetur
3061 1856 3117 1906 et
3153 1866 3248 1923 per
3291 1849 3593 1926 discipulos

1996 1939 2132 2012 ejus.

2069 2037 2251 2111 (Vers.
2281 2038 2392 2111 12.)
2426 2040 2501 2096 Et
2527 2054 2730 2094 omnem
2753 2043 3058 2110 potestatem
3067 2036 3276 2112 prioris
3304 2036 3474 2094 bestia:
3509 2037 3593 2108 fa-

1995 2128 2158 2185 ciebat
2209 2128 2268 2184 in
2317 2135 2592 2201 conspectu
2631 2128 2764 2198 ejus.
2798 2128 2958 2198 Quod
3003 2128 3139 2187 dicit
3173 2146 3184 2186 :
3217 2128 3279 2185 in
3323 2133 3594 2202 conspectu

1995 2217 2127 2288 ejus,
2147 2219 2424 2292 signiﬁcat
2463 2219 2520 2274 in
2564 2218 2790 2275 nomine
2827 2217 2972 2291 ejus;
3006 2235 3118 2275 non
3165 2218 3313 2276 enim
3358 2233 3594 2291 praesens

1997 2309 2200 2381 poterit
2229 2325 2342 2364 esse
2378 2307 2759 2366 Antichristus
2787 2309 2846 2364 in
2875 2309 3136 2367 omnibus
3177 2307 3334 2378 locis,
3365 2306 3462 2364 ubi
3495 2307 3594 2364 fu-

1995 2400 2100 2454 erit
2129 2398 2459 2471 praedicatus
2487 2415 2519 2454 a
2547 2400 2680 2456 suis.
2715 2399 2900 2456 Faciet
2924 2416 3160 2475 namque
3189 2399 3455 2457 miracula
3482 2401 3593 2454 An-

1995 2489 2280 2546 tichristus
2331 2498 2446 2546 arte
2493 2489 2784 2559 diabolica,
2818 2490 3020 2548 facient
3049 2499 3104 2547 et
3139 2490 3398 2563 discipuli
3428 2488 3546 2561 ejus
3576 2508 3588 2546 :

1994 2579 2088 2635 sed
2135 2596 2324 2636 eorum
2373 2580 2637 2638 miracula
2668 2581 2802 2636 falsa
2829 2588 3014 2649 erunt,
3043 2588 3097 2637 et
3126 2597 3238 2636 non
3274 2597 3423 2650 vera,
3452 2579 3594 2635 sicut

1995 2671 2131 2728 dicit
2168 2673 2463 2744 Apostolus
2497 2688 2508 2726 :
2559 2697 2576 2719 ε
2605 2671 2776 2743 Cujus
2827 2673 3098 2728 adventus
3144 2673 3250 2728 erit
3291 2669 3594 2729 secundum

1995 2760 2369 2832 operationem
2421 2763 2655 2828 Satanae,
2689 2761 2746 2816 in
2797 2762 3055 2818 omnibus
3084 2761 3386 2817 virtutibus
3415 2768 3469 2816 et
3509 2758 3595 2814 si-

1996 2853 2117 2924 gnis
2161 2861 2215 2908 et
2261 2851 2529 2924 prodigiis
2575 2853 2930 2910 mendacibus
2979 2857 3069 2927 (II
3109 2856 3286 2912 Thess.
3334 2871 3394 2922 η,
3447 2853 3527 2925 9).
3560 2875 3580 2901 ν

1993 2942 2115 2998 Non
2149 2941 2296 2998 enim
2323 2941 2586 2998 credibile
2615 2952 2715 3012 est,
2750 2951 2811 2999 ut
2839 2960 2932 3000 eos
2977 2961 3113 3018 quos
3159 2945 3303 3000 Deus
3344 2959 3596 2999 excaeca-

1994 3039 2166 3102 verat,
2197 3041 2292 3087 aut
2322 3031 2727 3101 debilitaverat,
2757 3033 2981 3090 sanitati
3011 3033 3224 3106 possint
3258 3033 3544 3089 restituere
3579 3048 3591 3086 :

285 3109 558 3204 1?P_mi“03
594 3109 850 3204 είῐηίιίξθῖ
878 3117 929 3164 et
961 3126 1056 3182 Per
1086 3111 1489 3204 1039_Ph:que"1
1515 3111 1711 3204 “iure?
1747 3129 1880 3204 νεξη-
1911 3141 1954 3204 C
1992 3126 2086 3182 sed
2125 3141 2217 3182 eos
2263 3127 2671 3194 tantummodo,
2705 3144 2842 3202 quos
2890 3128 2996 3200 ipsi
3045 3129 3306 3198 laeserint,
3339 3126 3597 3184 laedentes

287 3195 548 3253 diderunt
579 3216 590 3254 :
637 3197 984 3270 praeﬁgurata
1025 3206 1107 3255 est
1145 3201 1310 3255 etiam
1343 3217 1490 3258 mors
1537 3199 1654 3273 ejus
1698 3202 1754 3258 in
1785 3202 1882 3258 di-

289 3287 462 3343 versis
488 3285 884 3342 sacriﬁciorum
907 3287 1126 3344 ritibus.
1153 3288 1379 3356 Quoties
1399 3307 1526 3362 ergo
1549 3308 1697 3348 mors
1725 3291 1880 3349 Chri-

290 3377 362 3433 sti
384 3393 416 3431 a
443 3375 646 3431 sanctis
699 3376 947 3448 patribus
993 3387 1087 3434 aut
1130 3379 1475 3453 praeﬁgurata
1502 3388 1596 3437 aut
1623 3383 1884 3454 praedicta

289 3472 392 3534 est,
433 3464 588 3538 quasi
627 3466 790 3522 toties
835 3467 1024 3539 Agnus
1061 3469 1276 3525 occisus
1316 3478 1418 3527 est.
1466 3471 1730 3538 Quamvis
1777 3471 1882 3530 hoc

290 3555 617 3627 simpliciter
645 3557 816 3629 possit
845 3559 1100 3632 intelligi,
1143 3568 1205 3616 ut
1233 3577 1346 3618 non
1376 3562 1524 3619 dicat
1541 3564 1762 3636 Agnum
1794 3581 1882 3622 oc-

287 3645 463 3703 cisum
490 3647 558 3703 ab
588 3647 800 3720 origine
824 3647 1040 3717 mundi,
1061 3649 1157 3706 sed
1173 3652 1398 3709 nomina
1417 3663 1733 3712 sanctorum
1751 3656 1883 3712 scri-

287 3743 381 3808 pta
408 3737 475 3793 ab
505 3737 718 3811 origine
747 3740 941 3796 mundi
972 3739 1033 3796 in
1060 3740 1204 3799 libro
1234 3743 1400 3817 Agni,
1433 3745 1529 3819 qui
1567 3763 1667 3820 pro
1687 3763 1881 3804 eorum

288 3827 462 3884 salute
491 3829 707 3886 occisus
735 3836 835 3889 est.

360 3917 541 3991 (Vers.
572 3918 682 3991 10.)
723 3921 826 3988 Qui
853 3920 911 3977 in
937 3923 1296 3994 captivitatem
1343 3924 1581 3994 duxerit,
1618 3926 1676 3983 in
1706 3927 1886 4000 capti-

287 4006 495 4063 vitatem
525 4009 714 4066 vadit:
757 4012 925 4082 quiin
968 4015 1146 4085 gladio
1203 4016 1468 4087 occiderit,
1522 4026 1726 4091 oportet
1770 4037 1886 4076 eum

288 4098 466 4169 gladio
493 4099 678 4156 occidi.
710 4101 846 4157 Anti
861 4101 1102 4160 christus
1123 4105 1216 4177 qui
1239 4107 1502 4178 populum
1520 4109 1883 4168 christianum

290 4203 321 4243 a
347 4187 601 4244 Creatore
630 4205 730 4245 suo
760 4191 1080 4263 captivabit,
1112 4192 1228 4265 ipse
1256 4211 1296 4273 ag
1317 4198 1570 4266 prmsenti
1596 4199 1713 4255 vita
1750 4217 1890 4273 cap-

288 4277 575 4348 tivabitur,
609 4286 662 4334 et
692 4279 751 4336 in
788 4281 1068 4338 infernum
1099 4282 1458 4343 detrudetur:
1493 4295 1546 4343 et
1593 4288 1720 4360 quia
1769 4292 1886 4362 gla-

289 4365 381 4422 dio
414 4367 639 4424 malitiae
669 4385 778 4424 sure
809 4372 1110 4427 multorum
1134 4371 1348 4430 animas
1377 4385 1767 4448 perempturus
1807 4393 1890 4441 est

290 4455 579 4531 gladioque
633 4461 906 4533 corporali
955 4460 1234 4533 justorum
1295 4480 1524 4537 corpora
1579 4467 1884 4539 occisurus,

287 4543 404 4617 ipse
436 4546 616 4618 gladio
660 4551 854 4607 mortis
899 4560 1174 4625 perpetuae
1204 4555 1575 4612 damnabitur.
1624 4582 1642 4604 ι
1672 4556 1772 4614 Hic
1805 4567 1887 4616 est

288 4645 555 4716 patientia
586 4645 703 4719 (25)
730 4655 784 4703 et
808 4647 943 4706 ﬁdes
974 4659 1308 4720 sanctorum,
1340 4676 1358 4698 ι
1405 4651 1461 4706 id
1491 4659 1592 4720 est,
1625 4653 1889 4726 patientia

287 4743 342 4792 et
392 4736 526 4794 ﬁdes
573 4747 888 4798 sanctorum
926 4742 985 4799 in
1041 4743 1511 4818 persecutionibus
1555 4744 1887 4804 Antichristi

287 4831 756 4902 comprobabitur.

363 4932 543 5005 (Vers.
581 4934 693 5005 11.)
727 4935 800 4989 Ει
829 4933 939 4989 vidi
974 4935 1141 4990 aliam
1182 4935 1395 4992 bestiam
1441 4938 1796 4995 ascendentem
1827 4938 1889 4995 de

289 5025 456 5087 terra,
479 5021 744 5076 habentem
791 5039 993 5078 cornua
1040 5023 1143 5078 duo
1191 5025 1396 5081 similia
1445 5027 1607 5098 Agni,
1638 5035 1685 5084 et
1717 5031 1887 5100 loque-

290 5112 448 5168 batur
484 5112 616 5168 sicut
662 5114 843 5170 draco.
875 5115 999 5170 Haac
1045 5114 1218 5172 bestia
1247 5123 1340 5172 aut
1394 5134 1565 5174 unum
1609 5136 1679 5175 ex
1727 5119 1886 5177 disci-

288 5201 435 5274 pulis
464 5201 799 5260 Antichristi
853 5202 1100 5275 designat
1156 5205 1479 5263 deteriorem
1529 5209 1761 5277 caeteris,
1793 5218 1886 5266 aut

289 5295 514 5362 multos,
551 5293 645 5364 qui
694 5309 819 5349 eum
848 5294 1195 5366 praedicaturi
1265 5306 1410 5355 sunt.
1465 5299 1598 5371 Quae
1636 5299 1702 5356 de
1743 5307 1885 5357 terra

289 5382 600 5440 ascendisse
626 5382 746 5440 visa
775 5393 890 5454 est;
923 5385 1052 5459 quia
1095 5385 1164 5444 de
1211 5387 1468 5446 societate
1523 5389 1880 5463 reproborum

293 5578 347 5630 ω
349 5500 594 5632 7$1232m13ta
624 5519 797 5573 mss.;
839 5503 970 5562 edit.
1030 5521 1182 5576 vero,
1230 5507 1366 5564 nihil
1405 5506 1559 5581 pejus
1602 5508 1723 5578 erit,
1755 5517 1882 5567 tan-

313 5591 694 5720 Ὕξᾷτῗωέᾶίιη
741 5654 789 5706 et
817 5649 1203 5711 dealbabuntur
1225 5650 1475 5726 plurimi,
1510 5670 1640 5714 mss.
1674 5662 1878 5726 autem,

612 5745 852 5808 Pam-non.
894 5749 1072 5809 XVII.

1991 3215 2050 3270 in
2081 3216 2319 3285 occulto,
2349 3225 2604 3274 sanantes
2636 3217 2691 3273 in
2722 3224 2926 3290 aperto.
2957 3217 3061 3275 Sed
3089 3226 3143 3274 et
3170 3219 3282 3290 ipse
3313 3216 3595 3274 Antichri-

1991 3314 2107 3361 stus
2137 3305 2194 3362 in
2226 3313 2378 3363 tanta
2399 3308 2650 3364 claritate
2671 3323 2727 3363 se
2749 3307 3071 3362 hominibus
3091 3308 3511 3376 demonstrabit,
3533 3314 3597 3363 ut

1991 3393 2060 3449 ab
2090 3393 2485 3467 insipientibus
2516 3396 2770 3453 credatur
2799 3399 2965 3466 Deus,
2997 3398 3139 3455 sicut
3175 3397 3313 3454 dicit
3348 3399 3596 3471 Aposto-

1991 3484 2122 3542 lus:
2174 3508 2192 3532 ι
2224 3485 2305 3541 Ita
2336 3493 2398 3541 ut
2447 3485 2506 3541 in
2545 3487 2751 3560 templo
2794 3486 2996 3559 sedeat,
3037 3487 3330 3545 ostendens
3373 3503 3430 3545 se
3477 3493 3594 3544 tan-

1993 3591 2158 3647 quam
2189 3574 2260 3630 sit
2295 3577 2440 3634 Deus
2481 3577 2644 3649 (Ibid.
2676 3576 2756 3650 4).
2789 3601 2809 3626 ι

2069 3673 2251 3747 (Vers.
2288 3673 2402 3748 13.)
2431 3677 2511 3732 Et
2533 3675 2658 3747 fecit
2687 3683 2908 3747 terram,
2937 3683 2986 3734 et
3022 3677 3374 3736 inhabitantes
3411 3681 3469 3738 in
3509 3697 3592 3749 ea,

1992 3765 2226 3822 adorare
2292 3765 2510 3822 bestiam
2564 3766 2823 3838 primam,
2867 3767 3018 3838 cujus
3063 3776 3252 3826 curata
3310 3777 3386 3828 est
3431 3773 3595 3845 plaga

1994 3855 2199 3911 mortis.
2229 3856 2304 3911 Et
2325 3855 2448 3926 fecit
2494 3855 2649 3926 signa
2678 3874 2890 3930 magna,
2923 3857 3001 3915 ita
3029 3865 3090 3914 ut
3118 3860 3278 3916 etiam
3301 3859 3470 3933 ignem
3495 3861 3596 3933 fa-

1993 3951 2128 4000 ceret
2154 3945 2216 3999 de
2259 3945 2385 3999 σαξιο
2422 3945 2724 4002 descendere
2750 3946 2808 4002 in
2851 3952 3051 4004 terram
3088 3947 3148 4004 in
3191 3955 3462 4021 conspectu
3490 3951 3595 4006 ho-

1994 4033 2215 4089 minum.
2249 4033 2504 4106 Legimus
2527 4035 2583 4089 in
2601 4034 2746 4092 libro
2774 4034 2876 4092 Job
2903 4036 3187 4094 diabolum
3221 4055 3290 4094 ex
3319 4038 3593 4111 permissi-

1996 4141 2098 4182 one
2130 4123 2229 4181 Dei
2261 4124 2444 4196 ignem
2491 4125 2684 4183 fecisse
2714 4127 2781 4184 de
2823 4128 2963 4185 caelo
2999 4128 3349 4198 descendere,
3381 4137 3436 4186 et
3462 4147 3594 4188 oves

1995 4215 2096 4271 Job
2128 4229 2433 4287 puerosque
2481 4217 2883 4288 consumpsisse
2911 4216 3030 4290 (Job
3062 4235 3102 4287 ι,
3132 4218 3244 4290 16).
3279 4217 3435 4286 Quod
3465 4236 3594 4294 ergo

1998 4304 2115 4361 illic
2148 4320 2244 4377 per
2268 4304 2624 4377 semetipsum
2660 4305 2810 4376 fecit,
2841 4306 2946 4364 hoc
2974 4323 3070 4380 per
3103 4307 3510 4366 Antichristum
3539 4319 3594 4368 et

1998 4409 2254 4466 sequaces
2282 4392 2400 4465 ejus
2429 4400 2678 4451 extremo
2707 4404 2950 4468 tempore
2981 4395 3162 4454 faciet.

2073 4482 2254 4553 (Vers.
2299 4482 2383 4538 14.
2419 4484 2520 4555 )Ει
2563 4485 2774 4540 seduxit
2811 4485 3101 4543 habitantes
3143 4493 3338 4544 terram
3373 4495 3593 4562 propter

1995 4571 2165 4642 signa,
2197 4588 2312 4642 qute
2339 4573 2468 4628 data
2510 4580 2634 4628 sunt
2675 4573 2762 4630 illi
2800 4575 2978 4646 facere
3016 4576 3071 4632 in
3099 4585 3370 4651 conspectu
3399 4581 3588 4638 bestia.

1994 4661 2147 4716 Nihil
2178 4670 2259 4718 est
2279 4661 2422 4736 quod
2444 4663 2524 4720 sic
2553 4663 2776 4721 seducat
2801 4666 3078 4738 simplices
3117 4685 3386 4744 quosque,
3405 4687 3591 4745 quem-

1995 4748 2292 4807 admodum
2351 4751 2634 4826 signorum
2685 4753 3102 4814 demonstratio.
3146 4759 3382 4834 Ideoque
3428 4761 3592 4817 mini-

1996 4838 2095 4895 stri
2119 4839 2451 4898 Antichristi
2480 4849 2702 4915 propter
2727 4843 3011 4918 signorum
3033 4850 3406 4920 operationem
3429 4851 3590 4910 facile

1995 4945 2290 5002 stultorum
2317 4945 2734 5004 multitudinem
2767 4949 3061 5024 decipient.
3091 4953 3280 5009 Dicens
3308 4946 3453 5006 552
3481 4955 3590 5012 ha-

1997 5035 2280 5091 bitantibus
2309 5035 2365 5090 in
2396 5041 2562 5102 terra,
2602 5043 2662 5092 ut
2688 5037 2894 5108 faciant
2933 5041 3213 5114 imaginem
3258 5044 3447 5113 bestiae,
3474 5061 3590 5115 qua:

1995 5124 2144 5180 habet
2167 5126 2383 5197 plagam
2407 5125 2597 5196 gladii,
2633 5132 2682 5181 et
2715 5128 2894 5195 vixit;
2929 5130 3206 5202 videlicet,
3237 5140 3301 5189 ut
3349 5133 3407 5188 in
3454 5135 3586 5188 ima-

1995 5211 2215 5284 ginibus
2244 5213 2620 5272 Antichristus
2649 5215 2924 5275 adoretur.
2959 5219 3114 5289 Quod
3143 5230 3324 5278 autem
3355 5219 3586 5276 bestiam

1994 5304 2206 5375 plagam
2237 5303 2404 5376 gladii
2435 5303 2888 5380 habuissedixit,
2918 5317 2972 5367 et
3000 5303 3226 5380 vixisse,
3257 5318 3436 5383 potest
3465 5308 3584 5365 ﬁeri

1991 5403 2054 5453 ut
2095 5404 2208 5454 arte
2246 5398 2519 5457 diabolica
2563 5401 2734 5476 ﬁngat
2787 5420 2844 5460 se
2896 5403 3274 5463 Antichristus
3330 5401 3474 5461 mori
3531 5409 3586 5457 et

1991 5520 2038 5571 et
2064 5515 2470 5592 dealbabuntur,
2489 5523 2537 5575 et
2561 5520 2716 5592 quasi
2741 5536 2957 5588 aurum,
2979 5527 3084 5578 etc.

2064 5589 2182 5661 (25)
2216 5589 2401 5648 Codex
2430 5589 2610 5662 GemI,
2646 5593 2745 5650 Hic
2772 5592 3029 5664 sapientia
3064 5597 3156 5661 est,
3189 5598 3294 5651 etc.

3195 5761 3258 5819 3l
