4060 6208
532 243 632 300 971

1555 247 1648 301 AD
1688 245 1922 301 OPERA
1959 244 2013 300 S.
2057 243 2389 301 AMBROSII
2427 244 2804 300 APPENDIX.

3731 245 3842 300 972

531 384 834 440 resurgere,
866 373 927 423 ut
975 367 1078 425 hoc
1125 368 1267 425 facto
1313 368 1529 425 facilius
1560 369 1812 426 homines
1837 369 2081 442 decipiat
2112 389 2122 425 :
2158 374 2208 432 A
2238 385 2367 440 pore
2401 369 2742 427 necessitatis
2792 385 2905 436 eos,
2943 368 3037 441 qui
3071 368 3506 426 Christianitatis
3541 369 3704 426 fidem
3735 390 3846 428 oc-

531 455 681 530 quod
708 456 898 513 Simon
931 473 1117 528 magus
1144 457 1337 514 fecisse
1363 457 1587 515 dicitur.

605 547 789 620 (Vers.
839 549 953 619 15.)
1004 549 1076 604 Ει
1122 549 1305 604 datum
1351 557 1424 604 est
1457 550 1542 605 illi
1583 555 1642 604 ut
1683 549 1836 606 daret
1883 549 2131 621 spiritum

529 638 749 710 imagini
786 639 976 704 bestiae,
1007 645 1058 694 et
1099 645 1161 694 ut
1212 641 1462 710 loquatur
1508 640 1679 711 imago
1722 640 1910 695 bestiae.
1941 640 2045 696 Sed
2077 648 2129 696 et

529 728 636 785 hoc
673 729 938 802 quosdam
993 747 1178 802 magos
1222 731 1415 788 fecisse
1461 730 1812 798 audivimus;
1856 731 2130 786 faciebant

527 819 738 893 quippe
781 837 877 893 per
921 822 1388 878 necromanticam
1425 829 1618 891 artem,
1646 830 1708 878 ut
1737 829 1929 878 statuae
1963 820 2131 876 vide-

529 919 720 966 rentur
750 911 961 966 moveri
993 919 1045 968 et
1075 912 1246 985 loqui.
1279 913 1576 968 Possumus
1613 912 1718 968 hoc
1757 912 1920 968 aliter
1955 911 2131 967 intel—

528 1001 714 1074 ligere.
751 1004 932 1076 Imago
965 1004 1201 1075 speciem
1251 1003 1416 1060 habet
1447 1004 1711 1072 hominis,
1745 1004 1838 1060 sed
1885 1021 1998 1060 non
2048 1011 2130 1060 est

527 1089 695 1147 homo
722 1111 732 1148 :
759 1092 1017 1150 similiter
1034 1101 1088 1149 et
1111 1093 1486 1150 Antichristus
1514 1103 1734 1166 propter
1754 1094 2126 1165 operationem

525 1185 799 1241 virtutum
845 1195 1006 1259 atque
1050 1187 1334 1260 signorum
1366 1188 1651 1260 putabitur
1682 1203 1794 1243 esse
1837 1189 2002 1256 Deus,
2034 1188 2128 1244 sed

525 1273 631 1332 hoc
660 1275 1022 1332 falsissimum
1054 1277 1180 1346 erit,
1204 1294 1315 1332 non
1339 1277 1485 1333 enim
1514 1285 1692 1350 potest
1720 1277 1840 1334 ﬁeri
1869 1286 1930 1334 ut
1961 1277 2128 1334 homo

525 1363 888 1437 impiissimus
915 1365 1127 1439 aliquid
1151 1366 1375 1425 deitatis
1404 1367 1463 1423 in
1498 1385 1553 1424 se
1579 1367 1795 1424 habeat.
1827 1369 2125 1439 Imaginem

526 1470 654 1525 ergo
699 1453 1031 1511 Antichristi
1077 1455 1299 1524 facient,
1329 1456 1424 1528 qui
1471 1473 1597 1512 eum
1633 1459 1809 1513 Deum
1841 1456 2123 1513 existima-

522 1543 708 1600 bunt:
747 1544 991 1601 ministri
1036 1561 1167 1602 vero
1209 1545 1542 1602 Antichristi
1589 1547 1847 1618 spiritum
1893 1545 2125 1616 imagini

521 1633 713 1691 bestiae
759 1635 994 1705 dabunt,
1022 1653 1149 1693 cum
1197 1653 1288 1693 eos
1332 1637 1426 1708 qui
1476 1635 1811 1693 crediderint
1857 1635 1915 1690 in
1967 1635 2124 1690 Anti-

2239 459 2385 516 culte
2415 474 2630 514 servare
2659 458 2961 525 voluerint,
2995 457 3429 529 deprehendant.

2315 548 2493 622 (Vers.
2531 549 2642 621 18.)
2676 547 2773 604 Hic
2815 548 3079 619 sapientia
3133 554 3225 604 est.
3281 549 3382 616 Qui
3420 549 3570 604 habet
3617 551 3847 606 intellec-

2242 645 2371 705 tum,
2399 645 2658 709 computet
2703 655 2984 694 numerum
3017 639 3192 695 bestia:
3221 658 3234 707 ;
3267 656 3520 694 numerus
3557 641 3693 695 enim
3740 643 3854 697 ho—

2237 730 2396 785 minis
2437 736 2533 797 est,
2565 736 2612 784 et
2640 747 2892 784 numerus
2923 730 3037 800 ejus
3065 737 3139 784 est
3169 730 3393 785 sexcenti
3422 731 3698 802 sexaginta
3729 749 3848 787 sex.

2241 821 2316 876 De
2357 819 2462 876 hoc
2511 837 2742 876 numero
2799 819 2963 875 multi
3023 820 3197 875 multa
3251 819 3532 888 dixerunt,
3573 822 3852 894 pluraque

2239 912 2466 966 nomina
2514 919 2855 983 repererunt,
2931 911 2988 965 in
3044 927 3276 983 quorum
3338 909 3539 965 litteris
3595 909 3688 966 hic
3746 930 3854 967 nu-

2239 1015 2422 1055 merus
2454 1000 2761 1057 invenitur.
2795 1002 3000 1058 Tamen
3020 1001 3065 1057 si
3086 999 3310 1071 aliquod
3330 1016 3399 1054 ex
3428 1000 3498 1055 iis
3518 1003 3854 1060 nominibus

2238 1089 2618 1147 Antichristus
2659 1091 2952 1163 possideat,
3004 1089 3303 1162 praevidere
3345 1107 3454 1146 non
3486 1099 3798 1162 potuerunt
3835 1113 3849 1149 :

2237 1177 2331 1233 sed
2389 1177 2454 1233 de
2487 1196 2543 1234 re
2595 1187 2708 1236 tam
2757 1181 2968 1237 incerta
3015 1179 3158 1236 nihil
3204 1180 3379 1237 audeo
3421 1179 3674 1237 definire.
3709 1182 3856 1250 Quis

2237 1267 2384 1323 enim
2414 1274 2540 1338 scit,
2563 1271 2607 1325 si
2637 1286 2839 1326 nomen
2873 1270 3020 1343 quod
3039 1270 3142 1326 eia
3161 1269 3480 1344 parentibus
3500 1271 3852 1344 imponetur,

2237 1358 2386 1415 hunc
2424 1375 2715 1414 numerum
2745 1360 3024 1417 contineat
3053 1361 3080 1416 ?

2307 1449 2536 1505 CAPUT
2567 1449 2717 1506 XIV.
2751 1481 2821 1490 —
2849 1450 3034 1522 (Vers.
3069 1450 3148 1522 1.)
3180 1453 3253 1508 Et
3279 1451 3409 1519 vidi,
3440 1458 3488 1507 et
3521 1470 3628 1507 ecce
3656 1454 3855 1524 Agnus

2234 1538 2409 1594 stabat
2463 1555 2631 1610 supra
2687 1545 2912 1595 montem
2969 1541 3115 1598 Sion.
3164 1540 3219 1596 Si
3278 1540 3572 1615 diligenter
3627 1551 3848 1600 textum

2235 1629 2490 1686 lectionis
2516 1631 2796 1704 sequentis
2823 1629 3201 1703 inspiciamus,
3225 1631 3342 1688 haec
3370 1650 3490 1706 quae
3517 1633 3584 1689 de
3615 1642 3848 1690 centum

521 1723 814 1794 christum,
862 1723 1144 1782 Christum
1205 1725 1587 1796 blasphemare
1643 1725 1992 1796 compellent.
2051 1725 2126 1780 Et
2155 1761 2199 1821 Β
2235 1720 2595 1793 quadraginta
2641 1730 2877 1796 quatuor
2927 1723 3176 1779 millibus
3195 1723 3482 1793 dicuntur,
3538 1724 3610 1780 ad
3640 1727 3850 1782 electos

519 1813 681 1884 faciet
708 1821 766 1869 ut
792 1815 1086 1885 quicunque
1125 1831 1233 1870 non
1279 1816 1588 1870 adoraver-it
1617 1816 1898 1887 imaginem
1927 1815 2118 1882 bestiae,

520 1906 808 1962 occidatur.
844 1905 1057 1962 Fideles
1105 1907 1202 1980 qui
1247 1908 1655 1965 Antichristum
1703 1909 1930 1965 adorare
1963 1909 2119 1964 nolu-

519 1994 684 2062 erint,
737 1994 972 2051 diversis
1019 1995 1194 2068 pmnis
1237 1999 1497 2054 macerati
1543 1998 1979 2066 interﬁcientur;
2015 1999 2121 2053 erit

520 2098 757 2156 namque
777 2083 903 2140 talis
924 2084 1233 2155 tribulatio,
1249 2087 1391 2144 sicut
1412 2087 1557 2143 dixit
1581 2090 1844 2144 Dominus
1861 2089 1919 2143 in
1939 2090 2118 2143 Evan-

519 2173 682 2245 gelio,
714 2173 892 2246 qualis
923 2191 1033 2230 non
1063 2175 1172 2231 fuit
1199 2175 1268 2231 ab
1301 2176 1486 2245 initio,
1515 2194 1690 2251 neque
1715 2178 1828 2247 fiet,
1863 2178 1939 2234 ita
1967 2185 2029 2232 ut
2059 2176 2116 2232 in

519 2279 761 2319 errorem
809 2263 1148 2322 inducantur
1190 2267 1372 2336 electi,
1417 2269 1462 2324 si
1508 2267 1628 2324 ﬁeri
1677 2277 1856 2341 potest
1900 2269 2113 2339 (Matth.

518 2369 678 2420 xxxv,
713 2353 802 2422 21,
834 2353 953 2426 24.)

591 2442 774 2515 (Vers.
810 2444 923 2515 16.)
954 2446 1030 2500 Et
1076 2444 1236 2515 faciet
1273 2462 1448 2501 omnes
1470 2447 1699 2519 pusillos
1728 2454 1775 2503 et
1802 2465 2039 2520 magnos,
2072 2454 2118 2503 et

517 2532 702 2588 diuites
723 2540 770 2588 et
788 2551 1068 2606 pauperes,
1099 2542 1148 2591 et
1179 2536 1366 2592 liberos
1399 2543 1446 2592 et
1471 2554 1666 2608 servos,
1690 2539 1878 2594 habere
1905 2539 2117 2593 charac-

522 2634 680 2684 terem
722 2628 781 2683 in
829 2630 1047 2686 dextera
1091 2648 1274 2700 manu,
1305 2638 1400 2687 aut
1446 2632 1502 2687 in
1538 2632 1804 2703 frontibus
1841 2633 1970 2688 suis.
2003 2634 2120 2689 Po-

520 2727 628 2775 test
651 2717 770 2774 ﬁeri
797 2726 859 2774 ut
888 2719 1032 2776 sicut
1056 2736 1157 2776 nos
1185 2720 1449 2777 habemus
1479 2721 1847 2779 characterem
1884 2722 2113 2791 Christi,

521 2807 578 2863 id
608 2815 707 2877 est,
737 2824 977 2878 crucem,
1010 2825 1116 2882 qua
1145 2811 1465 2883 signamur;
1494 2813 1572 2868 ita
1610 2811 1807 2868 habeat
1835 2812 2117 2868 Antichri-

519 2906 636 2954 stus
666 2900 951 2970 proprium
981 2899 1374 2968 characterem,
1406 2919 1515 2974 quo
1545 2902 1830 2974 signentur
1859 2902 1899 2957 ii
1931 2901 2025 2974 qui
2058 2902 2116 2956 in

521 3003 647 3042 eum
667 2987 1023 3043 crediderint.
1055 2989 1352 3045 Possumus
1381 2999 1433 3046 et
1463 2991 1567 3046 hoc
1598 2991 1757 3046 aliter
1786 2990 2113 3064 intelligere.

519 3076 792 3147 Discipuli
817 3075 1150 3132 Antichristi
1181 3077 1492 3134 laudatores
1520 3087 1682 3135 erunt
1711 3079 1996 3148 vitiorum,
2019 3080 2115 3136 do-

519 3165 722 3223 cebunt
751 3165 899 3221 enim
935 3165 1057 3222 ideo
1087 3173 1330 3223 creatum
1377 3168 1570 3224 vinum
1618 3175 1945 3242 craterasque
1975 3169 2116 3224 divi-

522 3255 642 3323 tias,
692 3262 755 3310 ut
810 3254 1064 3312 homines
1121 3257 1190 3313 iis
1244 3257 1611 3328 abundanter,
1671 3269 1725 3316 et
1782 3259 2116 3316 suﬂicientcr

518 3352 806 3402 uterentur
837 3363 848 3402 :
883 3345 1116 3420 ideoque
1140 3345 1332 3404 fecisse
1354 3350 1526 3404 Deum
1559 3349 1817 3421 genitalia
1847 3349 2111 3419 membra,

517 3441 581 3489 ut
629 3433 882 3491 homines
930 3435 1152 3492 feminis
1206 3435 1586 3505 miscerentur,
1610 3444 1664 3492 et
1705 3437 1857 3493 nefas
1904 3455 2019 3494 esse
2055 3445 2117 3494 ut

518 3523 721 3595 aliquis
775 3540 806 3579 a
863 3524 1164 3580 concubitu
1222 3524 1492 3581 abstineat
1540 3543 1551 3581 :
1609 3527 1796 3581 omnia
1846 3527 2117 3583 desideria

518 3620 759 3676 carnalia
787 3637 902 3676 esse
943 3620 1295 3690 perﬁcienda.
1329 3621 1467 3677 Cum
1511 3631 1692 3678 autem
1737 3622 1897 3678 istam
1930 3623 2117 3679 nefan-

517 3708 643 3763 dam
677 3708 798 3779 (26)
831 3707 1140 3766 doctrinam
1169 3710 1472 3767 virtutibus
1501 3712 1916 3780 aﬂirmaverint,
1951 3720 2116 3769 terre-

519 3814 620 3854 nos
650 3796 904 3852 homines
934 3797 1030 3869 qui
1057 3799 1215 3870 proni
1245 3809 1407 3856 erunt
1426 3800 1493 3856 ad
1514 3802 1719 3857 malum
1753 3803 1923 3875 magis
1952 3820 2115 3876 quam

518 3886 587 3943 ad
620 3887 853 3954 bonum,
881 3886 1044 3943 facile
1075 3886 1372 3961 decipient.
1405 3891 1556 3964 Saepe
1603 3909 1732 3948 vero
1776 3909 1871 3965 per
1922 3910 2117 3950 manus

519 3994 682 4052 opera
728 3977 1125 4051 intelliguntur
1155 3999 1166 4038 :
1201 3981 1570 4040 characterem
1618 4000 1744 4057 ergo
1782 3983 2115 4040 Antichristi

517 4069 578 4125 in
625 4068 852 4126 dextera
908 4086 1074 4126 manu
1121 4069 1440 4142 habebunt;
1492 4074 1622 4147 quia
1667 4091 1829 4146 opera
1877 4074 2117 4146 maligna

517 4159 783 4218 doctrinas
813 4159 1147 4217 Antichristi
1180 4164 1539 4235 congruentia
1557 4165 1893 4221 exercebunt
1917 4183 1927 4221 :
1953 4164 2114 4221 habe-

516 4246 659 4307 bunt
684 4259 738 4307 et
767 4250 824 4306 in
856 4251 1058 4322 fronte,
1081 4269 1180 4326 per
1202 4270 1365 4327 quam
1397 4271 1550 4312 mens
1576 4271 1716 4327 saepe
1747 4255 2111 4324 discernitur;

519 4339 648 4412 quia
694 4357 764 4397 ex
815 4342 1001 4414 pravis
1049 4343 1328 4416 operibus,
1377 4361 1538 4418 quam
1585 4345 1848 4420 pessimas
1892 4353 2115 4414 _mentes

518 4436 707 4500 gerant
742 4428 1110 4501 dignoscetur.

2234 1811 2437 1882 potius,
2460 1829 2716 1884 .quorum
2747 1813 2944 1869 animae
2991 1813 3050 1869 in
3097 1813 3306 1870 cmlesti
3336 1813 3682 1870 beatitudine
3714 1833 3846 1871 cum

2236 1902 2474 1958 Domino
2505 1903 2809 1971 exsultant,
2843 1919 3006 1976 quam
3047 1902 3116 1958 ad
3145 1918 3240 1959 eos
3268 1904 3363 1976 qui
3394 1903 3451 1959 in
3482 1903 3586 1960 hac
3619 1905 3738 1960 vita
3767 1906 3848 1960 la-

2228 1989 2446 2060 borant,
2497 1991 2811 2048 videbimus
2852 1993 3144 2064 pertinere.
3196 1994 3386 2066 Agnus
3437 1994 3626 2067 itaque
3666 1994 3878 2077 (Ἀπί-⁸

2231 2091 2381 2139 stum
2410 2082 2759 2139 demonstrat
2791 2102 2802 2140 :
2837 2084 2972 2140 Sion
3001 2092 3186 2140 autem
3219 2085 3522 2157 speculatio
3557 2086 3854 2158 interpre-

2231 2180 2410 2229 tatur:
2456 2189 2552 2244 per
2603 2181 2848 2230 montem
2911 2191 3043 2231 vero
3088 2175 3220 2231 Sion
3275 2176 3548 2232 caelestem
3605 2178 3852 2250 patriam

2229 2261 2535 2334 intelligere
2578 2262 2860 2320 debemus.
2915 2265 2979 2320 In
3018 2273 3202 2321 monte
3256 2265 3424 2339 igitur
3469 2266 3604 2322 Sion
3650 2269 3854 2340 Agnus

2229 2352 2380 2408 visus
2410 2360 2510 2420 est,
2545 2353 2674 2425 quia
2705 2354 2763 2408 in
2795 2354 3006 2411 caelesti
3059 2355 3406 2412 beatitudine
3451 2374 3578 2413 cum
3635 2359 3853 2414 sanctis

2227 2442 2342 2498 suis
2369 2442 2622 2500 Christus
2654 2443 2928 2500 consistit.
2984 2447 3058 2501 Et
3085 2463 3201 2501 cum
3231 2447 3326 2502 illo
3356 2453 3556 2502 centum
3588 2448 3855 2518 quadra—

2225 2532 2374 2602 ginta
2402 2539 2640 2602 quatuor
2689 2534 2887 2600 millia,
2920 2535 3159 2590 habentes
3189 2554 3372 2592 nomen
3402 2537 3534 2607 ejus,
3573 2544 3622 2592 et
3653 2555 3857 2594 nomen

2225 2623 2410 2678 Patris
2457 2623 2570 2693 ejus
2600 2625 2856 2696 scriptum
2887 2625 2942 2680 in
2981 2625 3252 2696 frontibus
3279 2629 3407 2683 suis.
3440 2629 3502 2683 In
3543 2629 3708 2684 tertia
3752 2631 3859 2685 vi-

2227 2712 2382 2769 sione
2403 2729 2522 2786 quze
2553 2713 2698 2771 hanc
2728 2715 3010 2786 praecedit,
3045 2725 3268 2774 centum
3303 2718 3664 2790 quadraginta
3691 2737 3860 2792 qua-

2226 2809 2354 2858 tuor
2386 2803 2563 2859 millia
2619 2821 2688 2861 ex
2733 2804 3028 2862 duodecim
3085 2806 3342 2864 tribubus
3397 2809 3570 2865 electa
3610 2808 3762 2879 (27),
3800 2821 3860 2866 et

2226 2892 2382 2964 signo
2403 2893 2535 2949 fidei
2563 2894 2774 2967 signata
2808 2895 2977 2953 fuisse
3007 2895 3291 2953 dicuntur.
3324 2898 3423 2952 Illa
3451 2915 3578 2971 ergo
3608 2907 3854 2955 centum

2225 2983 2590 3055 quadraginta
2637 2993 2875 3057 quatuor
2911 2987 3109 3055 millia,
3159 2987 3302 3044 sicut
3341 2989 3616 3060 expositio
3656 2992 3858 3047 nomi-

2227 3089 2360 3127 num
2394 3071 2688 3130 duodecim
2722 3074 2970 3131 tribuum
3012 3075 3371 3145 demonstrat,
3406 3076 3474 3133 ad
3503 3079 3710 3134 electos
3746 3083 3854 3153 qui

2227 3162 2285 3218 in
2315 3162 2418 3218 hac
2463 3163 2578 3219 vita
2608 3164 2879 3234 laborant,
2922 3167 3202 3236 pertinent
3234 3185 3246 3224 :
3291 3169 3395 3224 ista
3435 3185 3569 3224 vero
3599 3178 3844 3226 centum

2225 3251 2589 3325 quadraginta
2637 3265 2874 3326 quatuor
2923 3257 3100 3312 millia
3141 3259 3361 3326 electos,
3393 3259 3488 3332 qui
3520 3259 3578 3314 in
3612 3260 3842 3315 calesti

2226 3342 2396 3414 gloria
2425 3359 2549 3399 cum
2589 3344 2828 3399 Domino
2856 3345 3130 3414 laetantur,
3154 3346 3489 3417 signiﬁcant,
3519 3347 3668 3403 sicut
3693 3355 3845 3404 tex-

2225 3436 2315 3488 tus
2369 3433 2651 3504 praesentis
2707 3435 2957 3492 lectionis
2989 3437 3274 3494 manifeste
3329 3439 3556 3495 indicat.
3591 3438 3698 3494 Sed
3734 3457 3848 3496 cur

2226 3537 2429 3578 nomen
2459 3525 2636 3581 Patris
2665 3534 2718 3581 et
2747 3526 2876 3582 Filii
2904 3528 3288 3585 tantummodo
3310 3529 3368 3584 in
3400 3529 3682 3586 frontibus
3713 3533 3848 3586 suis

2225 3627 2317 3667 eos
2353 3613 2618 3685 scriptum
2649 3615 2848 3673 habere
2882 3617 3038 3687 dicit,
3069 3627 3123 3675 et
3149 3621 3217 3677 de
3263 3620 3475 3692 Spiritu
3506 3632 3699 3679 sancto
3738 3641 3847 3680 re—

2225 3701 2387 3758 ticuit
2410 3703 2437 3758 ‘t
2469 3703 2607 3771 Quia
2652 3706 2910 3764 videlicet
2940 3707 3255 3782 ubicunque
3285 3709 3500 3766 Patrem
3533 3718 3587 3766 et
3619 3711 3845 3769 Filium

2224 3790 2476 3862 legimus,
2549 3794 2856 3870 intelligere
2902 3797 3164 3855 debemus
3218 3799 3485 3872 Spiritum
3547 3810 3844 3859 sanctum.

2225 3880 2520 3941 Possumus
2569 3894 2750 3942 autem
2797 3903 2892 3959 per
2921 3887 3129 3944 frontes
3183 3889 3348 3946 corda
3376 3898 3698 3947 sanctorum
3736 3893 3848 3947 in-

2225 3973 2470 4046 telligere
2503 3993 2514 4031 :
2577 3993 2778 4032 nomen
2815 3977 3000 4051 itaque
3029 3979 3206 4037 Patris
3234 3988 3288 4037 et
3338 3980 3467 4036 Filii
3505 3989 3559 4037 et
3586 3981 3849 4052 Spiritus

2224 4065 2398 4120 sancti
2453 4066 2510 4121 in
2567 4067 2841 4124 frontibus
2887 4069 3001 4125 suis
3047 4069 3251 4125 habent
3288 4071 3597 4142 scriptum;
3628 4071 3771 4142 quia
3812 4087 3848 4126 a

2224 4157 2502 4214 mentibus
2531 4175 2719 4215 eorum
2751 4176 2906 4216 amor
2933 4160 3035 4216 Dei
3064 4177 3366 4234 numquam
3395 4160 3561 4215 avelli
3597 4160 3844 4232 poterit,

2223 4246 2367 4303 sicut
2395 4248 2618 4304 avulsus
2635 4257 2761 4304 esta
2789 4248 3050 4305 cordibus
3079 4249 3444 4322 quorumdam
3474 4249 3843 4322 angelorum,

2223 4335 2317 4408 qui
2340 4344 2560 4409 propter
2591 4337 2902 4411 superbiam
2925 4338 2993 4395 de
3022 4341 3161 4398 coelo
3191 4340 3528 4398 ceciderunt.

2299 4437 2480 4508 (Vera.
2538 4439 2618 4511 2.)
2677 4441 2751 4496 Et
2801 4441 2986 4496 audivi
3046 4459 3212 4497 vocem
3259 4443 3322 4497 de
3367 4445 3516 4511 ccelo,
3567 4449 3845 4514 tanquam

591 4527 775 4598 (Vers.
811 4528 924 4600 17.)
957 4531 1032 4585 Et
1070 4548 1133 4585 ne
1177 4530 1295 4600 quis
1334 4533 1503 4602 possit
1529 4533 1766 4604 vendere,
1807 4539 1903 4590 aut
1928 4550 2110 4602 emere,
2142 4503 2192 4562 D
2223 4503 2396 4582 uocem
2423 4503 2690 4600 aquarum
2745 4533 3058 4601 multarum,
3088 4538 3136 4588 et
3194 4539 3445 4603 tanquam
3488 4503 3845 4590 uocem-toni-

515 4614 624 4672 nisi
669 4617 760 4687 qui
809 4617 1053 4673 habuerit
1107 4620 1460 4676 characterem
1509 4623 1738 4678 nominis
1794 4623 1983 4694 bestia,
2023 4631 2119 4680 aut

515 4721 794 4761 numerum
822 4707 1051 4762 nominis
1078 4707 1210 4778 ejus.
1239 4708 1454 4766 Scimus
1482 4710 1777 4768 humanam
1810 4713 1981 4770 vitam
2003 4730 2115 4770 non

518 4810 676 4867 posse
707 4796 1025 4868 subsistere,
1053 4798 1162 4856 nisi
1191 4807 1286 4856 aut
1311 4799 1554 4857 vendant
1593 4803 1889 4876 aliquando
1940 4803 2114 4861 homi-

519 4903 636 4958 nes,
677 4898 772 4946 aut
812 4898 997 4946 emant
1041 4911 1052 4948 :
1104 4909 1168 4949 eo
1213 4894 1399 4967 itaque
1437 4895 1768 4955 Antichristi
1810 4899 2116 4971 persecutio

517 4995 644 5052 erga
688 4977 876 5036 ﬁdeles
918 4982 1200 5039 crudelius
1247 4985 1602 5057 grassabitur,
1635 5003 1745 5060 quo
1787 4988 1867 5044 eis
1896 4987 2001 5044 hoc
2032 4988 2114 5043 in-

517 5068 811 5128 terdictum
842 5071 1030 5140 fuerit,
1062 5072 1180 5130 sine
1205 5091 1315 5147 quo
1342 5077 1528 5133 vivere
1559 5094 1669 5133 non
1715 5087 1994 5150 poterunt.
2019 5081 2116 5135 Fa-

516 5164 666 5224 cient
704 5175 886 5223 autem
935 5163 1043 5224 hoc
1081 5166 1324 5224 ministri
1370 5170 1722 5242 Antichristi,
1765 5179 1826 5228 ut
1877 5173 1936 5229 in
1980 5180 2116 5230 tem-

589 5347 708 5422 (26)
742 5348 823 5405 Ita
851 5366 982 5407 mss.
1013 5368 1028 5419 ;
1059 5348 1191 5408 edit.
1240 5368 1270 5408 e
1312 5352 1608 5421 contrario,
1655 5360 1888 5409 creatum
1932 5354 2117 5410 vitium

515 5427 830 5495 craterasque
885 5422 1120 5492 divitias,
1170 5429 1231 5478 ut
1274 5423 1507 5479 homines
1558 5425 1626 5480 iis
1670 5425 2022 5495 abundanter,
2071 5433 2119 5484 et

514 5493 789 5620 g/tﬁcienter
843 5500 1136 5553 uterentur.
1189 5495 1324 5554 Cum
1373 5501 1549 5552 autem
1605 5496 1764 5554 istam
1809 5493 2115 5570 nefandam,

569 5580 620 5620 c.

589 5635 706 5708 (27)
762 5637 914 5700 Edit.
950 5639 1106 5713 Gill.,
1155 5637 1396 5700 Christus
1438 5641 1694 5703 consistit.
1741 5644 1814 5704 Et
1859 5660 1976 5703 cum
2022 5645 2118 5705 illo

2227 4620 2337 4674 trui
2364 4621 2559 4692 magni.
2605 4622 2755 4695 Saepe
2786 4642 2880 4696 per
2905 4627 3170 4682 Joannem
3203 4628 3486 4700 prmsentis
3517 4627 3649 4684 vita:
3679 4627 3845 4686 iide—

2225 4710 2303 4767 les
2357 4711 2848 4772 demonstrantur:
2897 4733 2992 4789 per
3038 4734 3204 4791 aquas
3253 4735 3382 4774 vero
3433 4718 3623 4790 populi
3683 4717 3842 4775 desi-

2225 4809 2482 4873 gnantur.
2507 4803 2577 4857 Et
2593 4806 2722 4876 quia
2749 4804 2815 4860 de
2836 4807 3094 4862 omnibus
3115 4807 3369 4879 gentibus
3398 4807 3648 4880 quotidie
3669 4809 3845 4866 colli-

2226 4901 2431 4965 guntur
2449 4893 2629 4962 electi,
2663 4903 2717 4950 et
2747 4895 2805 4949 in
2836 4895 3042 4952 caelesti
3083 4894 3427 4952 beatitudine
3453 4896 3840 4966 collocantur,

2225 4983 2402 5039 sancti
2448 4984 2545 5039 Dei
2599 4983 2656 5039 in
2707 4993 2853 5041 terra
2913 4987 3224 5053 constituti,
3267 4987 3360 5059 qui
3419 5003 3514 5058 per
3554 4987 3838 5045 Joannem

2225 5070 2602 5144 designantur,
2662 5090 2852 5130 vocem
2909 5091 3174 5149 aquarum
3211 5077 3548 5133 'multarum
3605 5077 3839 5135 assidue

2225 5162 2458 5221 audiunt
2489 5183 2502 5233 ;
2534 5164 2664 5238 quia
2691 5164 3000 5223 doctrinam
3029 5175 3344 5224 sanctorum
3398 5167 3458 5223 in
3486 5167 3645 5225 caelis
3696 5184 3840 5225 con-

2226 5361 2430 5428 centum
2503 5355 2861 5428 quadraginta
2917 5365 3148 5428 quatuor
3193 5359 3390 5425 millia,
3446 5375 3512 5414 ea:
3554 5358 3835 5414 duodecim

2228 5427 2468 5483 tribubus
2504 5429 2680 5497 electa,
2718 5427 2854 5486 edit.
2904 5427 3090 5498 Rom.,
3143 5429 3385 5487 Christus
3440 5431 3697 5486 consistit.
3763 5433 3836 5487 In

2226 5498 2593 5574 superioribus
2647 5517 2851 5574 quoque
2916 5509 3118 5558 centum
3172 5501 3532 5574 quadraginta
3591 5509 3838 5572 quatuor

2226 5572 2420 5642 millia,
2445 5589 2510 5628 ex
2530 5572 2818 5644 duodecim,
2837 5582 2941 5634 etc.
2965 5593 2979 5645 ;
3013 5590 3143 5632 mss.
3167 5572 3347 5633 autem
3371 5572 3433 5632 ut
3454 5575 3511 5631 in
3533 5581 3830 5633 contextu.
