4026 6172
286 212 394 268 973

1167 218 1623 276 BERENGAUDI
1660 219 2032 277 EXPOSITIO
2072 221 2144 278 IN
2181 221 2682 281 APOCALYPSIN.

3485 233 3592 301 974,

269 338 584 394 sistentium
609 345 661 393 et
687 338 871 396 cordis
891 341 1116 398 auribus
1146 344 1413 412 sentiunt,
1447 353 1502 400 et
1528 345 1736 402 virtute
1773 361 1877 418 qua
1912 350 1962 408 A
1995 354 2119 401 tuor
2170 347 2346 402 millia
2377 356 2693 404 sanctorum
2741 349 2951 404 animas
2982 364 3098 405 esse
3137 349 3441 423 designatas
3470 373 3590 429 quae

270 437 519 501 possunt,
564 445 755 486 eorum
805 438 959 487 actus
1005 431 1311 488 imitantur.
1367 433 1520 488 Unde
1571 441 1625 490 et
1679 435 1866 491 eadem

269 533 379 572 vox
428 525 687 591 tanquam
735 520 1041 576 tonitruum
1098 538 1212 578 esse
1260 522 1484 591 dicitur,
1519 523 1666 597 quod
1704 525 1870 581 corda

265 605 613 663 audientium
645 616 848 664 terrere
883 611 1058 677 solet;
1096 618 1376 668 terrentur
1418 613 1588 683 enim,
1635 631 1760 671 cum
1799 614 1868 671 ad

266 711 460 752 eorum
494 696 888 768 perfectionem
917 715 974 756 se
1004 699 1295 758 ascendere
1338 718 1450 758 non
1498 720 1655 775 posse
1692 703 1870 760 consi-

265 786 480 844 derant.
532 788 607 843 Et
657 805 761 843 vox
813 805 974 860 quam
1019 791 1226 860 audivi,
1276 791 1410 847 sicut
1460 795 1872 850 citharazdorum

264 877 705 932 citharizantium
748 877 804 932 in
833 879 1052 934 citharis
1094 881 1224 938 suis.
1267 882 1393 940 Vox
1439 882 1870 941 citharmdorum

267 964 430 1020 valde
461 973 542 1022 est
571 965 752 1022 dulcis
778 966 1132 1024 audientibus
1171 988 1182 1026 :
1226 979 1279 1026 et
1311 972 1452 1045 quid
1480 974 1699 1030 dulcius
1726 974 1874 1030 Iide-

270 1056 442 1124 libus,
470 1072 633 1128 quam
663 1057 928 1112 memoria
958 1067 1274 1116 sanctorum
1324 1060 1381 1116 in
1430 1062 1585 1119 cmlis
1617 1080 1874 1119 commo-

265 1147 514 1202 rantium
542 1165 554 1214 ;
602 1146 734 1202 dum
767 1155 973 1220 quanta
1002 1148 1074 1205 sit
1104 1166 1295 1205 eorum
1330 1151 1505 1222 gloria
1541 1163 1723 1210 mente
1756 1171 1872 1226 per-

263 1243 527 1304 tractant,
559 1244 722 1309 atque
761 1244 822 1292 ut
864 1237 932 1293 ad
969 1237 1110 1295 hanc
1152 1241 1482 1314 quandoque
1527 1244 1870 1315 perveniant,

263 1325 596 1398 suppliciter
625 1328 906 1384 exorant?

341 1422 526 1494 (Vers.
587 1421 668 1494 3.)
721 1423 794 1478 Et
837 1421 1121 1478 cantabant
1171 1424 1327 1495 quasi
1371 1427 1632 1482 canticum
1677 1444 1874 1483 novum

262 1519 388 1569 ante
425 1513 616 1578 sedem,
656 1518 704 1567 et
747 1519 868 1568 ante
915 1520 1146 1584 quatuor
1190 1515 1471 1585 animalia,
1513 1523 1561 1571 et
1597 1517 1824 1573 seniores
1855 1534 1873 1571 :

261 1608 313 1658 et
357 1618 509 1657 nemo
560 1607 772 1674 poterat
820 1602 992 1659 dicere
1044 1604 1323 1673 canticum,
1365 1605 1472 1661 nisi
1522 1606 1622 1663 illa
1672 1615 1873 1663 centum

1977 426 2035 488 in
2077 436 2240 491 cmles
2256 436 2297 490 ti
2343 436 2690 493 beatitudine
2735 439 2911 493 Deum
2959 438 3174 495 assidue
3215 439 3437 497 laudare
3481 426 3592 500 non

1978 522 2239 580 desinunt
2274 543 2285 580 :
2321 542 2417 597 per
2458 527 2638 583 sedem
2685 544 2836 596 vero,
2869 535 2922 584 et
2952 537 3185 600 quatuor
3229 531 3507 600 animalia,
3538 545 3592 592 et

1979 614 2220 671 seniores
2250 625 2376 673 ante
2423 634 2566 690 quos
2596 620 2873 676 canticum
2902 637 3109 676 novum
3138 633 3357 680 cantare
3385 624 3592 681 dicun-

1984 711 2093 773 tur,
2129 705 2320 762 ﬁdeles
2384 707 2442 762 in
2487 707 2592 764 hac
2633 709 2750 765 vita
2794 710 2982 781 positi,
3013 726 3082 766 ex
3112 711 3312 784 quibus
3346 713 3594 770 Ecclesia

1983 802 2218 865 constat,
2279 796 2666 869 designantur,
2733 798 2878 855 sicut
2952 799 3008 855 in
3085 802 3323 858 secunda
3364 803 3591 861 Visione

1985 883 2254 940 diximus.
2290 888 2432 941 Ante
2460 885 2643 941 sedem
2677 903 2827 960 ergo,
2867 895 2922 943 et
2963 897 3199 962 quatuor
3225 891 3507 958 animalia,
3538 900 3591 949 et

1982 973 2226 1029 seniores
2245 981 2466 1030 centum
2485 975 2845 1048 quadraginta
2865 987 3099 1050 quatuor
3112 981 3292 1036 millia
3312 981 3588 1038 canticum

1984 1077 2190 1117 novum
2223 1071 2470 1118 cantasse
2509 1063 2813 1132 dicuntur;
2869 1083 3075 1123 novum
3122 1085 3357 1142 namque
3395 1071 3592 1127 Testa-

1987 1158 2236 1206 mentum
2279 1153 2553 1210 canticum
2595 1170 2803 1209 novum
2836 1155 3061 1225 dicitur,
3098 1157 3241 1214 sicut
3286 1159 3423 1216 dicit
3466 1177 3589 1232 pro-

1984 1237 2198 1309 pheta:
2245 1263 2264 1287 ι
2323 1241 2552 1298 Cantate
2597 1243 2835 1306 Domino
2877 1244 3152 1301 canticum
3195 1263 3423 1316 novum,
3469 1249 3590 1306 laus

1983 1326 2100 1398 ejus
2146 1328 2214 1385 ab
2261 1331 2527 1387 extremis
2578 1339 2735 1388 terrae
2786 1333 2922 1405 (Isa.
2976 1351 3114 1404 XLII,
3166 1335 3273 1407 i0).
3305 1360 3323 1384 ι
3371 1338 3588 1395 Novum

1987 1425 2172 1474 autem
2221 1419 2632 1477 Testamentum
2699 1421 2924 1493 dicitur,
2986 1441 3050 1481 eo
3113 1424 3261 1498 quod
3321 1427 3590 1498 praecedat

1984 1506 2158 1575 aliud,
2201 1508 2348 1580 quod
2378 1516 2536 1565 vetus
2565 1520 2797 1568 vocatur
2826 1531 2837 1568 :
2867 1512 2982 1569 sive
3012 1530 3110 1586 pro
3145 1529 3209 1570 eo
3240 1515 3387 1588 quod
3416 1532 3590 1573 novos

1984 1595 2218 1668 populos
2250 1596 2434 1666 faciat,
2461 1614 2587 1654 cum
2619 1615 2687 1654 ex
2716 1599 2846 1656 filiis
2875 1600 3081 1658 diaboli
3113 1603 3247 1660 facit
3290 1603 3434 1660 ﬁlios
3464 1605 3583 1662 Dei.

260 1693 628 1768 quadraginta
664 1700 898 1764 quatuor
925 1695 1125 1762 millia,
1159 1697 1252 1766 qui
1279 1697 1438 1768 empti
1466 1703 1588 1753 sunt
1617 1698 1678 1753 de
1709 1704 1870 1754 terra.
1909 1712 1956 1773 Β
1988 1683 2203 1740 Habent
2250 1691 2303 1741 εἴ
2353 1685 2542 1742 ﬁdeles
2585 1687 2643 1741 in
2688 1687 2792 1746 hac
2838 1690 2954 1746 Vita
2998 1692 3163 1762 I303iti
3209 1693 3423 1750 cantica
3466 1711 3584 1763 sua:

265 1789 372 1844 Hic
402 1802 598 1859 magna
627 1792 772 1849 553
802 1786 1110 1842 obscuritas
1150 1795 1269 1855 est;
1319 1788 1457 1845 dicit
1489 1791 1690 1864 quippe
1733 1807 1874 1848 cen-

263 1894 384 1942 tum
426 1884 786 1958 quadraginta
817 1892 1054 1958 quatuor
1082 1885 1262 1941 millia
1290 1904 1403 1942 non
1433 1887 1602 1944 fuisse
1625 1888 1874 1961 coinqui-

266 1985 428 2034 natos
473 1992 598 2031 cum
655 1973 1008 2042 mulieribus,
1056 1975 1407 2049 virginesque
1451 1993 1603 2045 esse;
1649 1984 1704 2032 et
1749 1977 1873 2033 ideo

263 2067 545 2126 canticum
576 2081 784 2122 novum
814 2074 1058 2134 cantare,
1091 2065 1238 2138 quod
1266 2083 1427 2123 nemo
1459 2077 1636 2140 potest
1666 2068 1868 2135 dicere,

262 2159 375 2214 nisi
417 2157 500 2213 illi
531 2157 634 2213 soli
669 2175 680 2212 :
715 2155 921 2214 scimus
965 2166 1145 2213 autem
1187 2158 1452 2229 quosdam
1505 2174 1572 2213 ex
1611 2159 1872 2231 apostolis

262 2256 430 2320 atque
461 2246 797 2318 martyribus
836 2263 1038 2303 uxores
1086 2246 1362 2303 habuisse.
1397 2248 1677 2320 Numquid
1708 2249 1748 2303 ii
1777 2248 1869 2321 qui

263 2336 641 2410 virginitatem
693 2335 941 2408 corporis
1006 2353 1221 2393 servare
1280 2336 1630 2406 studuerunt,
1685 2337 1872 2394 laudes

264 2428 381 2483 Deo
409 2426 725 2494 decantant,
757 2435 810 2482 et
840 2425 930 2480 isti
968 2428 1027 2481 in
1069 2425 1327 2482 laudibus
1366 2428 1464 2482 Dei
1505 2428 1645 2483 muti
1689 2429 1873 2485 exsis-

265 2526 394 2574 tunt
413 2518 442 2573 ‘1'
473 2518 708 2572 Maxime
754 2533 880 2572 cum
917 2516 1153 2572 sciamus
1181 2532 1248 2571 ex
1280 2523 1513 2588 utroque
1542 2534 1677 2573 sexu
1715 2518 1870 2590 parvi

262 2607 452 2663 meriti
479 2606 732 2662 homines
762 2605 1139 2676 virginitatem
1168 2606 1414 2676 corporis
1441 2623 1613 2679 usque
1639 2607 1706 2663 ad
1730 2623 1870 2662 mor-

267 2706 377 2754 tem
435 2713 697 2763 servasse,
754 2695 898 2751 sicut
946 2702 1074 2750 sunt
1122 2694 1360 2750 infantes
1407 2702 1462 2750 et
1508 2695 1686 2768 pueri,
1735 2711 1871 2768 quos

269 2797 405 2844 mtas
433 2786 805 2859 virginitatem
836 2786 1090 2841 amittere
1127 2802 1239 2841 non
1285 2787 1577 2859 permittit.
1613 2788 1887 2852 Vidimus,

270 2878 443 2935 etiam
467 2876 730 2950 quosdam
751 2876 1029 2949 aliquibus
1059 2878 1294 2949 peccatis
1324 2878 1614 2947 obnoxios,
1643 2880 1870 2951 virgini-

271 2975 446 3023 tatem
496 2966 742 3040 corporis
789 2982 961 3038 usque
1007 2966 1075 3022 ad
1131 2975 1364 3023 mortem
1414 2984 1679 3037 servasse,
1731 2987 1868 3043 quos

261 3056 544 3114 credimus
587 3072 683 3127 per
728 3055 909 3127 ignem
960 3057 1338 3127 purgatorium
1383 3073 1498 3114 esse
1536 3060 1846 3130 purgandos

258 3157 323 3205 ut
356 3148 414 3203 in
439 3147 712 3218 justorum
744 3162 977 3204 numero
1016 3147 1344 3220 quandoque
1380 3148 1579 3206 ascribi
1610 3166 1870 3206 merean-

257 3247 375 3295 tur.
415 3239 697 3312 Numquid
742 3238 876 3294 istos
915 3239 1056 3294 tales
1097 3237 1360 3310 apostolis
1407 3248 1460 3295 et
1509 3242 1865 3313 martyribus,

258 3347 405 3404 quos
433 3346 634 3387 uxores
662 3329 921 3387 habuisse
951 3330 1236 3403 Scriptura
1277 3347 1389 3386 non
1418 3339 1581 3400 tacet,
1614 3333 1869 3405 praeferre

255 3421 627 3489 audebimus;
661 3429 722 3476 ut
751 3421 893 3476 illud
924 3421 1201 3478 canticum
1224 3421 1617 3478 suavissimum
1647 3425 1759 3479 Deo
1788 3423 1867 3480 of-

254 3511 468 3579 ferant,
519 3527 550 3566 a
600 3527 708 3583 quo
746 3511 940 3566 Petrus
985 3509 1214 3584 ejusque
1259 3510 1470 3567 similes
1521 3512 1685 3568 alieni
1725 3513 1867 3569 exsi-

254 3601 459 3658 stant?
486 3599 622 3656 Nam
653 3600 796 3656 sicut
827 3607 910 3655 est
937 3599 1118 3657 dulcis
1149 3600 1354 3658 sanctis
1384 3599 1526 3656 visio
1554 3601 1673 3669 Dei,
1706 3602 1785 3659 sic
1814 3613 1867 3661 et

257 3693 386 3747 laus
409 3691 507 3747 Dei
542 3709 553 3746 :
588 3698 640 3746 et
669 3690 1135 3764 quemadmodum
1169 3691 1404 3748 saturari
1434 3700 1715 3766 nequeunt
1735 3693 1864 3750 visi-

251 3798 367 3840 one
403 3782 520 3851 Dei,
559 3782 639 3838 ila
682 3799 786 3840 nec
837 3783 1025 3840 satiari
1075 3783 1332 3842 laudibus
1374 3784 1496 3842 Dei.
1539 3786 1613 3841 Et
1660 3795 1864 3859 quanto

250 3873 628 3948 proximiores
671 3881 800 3931 sunt
842 3876 1145 3934 secundum
1195 3877 1518 3935 meritorum
1567 3878 1863 3952 qualitates

247 3967 500 4024 Domino
530 3970 662 4036 Deo,
697 3975 852 4024 tanto
878 3976 933 4024 et
963 3968 1325 4025 ferventiores
1359 3968 1416 4024 in
1456 3969 1712 4026 laudibus
1738 3968 1860 4026 Dei.

250 4058 397 4127 Quis
444 4076 576 4116 vero
623 4059 787 4133 digne
832 4059 1181 4117 considerare
1231 4067 1409 4133 potest
1456 4077 1617 4133 quam
1668 4077 1865 4133 magna

248 4164 386 4223 pars
444 4150 630 4222 gloriae
677 4150 880 4208 sanctis
933 4149 1260 4219 detrahitur,
1299 4150 1344 4205 si
1397 4167 1427 4205 a
1463 4149 1719 4206 laudibus
1762 4149 1861 4206 Dei

244 4248 510 4312 expertes
533 4240 838 4297 habeantur
858 4241 886 4298 ‘P
914 4241 1025 4297 Nec
1054 4239 1181 4296 ideo
1219 4239 1325 4297 hoc
1353 4240 1613 4309 dicimus,
1646 4249 1708 4296 ut
1736 4240 1863 4295 vir-

246 4327 479 4401 ginitati
512 4328 856 4402 derogemus,
888 4346 1011 4404 quae
1039 4343 1236 4400 magna
1263 4337 1345 4385 est
1373 4327 1575 4396 virtus,
1605 4329 1861 4401 sociaque

1986 1775 2080 1832 sed
2111 1775 2171 1830 in
2219 1774 2287 1830 iis
2334 1776 2564 1832 canticis
2618 1793 2760 1849 saepe
2803 1779 3073 1835 confessio
3111 1781 3172 1835 ﬁt
3216 1790 3585 1854 peccatorum,

1986 1881 2128 1937 saepe
2172 1882 2278 1937 pro
2326 1866 2564 1938 peccatis
2599 1866 2933 1939 deprecatio,
2963 1886 3105 1942 saepe
3139 1873 3587 1929 commemoratio

1986 1960 2387 2010 tormentorum
2421 1965 2757 2012 aeternorum
2803 1975 2815 2014 :
2865 1957 3099 2032 ideoque
3143 1957 3201 2014 in
3245 1959 3404 2016 ﬂetus
3446 1977 3588 2033 saepe

1985 2051 2268 2100 cantantes
2325 2045 2594 2114 excitant,
2659 2063 2799 2118 saepe
2849 2047 2907 2102 in
2957 2048 3212 2106 laudibus
3275 2049 3377 2106 Dei
3433 2067 3588 2108 orare

1984 2133 2184 2201 solent,
2235 2150 2377 2204 saepe
2417 2134 2484 2189 ad
2515 2151 2668 2205 spem
2699 2135 2937 2192 caelestis
2982 2137 3171 2208 patriae
3211 2147 3422 2195 mentes
3449 2139 3587 2196 ﬁde-

1987 2221 2122 2276 lium
2151 2222 2370 2278 elevant
2402 2240 2415 2289 ;
2453 2223 2511 2277 in
2543 2224 2641 2278 illo
2671 2239 2802 2278 vero
2827 2225 3044 2281 cantico
3074 2226 3373 2298 spirituum
3402 2229 3586 2285 coales-

1984 2311 2124 2366 tium
2173 2312 2316 2367 nihil
2366 2313 2540 2380 triste,
2597 2312 2740 2368 nihil
2790 2315 2937 2387 quod
2996 2325 3234 2372 mentem
3281 2317 3586 2389 perturbet,

1984 2407 2240 2467 resonat;
2290 2409 2343 2457 et
2371 2410 2580 2473 quanto
2618 2402 2856 2473 amplius
2897 2402 3259 2476 depromitur,
3291 2413 3444 2462 tanto
3472 2423 3584 2462 am-

1985 2489 2132 2560 plius
2153 2490 2415 2561 gaudium
2439 2499 2493 2546 et
2523 2491 2769 2547 laetitiam
2799 2492 2917 2564 (28)
2945 2495 3220 2551 mentibus
3243 2497 3583 2551 cantantium

1985 2579 2253 2634 infundit.
2285 2579 2440 2635 Sicut
2473 2579 2644 2651 igitur
2674 2598 2878 2636 novum
2914 2583 3325 2640 Testamentum
3354 2584 3581 2653 dicitur,

1984 2667 2112 2741 quia
2149 2669 2426 2740 praecessit
2475 2679 2637 2725 vetus
2669 2688 2680 2725 :
2718 2670 2794 2726 ita
2823 2677 2877 2725 et
2907 2671 3048 2726 illud
3096 2672 3374 2728 canticum
3404 2674 3582 2746 spiri—

1975 2765 2140 2812 tuum
2196 2756 2501 2812 ccelestium
2573 2774 2780 2812 novum
2839 2759 3114 2814 canticum
3168 2760 3394 2830 dicitur,
3453 2761 3582 2835 quia

1984 2847 2257 2918 praecessit
2292 2845 2445 2900 aliud
2471 2846 2617 2918 quod
2647 2854 2806 2902 vetus
2837 2855 2918 2902 est
2943 2848 3058 2903 illis
3082 2848 3178 2920 qui
3208 2850 3276 2905 ad
3305 2849 3582 2906 caelestem

1981 2935 2380 2991 beatitudinem
2428 2935 2676 3008 quotidie
2721 2943 3029 3005 transeunt,
3080 2947 3134 2994 et
3168 2955 3374 2995 novum
3405 2948 3485 2997 est
3514 2941 3583 2997 ad

1851 3104 1866 3128 ’
1905 3069 1947 3128 Ο
1984 3025 2130 3099 quod
2193 3025 2544 3124 perveniunt.
2593 3026 2665 3081 Et
2717 3025 2822 3084 hoc
2879 3028 3159 3128 canticum
3215 3036 3342 3128 ante
3397 3030 3582 3087 sedem

1978 3116 2100 3184 Dei,
2134 3114 2191 3170 id
2219 3123 2323 3182 est,
2358 3114 2418 3171 in
2457 3123 2754 3187 conspectu
2807 3115 2973 3185 sedis,
3001 3125 3246 3173 cantasse
3273 3116 3536 3173 dicuntur
3561 3136 3578 3187 ;

1981 3206 2128 3277 quod
2177 3205 2326 3261 enim
2373 3205 2433 3260 in
2481 3213 2777 3278 conspectu
2819 3213 3008 3262 nostro
3066 3213 3168 3275 est,
3209 3207 3582 3264 indesinenter

1981 3296 2300 3368 aspicimus.
2351 3297 2416 3351 In
2469 3305 2766 3368 conspectu
2828 3313 2955 3368 ergo
3016 3296 3290 3365 ﬁdelium,
3344 3298 3439 3371 qui
3485 3313 3582 3371 per

1979 3384 2162 3440 sedem
2195 3392 2248 3439 et
2277 3392 2513 3457 quatuor
2541 3384 2803 3440 animalia
2830 3391 2884 3439 et
2929 3385 3171 3441 seniores
3200 3386 3575 3459 designantur,

1978 3473 2177 3529 animae
2204 3472 2452 3529 fidelium
2475 3474 2751 3532 canticum
2774 3490 2980 3530 novum
3001 3482 3247 3531 cantasse
3275 3474 3574 3545 dicuntur;

1975 3563 2106 3636 quia
2135 3562 2310 3619 sancti
2358 3563 2468 3618 viri
2515 3563 2572 3618 in
2621 3562 2725 3619 hac
2753 3572 2901 3619 terra
2937 3563 3130 3636 positi,
3182 3564 3410 3638 gloriam
3439 3581 3579 3622 san-

1974 3660 2190 3708 ctorum
2256 3653 2314 3708 in
2370 3653 2524 3708 ctelis
2588 3653 3051 3710 commorantium
3127 3653 3305 3710 oculis
3376 3653 3578 3710 mentis

1975 3743 2191 3800 assidue
2232 3744 2602 3817 conspiciunt,
2636 3754 2798 3819 atque
2827 3753 2890 3802 ut
2928 3745 2996 3802 ad
3028 3761 3222 3801 eorum
3259 3746 3574 3804 societatem

1975 3833 2304 3906 quandoque
2334 3833 2678 3906 perveniant,
2720 3843 2836 3891 tota
2873 3835 3081 3891 virtute
3121 3835 3393 3893 laborant.

2043 3951 2119 4005 Et
2156 3967 2305 4005 nemo
2327 3956 2539 4021 poterat
2575 3951 2744 4006 dicere
2791 3951 3072 4020 canticum,
3109 3950 3214 4005 nisi
3243 3950 3343 4005 illa
3371 3957 3575 4006 centum

1973 4041 2334 4112 quadraginta
2404 4049 2636 4112 quatuor
2695 4042 2889 4111 mill-ia,
2961 4041 3054 4112 qui
3123 4041 3282 4110 empti
3335 4046 3460 4094 sunt
3511 4041 3575 4096 de

1977 4136 2117 4185 terra
2152 4129 2269 4202 (‘29)
2305 4148 2317 4186 :
2368 4130 2425 4186 id
2454 4138 2554 4200 est,
2593 4147 2754 4187 nemo
2785 4131 3008 4186 illorum
3051 4128 3142 4202 qui
3173 4144 3269 4200 per
3297 4127 3482 4183 sedem
3518 4137 3574 4186 et

1973 4230 2209 4294 quatuor
2239 4220 2501 4276 animalia
2547 4230 2602 4278 et
2645 4220 2886 4276 seniores
2935 4217 3310 4291 designantur.
3365 4216 3572 4274 Vident

1971 4325 2209 4382 namque
2240 4310 2403 4365 modo
2454 4309 2642 4365 ﬁdeles
2671 4309 2777 4364 viri
2824 4310 2881 4364 in
2919 4315 3064 4363 terra
3096 4306 3260 4379 positi
3290 4306 3446 4378 quasi
3474 4322 3571 4379 per

242 4419 616 4491 angelorum;
664 4419 709 4476 si
755 4427 938 4476 tamen
991 4435 1109 4475 eam
1163 4417 1302 4474 vitio
1345 4435 1456 4474 non
1505 4418 1852 4476 foedaverint.

1981 4399 2252 4470 speculum
2302 4407 2356 4454 et
2405 4399 2462 4454 in
2502 4399 2791 4471 aenigmate
2867 4397 3094 4470 gloriam
3145 4403 3460 4453 sanctorum
3509 4397 3569 4451 in

240 4508 395 4576 Quis
434 4508 585 4564 enim
633 4509 964 4582 perpendere
1013 4515 1191 4580 potest
1239 4523 1401 4581 quam
1450 4524 1706 4580 magnum
1748 4508 1860 4564 bo-

239 4615 393 4656 num
424 4605 504 4653 est
537 4597 908 4671 integritatem
939 4597 1186 4670 corporis
1214 4605 1268 4653 et
1295 4596 1494 4653 anima:
1532 4597 1807 4670 possidere
1831 4599 1858 4655 ’1’

237 4688 430 4760 Igitur
473 4689 600 4760 quia
645 4688 762 4744 haec
801 4705 920 4761 quae
961 4687 1212 4760 superius
1255 4686 1322 4743 de
1354 4686 1663 4759 virginibus
1711 4687 1859 4743 dicta

236 4787 405 4847 sunt,
444 4778 510 4834 de
549 4779 617 4834 iis
646 4780 996 4835 solummodo
1041 4779 1136 4852 qui
1184 4778 1562 4851 virginitatem
1610 4778 1856 4851 corporis

235 4876 633 4937 servaverunt,
668 4871 974 4943 intelligere
1016 4887 1128 4926 non
1159 4887 1478 4943 possumus;
1529 4887 1744 4928 necesse
1775 4881 1856 4930 est

233 4969 314 5016 ut
351 4958 693 5030 indagemus,
724 4959 816 5032 qui
846 4959 959 5015 sint
989 4959 1253 5031 virgines,
1285 4967 1338 5015 et
1369 4959 1463 5031 qui
1494 4960 1575 5016 illi
1609 4962 1703 5034 qui
1731 4977 1854 5019 can-

231 5054 427 5112 ticum
462 5054 734 5124 virginum
768 5053 948 5111 dicere
975 5071 1088 5110 non
1120 5061 1397 5126 poterunt.
1426 5055 1559 5109 Nam
1590 5057 1634 5111 si
1671 5073 1854 5128 super-

231 5144 436 5201 ﬁciem
479 5143 732 5200 lectionis
774 5143 1068 5216 diligenter
1095 5143 1476 5212 atttendimus,
1507 5143 1854 5201 inveniemus

229 5248 367 5290 non
412 5231 480 5288 de
525 5232 658 5289 solis
699 5232 1033 5306 virginibus,
1083 5233 1178 5290 sed
1226 5232 1294 5290 de
1344 5232 1602 5290 omnibus
1649 5234 1854 5292 sanctis

226 5320 546 5380 animabus
573 5321 690 5380 haec
720 5339 836 5380 esse
866 5322 1032 5381 dicta.

317 5413 584 5472 Diximus
611 5415 863 5489 superius
911 5431 1008 5489 per
1038 5420 1261 5474 centum
1301 5414 1660 5489 quadraginta
1705 5429 1850 5489 qua-

319 5539 448 5617 (2_8_)
493 5541 698 5617 Omnes
737 5542 897 5617 edit.,
950 5548 1094 5601 tanto
1134 5542 1446 5617 ampliorem
1493 5543 1574 5601 vel
1619 5541 1850 5616 amplius

222 5613 508 5692 gaudium
527 5621 575 5673 et
595 5615 835 5675 latitiam
850 5613 1158 5685 ;'nonnulli
1185 5613 1339 5688 uiss.,
1373 5623 1514 5674 tanto
1539 5613 1849 5690 ampliorem

1969 4489 2124 4546 cmlis
2153 4487 2594 4557 consistentium,
2635 4488 2883 4560 illudque
2911 4486 3188 4544 canticum
3219 4485 3348 4559 quia
3375 4484 3568 4542 arden-

1953 4587 2051 4635 ter
2082 4577 2413 4648 desiderant,
2447 4579 2601 4652 quasi
2647 4578 2899 4646 audiunt,
2942 4576 3039 4633 sed
3068 4576 3250 4633 dicere
3288 4593 3399 4631 non
3431 4593 3568 4648 pos-

1967 4675 2136 4735 sunt;
2171 4668 2303 4741 quia
2343 4691 2361 4716 ι
2391 4670 2584 4724 oculus
2621 4685 2732 4724 non
2785 4667 2949 4736 vidit,
2991 4683 3092 4723 nec
3133 4665 3282 4722 auris
3327 4664 3564 4733 audivit,

1966 4773 2069 4813 nec
2095 4758 2153 4813 in
2203 4775 2300 4814 cor
2327 4757 2572 4813 hominis
2617 4756 2884 4825 ascendit,
2916 4773 3035 4829 quae
3065 4754 3392 4828 praeparavit
3420 4756 3566 4810 Deus

1967 4846 2331 4920 diligentibus
2358 4864 2414 4903 se
2446 4849 2503 4921 (Ι
2533 4848 2657 4904 Cor.
2691 4865 2751 4915 ιι,
2782 4847 2864 4918 9).
2895 4871 2913 4895 ι
2963 4845 3069 4912 Qui
3116 4843 3184 4900 de
3223 4853 3365 4900 terra
3393 4843 3563 4915 empti

1967 4954 2082 4994 esse
2128 4937 2434 5006 dicuntur;
2487 4938 2655 5010 empti
2707 4945 2836 4994 sunt
2865 4936 3066 5011 quippe
3105 4937 3162 4992 in
3210 4943 3354 4992 terra
3397 4934 3561 5007 positi

1967 5031 2206 5104 pretioso
2250 5031 2512 5103 sanguine
2560 5030 2788 5088 Christi.
2834 5030 2939 5087 Sed
2989 5031 3187 5087 melius
3235 5036 3316 5085 est
3365 5034 3425 5083 ut
3465 5042 3561 5098 per

1967 5121 2299 5192 emptionem
2345 5121 2778 5193 assumptionem
2827 5120 3242 5192 intelligamus;
3292 5112 3558 5186 assumpti

1961 5220 2092 5267 sunt
2116 5211 2264 5266 enim
2293 5209 2361 5267 de
2390 5219 2556 5280 terra,
2587 5219 2640 5268 et
2670 5211 2729 5266 in
2767 5211 2973 5268 caelesti
3003 5205 3346 5266 beatitudine
3373 5204 3556 5261 collo-

1961 5301 2092 5358 cati.

2034 5414 2218 5489 (Vers.
2249 5415 2330 5488 4.)
2367 5416 2418 5474 Ii
2459 5421 2582 5472 sunt
2634 5414 2728 5487 qui
2772 5429 2889 5470 cum
2930 5412 3239 5470 mulieribus
3280 5428 3389 5470 non
3429 5420 3555 5472 sunt

1956 5543 2138 5618 gaudii
2171 5543 2455 5618 latinam;
2484 5541 2758 5618 caeteriut
2797 5555 2895 5596 nos
2924 5537 2980 5618 in
3011 5543 3189 5618 textu.

2033 5615 2149 5688 (29)
2182 5616 2341 5674 Rom.
2371 5608 2503 5673 edit.
2531 5613 2899 5688 jugulaverat,
2923 5609 3027 5665 nisi
3053 5608 3267 5666 illa.....
3299 5608 3362 5667 de
3383 5615 3549 5671 terra.
