4026 6172
473 250 580 309 975

1477 250 1573 304 AD
1613 247 1846 304 OPERA
1884 247 1938 302 S.
1977 247 2306 307 AMBROSII
2346 246 2721 304 APPENDIX.

3676 250 3767 305 976

474 373 802 446 coinquinati
830 391 852 440 ;
879 372 1109 444 virgines
1145 374 1281 429 enim
1319 379 1459 429 sunt.
1500 373 1601 429 Hic
1631 390 1850 428 rursum
1891 371 2068 427 oritur
2101 376 2150 434 Λ
2180 372 2611 428 misericordiam
2668 389 2822 428 suam
2882 373 3202 430 auferendo.
3260 375 3579 445 Sequuntur
3643 392 3764 431 vero

485 463 717 536 questio
744 481 758 531 ;
793 478 920 518 nam
949 461 996 516 si
1025 461 1084 516 in
1116 461 1213 520 illa
1240 460 1580 518 beatitudine
1605 461 1813 519 diversi
1853 461 2073 517 ordines

482 561 633 622 sunt,
678 561 741 609 ut
790 559 919 608 sunt
956 551 1212 624 apostoli,
1272 559 1562 624 martyres,
1613 553 1969 621 eonfessores,
2020 559 2073 608 et

479 643 767 716 virgines;
809 641 1085 714 quomodo
1126 658 1317 698 omnes
1363 651 1677 701 sanctorum
1710 642 1907 699 animae
1949 641 2074 698 vir—

480 731 634 802 gines
672 747 785 786 esse
815 731 1096 800 dicuntur,
1129 738 1184 788 et
1213 731 1271 787 in
1311 738 1526 788 tantum
1567 732 1831 805 virgines,
1855 741 1917 789 ut
1944 748 2073 788 cum

479 823 811 880 mulieribus
839 823 1209 896 coinquinatae
1240 841 1352 880 non
1383 825 1551 881 fuisse
1588 825 1844 882 dicantur
1872 825 1899 881 7
1928 826 1998 879 Ει
2026 823 2072 879 si

465 929 671 994 verum
696 922 778 970 est
801 914 948 987 quod
969 914 1238 971 Dominus
1263 914 1420 984 dicit,
1462 915 1575 971 imo
1600 932 1790 972 verum
1821 923 1921 982 est,
1947 914 2075 986 quia

482 1018 595 1058 non
636 1011 817 1075 potest
845 1003 965 1060 ﬁeri
995 1011 1057 1059 ut
1084 1007 1230 1060 Deus
1259 1006 1558 1060 mentiatur
1592 1022 1604 1061 :
1669 1028 1688 1054 ι
1724 1005 1829 1072 Qui
1870 1003 2074 1059 viderit

478 1093 768 1150 mulierem
799 1094 869 1150 ad
897 1095 1395 1168 concupiscendum
1443 1112 1584 1164 eam,
1625 1095 1740 1167 jam
1772 1095 2074 1152 moechatus

479 1189 562 1240 est
598 1199 717 1240 eam
758 1183 818 1240 in
866 1185 1030 1241 corde
1073 1202 1171 1241 suo
1204 1186 1418 1258 (Matth.
1469 1202 1525 1253 v,
1559 1183 1676 1255 28),
1725 1209 1744 1233 ›
1798 1183 2073 1256 quomodo

479 1289 672 1330 omnes
701 1281 1019 1330 sanctorum
1069 1273 1266 1330 animas
1315 1274 1373 1329 in
1414 1279 1532 1329 toto
1567 1272 1746 1344 spatio
1783 1271 1912 1327 vitae
1942 1287 2074 1343 prae-

477 1361 652 1421 sentis
699 1362 767 1419 ab
810 1362 1195 1436 inquinatione
1235 1362 1532 1418 mulierum
1566 1362 1786 1418 mundae
1824 1377 1939 1417 esse
1967 1377 2076 1432 po-

479 1461 710 1510 tuerunt
738 1453 766 1510 ?
795 1452 1164 1521 Quaerendum
1209 1469 1336 1526 ergo
1366 1452 1527 1508 nobis
1556 1459 1637 1507 est
1666 1451 1942 1525 quomodo
1971 1449 2076 1505 hoc

475 1542 899 1616 intelligendum
930 1544 1002 1600 sit
1035 1562 1048 1612 ;
1091 1543 1254 1601 multi
1309 1542 1510 1616 quippe
1540 1541 1762 1598 fuerunt
1790 1549 1913 1597 ante
1941 1538 2074 1612 bap-

479 1627 708 1683 tismum
757 1627 996 1684 adulteri
1045 1634 1100 1683 et
1147 1625 1526 1693 fornicatores,
1560 1623 1656 1680 sed
1695 1624 1754 1678 in
1795 1623 2074 1681 Christum

481 1716 787 1784 credentes,
856 1723 1019 1787 atque
1082 1715 1150 1771 de
1209 1714 1450 1786 peccatis
1513 1713 1628 1770 suis
1697 1712 2074 1786 paenitentiam

475 1814 716 1877 agentes,
767 1804 1084 1877 fontemque
1125 1802 1476 1876 baptismatis
1521 1811 1856 1876 expetentes,
1903 1801 2075 1876 quid-

478 1895 615 1970 quid
651 1896 711 1952 in
755 1895 833 1952 eis
866 1895 1153 1952 sordidum
1183 1896 1310 1966 fuit,
1341 1912 1438 1968 per
1471 1895 1706 1968 Spiritus
1744 1895 1920 1953 sancti
1959 1911 2088 1968 gra-,

475 1986 610 2043 tiam
648 1986 807 2060 aquis
847 1986 1194 2060 baptismatis
1241 1987 1484 2044 deletum
1528 1995 1653 2043 est:
1686 1986 1782 2060 qui
1827 1986 1886 2041 in
1926 1985 2072 2042 bono

475 2076 624 2150 quod
673 2075 733 2132 in
781 2076 973 2134 eodem
1021 2077 1347 2150 baptismate
1374 2077 1767 2149 promiserunt,
1798 2091 1970 2148 usque
2012 2075 2070 2131 in

474 2165 642 2222 ﬁnem
673 2165 804 2222 vitae
834 2176 1262 2240 perseverantes,
1298 2167 1554 2225 veniente
1603 2167 1860 2234 Domino,
1889 2173 1952 2221 ut
1981 2181 2073 2221 eos

472 2272 569 2328 per
598 2265 832 2313 mortem
859 2257 926 2313 ab
955 2258 1057 2315 hac
1086 2266 1306 2314 terrena
1334 2256 1676 2313 habitatione
1704 2255 2068 2322 subtraheret,

470 2362 662 2404 eorum
692 2347 888 2403 animas
917 2347 1183 2419 virgines,
1214 2345 1270 2401 id
1300 2355 1402 2415 est,
1434 2345 1678 2418 integrae,
1729 2352 1783 2400 et
1821 2344 1888 2400 ab
1917 2344 2070 2399 omni

468 2437 826 2508 corruptione
851 2435 1115 2492 vitiorum
1137 2436 1354 2492 munda:
1376 2436 1614 2492 inventas
1647 2441 1794 2492 sunt.
1828 2435 2065 2489 Istorum

468 2543 596 2600 ergo
640 2526 838 2583 animae
882 2526 1008 2598 jure
1057 2527 1300 2600 virgines
1349 2534 1660 2594 vocantur;
1704 2525 1833 2597 quia
1879 2539 2067 2579 eorum

467 2617 651 2674 omnis
696 2616 978 2689 corruptio
1018 2615 1175 2689 aquis
1221 2615 1588 2688 baptismatis,
1635 2614 1906 2686 bonisque
1945 2629 2068 2686 ope-

467 2705 621 2761 ribus
668 2705 847 2762 deleta
895 2713 996 2762 est.
1039 2706 1284 2762 Fuerunt
1327 2704 1491 2760 etiam
1540 2704 1723 2771 multi,
1801 2704 1896 2776 qui
1945 2711 2069 2775 post

465 2794 801 2867 baptismum
854 2797 1030 2851 multa
1081 2796 1283 2852 scelera
1338 2793 1752 2861 commiserunt,
1804 2793 1899 2848 sed
1941 2810 2066 2848 cum

467 2899 564 2955 per
591 2883 973 2954 paenitentiam
1020 2892 1075 2938 et
1121 2884 1392 2954 lacrymas
1443 2889 1602 2952 atque
1633 2898 1729 2953 per
1761 2879 2066 2936 misericor-

468 2971 638 3040 diam,
669 2971 988 3044 cazterisque
1022 2971 1184 3028 bonis
1221 2972 1478 3044 operibus
1521 2972 1726 3026 malum
1777 2971 1923 3042 quod
1955 2986 2067 3042 ges-

468 3067 679 3127 serunt,
714 3059 894 3116 delere
922 3059 1256 3129 studuerint,
1290 3067 1343 3116 et
1369 3061 1427 3116 in
1464 3059 1610 3115 bono
1637 3059 1917 3131 proposito
1949 3075 2065 3130 per-

464 3149 867 3218 severaverint,
899 3145 1138 3206 Domino
1180 3149 1457 3218 veniente,
1490 3165 1678 3205 eorum
1710 3149 1909 3205 animae
1938 3149 2066 3204 vir-

466 3237 620 3312 gines
651 3248 878 3312 repertae
905 3247 1036 3296 sunt
1063 3258 1076 3308 ;
1111 3239 1240 3314 quia
1269 3239 1538 3314 quidquid
1561 3239 1619 3294 in
1639 3238 1718 3295 eis
1749 3239 1855 3294 fuit
1884 3254 2066 3310 repro-

463 3325 622 3397 bum,
678 3327 966 3386 charitatis
1012 3328 1270 3386 remediis
1316 3338 1399 3386 est
1454 3337 1767 3402 purgatum.
1820 3329 2066 3384 Fuerunt

467 3423 522 3472 et
550 3414 850 3490 conjugati,
899 3417 996 3490 qui
1037 3419 1215 3474 Deum
1256 3425 1372 3474 tota
1411 3425 1558 3482 554
1604 3419 1811 3475 virtute
1861 3417 2066 3473 dilexe-

468 3520 620 3580 runt,
651 3521 815 3585 atque
845 3513 904 3568 in
932 3513 1236 3571 virtutibus
1278 3516 1452 3571 vitam
1481 3514 1682 3571 ducere
1709 3513 2062 3571 studuerunt.

469 3599 706 3655 Istorum
752 3599 925 3671 igitur
978 3601 1176 3657 animae
1235 3611 1381 3660 recte
1435 3603 1678 3676 virgines
1732 3611 2001 3659 vocantur
2049 3621 2064 3670 ;

470 3689 601 3762 quia
653 3689 701 3746 si
748 3706 886 3762 quas
936 3689 1123 3747 sordes
1172 3707 1242 3748 ex
1295 3692 1689 3767 conjunctione
1735 3693 2065 3749 feminarum

469 3787 782 3850 traxerunt,
813 3778 975 3837 bonis
1003 3783 1261 3855 operibus
1290 3783 1531 3841 deletum
1575 3792 1675 3842 est.
1708 3784 1975 3842 Similiter
1999 3783 2067 3840 de

467 3869 682 3928 caeteris
703 3869 994 3928 ordinibus
1017 3872 1132 3946 (30)
1160 3872 1583 3947 intelligendum
1612 3881 1712 3932 est.

541 3977 841 4036 Possumus
870 3979 1034 4038 etiam
1067 3997 1164 4054 per
1210 3982 1470 4040 mulieres
1495 3999 1724 4058 corpora
1751 3989 2067 4041 sanctorum

471 4065 800 4142 intelligere,
833 4086 930 4144 per
959 4070 1108 4128 viros
1138 4081 1321 4129 autem
1352 4073 1563 4130 animas
1594 4092 1608 4142 ;
1653 4075 1782 4148 quia
1811 4073 2070 4130 sicutvir

469 4165 524 4218 et
552 4160 757 4217 mulier
786 4176 898 4217 una
923 4177 1050 4220 caro
1080 4172 1350 4221 vocantur
1379 4164 1534 4237 (Gen.
1557 4181 1620 4233 ιι,
1643 4163 1758 4236 24),
1783 4164 1858 4220 ita
1872 4180 2069 4236 corpus

471 4259 528 4307 et
569 4250 754 4306 anima
792 4267 936 4308 unus
975 4251 1142 4310 homo
1189 4271 1202 4312 :
1257 4262 1311 4310 et
1349 4253 1813 4327 quemadmodum
1863 4254 2070 4309 femina

472 4339 708 4396 inferior
753 4351 835 4397 est
887 4342 1031 4413 viro,
1091 4344 1324 4418 ideoque
1373 4362 1592 4402 necesse
1651 4351 1733 4400 est
1774 4351 1835 4399 ut
1876 4360 1907 4399 a
1946 4345 2068 4400 viro

471 4428 712 4501 regatur,
743 4429 970 4505 ejusque
997 4433 1430 4492 dominationem
1452 4436 1726 4508 perferat;
1761 4435 1837 4490 ita
1870 4451 2066 4506 corpus

2105 1749 2149 1808 B

2101 3118 2145 3178 Ο

2181 461 2376 531 sancti,
2427 463 2555 535 quia
2602 463 2802 535 quibus
2848 462 2943 518 ille
2984 463 3417 519 misericordiam
3464 481 3615 520 suam
3663 465 3770 521 lar-

2183 550 2348 623 gitur,
2379 551 2690 622 largiuntur
2712 559 2764 607 et
2785 551 2897 618 illi;
2935 558 2986 606 et
3015 569 3045 608 a
3072 552 3272 624 quibus
3291 551 3548 622 abscidit,
3569 553 3770 609 abscin-

2181 639 2322 696 dunt
2350 648 2404 696 et
2432 640 2537 698 illi.
2567 642 2683 698 Hoc
2704 641 2771 697 de
2791 641 2977 698 electis
2999 642 3057 697 in
3079 649 3222 698 terra
3251 641 3445 714 positis
3474 642 3771 714 intelligere

2182 749 2295 788 non
2325 748 2645 803 possumus;
2693 749 2832 804 saepe
2861 732 3007 788 enim
3038 733 3367 789 miserentur
3395 731 3598 805 quibus
3635 734 3773 788 Deus

2182 839 2295 878 non
2325 822 2634 890 miseretur,
2664 822 2805 879 sicut
2827 822 3044 879 Samuel
3063 824 3157 896 qui
3180 823 3398 896 lugebat
3423 823 3549 878 Saul
3579 823 3636 893 (Ι
3654 825 3770 894 Reg.

2182 930 2278 981 xv,
2303 912 2418 983 35),
2442 929 2603 985 quem
2632 915 2778 969 Deus
2804 912 3104 986 projecerat
3128 930 3159 968 a
3188 913 3326 969 facie
3357 930 3452 969 sua
3478 932 3490 969 :
3516 912 3772 985 quosdam

2182 1002 2346 1059 etiam
2377 1003 2551 1059 sancti
2582 1003 2842 1060 damnare
2890 1004 3106 1072 volunt,
3142 1002 3342 1076 quibus
3373 1004 3516 1058 Deus
3565 1001 3776 1056 misere-

2181 1101 2294 1160 tur,
2325 1093 2470 1148 sicut
2496 1092 2682 1161 Jonas,
2724 1094 2818 1165 qui
2870 1091 3125 1164 cupiebat
3157 1100 3217 1147 ut
3244 1091 3509 1147 Ninivitaw
3538 1089 3776 1146 deleren-

2182 1189 2275 1237 tur
2305 1182 2451 1254 (Jon.
2498 1199 2574 1250 Iv,
2609 1181 2690 1254 3),
2733 1198 2870 1254 quos
2919 1184 3062 1238 Deus
3106 1182 3318 1237 salvare
3362 1180 3701 1236 decreverat.
3733 1181 3778 1236 Ii

2183 1272 2338 1343 empti
2389 1277 2512 1325 sunt
2555 1289 2620 1326 ea:
2676 1272 2916 1326 omnibus
2953 1271 3209 1342 primitiw
3250 1272 3359 1326 Deo
3407 1276 3456 1325 et
3504 1269 3678 1340 Agna.
3721 1269 3778 1325 In

2185 1364 2301 1434 lege
2349 1371 2678 1436 praeceptum
2719 1371 2801 1418 est
2829 1372 2889 1419 ut
2919 1361 3179 1434 primitiae
3208 1360 3427 1432 frugum
3458 1360 3781 1417 offerrentur

2183 1454 2298 1507 Deo
2328 1453 2530 1521 (Exod.
2566 1471 2706 1522 xxn,
2739 1452 2828 1525 29)
2866 1469 2879 1507 :
2916 1469 3010 1524 per
3041 1450 3314 1524 primitias
3347 1450 3594 1522 frugum,
3625 1451 3780 1507 electi

2183 1541 2578 1615 designantur;
2629 1560 2755 1599 nam
2805 1542 2949 1598 sicut
2988 1559 3057 1598 ex
3096 1539 3455 1597 multitudine
3500 1540 3780 1597 fructuum

2185 1651 2366 1706 parvae
2397 1635 2657 1706 primitiae
2682 1635 2796 1690 Deo
2829 1632 3216 1700 offerebantur,
3247 1631 3324 1687 ita
3350 1638 3404 1687 et
3433 1646 3506 1686 ex
3535 1631 3781 1686 multitu-

2185 1717 2314 1780 dine
2344 1725 2676 1796 populorum
2705 1739 2907 1794 parvus
2933 1739 3196 1778 numerus
3217 1722 3518 1778 electorum
3540 1720 3779 1794 eligitur,

2184 1814 2278 1887 qui
2309 1813 2377 1870 ab
2409 1813 2620 1886 angelis
2649 1815 2764 1869 Deo
2803 1812 2862 1868 in
2896 1813 3102 1884 templo
3133 1810 3319 1884 glorize
3346 1809 3589 1867 caelestis
3614 1810 3781 1867 offer-

2182 1911 2293 1971 tur,
2337 1902 2482 1958 sicut
2521 1901 2790 1958 Dominus
2846 1900 2982 1958 dicit
3038 1901 3096 1956 in
3149 1899 3454 1972 Evangelio
3497 1917 3510 1957 :
3568 1923 3588 1948 ‹
3625 1899 3778 1956 Multi

2181 1994 2328 2050 enim
2352 2001 2483 2050 sunt
2497 1994 2703 2060 vocati,
2717 1993 2875 2066 pauci
2897 2009 3029 2048 vero
3045 1991 3204 2048 electi
3227 1991 3442 2064 (Matth.
3457 2006 3602 2059 xxn,
3621 1991 3730 2064 14).
3745 2017 3761 2041 ι

2179 2085 2366 2142 Sancti
2398 2101 2524 2156 ergo
2554 2083 2930 2156 primitiarum
2976 2097 3128 2138 more
3175 2097 3245 2137 ex
3289 2079 3615 2137 hominibus
3657 2089 3773 2137 sunt

2180 2174 2465 2246 assumpti,
2499 2183 2552 2230 et
2583 2174 2640 2229 in
2671 2174 2879 2232 caelesti
2907 2173 3251 2230 beatitudine
3287 2172 3567 2230 collocati.

2253 2266 2433 2336 (Vcrs.
2467 2265 2546 2337 5.)
2579 2267 2654 2320 Et
2689 2265 2746 2320 in
2770 2283 2860 2320 ore
2889 2281 3070 2320 eorum
3105 2281 3212 2320 non
3239 2270 3315 2320 est
3347 2263 3618 2318 inventum
3644 2279 3766 2318 men-

2180 2355 2410 2410 dacium.
2451 2354 2625 2411 Valde
2656 2353 2881 2411 difﬁcile
2910 2371 3025 2410 esse
3063 2354 3306 2423 videtur,
3340 2353 3489 2427 quod
3535 2353 3759 2420 dicitur;

2179 2451 2306 2498 sunt
2335 2443 2537 2516 quippe
2567 2443 2814 2516 quaedam
2865 2443 3149 2500 mendacia
3195 2443 3356 2499 valde
3400 2442 3613 2514 gravia,
3649 2450 3762 2498 sunt

2177 2533 2285 2588 alia
2339 2550 2458 2606 quae
2513 2532 2657 2588 inter
2716 2533 2859 2589 levia
2903 2541 3124 2605 peccata
3178 2532 3489 2605 deputanda
3545 2541 3689 2599 sunt,
3734 2547 3762 2586 a

2178 2622 2380 2695 quibus
2430 2622 2634 2678 nostris
2680 2623 3024 2695 temporibus
3061 2621 3246 2679 nescio
3293 2623 3340 2677 si
3385 2622 3588 2695 aliquis
3624 2621 3760 2678 omni

2177 2720 2424 2784 tempore
2492 2712 2621 2767 vitae
2681 2729 2792 2768 sua:
2851 2711 3126 2768 abstinere
3185 2711 3377 2783 possit,
3434 2711 3544 2767 nisi
3610 2709 3764 2766 fuerit

2176 2802 2376 2870 infans,
2413 2801 2507 2874 qui
2557 2800 2709 2873 loqui
2741 2799 2975 2871 ignorat.
3006 2802 3128 2858 Non
3176 2800 3360 2872 itaque
3406 2800 3475 2856 de
3522 2799 3767 2856 omnibus

2179 2891 2480 2948 mendaciis
2512 2890 2616 2946 hoc
2644 2890 2856 2947 dictum
2904 2907 3019 2947 esse
3065 2889 3205 2944 mihi
3253 2890 3474 2947 videtur
3518 2909 3529 2946 :
3572 2891 3664 2947 sed
3692 2897 3768 2946 est

2174 2981 2528 3038 mendacium
2557 2981 2718 3036 valde
2749 2980 3155 3052 gravissimum,
3201 2998 3328 3038 cum
3372 2980 3670 3037 mentimur
3712 2995 3769 3033 ea

2175 3088 2294 3145 quae
2317 3071 2375 3126 in
2397 3071 2722 3143 baptismate
2743 3071 3118 3142 promisimus.
3143 3071 3258 3128 Hoc
3277 3088 3405 3143 ergo
3428 3069 3774 3126 mendacium

2176 3163 2236 3220 in
2264 3180 2357 3220 ore
2381 3171 2694 3220 sanctorum
2726 3178 2839 3216 non
2865 3169 2946 3216 est
2976 3161 3265 3218 inventum
3290 3181 3303 3231 ;
3337 3162 3468 3235 quia
3497 3161 3596 3216 hoc
3627 3157 3783 3232 quod

2178 3254 2236 3310 in
2284 3254 2615 3326 baptismate
2660 3253 3053 3325 promiserunt,
3108 3268 3280 3325 usque
3327 3253 3386 3308 in
3434 3252 3595 3307 finem
3647 3250 3782 3306 vitae

2176 3361 2393 3401 servare
2440 3343 2792 3400 studuerunt.
2840 3343 2912 3397 Et
2951 3343 2997 3398 si
3045 3343 3269 3398 fuerunt
3297 3341 3468 3415 aliqui
3515 3339 3609 3414 qui
3655 3347 3780 3412 post

2176 3416 2515 3508 baptismum
2553 3435 2729 3489 multa
2761 3439 2986 3505 peccata
3030 3433 3444 3500 commiserunt,
3485 3439 3679 3488 tamen
3726 3433 3785 3488 in

2177 3542 2270 3582 ore
2299 3541 2490 3581 eorum
2521 3541 2631 3580 non
2661 3531 2743 3580 est
2774 3523 3065 3579 inventum
3096 3522 3445 3579 mendacium
3471 3540 3485 3590 ;
3519 3522 3658 3594 quia
3689 3538 3793 3594 per

2177 3615 2580 3690 pcenitentiam,
2613 3614 3008 3686 charitatisque
3033 3629 3198 3686 opera
3226 3614 3434 3669 malum
3463 3610 3616 3684 quod
3678 3629 3798 3686 ges-

2178 3715 2392 3775 serunt,
2423 3714 2548 3762 ante
2595 3713 2829 3762 mortem
2859 3704 3043 3761 delere
3087 3703 3419 3760 studuerunt
3453 3719 3465 3758 :
3501 3703 3631 3759 Sine
3663 3721 3803 3762 ma-

2179 3797 2302 3852 cula
2347 3796 2483 3851 enim
2529 3801 2670 3852 sunt.
2714 3797 2787 3852 Et
2834 3794 2927 3851 hic
2957 3794 3088 3850 satis
3117 3801 3300 3867 aperte
3329 3793 3707 3863 demonstrat,
3743 3812 3807 3852 ea

2179 3903 2299 3960 quae
2333 3885 2391 3940 in
2419 3885 2523 3943 hac
2552 3885 2786 3942 lectione
2815 3884 3197 3952 continentur,
3228 3900 3340 3939 non
3364 3882 3432 3938 ad
3461 3881 3668 3940 ﬁdeles
3704 3885 3811 3958 qui

2179 3977 2237 4031 in
2284 3977 2386 4034 hac
2431 3976 2546 4032 vita
2579 3975 2850 4044 laborant,
2885 3974 2979 4030 sed
3007 3974 3076 4030 ad
3114 3990 3206 4030 eos
3250 3975 3346 4047 qui
3376 3974 3434 4029 in
3462 3973 3814 4033 ccelestibus

2179 4065 2401 4122 sedibus
2448 4065 2821 4138 requiescunt,
2852 4064 3145 4136 pertinere.
3191 4063 3327 4131 Quis
3374 4063 3519 4118 enim
3563 4061 3640 4120 in
3699 4064 3821 4123 hac

2178 4158 2296 4213 vita
2340 4157 2570 4229 positus,
2618 4158 2736 4213 sine
2783 4157 2998 4213 macula
3037 4171 3152 4212 esse
3200 4154 3430 4228 potest?
3457 4171 3579 4209 cum
3645 4157 3820 4215 idem

2178 4247 2415 4303 Joannes
2453 4247 2604 4304 dicat
2634 4266 2646 4303 :
2693 4272 2711 4296 ι
2741 4246 2798 4302 Si
2829 4244 3136 4302 dixerimus
3184 4243 3316 4317 quia
3352 4251 3650 4316 peccatum
3692 4264 3822 4304 non

2178 4339 2465 4408 habemus,
2495 4355 2596 4394 nos
2626 4338 2772 4410 ipsos
2815 4338 3148 4406 seducimus,
3179 4345 3234 4393 et
3278 4339 3481 4393 veritas
3513 4335 3569 4391 in
3633 4342 3825 4401 nobis

2178 4445 2289 4485 non
2326 4435 2408 4484 est
2450 4430 2507 4500 (Ι
2541 4429 2698 4484 Joan.
2745 4446 2783 4497 1,
2815 4429 2897 4500 8).
2944 4453 2961 4477 ι
3009 4429 3224 4484 Animae
3281 4445 3410 4484 vero
3461 4438 3822 4492 sanctorum

470 4520 650 4575 multo
679 4518 915 4576 inferius
943 4530 1025 4578 est
1053 4540 1214 4595 quam
1256 4497 1472 4595 anima;
1493 4535 1546 4582 et
1587 4524 1710 4582 ideo
1739 4540 1956 4580 necesse
1987 4531 2068 4580 est
2099 4497 2147 4556 D
2177 4519 2297 4575 sine
2327 4519 2541 4575 macula
2584 4526 2748 4586 sunt;
2793 4519 2920 4591 quia
2949 4519 2994 4574 si
3023 4536 3157 4591 quas
3186 4519 3373 4575 sordes
3400 4535 3467 4574 ex
3501 4523 3821 4581 mundana

471 4616 538 4666 ut
566 4625 599 4664 a
630 4608 830 4682 spiritu
861 4619 1080 4684 regatur
1114 4621 1275 4687 atque
1319 4615 1592 4683 dometur,
1641 4615 1864 4689 ejusque
1913 4617 2068 4672 desi-

468 4699 622 4755 deria
661 4699 1006 4773 frangantur.
1053 4703 1212 4771 Quod
1247 4704 1376 4777 quia
1413 4705 1588 4762 sancti
1631 4705 1806 4762 facere
1851 4706 2070 4762 studue-

469 4797 621 4857 runt,
672 4805 784 4845 non
823 4800 953 4848 sunt
995 4791 1338 4866 coinquinati
1368 4811 1494 4851 cum
1525 4795 1850 4852 mulieribus
1883 4814 1897 4863 ;
1943 4797 2073 4869 quia

471 4893 541 4934 ex
582 4875 977 4949 conjunctione
1006 4899 1298 4954 corporum
1330 4885 1510 4941 nullas
1541 4886 1726 4942 sordes
1759 4891 2067 4954 traxerunt,

469 4982 539 5022 ex
591 4967 794 5040 quibus
837 4969 1014 5025 Deum
1057 4971 1226 5026 nimis
1275 4973 1630 5031 offenderent.
1682 4973 1732 5030 Ii
1782 4981 2072 5044 sequuntur

462 5056 677 5128 Agnum
715 5073 1024 5129 quocunque
1082 5058 1290 5116 abierit.
1342 5062 1462 5130 Quo
1501 5063 1674 5132 vadit,
1733 5063 1828 5135 qui
1886 5062 2071 5118 omnia

466 5145 682 5222 implet,
721 5155 774 5205 et
822 5156 972 5206 totus
1021 5147 1227 5222 ubique
1272 5159 1354 5208 est
1392 5153 1420 5209 ‘f
1455 5153 1563 5210 Sed
1606 5153 2070 5227 quemadmodum

465 5237 656 5308 vadat,
685 5239 984 5312 Apostolus
1013 5239 1174 5298 docet
1216 5240 1407 5301 dicens
1438 5260 1450 5299 ε
1508 5268 1527 5292 ‹
1555 5244 1659 5302 Cui
1699 5245 1820 5299 vult
1849 5243 2070 5300 misere-

461 5330 579 5398 tur,
621 5337 676 5387 et
710 5347 873 5405 quem
904 5332 1027 5388 vult
1069 5331 1296 5390 indurat
1331 5332 1507 5405 (Rom.
1561 5351 1639 5403 1x,
1685 5334 1800 5405 18).
1843 5357 1862 5383 ι
1903 5334 2070 5392 Vadit

466 5417 654 5495 itaque
679 5420 828 5479 Deus
871 5421 1184 5481 miserando
1214 5421 1568 5497 quibusdam,
1597 5429 1650 5481 et
1677 5438 1709 5480 a
1738 5423 2068 5496 quibusdam

2180 4611 2523 4668 habitatione
2567 4619 2984 4679 contraxerunt,
3017 4620 3110 4666 aut
3156 4628 3252 4682 per
3299 4610 3707 4682 pcenitentiam
3761 4625 3821 4672 et

2179 4701 2471 4774 lacrymas,
2499 4701 2894 4774 charitatisque
2925 4718 3112 4773 opera,
3141 4710 3235 4757 aut
3282 4718 3378 4772 per
3421 4699 3678 4772 ﬂagella,
3713 4713 3819 4762 aut

2177 4803 2324 4853 certe
2357 4802 2477 4866 post
2504 4802 2739 4850 mortem
2770 4794 2895 4866 igne
2924 4795 3239 4866 purgatorio
3268 4793 3456 4849 deleta:
3487 4803 3657 4850 sunt.

2249 4884 2381 4941 Dixi
2411 4884 2555 4957 quod
2577 4885 2743 4940 sensi.
2767 4884 2922 4950 Quod
2944 4884 2988 4938 si
3013 4886 3136 4956 quis
3159 4890 3372 4938 textum
3398 4880 3563 4953 hujus
3596 4882 3814 4942 lectio-

2179 4973 2266 5029 nis
2295 4973 2364 5029 ad
2396 4984 2719 5046 przesentem
2749 4973 3051 5030 Ecclesiam
3095 4973 3392 5031 transferre
3431 4973 3721 5042 voluerit,
3757 4985 3814 5033 et

2180 5080 2276 5136 per
2305 5074 2526 5121 centum
2559 5064 2923 5137 quadraginta
2954 5071 3188 5137 quatuor
3219 5065 3416 5132 millia,
3449 5071 3543 5118 aut
3571 5066 3812 5134 praedi-

2178 5161 2412 5224 catores,
2455 5162 2549 5211 aut
2578 5162 2801 5211 caeteros
2841 5153 3020 5225 justos
3069 5154 3126 5209 in
3175 5153 3279 5210 hac
3321 5154 3503 5210 adhuc
3531 5152 3662 5209 vita.
3694 5156 3811 5212 de—

2179 5252 2364 5317 gentes
2398 5264 2409 5300 :
2443 5261 2540 5317 per
2582 5261 2789 5301 novum
2821 5261 2952 5300 vero
2981 5244 3259 5301 canticum
3291 5243 3438 5317 quod
3469 5259 3637 5298 nemo
3687 5246 3806 5302 nisi

2177 5333 2286 5407 ipsi
2327 5334 2430 5390 soli
2477 5333 2659 5391 dicere
2708 5342 2980 5408 poterant,
3020 5334 3387 5406 Evangelium
3432 5333 3806 5404 designatum

2179 5441 2296 5482 esse
2325 5426 2635 5495 censuerit;
2669 5427 2968 5501 perpendat
2995 5433 3244 5485 sanctum
3274 5425 3649 5499 Evangelimn
3683 5443 3805 5483 non

540 5638 658 5714 (30)
711 5640 914 5700 Omnes
957 5642 1118 5716 edit.,
1162 5643 1223 5702 de
1268 5644 1468 5705 cceteris
1514 5647 1758 5706 sordibus
1801 5688 1819 5716 ,
1877 5662 2067 5708 omnes
2115 5663 2269 5718 mss.,
2302 5649 2363 5708 de
2393 5651 2594 5708 steteris
2616 5649 2912 5710 ordinibus.
