4060 6208
325 292 427 348 977

1233 288 1688 346 BERENGAUDI
1726 284 2100 343 EXPOSITIO
2135 286 2208 344 IN
2243 285 2748 345 APOCALYPSIN.

3519 291 3627 350 978

323 418 502 474 solum
531 417 598 472 ab
626 416 835 485 electis,
865 431 1058 471 verum
1102 421 1156 470 et
1194 431 1225 469 a
1265 413 1512 487 reprobis
1546 429 1685 486 saepe
1713 411 1907 485 praedi-
1937 411 1989 470 A
2017 411 2308 484 signiﬁcat.
2339 411 2447 480 Qui
2476 413 2840 486 Evangelium
2871 420 3137 472 aeternum
3191 413 3452 473 habuisse
3483 416 3619 474 dici-

322 507 455 574 cari,
487 507 554 562 de
583 507 784 579 quibus
816 503 1116 562 Dominum
1151 504 1210 559 in
1231 504 1536 575 Evangelio
1563 503 1771 559 dixisse
1802 518 1915 558 cre~

320 597 504 654 dimus
539 614 550 652 :
599 621 618 644 α
646 596 808 654 Multi
846 596 1031 652 dicent
1072 595 1212 651 mihi
1260 595 1319 650 in
1365 595 1462 650 illa
1503 594 1613 662 die,
1657 593 1912 662 Domine,

317 689 573 758 Domine,
607 705 790 745 nonne
819 687 876 742 in
903 688 1124 743 nomine
1154 695 1250 742 tuo
1281 685 1752 758 prophetat-imus,
1780 691 1834 740 et
1855 683 1914 738 in

320 781 544 837 nomine
572 788 669 836 tuo
706 777 979 836 daemonia
1004 779 1178 833 multa
1206 775 1488 847 ejecimus,
1519 784 1572 832 et
1603 776 1662 831 in
1689 773 1913 830 nomine

317 878 414 926 tuo
467 870 703 926 virtutes
747 868 952 923 multas
1001 867 1280 924 fecimus?
1323 867 1394 922 Et
1429 876 1564 923 tunc
1607 865 1912 921 conﬁtebor

318 958 464 1014 illis:
520 959 696 1013 Amen
753 957 877 1013 dico
913 956 1093 1023 vobis,
1145 955 1330 1011 nescio
1379 972 1496 1011 vos.
1548 955 1823 1011 Discedite
1880 971 1912 1009 a

319 1063 427 1114 me,
455 1063 645 1102 omnes
663 1044 1224 1118 operariiiniquitatis
1248 1046 1460 1117 (Matth.
1488 1062 1586 1113 vn,
1617 1044 1704 1113 22,
1729 1043 1846 1115 23).
1877 1069 1894 1092 ι

312 1140 391 1194 De
421 1138 624 1194 talibus
655 1138 820 1192 etiam
848 1137 1052 1192 Paulus
1065 1136 1344 1208 apostolus
1368 1136 1634 1208 loquitur,
1666 1135 1856 1191 dicens
1889 1152 1901 1190 :

328 1252 347 1276 ‹
374 1228 517 1284 Sunt
546 1227 640 1299 qui
679 1243 777 1299 per
795 1227 1206 1283 contentionem
1239 1225 1518 1283 Christum
1549 1225 1902 1292 annuntiant,

311 1335 424 1374 non
465 1318 713 1386 sincere,
765 1319 1143 1374 existimantes
1184 1333 1241 1372 se
1283 1332 1592 1388 pressuram
1640 1317 1905 1372 suscitare

310 1408 550 1464 vinculis
595 1408 728 1462 meis
787 1408 1048 1479 (Philipp.
1097 1425 1135 1475 Ι,
1196 1407 1308 1478 17).
1355 1431 1372 1455 ιι
1437 1406 1492 1462 Si
1541 1405 1666 1478 quis
1721 1412 1902 1461 autem

306 1497 504 1553 seriem
550 1497 804 1552 lectionis
851 1495 1019 1566 hujus
1065 1495 1132 1551 ad
1172 1496 1457 1567 prasentis
1481 1495 1749 1567 temporis
1776 1494 1904 1550 vir-

307 1590 457 1662 gines
514 1588 788 1661 pertinere
843 1588 1126 1656 sanxerit,
1183 1588 1249 1644 ad
1305 1604 1397 1643 eos
1450 1587 1710 1644 videlicet
1767 1603 1902 1659 quos

305 1697 459 1736 amor
526 1679 628 1736 Dei
694 1679 763 1736 ad
838 1677 1169 1751 integritatis
1222 1678 1566 1746 custodiam,
1627 1677 1902 1750 adjunctis

2022 516 2149 576 tur;
2182 508 2312 581 quia
2351 508 2603 565 doctrina
2644 509 2932 582 Evangelii
2978 526 3011 566 a
3051 508 3294 580 Christo,
3334 511 3620 584 apostolis,

2022 597 2342 672 caeterisque
2366 597 2814 670 praedicatoribus
2849 597 2976 654 data
3022 605 3122 666 est,
3167 615 3330 672 quam
3363 601 3620 673 gentibus

2023 687 2400 758 praedicarent.
2439 687 2546 756 Qui
2574 685 2936 760 Evangelium
2968 695 3231 743 aeternum
3255 704 3369 745 esse
3387 689 3618 762 dicitur,

2022 777 2151 848 quia
2178 777 2539 833 aeternitatem
2569 784 2789 849 praestat
2807 776 3067 832 omnibus
3087 775 3420 833 facientibus
3453 780 3615 838 illud.

2022 867 2179 936 Quod
2227 868 2395 924 etiam
2435 885 2599 941 super
2638 877 2840 924 terram
2885 868 3200 925 sedentibus
3253 869 3617 941 pradicatum

2020 971 2134 1011 esse
2176 956 2415 1026 dicitur;
2458 965 2644 1029 gentes
2692 974 2928 1030 namque
2990 957 3192 1031 quibus
3245 959 3616 1033 Evangelium

2018 1046 2375 1117 praedicatum
2399 1056 2500 1116 est,
2523 1047 2666 1102 nihil
2683 1047 2835 1104 aliud
2855 1064 3019 1122 quam
3039 1057 3240 1105 terram
3273 1050 3614 1123 quaerebant,

2017 1140 2295 1208 totamque
2321 1179 2326 1184 .
2350 1136 2596 1209 requiem
2627 1153 2782 1192 suam
2820 1137 2879 1192 in
2928 1145 3070 1194 terra
3113 1146 3432 1210 posuerant.
3464 1141 3612 1211 Quid

2014 1235 2196 1283 autem
2228 1228 2329 1283 iste
2356 1229 2580 1300 angelus
2609 1228 2887 1300 praedicet,
2921 1229 3232 1287 audiamus.

2089 1325 2270 1396 (Vers.
2303 1326 2380 1397 7.)
2423 1326 2612 1381 Timete
2631 1327 2939 1395 Dominum,
2968 1333 3017 1382 et
3057 1327 3176 1382 date
3201 1326 3290 1383 illi
3325 1329 3611 1396 honorem;

2013 1414 2140 1485 quia
2168 1415 2311 1470 venit
2337 1417 2472 1471 hora
2504 1415 2701 1485 judicii
2754 1416 2867 1486 ejus
2922 1423 2971 1472 et
3007 1417 3228 1473 ador'ate
3260 1434 3376 1474 eum
3406 1418 3501 1491 qui
3531 1418 3608 1489 fe-

2011 1505 2081 1558 cit
2101 1506 2284 1559 cretum
2312 1511 2360 1560 et
2385 1512 2604 1572 terram,
2651 1523 2798 1562 mare
2835 1512 2884 1562 et
2924 1506 3095 1577 fontes
3133 1524 3420 1579 aquarum.
3464 1507 3607 1566 Con-

2012 1593 2298 1649 venienter
2328 1594 2583 1650 timorem
2612 1596 2837 1651 Domini
2884 1596 3064 1668 primo
3094 1597 3299 1669 posuit,
3337 1606 3392 1654 et
3419 1607 3606 1670 postea

2011 1681 2320 1750 honorem;
2350 1683 2521 1739 timor
2566 1685 2770 1741 etenim
2816 1685 3041 1741 Domini
3088 1687 3158 1742 ad
3219 1688 3604 1760 paenitentiam

303 1770 514 1828 caeteris
556 1770 718 1826 bonis
762 1769 1040 1842 operibus,
1089 1768 1333 1842 quotidie
1382 1769 1654 1842 impellit,
1705 1787 1897 1827 sanum
1933 1775 1980 1836 B
2013 1771 2252 1845 impellit
2272 1771 2593 1830 hominem:
2627 1774 2954 1846 paenitentia
2984 1791 3116 1832 vero
3149 1775 3218 1832 ad
3263 1777 3410 1834 bona
3441 1795 3608 1851 opera

303 1860 443 1916 mihi
477 1862 534 1916 in
564 1861 671 1917 hoc
690 1859 910 1917 videtur
939 1859 1216 1932 possidere
1236 1875 1458 1915 sensum
1485 1875 1497 1913 :
1529 1860 1623 1914 sed
1653 1861 1899 1917 animad-

301 1957 514 2006 vertere
560 1949 721 2006 debet
763 1965 876 2005 non
921 1964 1076 2021 posse
1106 1947 1240 2004 huic
1265 1947 1450 2003 sensui
1477 1949 1798 2017 convenire,
1833 1959 1896 2006 ut

301 2066 396 2122 per
423 2049 701 2106 canticum
729 2065 936 2104 novum
971 2048 1026 2102 in
1057 2046 1164 2103 hoc
1193 2047 1314 2103 loco
1339 2047 1708 2121 Evangelium
1738 2048 1898 2104 intel-

298 2139 464 2211 ligat;
511 2138 605 2194 sed
637 2138 820 2210 potius
867 2135 1126 2209 gaudium
1170 2136 1456 2208 spiritale,
1507 2137 1656 2210 quod
1703 2137 1780 2193 eis
1828 2155 1897 2193 ex

297 2227 547 2286 custodia
588 2227 924 2299 virginitatis
975 2227 1257 2283 accrescit.
1307 2229 1505 2284 Nullus
1553 2228 1726 2300 igitur
1769 2245 1895 2285 can-

298 2318 468 2376 ticum
524 2335 734 2374 novum
793 2319 974 2374 dicere
1029 2325 1230 2391 potest,
1270 2318 1377 2374 nisi
1434 2317 1518 2374 illi
1575 2320 1717 2386 soli;
1765 2320 1894 2391 quia

295 2411 554 2484 gaudium
597 2409 934 2482 virginitatis
981 2411 1169 2465 nullus
1225 2409 1425 2465 habere
1465 2411 1747 2481 praevalet,
1782 2410 1890 2465 nisi

295 2500 398 2557 soli
447 2500 541 2572 qui
590 2498 733 2555 hanc
775 2499 986 2555 caeteris
1031 2498 1194 2554 bonis
1250 2498 1505 2570 operibus
1562 2506 1887 2555 exornatam

294 2590 540 2662 quotidie
567 2592 680 2646 Deo
715 2589 908 2644 offerre
959 2595 1348 2645 consuescunt.
1402 2586 1672 2644 Similiter
1701 2596 1755 2644 et
1793 2588 1890 2662 qui

294 2677 436 2735 hanc
467 2678 794 2734 sententiam
825 2678 902 2733 eis
932 2686 1116 2749 aptare
1149 2676 1409 2745 voluerit,
1446 2677 1540 2750 qui
1567 2694 1690 2733 cum
1722 2678 1888 2750 virgi-

293 2769 482 2824 nitatis
520 2769 699 2840 palma
745 2767 812 2823 ad
853 2767 1093 2824 coelestia
1147 2782 1313 2839 regna
1359 2766 1473 2839 jam
1523 2768 1888 2824 conscendere

292 2865 631 2926 meruerunt,
687 2874 717 2912 a
769 2865 918 2913 recto
967 2857 1264 2915 intellectu
1296 2874 1410 2912 non
1439 2856 1712 2929 discrepat
1743 2880 1755 2927 ;
1791 2859 1885 2914 sed

291 2948 428 3006 sciat
479 2966 593 3005 non
645 2949 943 3006 convenire
989 2948 1120 3006 huic
1171 2947 1376 3014 sensui,
1425 2956 1486 3004 ut
1535 2964 1630 3019 per
1677 2965 1884 3003 novum

291 3040 587 3108 canticum,
647 3041 872 3113 aliquod
926 3039 1203 3096 canticum
1264 3038 1412 3109 quod
1466 3052 1620 3103 voce,
1675 3037 1881 3109 lingua,

2008 1866 2218 1935 agenda
2246 1881 2372 1920 eum
2414 1872 2698 1937 provocat.
2752 1864 3028 1920 Honorem
3076 1865 3262 1938 itaque
3297 1867 3411 1923 Deo
3445 1865 3607 1924 defe-

2007 1952 2206 2022 rimus,
2239 1970 2366 2010 cum
2386 1954 2533 2010 bona
2551 1969 2715 2025 opera
2751 1951 2986 2024 agimus,
3017 1952 3161 2010 sicut
3188 1953 3306 2026 ipse
3333 1954 3605 2012 Dominus

2007 2040 2179 2098 dicit:
2226 2065 2245 2089 ‹
2275 2042 2515 2101 Videant
2559 2059 2723 2116 Opera
2759 2051 2942 2099 vestra
2981 2041 3144 2112 bona,
3195 2050 3250 2100 et
3295 2043 3606 2116 gloriﬁcent

2007 2134 2221 2188 Patrem
2251 2141 2498 2190 vestrum
2532 2134 2624 2207 qui
2657 2133 2716 2189 in
2759 2135 2914 2191 caelis
2944 2141 3024 2190 est
3059 2135 3271 2206 (Matth.
3305 2152 3363 2204 v,
3411 2135 3525 2208 16).
3571 2162 3590 2186 ι

2007 2224 2152 2279 Hora
2172 2240 2303 2279 vero
2333 2223 2530 2296 judicii
2560 2241 2630 2281 ex
2659 2232 2792 2282 tunc
2828 2224 3078 2296 incoepit,
3115 2240 3184 2279 ex
3214 2241 3324 2297 quo
3353 2226 3600 2298 Evange-

2006 2313 2141 2368 lium
2174 2301 2459 2384 praedicafi
2489 2314 2674 2386 erepit.
2703 2313 2792 2370 Illi
2822 2313 3000 2386 igitur
3015 2314 3215 2370 acriter
3243 2314 3301 2370 in
3332 2313 3422 2371 die
3441 2313 3592 2387 judi-

2003 2403 2075 2459 cii
2100 2401 2520 2474 judicabuntur,
2555 2404 2650 2477 qui
2691 2403 2921 2460 verbum
2969 2403 3257 2476 Evangelii
3287 2403 3594 2475 audientes,

2003 2493 2250 2566 illudque
2271 2502 2612 2566 spernentes,
2655 2493 2819 2550 ﬁdem
2863 2493 3070 2553 Christi
3102 2495 3378 2566 suscipere
3407 2496 3595 2551 nolue-

1999 2591 2149 2639 runt.
2183 2584 2452 2640 Similiter
2475 2592 2528 2640 et
2549 2583 2632 2639 illi
2663 2584 2756 2656 qui
2785 2591 3144 2655 susceperunt
3171 2583 3394 2655 quidem
3426 2584 3594 2640 ﬁdem

2001 2671 2230 2741 Christi,
2277 2673 2371 2728 sed
2425 2688 2544 2728 eam
2585 2672 2842 2744 operibus
2873 2669 3101 2744 implere
3139 2672 3466 2740 noluerunt;
3500 2673 3593 2729 cui

1999 2760 2148 2815 enim
2174 2760 2298 2832 plus
2319 2760 2708 2827 committitur,
2732 2761 2858 2832 plus
2886 2758 2954 2815 ab
2977 2775 3042 2814 eo
3073 2758 3342 2830 exigetur.
3371 2760 3450 2815 De
3479 2758 3594 2816 illis

1996 2857 2179 2905 autem
2212 2850 2308 2923 qui
2339 2849 2570 2906 verbum
2625 2848 2726 2905 Dei
2785 2865 2896 2904 non
2947 2847 3264 2916 audierunt,
3319 2849 3592 2906 Dominus

1995 2939 2132 2996 dicit
2161 2938 2219 2994 in
2249 2939 2588 3012 Evangelio:
2626 2961 2645 2988 ι
2675 2936 2782 3008 Qui
2809 2954 2922 2995 non
2941 2937 3139 3005 credit,
3165 2937 3284 3012 jam
3307 2936 3592 3012 judicatus

1995 3037 2075 3087 est
2107 3030 2288 3102 (Joan.
2322 3047 2408 3099 III,
2437 3029 2550 3102 18).
2593 3052 2613 3078 ι

291 3129 453 3185 labiis
487 3130 743 3202 componi
779 3137 974 3201 potest,
1025 3128 1340 3199 intelligat:
1380 3125 1472 3181 sed
1512 3125 1696 3197 potius
1718 3127 1883 3198 virgi-
1917 3139 1961 3201 α
2062 3130 2250 3201 (Vers.
2278 3129 2359 3203 8.)
2415 3131 2490 3186 Et
2543 3129 2764 3185 adorata
2809 3145 2944 3198 eum,
2993 3128 3085 3200 qui
3135 3127 3259 3201 fecit
3305 3130 3490 3186 caelum
3544 3137 3595 3186 et

291 3220 480 3276 nitatis
509 3221 821 3292 praemium,
859 3217 1006 3292 quod
1051 3235 1081 3272 a
1126 3217 1362 3273 Domino
1392 3216 1721 3271 {eternaliter
1751 3234 1883 3289 per—

290 3309 470 3382 cipere
501 3318 798 3364 merentur.
832 3309 1055 3379 Hocque
1086 3305 1360 3362 canticum
1395 3307 1602 3374 nullus,
1651 3306 1758 3362 nisi
1797 3307 1884 3362 illi

290 3401 417 3469 soli,
456 3400 635 3456 dicere
673 3407 848 3471 potest
871 3418 886 3467 ;
911 3399 1041 3472 quia
1068 3397 1400 3470 virginitatis
1429 3399 1716 3470 praemium
1747 3400 1882 3454 nul-

292 3491 377 3545 lus
408 3489 658 3561 percipit,
692 3489 797 3545 nisi
829 3490 925 3562 qui
971 3489 1113 3544 hanc
1162 3488 1220 3544 in
1259 3489 1459 3546 saeculo
1509 3489 1698 3562 positi,
1732 3489 1884 3544 inte-

291 3587 498 3636 merata
541 3587 722 3635 mente
770 3596 868 3653 pro
917 3578 1125 3636 Christi
1172 3595 1355 3634 amore
1399 3595 1615 3635 servare
1663 3579 1882 3634 studue-

289 3669 421 3725 rint.
459 3671 538 3726 De
581 3669 784 3726 talibus
829 3667 1094 3741 propheta
1139 3669 1304 3724 Isaias
1351 3669 1615 3742 loquitur,
1645 3667 1832 3724 dicens
1866 3684 1877 3722 :

300 3780 320 3806 ι
359 3760 486 3816 Hac
516 3759 654 3816 dicit
690 3759 961 3816 Dominus
999 3759 1269 3816 eunuchis
1304 3776 1316 3814 :
1368 3758 1474 3826 Qui
1521 3757 1883 3815 custodierint

286 3847 510 3905 sabbata
555 3865 694 3917 mea,
729 3854 784 3903 et
830 3848 1091 3920 elegerint
1121 3865 1241 3921 quae
1284 3848 1457 3916 volui,
1507 3857 1562 3905 et
1605 3847 1883 3904 tenuerint

287 3937 468 3994 fthllS
506 3954 712 4007 meum,
757 3937 896 3994 dabo
947 3938 1026 3995 eis
1073 3939 1131 3994 in
1162 3939 1326 3995 domo
1356 3954 1496 4006 mea,
1539 3945 1593 3994 et
1621 3937 1678 3992 in
1708 3937 1882 3992 muris

287 4028 425 4085 meis
452 4029 669 4096 locum,
713 4037 765 4084 et
798 4044 998 4084 nomen
1043 4028 1242 4085 melius
1287 4045 1318 4084 a
1363 4028 1497 4083 ﬁliis
1541 4035 1594 4083 et
1639 4026 1878 4095 ﬁliabus,

290 4137 494 4177 nomen
542 4120 942 4193 sempiternum
985 4120 1127 4177 dabo
1169 4120 1270 4190 eis,
1324 4120 1471 4194 quod
1521 4135 1634 4176 non
1681 4117 1882 4191 peribit

289 4211 425 4283 (Isa.
452 4230 563 4280 va,
599 4212 652 4282 4,
683 4213 764 4284 5).
797 4237 817 4264 ›

359 4301 543 4373 (Vers.
577 4301 658 4373 6.)
689 4303 764 4358 Et
801 4301 914 4357 uidi
960 4301 1191 4357 alterum
1220 4301 1462 4372 angelum
1501 4301 1764 4358 volantem
1783 4317 1882 4372 per

285 4391 517 4448 medium
555 4392 762 4459 caelum,
814 4391 1080 4447 habentem
1125 4390 1475 4461 Evangelium
1505 4397 1791 4454 wternum;
1824 4394 1883 4443 ut

284 4483 671 4556 euangelizaret
723 4483 1012 4539 sedentibus
1048 4499 1208 4556 super
1255 4490 1471 4552 terram,
1503 4488 1551 4538 et
1590 4499 1746 4554 super
1774 4497 1879 4537 om-

288 4545 439 4629 nemv
463 4579 680 4644 gentem,
739 4579 786 4629 et
846 4574 1059 4642 tribum,
1109 4545 1164 4628 et
1203 4545 1468 4645 linguam,
1509 4578 1557 4627 et
1598 4545 1878 4644 populum,
1906 4545 1956 4604 Β

289 4662 542 4718 dicentem
610 4679 728 4717 voce
790 4680 1002 4733 magna.
1071 4665 1274 4720 Iterum
1326 4663 1596 4719 universa.
1638 4661 1880 4717 breviter

285 4753 764 4826 comprehendit;
821 4771 948 4810 nam
1005 4756 1147 4813 sicut
1213 4757 1466 4828 superius
1543 4771 1670 4812 cum
1736 4754 1881 4809 mala

284 4843 620 4900 Antichristi
666 4860 886 4900 narrare
922 4845 1111 4914 vellet,
1144 4845 1210 4900 ab
1249 4847 1490 4903 adventu
1541 4847 1744 4906 Christi
1779 4847 1879 4903 in—

287 4931 533 5002 choavit,
566 4933 1078 5007 persecutionesque
1116 4951 1250 5007 quas
1298 4935 1543 4992 Ecclesia
1589 4954 1620 4992 a
1658 4937 1878 4993 diabolo

287 5040 446 5096 passa
473 5031 575 5093 est,
608 5024 759 5097 prius
786 5039 1014 5079 narrans
1043 5023 1111 5078 ad
1140 5024 1545 5080 Antichristum
1577 5026 1826 5098 pervenit
1860 5041 1874 5081 :

285 5114 363 5172 ita
393 5123 446 5171 et
474 5115 567 5172 hic
597 5115 742 5171 diem
783 5114 985 5187 judicii
1032 5114 1338 5172 describere
1381 5116 1634 5187 cupiens,
1690 5115 1756 5171 ab
1787 5115 1879 5171 ad-

286 5213 462 5262 ventu
490 5205 698 5263 Christi
731 5205 976 5271 inchoat,
1020 5213 1182 5277 atque
1226 5206 1328 5262 sub
1382 5205 1559 5276 specie
1590 5205 1759 5262 trium
1786 5223 1878 5262 an-

286 5296 537 5368 gelorum
587 5301 786 5352 cuncta
842 5300 986 5358 555
1031 5294 1272 5350 breviter
1311 5293 1580 5366 replicans
1619 5295 1760 5368 (31),
1811 5296 1879 5353 ad

287 5397 434 5455 diem
465 5395 666 5472 judicii
694 5394 964 5469 pervenit.
989 5396 1096 5452 Iste
1123 5395 1324 5468 quippe
1357 5394 1580 5466 angelus
1595 5394 1877 5453 Christum

287 5499 343 5547 et
399 5489 677 5564 apostolos
721 5486 859 5560 ejus,
900 5495 1232 5560 caeterosque
1260 5483 1466 5543 Christi
1496 5485 1878 5558 praedicatores

363 5680 479 5754 (31)
524 5681 606 5738 Ita
644 5696 814 5749 mss.;
846 5677 980 5737 edit.
1017 5693 1170 5746 vero,
1202 5683 1386 5734 cuncta
1425 5677 1874 5750 eomprehendens.

1998 3225 2214 3288 ter-ram,
2243 3226 2292 3274 et
2319 3236 2466 3275 mare
2489 3225 2536 3275 et
2555 3218 2724 3289 fontes
2752 3236 3041 3290 aqua-rum,
3071 3218 3129 3274 id
3158 3227 3261 3288 est,
3292 3218 3590 3294 relinquite

1993 3307 2141 3364 idola
2171 3309 2355 3378 surda,
2397 3316 2570 3377 muta,
2625 3316 2680 3364 et
2703 3323 2882 3376 'caaca,
2925 3316 2978 3364 et
3028 3306 3251 3364 adorato
3307 3323 3432 3364 eum
3492 3308 3590 3381 qui

1991 3404 2190 3454 cuncta
2220 3397 2351 3455 fecit
2390 3414 2459 3452 ex
2498 3397 2697 3453 nihilo.
2747 3399 2821 3454 Et
2865 3398 3007 3453 alius
3035 3398 3250 3468 angelus
3274 3403 3586 3468 prosecutus

1991 3495 2086 3558 est,
2134 3488 2325 3545 dicens.
2385 3487 2547 3544 Alius
2605 3487 2830 3560 angelus
2861 3485 3112 3542 doctores
3153 3486 3436 3556 Ecclesiae,
3466 3487 3584 3559 qui,

1991 3578 2166 3635 ﬁnitis
2195 3576 2689 3650 persecutionibus,
2736 3577 3042 3633 Ecclesiam
3088 3576 3188 3632 Dei
3237 3577 3586 3650 gubernave-

1991 3677 2143 3734 runt,
2173 3667 2438 3740 designat.
2489 3667 2703 3735 Cecidit,
2747 3667 2933 3722 cecidit
2967 3667 3209 3737 Babylon
3235 3683 3450 3739 magna.
3482 3667 3585 3723 Per

1990 3757 2358 3830 Babylonem,
2409 3757 2553 3815 sicut
2583 3756 2835 3829 superius
2854 3755 3122 3824 diximus,
3147 3755 3346 3813 civitas
3374 3755 3583 3812 diaboli

1991 3848 2331 3920 designatur,
2351 3865 2471 3921 qua:
2502 3865 2573 3904 ex
2592 3847 2851 3904 omnibus
2879 3847 3066 3919 impiis
3097 3854 3330 3904 constat.
3364 3846 3585 3905 Cecide-

1991 3947 2073 3996 rat
2102 3947 2307 4007 autem,
2341 3938 2469 4011 quia
2498 3938 2678 3994 omnis
2706 3939 2924 3995 cultura
2951 3937 3262 3994 daemonum
3292 3952 3390 4009 per
3416 3937 3583 3994 ﬁdem

1990 4027 2196 4085 Christi
2225 4028 2404 4084 deleta
2431 4027 2629 4084 fuerat.
2662 4028 2734 4083 Et
2763 4026 2848 4083 bis
2875 4026 3138 4085 cecidisse
3176 4025 3418 4092 dicitur;
3452 4025 3586 4097 quia

1989 4134 2063 4173 ex.
2086 4125 2238 4189 parte
2267 4124 2702 4188 persecutorum,
2736 4123 2790 4171 et
2834 4131 2905 4171 ex
2934 4123 3087 4186 parte
3115 4115 3346 4170 culturae
3374 4112 3582 4169 diabo-

1991 4206 2111 4263 licae
2159 4206 2451 4264 ceciderat.
2513 4208 2640 4273 Quia
2683 4223 2718 4261 a
2773 4205 2895 4260 vino
2921 4204 3020 4260 ira:
3045 4220 3154 4259 sua:
3177 4202 3385 4274 potavit
3405 4219 3582 4258 omnes

1988 4302 2174 4367 gentes.
2222 4295 2431 4354 Vinum
2473 4295 2567 4350 irae
2599 4310 2810 4350 errores
2857 4300 2986 4348 sunt
3028 4292 3341 4365 gentilium,
3380 4292 3582 4366 quibus

1987 4386 2162 4440 Deum
2188 4384 2256 4440 ad
2295 4384 2640 4441 iracundiam
2671 4390 3110 4454 provocaverunt
3141 4398 3152 4438 :
3184 4380 3281 4437 sed
3310 4398 3437 4439 cum
3466 4383 3583 4440 Ba-

1987 4476 2159 4549 bylon
2205 4476 2350 4532 nihil
2401 4477 2474 4534 sit
2524 4474 2675 4532 aliud
2713 4489 2877 4548 quam
2926 4489 3116 4530 omnes
3153 4481 3360 4546 gentes,
3415 4473 3472 4530 id
3500 4481 3583 4532 est

1987 4582 2177 4622 omnes
2218 4566 2460 4639 reprobi,
2498 4565 2774 4639 quomodo
2804 4580 2994 4621 omnes
3039 4570 3226 4636 gentes
3253 4581 3284 4622 a
3322 4564 3458 4621 vino
3483 4565 3582 4622 irae

1989 4671 2099 4712 suae
2129 4655 2390 4727 potavit?
2416 4655 2624 4714 Verum
2654 4671 2782 4712 cum
2833 4670 2980 4710 unus
3025 4654 3258 4710 alterum
3288 4652 3500 4724 docuit,
3528 4661 3584 4710 et

1989 4746 2084 4802 ille
2137 4746 2385 4815 tertium,
2432 4756 2486 4803 et
2527 4746 2721 4803 tertius
2769 4752 3044 4818 quartum,
3092 4751 3146 4799 et
3189 4743 3267 4799 ita
3297 4743 3356 4799 in
3391 4758 3582 4799 omnes

1990 4834 2244 4892 homines
2276 4851 2427 4892 error
2476 4834 2783 4891 diabolicus
2830 4833 3072 4902 transiit,
3105 4832 3300 4906 utique
3329 4831 3581 4906 Babylon

1988 4942 2178 4983 omnes
2217 4936 2402 4999 gentes
2429 4926 2562 4981 vino
2594 4926 2687 4980 irae
2717 4925 2818 4981 Dei
2847 4925 3080 4998 potavit.

2061 5025 2242 5097 (Vers.
2291 5026 2344 5094 9,
2380 5024 2492 5097 10.)
2524 5026 2600 5081 Et
2623 5025 2839 5096 angelus
2879 5024 3062 5079 tertius
3093 5029 3296 5079 secutus
3336 5028 3409 5079 est
3438 5023 3581 5088 illos,

1986 5115 2159 5170 dicens
2203 5133 2322 5171 voce
2357 5131 2587 5186 magna:
2647 5113 2706 5170 Si
2758 5113 2878 5184 quis
2929 5113 3235 5169 adoraverit
3277 5112 3491 5169 bestiam
3538 5117 3586 5164 et

1986 5207 2266 5280 imaginem
2320 5206 2453 5277 ejus,
2515 5212 2563 5261 et
2630 5205 2886 5278 acceperit
2944 5207 3300 5262 characterem
3351 5201 3464 5272 ejus
3525 5202 3583 5256 in

1986 5297 2164 5369 fronte
2192 5315 2310 5367 sua,
2344 5303 2441 5354 aut
2484 5297 2543 5353 in
2589 5311 2875 5353 manu'sua
2897 5312 2918 5361 ;
2955 5300 3003 5350 et
3044 5293 3127 5349 hic
3170 5293 3307 5350 bibet
3358 5293 3420 5348 de
3460 5290 3584 5346 vino

1990 5389 2088 5446 ira:
2110 5389 2232 5458 Dei,
2262 5387 2404 5460 quod
2432 5385 2659 5445 mixtum
2683 5392 2759 5443 est
2799 5402 2943 5443 mero
2985 5382 3043 5440 in
3069 5382 3228 5440 calice
3251 5380 3441 5453 ipsius.
3472 5379 3585 5435 An-

1991 5479 2142 5554 gelus
2197 5479 2394 5537 tertius
2447 5476 2832 5552 praedicatores
2897 5479 3046 5543 sunt,
3103 5470 3202 5545 qui
3246 5467 3587 5545 temporibus
