4026 6172
466 353 579 412 979

1491 353 1589 409 AD
1626 350 1865 409 OPEBA
1898 350 1956 408 S.
1997 348 2330 410 AMBROSII
2359 348 2740 408 APPENDIX.

3673 348 3778 406 980

463 480 800 541 Antichristi
839 477 1011 538 futuri
1032 486 1189 546 sunt;
1223 476 1601 552 praedicabunt
1621 476 1768 534 enim
1790 483 1858 534 ut
1885 477 2075 534 nullus
2105 480 2154 539 A
2254 477 2458 533 Amodo
2501 475 2622 547 jam
2675 474 2804 532 dicit
2853 471 3099 547 spiritus,
3131 478 3191 528 ut
3215 470 3549 544 requiescant
3572 491 3609 530 a
3640 473 3775 531 labo-

465 569 875 628 Antichristum
959 567 1167 635 adoret,
1225 584 1403 641 neque
1463 567 1529 624 ad
1605 566 1723 640 ejus
1778 566 2069 640 pessimam

468 660 777 718 doctrinam
818 673 977 714 aures
1014 658 1197 715 cordis
1241 658 1640 726 accommodet,
1682 673 1859 729 neque
1906 672 2072 730 opera

471 748 591 821 ejus
618 747 867 802 imitetur
897 765 908 802 :
943 747 1091 820 quod
1129 747 1176 803 si
1206 747 1330 821 quis
1371 746 1585 815 fecerit,
1617 754 1878 820 perpetua
1908 762 2070 819 poena

468 854 593 893 eum
624 853 739 893 esse
767 837 1142 893 damnandum
1172 837 1542 895 testabantur.
1594 838 1696 893 Per
1732 836 1927 893 vinum
1972 836 2067 895 ira:

466 926 566 984 Dei
585 926 866 983 damnatio
887 927 1234 1000 ultima,quaa
1256 927 1313 983 in
1335 927 1424 983 die
1437 926 1637 999 judicii
1656 926 1843 1000 impiis
1861 926 2064 999 irroga-

464 1016 619 1075 bitur
641 1016 987 1089 designatur:
1014 1036 1224 1075 merum
1247 1027 1428 1076 autem
1454 1037 1650 1092 parum
1679 1019 1939 1077 dicimus.
1963 1021 2067 1076 Per

469 1124 683 1163 merum
733 1108 902 1180 igitur
944 1107 1163 1180 jastitia
1191 1108 1292 1166 Dei
1339 1109 1678 1182 designatur,
1712 1127 1807 1183 per
1835 1110 2062 1167 calicem

462 1213 596 1254 vero
621 1196 898 1269 judicium
930 1196 1029 1253 Dei
1064 1197 1308 1269 accipere
1348 1214 1658 1270 possumus.
1695 1200 1899 1256 Vinum
1951 1200 2066 1256 ita-

465 1301 572 1359 que
602 1284 829 1342 mistum
859 1292 942 1341 est
972 1302 1122 1342 mero
1161 1286 1217 1341 in
1249 1286 1420 1344 calice
1450 1287 1548 1343 Dei
1572 1306 1586 1355 ;
1612 1287 1743 1360 quia
1778 1288 2065 1345 damnatio

461 1376 682 1444 ultima,
733 1390 840 1447 qua
886 1374 1045 1447 impii
1088 1375 1521 1445 damnabantur,
1568 1377 1732 1434 mista
1783 1378 1889 1435 erit
1935 1395 2062 1435 cum

455 1464 675 1538 justitia
705 1464 763 1521 in
804 1464 975 1522 calice
1003 1464 1124 1534 Dei,
1177 1465 1235 1522 id
1285 1474 1385 1535 est,
1420 1466 1479 1523 in
1521 1466 1738 1539 judicio
1766 1470 1904 1537 Dei;
1936 1469 2067 1542 quia

462 1554 775 1628 justissimo
825 1554 926 1612 Dei
972 1554 1187 1627 judicio
1238 1556 1573 1629 perﬁcietur.
1636 1556 1836 1613 Bibent
1892 1556 2065 1631 igitur

461 1643 624 1716 impii
654 1644 850 1700 vinum
871 1644 968 1700 iraa
994 1643 1115 1713 Dei,
1144 1660 1271 1701 cum
1304 1644 1417 1699 illis
1448 1644 1664 1701 dicetur
1697 1663 1710 1701 :
1758 1670 1776 1693 ι
1805 1646 1906 1714 Ite,
1950 1662 2060 1702 ma-

462 1733 675 1803 ledicti,
707 1734 764 1789 in
793 1735 976 1807 ignem
1007 1742 1295 1803 aeternum,
1327 1734 1422 1807 qui
1455 1743 1790 1806 praeparatus
1823 1745 1905 1793 est
1941 1736 2060 1810 (32)

461 1820 685 1879 diabolo
704 1829 760 1878 et
786 1823 995 1895 angelis
1022 1822 1142 1894 ejus
1174 1824 1388 1895 (Matth.
1420 1839 1561 1893 xxv,
1595 1822 1712 1895 41).
1744 1849 1762 1873 ι

537 1919 722 1990 (Vers.
754 1919 870 1991 11.)
900 1921 978 1976 Et
1006 1919 1336 1976 cruciabitur
1356 1921 1472 1993 igne
1500 1927 1549 1977 et
1575 1922 1827 1994 sulphure
1861 1921 1919 1978 in
1947 1939 2064 1978 con-

462 2017 636 2083 spectu
673 2012 978 2083 angelorum
1009 2018 1332 2081 sanctorum,
1382 2019 1430 2069 et
1458 2013 1516 2070 in
1561 2020 1836 2085 conspectu
1872 2015 2014 2085 Agni
2042 2032 2065 2080 ;

462 2106 511 2155 et
561 2100 743 2170 fumus
784 2105 1162 2155 tormentorum
1207 2118 1391 2157 eorum
1432 2102 1488 2157 in
1528 2104 1724 2159 saecula
1752 2104 2063 2159 sweulorum

463 2190 724 2245 ascendet.
766 2190 915 2261 Ignis
942 2189 1147 2259 exurit,
1190 2190 1425 2263 sulphur
1458 2198 1642 2248 autem
1671 2191 1901 2247 fetorem
1932 2208 2066 2264 pes-

463 2278 665 2334 simum
721 2277 789 2335 de
841 2296 897 2336 se
952 2280 1178 2337 emittit.
1247 2282 1377 2353 Igne
1441 2288 1625 2337 autem
1704 2281 2065 2354 corporaliter

463 2366 886 2434 cruciabuntur,
916 2369 1011 2441 qui
1042 2369 1224 2441 ignem
1246 2368 1511 2425 vitiorum
1543 2369 1601 2426 in
1632 2386 1688 2426 se
1712 2371 2064 2444 exstinguere

467 2458 806 2514 noluerunt:
853 2457 1023 2514 fetore
1062 2457 1348 2530 sulphuris
1390 2459 1815 2532 torquebantur,
1861 2462 2065 2534 quibus

468 2546 649 2603 dulcis
678 2546 786 2602 fuit
822 2547 967 2603 fetor
994 2547 1254 2604 luxuriae.
1286 2549 1347 2603 In
1397 2557 1696 2622 conspectu
1740 2552 2062 2623 angelorum

466 2643 782 2691 sanctorum
812 2635 1229 2705 cruciabuntur,
1265 2644 1320 2693 et
1359 2637 1418 2693 in
1447 2648 1747 2710 conspecta
1786 2640 1951 2713 Agni,
1983 2641 2062 2696 vi-

466 2724 669 2783 delicet
696 2732 760 2782 at
798 2725 855 2782 in
894 2743 1085 2784 eorum
1115 2735 1414 2801 conspectu
1452 2729 1794 2799 crucientur,
1829 2731 1884 2787 in
1917 2747 2065 2805 quo-

476 2831 598 2871 rum
641 2826 939 2890 conspecta
986 2834 1096 2874 non
1133 2818 1442 2876 timuerant
1474 2822 1650 2877 multa
1691 2823 1846 2879 mala
1879 2838 2062 2895 perpe-

475 2912 639 2962 trare.
674 2907 778 2962 Nec
806 2907 1065 2962 habebunt
1110 2909 1343 2978 requiem
1380 2908 1465 2964 die
1500 2927 1563 2965 ac
1606 2917 1771 2980 nocte,
1802 2911 1896 2983 qui
1922 2912 2064 2967 ado-

478 3002 735 3050 ravcrunt
776 2996 991 3051 bestiam
1020 3002 1067 3050 et
1095 2996 1373 3068 imaginem
1412 2998 1545 3067 ejus,
1589 3006 1637 3053 et
1691 3000 1740 3054 si
1772 3004 1865 3071 qui
1909 3019 2064 3057 acce-

461 3086 647 3158 perint
670 3087 1024 3143 characterem
1054 3087 1285 3143 nominis
1325 3088 1458 3158 ejus.
1498 3089 1610 3146 Cur
1638 3105 1816 3163 neque
1863 3091 1921 3147 in
1949 3092 2058 3161 die,

2180 564 2328 621 ribus
2377 565 2508 623 suis.
2558 564 2796 636 Amodo,
2827 564 2886 621 id
2935 572 3037 633 est,
3077 578 3110 619 a
3156 571 3402 635 tempore
3448 562 3647 619 mortis
3670 579 3778 621 sum

2185 659 2530 733 requiescent
2581 658 2755 715 sancti
2805 674 2837 714 a
2888 655 3169 714 laboribus
3216 656 3352 713 suis.
3409 656 3586 727 Opera
3643 656 3780 712 enim

2179 749 2403 805 illorum
2477 756 2769 819 sequuntur
2830 748 2974 804 illos.
3042 746 3332 816 Quomodo
3387 753 3699 821 sequantur
3750 746 3778 803 ?

2179 837 2371 893 Nonne
2414 833 2733 894 Cornelium
2779 851 2945 909 opera
2989 852 3089 892 sua
3135 845 3544 910 praecesserant,
3592 834 3685 892 cui
3712 834 3778 891 ab

2179 926 2373 998 angelo
2405 924 2620 981 dictum
2642 933 2758 982 est:
2814 950 2834 973 ‹
2869 924 3162 982 Orationes
3194 936 3302 983 tam
3330 934 3385 982 et
3412 927 3778 998 eleemosynaa

2178 1023 2284 1071 tum
2314 1021 2759 1071 commemoratae
2792 1022 2923 1071 sunt
2961 1014 3018 1070 in
3066 1024 3365 1088 conspectu
3405 1015 3504 1072 Dei
3536 1015 3682 1086 (Act.
3714 1030 3776 1083 ι,

2175 1101 2233 1174 4)
2261 1102 2289 1157 ‘l
2329 1126 2347 1150 ι
2392 1100 2497 1158 Sed
2527 1103 2673 1173 sequi
2702 1118 2800 1175 pro
2828 1102 3081 1160 comitari
3111 1104 3334 1176 posuit;
3368 1120 3494 1160 nam
3525 1111 3580 1159 et
3613 1120 3781 1160 exer-

2175 1193 2319 1250 citus
2347 1193 2439 1266 qui
2468 1209 2650 1265 regem
2684 1193 2999 1262 comitatur,
3031 1210 3157 1249 eam
3188 1193 3343 1266 sequi
3371 1193 3616 1263 dicitur;
3653 1211 3781 1252 cum

2181 1282 2277 1338 alii
2309 1280 2627 1354 procedant,
2660 1281 2757 1337 alii
2786 1289 3108 1355 sequantur,
3127 1283 3225 1339 alii
3248 1281 3318 1339 ad
3338 1283 3781 1352 dexteram,sive

2176 1369 2458 1427 sinistram
2491 1370 2769 1427 incedant.
2799 1370 2975 1444 Opera
3002 1371 3173 1444 igitur
3192 1380 3511 1429 sanctorum
3541 1389 3779 1445 sequun-

2175 1467 2268 1517 tur
2283 1461 2574 1534 illos;quia
2596 1478 2805 1520 merces
2829 1479 3054 1535 operum
3085 1463 3309 1519 illorum
3333 1462 3635 1520 comitatur
3653 1463 3780 1520 illos

2176 1551 2237 1608 in
2271 1561 2618 1624 perpetuum.
2654 1552 2952 1609 Possumus
2992 1561 3046 1609 et
3078 1551 3184 1609 hoc
3217 1551 3285 1608 de
3315 1550 3429 1607 illis
3456 1552 3780 1625 spiritaliter

2174 1641 2485 1714 intelligere
2520 1642 2616 1715 qui
2667 1642 3011 1716 temporibus
3056 1641 3389 1699 Antichristi
3431 1657 3531 1713 pro
3556 1642 3780 1700 nomine

2172 1729 2399 1788 Domini
2429 1731 2604 1788 nostri
2618 1731 2756 1787 .Jesu
2785 1730 2994 1790 Christi
3025 1730 3396 1788 interﬁciendi
3425 1737 3556 1786 sunt
3587 1748 3601 1796 ;
3633 1730 3777 1788 beati

2090 1841 2137 1903 Β
2173 1823 2375 1897 quippe
2412 1831 2575 1880 erunt
2607 1822 2711 1891 illi,
2746 1830 2801 1879 et
2831 1822 2890 1878 in
2918 1822 3157 1879 Domino
3188 1821 3517 1891 morientur,
3541 1822 3641 1895 qui
3680 1840 3777 1895 pro

2180 1913 2289 1969 ﬁde
2338 1912 2563 1970 Domini
2609 1912 2783 1969 nostri
2823 1918 2968 1976 556
3016 1912 3143 1969 Jesu
3191 1911 3398 1971 Christi
3445 1913 3772 1971 morientur.

2176 2015 2335 2071 Nunc
2363 2015 2493 2088 quia
2517 2031 2734 2087 poenam
2767 2015 2989 2072 illorum
3022 2015 3117 2089 qui
3148 2015 3206 2070 in
3234 2014 3648 2073 Antichristum
3667 2032 3776 2073 ere-

2176 2103 2350 2160 dituri
2378 2112 2527 2173 sunt,
2559 2104 2827 2173 narravit,
2874 2103 3381 2177 beatitudinemque
3434 2104 3661 2162 illorum
3685 2103 3777 2179 qui

2177 2195 2236 2251 in
2265 2193 2373 2250 ﬁde
2402 2191 2610 2251 Christi
2649 2194 3123 2265 perseveraverint
3151 2210 3325 2267 usque
3353 2195 3410 2250 in
3440 2194 3777 2263 ﬁnem,bre-

2175 2283 2321 2338 viter
2348 2281 2768 2354 comprehendit
2793 2301 2806 2351 ;
2838 2299 3180 2357 consequens
3203 2292 3285 2340 est
3312 2292 3375 2340 at
3403 2282 3552 2339 diem
3575 2282 3775 2355 judicii

2175 2370 2470 2441 describat,
2503 2371 2562 2428 in
2600 2388 2709 2445 quo
2738 2371 2857 2430 haec
2884 2382 3085 2430 cuncta
3113 2372 3562 2445 complebantur.

2256 2462 2441 2534 (Vers.
2477 2461 2703 2533 14-19.)
2753 2463 2828 2517 Et
2861 2462 2993 2525 vidi,
3023 2468 3072 2517 et
3116 2479 3222 2517 ecce
3259 2463 3443 2517 nubem
3470 2462 3773 2531 madidam,

2177 2558 2225 2607 et
2256 2568 2413 2623 super
2446 2551 2632 2607 nubem
2671 2550 2925 2607 sedentem
2965 2551 3187 2607 similem
3216 2552 3358 2608 Filio
3387 2554 3636 2622 hominis,
3668 2556 3776 2609 ha-

2178 2641 2375 2695 bentem
2422 2640 2476 2695 in
2525 2641 2694 2712 capite
2740 2657 2835 2696 suo
2877 2658 3127 2699 coronam
3177 2659 3418 2710 auream,
3448 2643 3580 2697 etin
3608 2660 3774 2699 manu

2175 2746 2275 2785 sua
2301 2728 2491 2799 falcem
2522 2735 2752 2785 acutam.
2783 2731 2858 2787 Et
2902 2732 3041 2786 alter
3068 2732 3285 2803 angelus
3311 2732 3441 2787 exiit
3470 2732 3531 2787 de
3561 2735 3778 2805 templo,

2175 2819 2413 2874 clamans
2442 2834 2560 2872 voce
2604 2834 2796 2890 magna
2841 2819 2914 2875 ad
2958 2820 3209 2875 sedentem
3257 2838 3417 2893 super
3444 2822 3652 2890 nubem,
3703 2823 3775 2878 di-

2175 2924 2292 2963 cens
2326 2925 2337 2963 :
2394 2907 2543 2965 Mitte
2568 2906 2757 2977 falcem
2790 2914 2954 2977 tuam,
3004 2916 3052 2965 et
3080 2916 3207 2965 mete
3254 2928 3269 2979 ;
3319 2912 3447 2982 quia
3472 2912 3614 2967 venit
3638 2913 3780 2968 hora

2178 3001 2237 3049 ut
2276 3000 2525 3063 metatur,
2564 2994 2817 3065 quoniam
2865 2994 3016 3050 aruit
3048 2996 3228 3052 messis
3267 3003 3441 3054 terrm.
3503 2999 3580 3054 Et
3628 3000 3783 3055 misit

2173 3083 2266 3155 qui
2311 3084 2517 3139 sedebat
2551 3101 2710 3155 super
2737 3085 2945 3154 nubem,
2975 3084 3165 3156 falcem
3192 3103 3343 3142 suam
3384 3088 3441 3143 in
3472 3094 3708 3159 terram,
3739 3095 3782 3144 et

465 3190 645 3247 neque
675 3174 734 3230 in
760 3182 918 3231 nocte
947 3175 1209 3248 reprobos
1237 3175 1436 3233 habere
1467 3177 1606 3235 dicit
1634 3178 1902 3252 requiem,
1934 3196 2061 3237 cum
2098 3203 2141 3264 ο
2170 3174 2382 3228 πιθεεαῦ
2428 3180 2645 3229 terram-
2699 3176 2769 3229 Ει
2809 3175 2952 3230 alius
2988 3177 3204 3247 angelus
3253 3176 3417 3231 exivit
3465 3177 3529 3232 de
3565 3181 3777 3251 templo,

464 3264 623 3322 electi
654 3272 921 3321 aeternum
950 3264 1096 3322 diem
1144 3266 1443 3340 possessuri
1492 3267 1637 3338 sint;
1676 3268 1893 3341 reprobi
1937 3285 2066 3328 vero

461 3362 777 3427 perpetuam
835 3362 1054 3412 noctem
1077 3356 1106 3413 ?
1179 3354 1284 3413 Sed
1343 3373 1493 3414 more
1546 3356 1793 3414 humano
1846 3357 2065 3416 locatus

462 3450 564 3499 est.

539 3540 724 3612 (Vers.
750 3540 839 3608 l2,
874 3540 987 3613 13.)
1021 3542 1141 3597 Haec
1196 3546 1272 3596 est
1306 3542 1569 3613 patientia
1617 3551 1940 3614 sanctorum,
1971 3546 2065 3617 qui

463 3630 765 3684 custodiunt
818 3630 1073 3685 mandata
1128 3630 1249 3695 Dei,
1307 3637 1355 3685 et
1412 3633 1568 3704 ﬁdem
1623 3634 1778 3701 Jesu;
1844 3635 1903 3692 id
1957 3644 2060 3703 est,

462 3717 590 3774 talis
644 3726 728 3773 est
778 3716 1042 3789 patientia
1090 3726 1426 3787 sanctorum,
1490 3729 1543 3777 et
1594 3724 1759 3778 talem
1818 3724 2058 3782 fructum

463 3806 643 3874 aﬁ'ert,
700 3806 881 3880 qualis
936 3806 995 3862 in
1068 3808 1430 3880 sequentibus
1502 3810 1929 3871 demonstratur.
1988 3817 2061 3872 Et

462 3894 649 3949 audivi
678 3911 849 3950 vocem
878 3895 940 3950 de
990 3896 1115 3951 caelo
1152 3896 1401 3952 dicentem
1449 3900 1579 3955 mihi
1612 3919 1623 3955 :
1688 3902 1884 3972 Scribe,
1926 3904 2059 3961 beati

462 3984 663 4039 mortui
693 3983 787 4056 qui
834 3984 888 4039 in
946 3985 1169 4041 Domino
1213 3987 1542 4046 moriuntur.
1585 3990 1731 4047 Talis
1774 4001 1855 4049 est
1890 3993 2059 4066 igitur

462 4073 727 4147 patientia
758 4082 1097 4145 sanctorum,
1138 4077 1232 4149 qui
1281 4079 1601 4136 custodiant
1644 4082 1897 4141 mandata
1932 4085 2053 4153 Dei,

462 4169 518 4219 et
543 4162 706 4220 ﬁdem
737 4163 884 4233 Iesu,
918 4172 980 4221 ut
1006 4166 1119 4221 sint
1145 4164 1293 4222 beati
1322 4166 1378 4222 in
1413 4177 1755 4242 perpetuum.
1786 4172 1892 4229 Sed
1922 4172 2054 4246 quid

462 4260 543 4308 est
574 4252 725 4327 quod
771 4252 910 4310 dicit
942 4272 954 4309 :
1005 4255 1159 4311 Beati
1204 4257 1422 4327 mortui,
1462 4259 1555 4329 qui
1599 4260 1656 4314 in
1686 4261 1913 4318 Domino
1947 4280 2053 4320 mo-

460 4340 730 4399 riuntur?
757 4342 893 4410 Quis
936 4343 1084 4400 enim
1136 4355 1386 4403 mortuus
1425 4347 1564 4404 mori
1600 4351 1823 4422 potest?
1856 4353 2054 4410 Nullus

461 4433 653 4504 procul
683 4432 853 4489 dubio
882 4442 1133 4491 mortuus
1170 4437 1309 4492 mori
1350 4446 1546 4510 potest,
1580 4438 1689 4495 nisi
1737 4442 1891 4514 prius
1921 4443 2053 4499 ani-

463 4536 610 4576 mam
648 4521 895 4593 recipiat,
929 4532 1003 4579 ut,
1021 4523 1219 4579 iterum
1250 4526 1393 4581 mori
1423 4528 1609 4599 possit.
1643 4528 1749 4586 Sed
1796 4530 1880 4587 illi
1923 4540 2052 4588 sunt

462 4609 631 4680 beati,
664 4618 720 4667 et
752 4610 837 4666 illi
868 4611 925 4666 in
953 4612 1191 4669 Domino
1223 4614 1557 4687 moriuntur,
1598 4620 1694 4692 qui
1739 4621 1893 4693 prius
1945 4640 2058 4679 mo-

461 4698 686 4757 riuntur
736 4701 958 4772 saeculo,
1017 4710 1204 4776 postea
1256 4719 1418 4761 carne
1451 4723 1463 4762 :
1498 4706 1593 4780 qui
1623 4709 1776 4781 prius
1819 4718 2055 4768 veterem

463 4787 769 4859 hominem,
808 4789 865 4847 id
909 4799 1009 4861 est,
1063 4809 1256 4849 omnes
1307 4794 1581 4869 nequitias
1622 4804 1673 4853 et
1703 4799 1982 4871 spiritales
2007 4808 2057 4857 et

460 4879 710 4935 carnales
756 4879 814 4935 in
859 4898 917 4938 se
958 4882 1347 4956 exstinguunt,
1377 4893 1440 4941 ut
1476 4886 1692 4959 possint
1720 4887 1901 4946 dicere
1931 4906 2057 4946 cum

459 4966 776 5039 Apostolo:
849 4992 869 5015 ι
917 4970 1054 5027 Mihi
1084 4972 1326 5029 mundus
1365 4975 1668 5033 cruciﬁxus
1698 4984 1799 5047 est,
1858 4985 1912 5034 et
1959 4995 2058 5051 ego

460 5055 672 5114 mundo
703 5058 911 5131 (Galat.
941 5076 1018 5127 vi,
1050 5059 1161 5131 14).
1195 5084 1215 5108 ι
1276 5062 1367 5118 Illi
1414 5079 1654 5137 namque
1709 5066 1767 5122 in
1814 5068 2054 5124 Domino

460 5145 794 5214 moriuntur,
825 5145 893 5203 de
921 5145 1123 5220 quibus
1150 5149 1424 5208 Dominus
1453 5152 1594 5209 dicit
1614 5153 1673 5210 in
1702 5155 2015 5229 Evangelio
2040 5177 2051 5214 :

474 5259 493 5283 ι
531 5234 637 5302 Qui
692 5244 876 5292 autem
923 5239 1354 5311 perseveraverit
1402 5257 1576 5316 usque
1624 5242 1683 5300 in
1728 5242 1916 5314 ﬁnem,
1964 5246 2057 5304 hic

458 5329 645 5387 salvus
669 5330 776 5388 erit
806 5330 1020 5405 (Matth.
1062 5348 1220 5404 xxw,
1254 5334 1367 5407 13).
1398 5358 1416 5382 ι

531 5494 647 5572 (βὲ)
682 5495 958 5572 Omissum
988 5496 1166 5572 fuerat
1196 5496 1256 5552 in
1293 5496 1454 5563 edit.,
1488 5499 1581 5568 qui
1605 5508 1947 5572 prceparatus
1982 5512 2057 5562 est

457 5564 669 5638 diabolo
687 5574 758 5638 icti
770 5568 969 5638 angelis
999 5567 1045 5636 ej
1052 5584 1132 5638 us.

532 5636 648 5703 (33)
684 5636 1002 5718 EditaGil”
1033 5637 1223 5718 falcem
1241 5655 1389 5694 suam
1414 5646 1623 5696 acutam
1651 5659 1809 5718 super
1832 5652 2049 5718 terram,

457 5707 507 5759 et
552 5707 767 5762 messuit
812 5714 1046 5764 terram:
1085 5716 1302 5784 uterque
1338 5728 1583 5785 namque,
1621 5707 1728 5773 etc:
1758 5717 1917 5776 Rom.
1944 5707 2053 5778 aa;

2178 3264 2321 3335 quod
2368 3270 2443 3319 est
2468 3264 2526 3319 in
2570 3266 2716 3333 caelo,
2750 3265 2940 3320 habens
2968 3272 3016 3320 et
3058 3267 3167 3338 ipse
3197 3265 3390 3338 falcem
3429 3273 3677 3324 acutam.
3710 3269 3778 3325 Et

2173 3354 2318 3409 alius
2345 3356 2564 3426 angelus
2606 3354 2770 3410 exivit
2808 3355 2871 3410 de
2909 3355 3097 3425 altari,
3148 3356 3240 3428 qui
3280 3357 3504 3413 habebat
3548 3366 3777 3430 potesta-

2176 3460 2275 3507 tem
2318 3471 2485 3525 supra
2530 3454 2718 3525 ignem,
2761 3459 2811 3510 et
2863 3455 3116 3511 clamavit
3148 3474 3268 3512 voce
3304 3474 3498 3529 magna
3539 3460 3620 3515 ad
3669 3476 3779 3514 eum

2173 3544 2266 3614 qui
2319 3543 2537 3598 habebat
2589 3541 2780 3613 falcem
2819 3550 3049 3613 acutam,
3097 3545 3315 3601 dicens:
3373 3546 3523 3604 Mitte
3590 3548 3782 3617 falcem

2174 3640 2318 3688 tuam
2353 3637 2584 3700 acutam,
2625 3639 2673 3688 et
2722 3632 2985 3690 vindemia
3026 3636 3202 3691 botros
3247 3636 3410 3691 vineae
3436 3642 3629 3704 terrae,
3659 3654 3777 3710 quo-

2169 3724 2317 3779 niam
2362 3730 2588 3780 maturaz
2629 3730 2754 3779 sunt
2780 3742 2893 3781 uva:
2929 3724 3060 3794 eius.
3107 3728 3183 3783 Et
3224 3726 3369 3781 misit
3413 3729 3646 3798 angelus
3677 3728 3776 3799 fal-

2168 3828 2274 3867 cem
2323 3828 2476 3868 suam
2516 3819 2727 3869 acutam
2767 3815 2824 3870 in
2866 3822 3086 3885 terram,
3117 3823 3166 3872 et
3193 3816 3539 3873 vindemiaeit
3571 3819 3777 3875 vineam

2169 3907 2365 3971 terrm,
2409 3909 2455 3958 et
2504 3903 2649 3959 misit
2686 3905 2743 3959 in
2790 3906 2961 3961 lacum
3007 3906 3107 3963 ira
3154 3908 3255 3964 Dei
3319 3926 3578 3980 magnum
3638 3910 3772 3983 (33).

2170 3991 2364 4049 Totam
2394 4008 2533 4066 pene
2578 3995 2909 4053 sententiam
2957 3996 3140 4069 posui,
3171 4004 3233 4053 ut
3258 3997 3505 4071 undique
3537 4001 3775 4057 circum-

2165 4089 2349 4153 specta
2386 4081 2504 4154 ejus
2545 4082 2823 4141 anfractus
2875 4086 3117 4157 apertius
3154 4085 3470 4143 videantur.
3516 4088 3775 4162 Uterque

2165 4187 2399 4244 namque
2429 4171 2531 4228 iste
2573 4172 2800 4245 angelus
2829 4173 3111 4232 Christum
3140 4174 3414 4248 signiﬁcat
3444 4193 3457 4231 :
3501 4177 3776 4234 similiter

2163 4268 2217 4315 et
2241 4259 2365 4315 dum
2407 4259 2576 4318 falces
2618 4278 2785 4321 unam
2832 4263 3287 4336 signiﬁcationem
3323 4264 3536 4322 habent
3570 4286 3586 4334 ;
3621 4267 3777 4325 desi-

2162 4358 2331 4422 gnant
2397 4350 2545 4407 enim
2588 4352 2747 4410 illam
2797 4355 2978 4427 ignem
3020 4372 3129 4429 quo
3175 4356 3470 4413 universus
3518 4360 3776 4416 mundus

2161 4440 2431 4498 delendas
2476 4450 2596 4511 est;
2648 4443 2779 4517 quia
2827 4445 2971 4503 sicut
3017 4447 3195 4520 primo
3242 4454 3492 4520 tempore
3526 4434 3776 4507 mundus

2093 4564 2141 4624 Β
2173 4548 2267 4624 per
2292 4548 2489 4624 aquam
2519 4532 2732 4624 deletus
2759 4543 2860 4605 est,
2892 4536 2969 4592 ita
2999 4544 3053 4593 et
3104 4537 3161 4593 in
3189 4536 3299 4593 ﬁne
3328 4545 3659 4612 temporum
3688 4556 3777 4613 per

2173 4623 2356 4695 ignem
2398 4623 2694 4682 delebitar.
2734 4625 2840 4683 Sed
2886 4627 3242 4700 quaerendum
3299 4629 3465 4687 nobis
3519 4640 3631 4700 est,
3681 4647 3775 4687 cur

2169 4730 2312 4771 unus
2343 4713 2595 4773 Christus
2622 4730 2719 4788 per
2749 4714 2888 4772 duos
2933 4718 3178 4789 angelos,
3204 4725 3259 4774 et
3292 4734 3403 4775 una.
3433 4722 3773 4777 extermina-

2169 4805 2249 4860 tio
2276 4819 2375 4877 per
2401 4804 2540 4861 duas
2564 4804 2731 4861 falces
2766 4804 3053 4878 ﬁguretur.
3091 4806 3309 4863 Primus
3348 4808 3557 4881 quippe
3598 4826 3775 4883 ange-

2170 4896 2255 4951 lus
2310 4912 2474 4969 super
2516 4896 2718 4953 nubem
2771 4897 3063 4955 candidam
3107 4897 3333 4964 sedisse,
3392 4907 3449 4956 et
3502 4917 3773 4958 coronam

2167 5001 2387 5041 auream
2419 4985 2675 5043 habuisse
2723 4986 2878 5045 visus
2928 4996 3053 5046 est:
3098 4987 3374 5046 secundus
3422 5005 3559 5047 vero
3592 5006 3772 5064 neque

2169 5090 2431 5132 coronam
2489 5091 2710 5132 auream
2764 5076 3045 5148 habuisse,
3104 5094 3281 5153 neque
3336 5095 3502 5151 super
3559 5080 3771 5137 nubem

2165 5161 2453 5219 candidam
2482 5163 2685 5222 sedisse
2714 5165 2941 5223 dicitur.
2971 5167 3041 5225 Et
3071 5167 3283 5240 primus
3311 5162 3545 5223 messeni
3582 5177 3767 5235 terra,

2164 5252 2441 5310 secundus
2462 5270 2593 5311 vero
2612 5254 2802 5313 botros
2821 5256 2997 5314 vinea;
3031 5264 3188 5313 terra:
3226 5256 3544 5330 praecidisse
3576 5259 3767 5316 dictus

2163 5354 2244 5402 est
2277 5363 2288 5403 :
2322 5345 2416 5403 sed
2444 5346 2656 5421 primas
2683 5365 2793 5424 quo
2838 5350 2962 5409 loco
3011 5365 3241 5408 messem
3289 5358 3449 5408 terrm
3486 5351 3763 5424 posuerit,

2162 5517 2293 5583 tem,
2334 5509 2524 5581 falcem
2549 5529 2703 5570 suam
2746 5521 2958 5572 acutam
2984 5515 3041 5571 in
3083 5522 3303 5583 terram,
3338 5520 3383 5568 et
3414 5511 3765 5568 vindemiarit

2161 5581 2365 5656 uincam
2405 5589 2561 5639 terrm
2603 5592 2651 5641 et
2685 5586 2833 5642 misit
2874 5589 2933 5642 in
2981 5589 3153 5645 lacum
3193 5581 3296 5641 irai
3340 5585 3439 5641 Dei
3480 5601 3760 5656 magnum.

2168 5653 2388 5724 Uterque
2419 5672 2662 5726 namque,
2692 5665 2799 5716 etc.
2832 5658 3040 5718 Locum
3072 5674 3224 5727 vero,
3255 5657 3397 5715 utin
3416 5671 3546 5714 mss.
3577 5653 3761 5715 vitabe-

2160 5730 2270 5794 tur,
2301 5727 2666 5802 reposuimus.
