4026 6172
224 304 326 362 981

1108 301 1567 360 BERENGAUDI
1610 299 1989 358 EXPOSITIO
2028 299 2100 357 IN
2138 298 2645 358 APOCALYPSIN.

3433 300 3539 360 982

224 449 340 489 non
388 429 598 488 dicitur
627 447 639 485 :
709 428 982 487 secundus
1019 437 1198 486 autem
1238 431 1425 487 botros
1463 431 1633 486 vineae
1666 437 1824 485 terrae
1853 432 1904 492 Α
1937 441 2125 484 eorum
2157 427 2324 484 fuerit
2352 443 2615 484 numerus
2640 425 2966 499 completus.
2999 423 3271 483 Similiter
3295 433 3350 483 et
3377 433 3540 499 quar'

224 525 284 580 in
315 524 495 578 lacum
529 522 623 577 irae
652 520 750 577 Dei
786 537 1041 594 magnum
1076 521 1290 577 misisse
1317 520 1500 578 dictus
1531 529 1631 577 est.
1671 519 1831 577 Vide-

223 621 318 669 tur
365 611 550 684 itaque
598 610 737 665 mihi
799 627 896 683 per
941 627 1171 667 messem
1224 621 1381 668 terra;
1429 612 1678 668 electos:
1737 627 1832 684 per

223 703 414 760 botros
440 711 645 770 autem,
677 718 744 757 ex
791 701 992 774 quibus
1020 701 1214 756 vinum
1257 701 1455 771 oritur,
1487 701 1634 776 quod
1665 717 1830 756 men-

223 803 304 852 tes
373 793 662 849 hominum
727 791 947 859 alienat,
1002 791 1261 864 reprobos
1329 807 1445 847 esse
1495 790 1823 862 designatos.

221 887 334 943 Ista
363 893 442 940 est
475 883 685 950 messis,
710 881 777 937 de
803 898 909 954 qua
933 882 1203 938 Dominus
1241 881 1450 939 dicitin
1481 880 1782 953 Evangelio
1811 896 1823 934 :

236 999 254 1022 ι
296 976 357 1030 In
406 981 650 1044 tempore
701 971 892 1027 messis
937 970 1112 1027 dicam
1168 972 1534 1028 messoribus:
1572 969 1827 1041 Colligite

222 1064 464 1138 primum
512 1061 740 1128 zizania,
772 1068 825 1116 et
864 1062 1028 1133 ligate
1058 1077 1118 1117 ea
1163 1061 1220 1116 in
1252 1062 1542 1117 fasciculos
1568 1061 1635 1116 ad
1663 1077 1826 1117 com-

221 1155 532 1213 burendum
559 1171 570 1209 :
605 1154 856 1210 triticum
887 1170 1018 1209 vero
1045 1154 1324 1210 recondite
1355 1154 1414 1209 in
1446 1153 1660 1209 horreis
1689 1153 1825 1208 meis

223 1247 439 1317 (Matth.
475 1261 598 1313 xm,
621 1245 735 1316 30).
761 1269 780 1292 ι
818 1244 923 1312 Qui
969 1244 1116 1299 enim
1152 1243 1267 1300 illic
1287 1261 1382 1315 per
1411 1244 1683 1312 triticum,
1719 1243 1822 1315 ipsi

221 1335 280 1390 in
332 1335 440 1390 hoc
481 1334 601 1390 loco
650 1350 746 1405 per
783 1348 1011 1389 messem
1052 1333 1428 1405 designantur.
1480 1334 1550 1388 Et
1584 1334 1677 1405 qui
1709 1333 1824 1389 illic

221 1441 320 1498 per
357 1423 585 1492 zizania,
630 1423 733 1496 ipsi
765 1423 821 1478 in
859 1422 961 1478 hoc
981 1423 1102 1478 loco
1128 1439 1222 1495 per
1252 1423 1438 1478 botros
1465 1422 1635 1477 vineae
1665 1431 1822 1478 terrze

221 1514 532 1588 ﬁgurantur
561 1529 572 1567 :
604 1521 658 1567 et
691 1512 820 1585 quia
855 1511 1108 1570 Christus
1142 1513 1301 1568 aliter
1333 1511 1613 1584 apparebit
1633 1511 1820 1583 justis,

220 1612 274 1661 et
333 1605 494 1660 aliter
567 1601 807 1674 injustis,
864 1618 972 1656 non
1021 1602 1473 1658 inconvenienter
1529 1619 1624 1675 per
1684 1601 1821 1657 duos

220 1694 447 1766 angelos
493 1693 777 1765 figuratur.
830 1691 969 1747 Justi
1004 1709 1236 1765 namque
1268 1693 1322 1747 in
1355 1693 1542 1748 eadem
1570 1693 1819 1748 claritate

1941 525 2030 574 tus
2057 519 2280 590 angelus
2310 517 2405 591 qui
2436 517 2571 574 exiit
2599 516 2666 573 de
2694 517 2874 585 altari,
2906 515 3002 589 qui
3029 515 3266 573 habebat
3291 523 3541 588 potesta-

1940 614 2048 663 tem
2100 622 2262 679 super
2315 607 2520 679 ignem,
2562 605 2809 662 eamdem
2852 603 3313 678 signiﬁcationem
3371 603 3543 661 habet

1939 714 2102 772 quam
2133 705 2185 754 et
2213 698 2486 754 secundus
2528 697 2622 770 qui
2664 697 2731 753 de
2768 697 2974 769 templo
3004 696 3204 753 exiisse
3233 695 3386 752 visus
3415 704 3534 764 est;

1937 794 2210 868 signiﬁcat
2266 810 2499 867 namque
2547 795 2746 852 electos
2790 795 2847 850 in
2893 794 2996 850 hac
3049 795 3164 850 vita
3205 794 3536 851 laborantes.

1936 889 2124 944 Altare
2167 896 2347 944 autem
2398 887 2700 943 Ecclesiam
2759 885 3053 959 signiﬁcat,
3101 886 3244 943 sicut
3283 894 3336 942 et
3383 894 3537 942 tem-

1937 977 2086 1050 plum
2117 995 2130 1045 ;
2164 993 2258 1049 per
2287 976 2469 1049 ignem
2499 993 2630 1032 vero
2665 976 2987 1032 charitatem
3029 993 3319 1050 possumus
3357 977 3536 1032 intel-

1936 1068 2123 1140 ligere,
2175 1085 2337 1142 quam
2395 1068 2452 1124 in
2516 1068 2777 1126 cordibus
2830 1076 3142 1126 sanctorum
3191 1069 3534 1142 spiritalibus

1934 1159 2193 1215 fomentis
2220 1158 2457 1230 Spiritus
2487 1165 2706 1214 sanctus
2727 1159 2953 1215 enutrit.
2979 1159 3153 1231 Super
3174 1158 3323 1216 hunc
3351 1159 3535 1232 ignem

1933 1249 2106 1306 sancti
2168 1249 2367 1305 habere
2425 1258 2747 1323 potestatem
2798 1248 2921 1305 ideo
2969 1249 3254 1319 dicuntur,
3302 1250 3432 1324 quia
3481 1260 3538 1308 et

1932 1341 2036 1413 ipsi
2069 1342 2348 1413 possident
2375 1341 2722 1410 charitatem,
2753 1350 2806 1397 et
2837 1340 3186 1412 possidentur
3215 1341 3283 1398 ab
3317 1359 3398 1399 ea.
3430 1344 3537 1400 Iste

1931 1447 2059 1502 ergo
2111 1431 2332 1502 angelus
2367 1431 2628 1488 clamavit
2661 1431 2729 1487 ad
2759 1431 2982 1488 tertium
3027 1431 3279 1503 angelum
3329 1448 3537 1488 secun-

1931 1519 2056 1575 dam
2090 1520 2284 1576 falcem
2328 1529 2625 1593 gerentem,
2665 1537 2828 1593 quem
2865 1520 3145 1578 Christum
3197 1523 3532 1594 signiﬁcasse

1931 1607 2200 1678 diximus,
2250 1616 2312 1664 ut
2357 1609 2722 1665 vindemiaret
2758 1609 2945 1666 botros
2985 1611 3160 1666 vineae
3207 1620 3386 1681 terrae,
3437 1628 3533 1684 per

1930 1714 2066 1770 quos
2096 1698 2252 1771 impii
2293 1698 2686 1770 designantur;
2728 1698 2858 1772 quia
2904 1699 3010 1755 viri
3061 1702 3235 1758 sancti
3283 1701 3535 1760 videntes

220 1800 348 1840 eum
398 1782 687 1849 videbunt,
721 1781 996 1854 quomodo
1027 1781 1094 1836 ab
1125 1782 1330 1855 angelis
1369 1790 1420 1837 et
1454 1781 1658 1838 sanctis
1696 1782 1818 1854 spi-
1847 1802 1892 1863 Β
1931 1787 2180 1857 quotidie
2209 1803 2378 1859 genus
2413 1788 2715 1855 humanum
2753 1805 2784 1843 a
2827 1786 3171 1844 daemonibus
3205 1790 3404 1863 decipi,
3442 1792 3539 1848 vi-

219 1877 425 1932 ritibus
455 1875 513 1930 in
543 1875 749 1930 ctelesti
767 1873 1109 1930 beatitudine
1131 1875 1413 1942 cernitur;
1448 1875 1605 1946 impii
1638 1884 1820 1933 autem

220 1966 281 2023 in
336 1982 399 2021 ea
445 1963 622 2037 specie
668 1980 792 2019 eum
826 1963 1112 2032 videbunt,
1169 1981 1271 2037 qua
1322 1964 1390 2019 ab
1419 1964 1740 2020 hominibus
1771 1966 1829 2020 in

216 2065 370 2113 terra
398 2055 606 2127 positus
635 2053 924 2110 videbatur
952 2071 962 2109 :
1013 2079 1030 2100 ε
1071 2055 1316 2110 Tolletur
1345 2055 1546 2128 quippe
1600 2055 1825 2128 impius,

219 2162 292 2202 ne
339 2143 522 2200 videat
551 2143 778 2216 gloriam
831 2143 928 2199 Dei
974 2143 1114 2214 (Isa.
1167 2157 1304 2208 xxx,
1339 2142 1430 2209 lO,
1478 2160 1574 2198 sec.
1608 2146 1809 2216 Lxx)»

220 2234 470 2292 Blandus
502 2235 685 2306 itaque
728 2233 912 2306 justis,
945 2233 1210 2289 terribilis
1240 2234 1525 2306 apparebit
1560 2233 1823 2305 injustis;

220 2323 372 2380 unde
419 2332 472 2379 et
527 2323 740 2396 primus
783 2339 947 2394 super
992 2323 1194 2378 nubem
1243 2323 1534 2379 candidam
1591 2324 1822 2392 sedisse,

221 2423 276 2471 et
317 2431 574 2470 coronam
605 2429 825 2468 auream
869 2412 1125 2468 habuisse
1156 2412 1212 2468 in
1243 2415 1418 2485 capite
1469 2413 1822 2471 describitur.

219 2505 326 2561 Per
353 2503 555 2560 nubem
586 2518 822 2575 namque
861 2501 1150 2558 candidam
1176 2519 1375 2574 corpus
1405 2502 1522 2574 ejus
1550 2502 1824 2559 immacu-

218 2602 400 2656 latum
432 2595 784 2667 designatur:
834 2607 932 2664 per
959 2607 1216 2647 coronam
1260 2609 1391 2649 vero
1416 2610 1634 2648 auream
1667 2593 1823 2648 mul-

218 2688 406 2745 titudo
460 2685 777 2758 angelorum
835 2693 999 2759 atque
1052 2694 1386 2752 sanctorum,
1433 2683 1526 2756 qui
1580 2698 1704 2738 eum
1756 2682 1822 2739 ad

207 2776 489 2850 judicium
566 2777 877 2834 venientem
947 2775 1379 2841 comitabuntur,
1467 2773 1820 2844 exprimitur.

215 2866 495 2925 Similiter
531 2874 584 2921 et
613 2883 722 2921 una
766 2865 1157 2922 exterminatio
1189 2880 1283 2936 per
1310 2863 1445 2919 duas
1479 2862 1641 2919 falces
1671 2861 1825 2916 desi-

219 2967 464 3031 gnatur;
522 2957 650 3029 quia
692 2958 853 3013 aliter
901 2955 1421 3010 exterminabuntur
1461 2950 1619 3024 justi,
1666 2951 1826 3006 aliter

217 3047 420 3120 injusti
447 3092 458 3103 .
487 3047 764 3119 justorum
783 3046 1172 3104 exterminatio
1202 3045 1507 3118 redemptio
1537 3045 1722 3116 potius
1742 3044 1820 3101 di-

1939 1875 2128 1932 dentes
2174 1876 2342 1932 etiam
2397 1876 2596 1948 impios
2649 1877 2862 1945 ﬂorere,
2907 1877 3285 1952 mundumque
3326 1897 3540 1953 semper

1939 1965 2007 2021 ad
2033 1966 2304 2023 deteriora
2338 1966 2539 2034 delabi,
2577 1976 2737 2024 orant
2765 1976 2827 2024 ut
2857 1967 2974 2025 dies
2996 1968 3200 2042 judicii
3243 1970 3450 2039 veniat,
3479 1973 3539 2027 in

1939 2072 2048 2128 quo
2090 2065 2142 2112 et
2186 2055 2434 2128 nequitia
2485 2055 2796 2112 dmmonum
2847 2073 2972 2113 cum
3033 2057 3166 2130 ipsis
3221 2059 3540 2118 auctoribus

1938 2153 2140 2215 pereat,
2181 2153 2234 2200 et
2261 2144 2442 2201 omnis
2469 2144 2848 2217 praevaricatio
2877 2162 3003 2201 cum
3039 2147 3173 2219 ipsis
3203 2151 3542 2220 praevarica-

1938 2233 2151 2291 toribus
2179 2235 2412 2307 accipiat
2443 2235 2632 2301 ﬁnem,
2674 2242 2728 2290 et
2753 2234 3058 2292 adducatur
3083 2236 3300 2309 justitia
3341 2242 3539 2315 sempi-

1937 2331 2111 2392 terna,
2154 2339 2274 2396 quae
2305 2324 2460 2379 nullo
2500 2322 2608 2380 ﬁne
2661 2323 3070 2382 terminabitur.
3117 2326 3296 2385 Vinea
3337 2331 3538 2404 quippe

1937 2413 2204 2469 mundum
2235 2414 2528 2486 signiﬁcat,
2560 2430 2680 2487 quae
2707 2432 2928 2473 omnem
2959 2417 3256 2491 impiorum
3285 2421 3535 2478 multitu-

1935 2503 2121 2559 dinem
2149 2505 2337 2576 genuit
2366 2513 2420 2561 et
2457 2505 2735 2562 nutrivit:
2775 2506 2926 2563 lacus
2960 2523 3113 2577 vero,
3162 2526 3322 2582 quem
3370 2511 3535 2567 infer-

1936 2613 2066 2653 num
2096 2612 2377 2664 vocamus,
2408 2595 2532 2650 ideo
2561 2596 2710 2651 lacus
2739 2597 2834 2651 irae
2866 2597 2962 2651 Dei
2995 2597 3220 2668 dicitur,
3251 2601 3380 2673 quia
3405 2601 3534 2657 vin-

1937 2685 2083 2742 dicta
2113 2686 2208 2740 irae
2233 2685 2332 2741 Dei
2360 2684 2416 2739 in
2447 2700 2511 2738 eo
2537 2684 3031 2740 consummabitur.

1975 2776 2190 2847 '(Vers.
2229 2773 2346 2845 20.)
2378 2775 2451 2829 Et
2483 2774 2714 2828 calcatus
2760 2779 2834 2828 est
2875 2775 3019 2829 lacus
3059 2780 3214 2831 extra
3253 2776 3533 2835 civitatem.

1933 2864 2036 2920 Per
2059 2863 2415 2920 calcationem
2447 2861 2848 2919 demersionem
2910 2862 3207 2937 impiorum
3247 2867 3307 2923 in
3355 2867 3537 2925 infer-

1934 2969 2067 3008 num
2120 2969 2409 3024 possumus
2469 2952 2810 3025 intelligere:
2868 2969 2965 3026 per
3017 2954 3298 3014 civitatem
3353 2965 3535 3016 autem

1935 3041 2172 3099 caelestis
2219 3037 2518 3098 Jerusalem
2565 3042 2930 3114 designatur:
2989 3061 3109 3118 quae
3156 3061 3226 3102 ex
3276 3049 3535 3108 omnibus

215 3137 398 3194 cenda
451 3144 550 3204 est,
604 3137 746 3193 sicut
798 3136 1070 3193 Dominus
1119 3135 1290 3191 dicit:
1359 3159 1376 3181 ι
1419 3134 1708 3206 Respicite,
1772 3141 1825 3188 et
1857 3165 1899 3226 Ο
1936 3130 2124 3187 electis
2179 3138 2412 3191 constat.
2467 3132 2641 3187 Extra
2688 3131 2832 3190 hanc
2874 3150 2999 3206 ergo
3051 3134 3332 3194 civitatem
3389 3140 3539 3198 lacus

215 3227 401 3282 levate
454 3226 631 3298 capita
699 3234 914 3297 vestra;
965 3224 1222 3299 quoniam
1274 3223 1674 3296 appropinquat
1720 3239 1815 3278 re—

213 3313 470 3386 demptio
516 3323 696 3370 vestra
755 3303 906 3387 (Luc'.
952 3332 1072 3382 xxr,
1103 3314 1217 3385 28).
1272 3339 1289 3361 ι
1349 3310 1814 3384 Redemptiojurc

215 3412 474 3472 vocatur,
519 3421 582 3460 eo
629 3403 773 3478 quod
804 3421 836 3460 a
868 3405 1026 3460 malis
1081 3405 1474 3476 temporalibus
1519 3403 1732 3468 liberet,
1764 3408 1817 3456 et

213 3494 288 3550 ad
319 3494 514 3566 gaudia
544 3504 745 3552 aeterna
773 3495 1050 3568 perducat.
1083 3494 1380 3568 Impiorum
1421 3503 1602 3550 autem
1642 3500 1816 3548 exter-

215 3582 460 3637 minatio
490 3591 542 3638 et
570 3583 661 3639 hic
689 3583 868 3656 gravis
896 3584 1018 3652 erit,
1052 3591 1104 3640 et
1139 3591 1260 3656 post
1297 3591 1529 3639 mortem
1561 3582 1814 3654 gravior;

213 3670 508 3727 damnatio
556 3671 700 3726 enim
749 3673 1036 3745 luctusque
1065 3681 1362 3744 perpetuus
1406 3671 1462 3726 in
1493 3672 1571 3726 eis
1598 3688 1820 3744 perma—

216 3760 400 3816 nebit.
447 3761 583 3816 Justi
633 3761 699 3817 de
747 3778 840 3834 spe
887 3761 1272 3818 retributionis
1318 3770 1535 3818 mterna
1585 3769 1817 3816 mortem

149 3855 158 3860 ’
216 3851 408 3906 laetam
445 3850 721 3923 excipient
754 3870 765 3907 :
801 3852 957 3924 impii
1004 3868 1134 3907 vero
1164 3851 1231 3908 de
1262 3851 1613 3908 damnatione
1636 3868 1822 3925 perpe-

215 3949 320 3996 tua
345 3940 551 4009 timidi,
579 3942 894 3998 tristissima
933 3949 1106 3998 morte
1135 3943 1461 4014 plectentur.

298 4050 459 4106 Alter
501 4051 725 4123 angelus
754 4049 849 4122 qui
897 4050 1073 4107 exivit
1113 4051 1180 4107 de
1218 4052 1442 4124 templo,
1471 4058 1526 4106 et
1564 4049 1824 4108 clamavit

217 4156 366 4195 voce
415 4155 608 4212 magna
637 4139 703 4195 ad
733 4157 858 4196 eum
890 4141 984 4213 qui
1031 4143 1250 4199 sedebat.
1282 4158 1446 4214 super
1471 4141 1696 4209 nubem,
1727 4141 1824 4197 di-

214 4247 389 4286 cens:
439 4230 585 4286 Mitte
630 4230 820 4300 falcem
868 4237 1034 4298 tuam,
1081 4239 1133 4286 et
1160 4239 1320 4299 mete,
1348 4267 1352 4274 -
1381 4233 1582 4288 electos
1619 4232 1712 4306 qui
1764 4231 1823 4286 in

215 4320 332 4377 hac
387 4327 527 4375 terra
578 4321 826 4377 laborant
879 4321 1146 4394 designat,
1191 4338 1286 4393 per
1328 4322 1593 4394 templum
1641 4329 1823 4376 autem

214 4408 378 4466 unde
407 4409 606 4464 exiisse
644 4411 796 4468 visus
824 4419 924 4481 est,
957 4411 1203 4468 Ecclesia
1232 4410 1566 4482 designatur.
1599 4411 1823 4468 Clama—

216 4499 308 4556 vit
337 4516 466 4572 ergo
495 4499 563 4555 ad
592 4517 716 4558 eum
747 4503 842 4575 qui
890 4502 1111 4558 sedebat
1145 4517 1307 4574 super
1332 4500 1558 4569 nubem,
1590 4509 1651 4556 ut
1683 4500 1821 4556 mit-
1851 4529 1898 4587 D

215 4595 370 4647 teret
425 4590 620 4646 falcem
679 4607 830 4647 suam
891 4592 947 4647 in
1005 4600 1226 4660 terram,
1277 4598 1330 4646 et
1387 4598 1652 4657 meteret;
1693 4589 1822 4662 quia

217 4679 406 4737 sancti
440 4680 546 4735 viri
578 4680 827 4738 videntes
868 4682 1135 4738 mundum
1184 4681 1238 4737 in
1275 4680 1519 4752 maligno
1563 4679 1826 4752 positum,

217 4768 459 4842 ejusque
513 4770 760 4826 miserias
808 4769 1116 4839 horrentes,
1167 4771 1528 4842 deprecantur
1579 4768 1829 4843 quotidie

216 4869 290 4915 ut
322 4875 550 4931 regnum
583 4859 680 4916 Dei
713 4859 916 4927 veniat,
951 4859 1005 4914 in
1039 4877 1148 4934 quo
1170 4861 1235 4915 ab
1275 4859 1533 4916 omnibus
1561 4858 1831 4931 angustiis

218 4949 474 5018 liberati,
514 4966 741 5023 corpora
788 4952 1006 5023 propria
1046 4952 1332 5024 recipient,
1374 4959 1427 5007 et
1475 4952 1532 5007 in
1566 4959 1826 5007 aeternum

217 5057 358 5098 cum
387 5040 626 5096 Domino
656 5041 1031 5098 exsultabant.
1066 5041 1309 5099 Ariditas
1337 5058 1467 5098 vero
1498 5042 1692 5098 messis
1722 5059 1830 5097 ma-

217 5130 515 5187 turitatem
565 5132 682 5204 ejus
729 5131 973 5201 indicat;
1028 5150 1154 5189 nam
1195 5133 1338 5189 sicut
1388 5133 1578 5189 messis
1634 5132 1832 5190 crescit

219 5237 408 5294 usque
451 5219 518 5276 ad
565 5224 959 5293 maturitatem,
1005 5222 1224 5296 quando
1250 5222 1401 5278 arida
1449 5221 1716 5278 eﬁicitur:
1756 5222 1832 5276 ita

218 5319 285 5367 et
317 5327 584 5367 numerus
626 5313 923 5370 electorum
956 5329 1126 5386 usque
1155 5313 1223 5370 ad
1253 5313 1421 5369 ﬁnem
1452 5311 1645 5368 mundi
1676 5328 1832 5368 cres-

217 5409 341 5469 cet,
405 5417 704 5476 eorumque
767 5403 1053 5459 maturitas
1100 5411 1234 5460 tunc
1295 5402 1630 5476 perﬁcietur,
1705 5419 1830 5460 cum

310 5603 431 5678 (34)
488 5603 914 5665 Desiderabatur
960 5605 1019 5664 in
1044 5605 1225 5678 edit..,
1256 5612 1303 5663 et
1331 5606 1534 5664 mittent
1563 5605 1753 5664 illos...
1788 5613 1835 5662 et

213 5677 440 5735 stridor
468 5678 721 5736 dentium.

1935 3224 2238 3282 calcabitur
2263 3245 2276 3294 ;
2309 3225 2438 3298 quia
2461 3242 2494 3281 a
2520 3227 2799 3283 consortio
2819 3227 3094 3299 justorum
3124 3231 3280 3304 impii
3310 3250 3540 3307 separa-

1933 3313 2162 3383 buntur,
2193 3323 2248 3371 et
2275 3315 2333 3370 in
2363 3315 2641 3371 infernum
2673 3315 3057 3387 detrudentur,
3089 3320 3234 3376 sicut
3264 3323 3537 3382 Dominus

1930 3404 2066 3461 dicit
2097 3406 2154 3461 in
2184 3406 2518 3478 Evangelio:
2564 3433 2581 3454 ε
2611 3406 2864 3462 Exibunt
2893 3410 3092 3481 angeli,
3126 3419 3180 3467 et
3205 3413 3540 3485 separabunt

1933 3495 2105 3552 malos
2139 3495 2206 3550 de
2237 3495 2416 3551 medio
2439 3495 2741 3568 justorum,
2773 3504 2827 3554 et
2860 3497 3079 3555 mittent
3112 3500 3238 3557 illos
3269 3503 3325 3558 in
3355 3506 3538 3562 cami-

1932 3599 2065 3640 num
2105 3583 2270 3656 ignis.
2304 3584 2388 3640 Ibi
2414 3586 2519 3644 erit
2562 3586 2722 3644 ﬂetus
2769 3595 2823 3644 et
2857 3587 3062 3646 stridor
3112 3590 3362 3650 dentium
3418 3596 3535 3669 (34)

1936 3675 2151 3747 (Matth.
2188 3691 2312 3743 xm,
2340 3675 2455 3748 49).
2491 3700 2506 3722 ι

2014 3773 2159 3831 557
2205 3779 2280 3834 Et
2330 3779 2459 3835 exiit
2502 3779 2716 3852 sanguis
2760 3780 2822 3836 de
2868 3781 2984 3838 lacu
3030 3799 3192 3854 usque
3240 3784 3314 3841 ad
3357 3785 3540 3857 frenos

1935 3883 2188 3936 equorum
2225 3885 2327 3940 per
2364 3870 2539 3924 stadia
2589 3871 2731 3926 mille
2782 3879 3041 3928 sexcenta.
3089 3873 3192 3929 Per
3217 3878 3538 3948 sanguinem

1935 3968 2100 4025 poena
2153 3954 2453 4026 impiorum
2510 3956 2875 4030 designatur:
2942 3977 3037 4032 per
3101 3963 3340 4034 spatium
3408 3981 3538 4022 vero

1937 4043 2090 4099 mille
2119 4052 2503 4102 sexcentorum
2535 4048 2862 4118 stadiorum,
2895 4049 3042 4123 quod
3071 4052 3387 4123 sanguis'de
3415 4055 3540 4112 lacu

1937 4132 2128 4188 exiens
2157 4135 2468 4206 occupavit,
2522 4137 2642 4192 falsi
2688 4137 2990 4194 Christiani
3022 4138 3414 4211 designantur;
3441 4142 3537 4216 qui

1938 4238 2202 4280 numerus
2235 4225 2489 4298 quamvis
2518 4242 2549 4281 a
2579 4225 2931 4299 quaternario
2961 4243 3189 4284 numero
3231 4229 3535 4299 derivetur,

1937 4311 2363 4386 circumquaque
2419 4323 2601 4371 tamen
2651 4315 2903 4371 eumdem
2959 4331 3252 4374 numerum
3312 4335 3537 4378 servans

1937 4403 2209 4473 spargitur
2240 4403 2380 4475 (35),
2422 4404 2663 4476 ﬁnesque
2703 4403 2820 4474 ejus
2852 4403 3079 4462 minime
3120 4407 3405 4466 transiliit.
3439 4409 3537 4466 Si-

1937 4491 2144 4548 militer
2197 4500 2250 4548 et
2300 4493 2424 4550 falsi
2472 4494 2760 4553 christiani
2815 4495 2980 4552 ﬁdem
3035 4495 3265 4567 Christi,
3312 4515 3434 4573 quae
3478 4501 3538 4559 in

1934 4592 2169 4655 quatuor
2218 4583 2374 4641 libris
2416 4585 2702 4658 Evangelii
2757 4587 3030 4658 consistit,
3091 4588 3148 4644 iu
3207 4589 3538 4662 baptismate

1936 4672 2245 4744 suscipiunt
2285 4691 2296 4730 :
2357 4673 2453 4730 sed
2508 4683 2713 4732 arctam
2761 4685 2815 4734 et
2860 4684 3147 4749 angustam
3188 4677 3356 4749 viam,
3415 4697 3538 4754 quas

1938 4763 2082 4820 intra
2109 4765 2389 4836 angustias
2417 4766 2752 4840 quaternarii
2782 4765 2999 4822 numeri
3035 4768 3410 4838 concluditur,
3441 4787 3538 4827 re-

1937 4856 2268 4930 linquentes,
2313 4873 2434 4929 quaa
2482 4856 2637 4912 ducit
2681 4856 2750 4913 ad
2797 4855 2968 4913 vitam
3017 4857 3228 4929 (Matth.
3271 4876 3372 4928 vn,
3408 4857 3534 4930 14);

1939 4965 2036 5020 per
2075 4948 2239 5003 latam
2292 4955 2345 5003 et
2389 4947 2684 5020 spatiosain
2739 4946 2908 5019 hujus
2961 4947 3149 5006 saeculi
3198 4948 3367 5019 viam,
3415 4965 3536 5022 qua:

1938 5037 2092 5095 ducit
2121 5037 2188 5093 ad
2221 5045 2474 5103 mortem,
2507 5037 2772 5094 incedunt
2805 5037 2969 5108 (Ibid.
3005 5039 3116 5112 13).
3142 5039 3534 5096 Verumtamen

1938 5127 2339 5203 aquaternario
2368 5144 2598 5184 numero
2630 5143 2739 5183 non
2782 5127 3065 5197 recedunt,
3116 5129 3244 5202 quia
3284 5126 3535 5201 quamvis

1939 5235 2103 5292 opera
2133 5217 2450 5276 cbristianis
2489 5234 2600 5275 non
2640 5216 2898 5287 habeant,
2932 5233 3129 5274 nomen
3164 5224 3344 5272 tamen
3374 5213 3536 5271 chri-

1939 5311 2236 5368 stianitatis
2266 5327 2376 5366 non
2406 5309 2692 5367 amittunt.
2726 5309 2957 5383 Sanguis
2985 5325 3112 5381 ergo
3140 5308 3208 5365 de
3247 5307 3369 5362 lacu
3403 5304 3534 5361 exi-

1939 5400 2042 5471 vit,
2075 5408 2130 5457 et
2175 5400 2328 5458 mille
2377 5408 2637 5458 sexcenta
2682 5399 2858 5456 stadia
2902 5396 3242 5470 occupavit;
3295 5393 3427 5468 quia
3472 5409 3535 5452 ea

2013 5603 2130 5679 (35)
2183 5603 2386 5661 Omnes
2441 5601 2599 5670 edit.,
2659 5597 2892 5656 eumdem
2949 5611 3229 5652 numerum
3278 5611 3534 5679 spargens

1939 5674 2246 5750 spargitur;
2275 5689 2465 5733 omnes
2494 5690 2596 5730 ms.
2635 5715 2647 5729 .
2685 5715 2698 5728 .
2735 5711 2750 5728 .
2783 5713 2796 5727 .
2834 5713 2847 5726 .
2879 5684 3093 5727 servans
3128 5674 3426 5744 spargitur.
