4060 6208
516 304 625 365 983
678 381 687 391 ,

1550 297 1648 355 AD
1687 295 1923 356 OPERA
1960 295 2017 354 s.
2045 264 2379 355 AMBROSII
2417 292 2797 352 APPENDIX.

3714 296 3826 354 985

519 451 680 513 pana
707 450 827 510 qua
856 432 1132 491 damones
1171 437 1227 488 et
1270 445 1460 488 omnes
1502 428 1816 488 incredulos
1860 427 2113 486 absorbe-
2147 429 2200 491 Α
2227 428 2420 485 lorum.
2480 425 2610 496 Quis
2635 442 2743 484 non
2798 424 2996 482 timebit
3024 431 3090 495 te,
3119 425 3360 496 Domine,
3391 432 3441 482 et
3464 426 3829 500 ntagniﬁeabit

517 536 620 605 bit,
651 533 817 591 etiam
866 531 1033 588 falsos
1071 528 1434 598 Christianos,
1484 526 1581 602 qui
1627 525 1793 584 ﬁdem
1839 527 1948 584 visi
1986 533 2115 584 sunt

518 630 796 698 habuisse,
827 627 923 685 sed
951 643 1115 701 opera
1156 625 1285 683 ﬁdei
1322 642 1434 682 non
1475 624 1805 694 habuerunt,
1851 624 2112 699 illaquea-

516 720 635 778 bit:
685 735 780 791 per
818 733 985 790 equos
1019 732 1151 772 vero
1198 712 1322 772 falsi
1368 722 1610 787 pastores
1656 712 1916 772 Ecclesia
1959 713 2115 771 desi-

517 817 775 883 gnantur,
806 807 900 880 qui
926 805 1171 863 ofﬁcium
1200 803 1486 877 regiminis
1515 820 1627 861 non
1654 820 1755 877 pro
1780 820 1965 860 amore
1990 803 2112 872 Dei,

516 899 611 955 sed
642 914 740 970 pro
770 911 955 953 amore
982 893 1173 951 saeculi
1220 892 1531 966 suscipiunt
1565 910 1577 948 :
1622 909 1719 965 per
1762 892 1947 948 frenos
1997 890 2114 964 qui-

516 990 619 1047 bus
647 988 775 1063 equi
820 994 1101 1061 reguntur,
1143 1000 1332 1041 eorum
1373 983 1509 1039 falsa
1556 981 1808 1041 doctrina
1846 981 2116 1054 designa-

516 1089 627 1138 tur.
682 1080 897 1137 Habent
948 1076 1172 1152 quidem
1230 1076 1356 1132 falsi
1406 1083 1649 1148 pastores
1699 1074 2007 1132 doctrinam
2054 1073 2113 1129 in

517 1191 630 1243 ore,
683 1189 753 1231 ne
798 1174 866 1230 ab
911 1172 1092 1229 oﬂicio
1140 1168 1392 1226 funditus
1442 1168 1609 1225 alieni
1657 1167 1988 1225 videantur:
2020 1166 2115 1223 sed

514 1262 916 1320 Pharisaeorum
958 1260 1277 1332 exemplum
1320 1266 1632 1331 sequentes,
1676 1256 1869 1314 dicunt
1912 1264 1965 1313 et
2001 1272 2114 1313 non

514 1352 745 1409 faciunt.
804 1351 877 1406 Et
925 1350 1055 1424 quia
1110 1347 1263 1405 aliud
1310 1363 1423 1404 non
1469 1354 1698 1420 possunt
1743 1346 1958 1415 docere,
2007 1345 2115 1400 nisi

514 1443 663 1519 quod
687 1442 1051 1516 Evangelium
1100 1441 1366 1515 loquitur,
1403 1448 1458 1498 et
1493 1438 1973 1513 in'pradicatione
2019 1454 2119 1495 sua

514 1533 849 1592 annuntiant
878 1530 1257 1606 peccatoribus
1287 1546 1424 1603 quas
1452 1546 1638 1602 poenas
1667 1529 1966 1601 patientur,
2006 1526 2114 1583 nisi

514 1624 900 1699 corrigantur;
943 1638 1115 1696 usque
1139 1621 1210 1678 ad
1235 1638 1502 1695 equorum
1532 1619 1717 1675 frenos
1744 1616 1965 1689 sanguis
1997 1632 2115 1688 per-

513 1712 688 1782 venit,
719 1713 849 1786 quia
887 1726 1074 1784 pcenas
1119 1724 1255 1783 quas
1299 1706 1679 1781 peccatoribus
1721 1704 1913 1761 minati
1964 1710 2113 1775 sunt,

2219 539 2405 578 nomen
2432 529 2581 579 tuum
2602 524 2631 581 ?
2663 521 2805 591 Quia
2836 524 2893 579 tu
2916 522 3061 579 solus
3079 521 3206 595 pius
3233 539 3284 579 es
3316 540 3340 589 ;
3366 521 3620 594 quoniam
3648 540 3830 579 omnes

2219 619 2387 684 gentes
2440 611 2666 681 venient,
2697 618 2745 668 et
2797 612 3102 669 adorabunt
3128 612 3186 667 in
3222 616 3493 683 conspectu
3531 618 3642 681 tuo,
3681 628 3831 683 quo-

2221 700 2368 757 niam
2413 699 2623 770 judicia
2677 705 2770 756 tua
2824 697 3110 771 manifesta
3163 705 3305 755 sunt.
3356 696 3665 757 Concordat
3718 699 3830 759 hoc

2221 793 2495 850 canticum
2550 808 2678 849 cum
2727 790 2897 847 veteri
2955 799 3010 847 et
3063 806 3208 847 novo
3264 790 3657 856 Testamento;
3696 806 3829 845 nam

2222 890 2427 955 septem
2475 881 2890 940 benedictiones
2930 880 3011 937 ibi
3045 880 3427 948 inveniuntur,
3461 897 3583 953 qua
3612 888 3827 952 septem

2222 973 2489 1045 partibus,
2536 972 2603 1029 de
2632 971 2833 1045 quibus
2862 973 3112 1044 superius
3140 969 3389 1028 diximus
3421 970 3560 1044 (cap.
3594 988 3651 1037 v,
3682 986 3826 1025 vers.

2222 1063 2287 1129 9;
2324 1062 2451 1133 v11),
2503 1061 2749 1134 coaptati
2778 1068 3028 1134 possunt.
3060 1060 3244 1116 Prima
3273 1060 3474 1134 quippe
3504 1058 3831 1115 benedictio

2222 1159 2347 1207 est:
2397 1152 2597 1223 Magna
2640 1157 2689 1205 et
2730 1149 3004 1205 mirabilia
3054 1166 3213 1220 opera
3245 1155 3356 1217 tua,
3405 1148 3629 1204 Domine
3681 1149 3830 1205 Deus

2222 1240 2586 1312 omnipotens;
2632 1256 2752 1313 qua
2795 1240 2976 1313 primo
3008 1238 3244 1312 tempori
3291 1239 3590 1297 convenire
3643 1248 3831 1312 potest

2224 1329 2283 1385 in
2312 1345 2422 1402 quo
2467 1327 2675 1386 factum
2705 1336 2787 1385 est
2814 1329 3015 1387 coelum
3043 1337 3099 1386 et
3135 1337 3298 1397 terra,
3331 1344 3630 1403 omnesque
3657 1345 3829 1387 crea-

2222 1424 2381 1487 tura,
2413 1434 2533 1491 qua
2563 1418 2722 1475 valde
2744 1427 2876 1477 sunt
2901 1417 3195 1476 mirabilia.
3226 1417 3475 1476 Secunda
3494 1428 3577 1476 est
3611 1435 3624 1474 :
3652 1420 3830 1476 Iusta:

2223 1516 2271 1565 et
2313 1525 2452 1564 verre
2496 1508 2616 1564 vitae
2659 1515 2779 1577 tute,
2822 1510 2937 1566 Rea:
2977 1508 3336 1576 saeculorum;
3386 1524 3507 1581 qua
3562 1509 3827 1581 congruit

2224 1598 2368 1671 parti
2414 1598 2685 1667 secunda,
2736 1598 2794 1654 in
2826 1614 2935 1672 qua
2978 1613 3169 1654 omnes
3197 1604 3460 1654 creatura
3488 1614 3611 1672 qua
3641 1597 3825 1655 habe-

2222 1686 2357 1743 bant
2382 1687 2641 1759 spiritum
2659 1686 2811 1754 vita,
2835 1686 3144 1761 justissimo
3163 1687 3264 1743 Dei
3290 1686 3527 1761 judicio,
3559 1690 3723 1761 aquis
3742 1687 3823 1745 di-

512 1800 621 1856 nisi
667 1774 1096 1872 corrigerentur,
1138 1797 1246 1871 ipsi
1284 1796 1413 1870 quia
1451 1795 1589 1853 vitia
1616 1810 1713 1852 sua
1742 1793 1988 1851 deserere
2016 1809 2103 1850 no-

2224 1776 2365 1832 luvii
2393 1775 2617 1833 delectae
2667 1783 2815 1832 sunt.
2847 1774 3030 1833 Tertia
3058 1784 3139 1833 est
3172 1794 3183 1831 :
3225 1776 3353 1844 Quis
3379 1793 3485 1832 non
3531 1778 3733 1833 timebit
3757 1786 3820 1847 te,

510 1893 753 1960 luerunt,
782 1891 1157 1964 experientur.

581 1980 809 2038 CAPUT
836 1980 960 2038 XV.
992 2011 1063 2022 —
1103 1978 1287 2052 (Vers.
1319 1976 1397 2051 1.)
1446 1979 1522 2035 Et
1554 1976 1667 2034 vidi
1706 1976 1861 2033 aliud
1903 1976 2110 2049 signum

510 2070 567 2125 in
590 2070 714 2126 calo
741 2086 992 2142 magnum
1034 2076 1081 2125 et
1119 2068 1383 2137 mirabile,
1414 2069 1625 2139 angelos
1653 2073 1842 2140 septem
1869 2066 2109 2123 habentes

507 2167 695 2232 septem
717 2162 909 2234 plagas
932 2159 1286 2226 novissimus;
1325 2158 1575 2230 quoniam
1612 2158 1670 2213 in
1705 2157 1820 2214 illis
1857 2173 2109 2212 consum-

507 2258 653 2308 mata
674 2258 750 2307 est
770 2252 858 2307 ira
888 2251 1007 2308 Dei.
1041 2250 1194 2308 Sicut
1222 2249 1473 2322 superius
1516 2255 1811 2321 antequam
1858 2246 1929 2303 ad
1970 2262 2108 2302 nar-

508 2342 776 2399 rationem
806 2349 1012 2421 septem
1051 2340 1372 2413 angelorum
1413 2339 1563 2395 tubis
1604 2337 1919 2395 canentium
1952 2335 2105 2392 veni-

507 2442 610 2505 ret,
635 2450 825 2491 eorum
855 2432 1193 2490 mentionem
1232 2433 1411 2490 facere
1466 2432 1728 2499 studuit;
1781 2431 1861 2488 ita
1910 2438 1966 2487 et
2015 2428 2106 2489 hic

506 2536 799 2600 antequam
832 2525 903 2583 ad
929 2535 1136 2599 septem
1174 2525 1492 2597 angelorum
1534 2522 1747 2596 phialas
1782 2519 2103 2577 habentium

503 2617 876 2674 narrationem
916 2616 1123 2682 veniat,
1162 2631 1353 2672 eorum
1385 2612 1722 2671 mentionem
1749 2612 1898 2680 facit,
1931 2620 1993 2667 ut
2021 2610 2104 2666 in-

503 2706 651 2764 dicet
679 2720 876 2779 magna
905 2704 1170 2778 mysteria
1207 2704 1268 2759 in
1299 2718 1489 2759 eorum
1535 2701 1751 2759 visione
1806 2698 2100 2759 contineri.

503 2795 609 2853 Sed
637 2795 704 2852 de
751 2795 822 2876 iis
862 2795 923 2852 in
960 2792 1315 2869 sequentibus
1365 2792 1513 2868 quod
1554 2791 1825 2850 Dominus
1866 2789 2100 2861 dederit,

504 2884 772 2943 dicemus.

576 2976 761 3048 (Vcrs.
792 2976 849 3044 2,
880 2974 961 3045 3.)
1003 2977 1078 3031 Et
1107 2973 1219 3029 vidi
1248 2980 1500 3044 tanquam
1532 2990 1681 3029 mare
1721 2973 1946 3029 vitreum
1990 2971 2104 3027 mi-

500 3071 639 3121 stum
678 3064 808 3136 igni,
841 3070 891 3119 et
924 3080 1009 3119 eos
1057 3063 1151 3135 qui
1193 3063 1432 3119 vicerunt
1478 3062 1695 3119 bestiam
1740 3070 1787 3119 et
1819 3063 2101 3136 imaginem

498 3153 635 3226 ejus,
665 3160 715 3210 et
738 3171 1022 3210 numerum
1051 3153 1283 3210 nominis
1327 3153 1460 3224 ejus,
1509 3160 1704 3210 stantes
1749 3171 1909 3227 super
1954 3172 2103 3210 mare
2137 3166 2181 3227 ο

498 3246 744 3315 vitreum,
786 3245 1027 3302 habentes
1055 3244 1289 3301 citharas
1317 3244 1437 3314 Dei,
1470 3250 1518 3301 et
1545 3251 1811 3301 mutantes
1839 3245 2101 3301 canticum

496 3336 669 3408 Moysi
709 3335 851 3392 servi
896 3336 1017 3407 Dei,
1060 3342 1107 3393 et
1149 3334 1411 3392 canticum
1458 3335 1601 3409 Agni
1655 3336 1895 3392 dicentes.
1953 3334 2099 3403 Quid

497 3427 770 3502 signiﬁcet
820 3444 970 3485 mare
1022 3429 1286 3497 vitreum,
1343 3427 1597 3500 superius
1641 3428 1700 3484 in
1746 3426 1961 3483 visione
2017 3442 2097 3482 se-

495 3520 676 3578 cunda
704 3520 952 3576 diximus
982 3520 1123 3592 (cap.
1156 3536 1237 3585 Iv,
1267 3535 1404 3574 vers.
1436 3518 1493 3589 6)
1521 3536 1533 3573 :
1566 3518 1662 3574 sed
1689 3518 1806 3575 illic
1835 3526 2095 3591 tanquam

494 3611 821 3683 crystallum
861 3626 977 3666 esse
1020 3609 1245 3675 dicitur,
1294 3607 1389 3666 hic
1428 3615 1610 3664 autem
1650 3608 1878 3664 mistum
1922 3608 2047 3680 igne
2080 3626 2092 3665 :

494 3704 549 3753 et
575 3696 706 3769 quia
732 3697 1031 3769 crystallus
1069 3696 1292 3752 eximia
1340 3697 1609 3754 claritatis
1655 3703 1756 3764 est,
1805 3696 2096 3770 ignemque

496 3785 564 3842 de
593 3802 650 3842 se
679 3801 807 3841 cum
852 3786 1091 3843 calorem
1132 3786 1265 3843 solis
1307 3786 1597 3860 acceperit,
1639 3786 1778 3844 solet
1822 3786 2091 3857 emittere,

494 3874 741 3932 eamdem
765 3874 1224 3949 signiﬁcationem
1254 3875 1419 3933 habet
1447 3876 1564 3933 illic
1597 3876 1892 3948 crystallus
1929 3892 2092 3950 quam

494 3965 589 4024 hic
626 3965 815 4040 ignis:
873 3964 1187 4041 signiﬁcant
1230 3982 1467 4039 namque
1521 3964 1827 4038 spiritalem
1889 3966 2093 4024 intelli-

492 4056 754 4132 gentiam,
787 4072 908 4130 qua
938 4055 999 4112 in
1037 4055 1246 4113 divinis
1281 4054 1581 4129 Scripturis
1610 4055 1914 4113 invenitur.
1944 4058 2093 4114 Mare

492 4146 664 4221 igitur
687 4146 928 4204 vitreum
954 4146 1183 4203 mistum
1210 4153 1294 4203 est
1323 4146 1435 4219 igni
1461 4164 1475 4212 ;
1518 4144 1647 4219 quia
1683 4145 1878 4202 divina
1912 4146 2090 4220 Scrip-

2220 1864 2441 1920 Domine
2470 1866 2497 1921 ?
2529 1880 2650 1938 qua
2679 1864 2856 1922 tertia
2888 1864 3054 1937 parti,
3087 1864 3156 1920 iis
3195 1863 3454 1922 videlicet
3483 1864 3691 1938 quibus
3730 1867 3821 1925 lex

2217 1954 2344 2010 data
2388 1961 2489 2024 est,
2530 1954 2807 2028 congruit,
2852 1955 2948 2028 qui
2983 1955 3183 2011 timore
3211 1954 3394 2027 potius
3436 1972 3604 2029 quam
3632 1974 3822 2015 amore

2217 2045 2351 2118 legis
2378 2045 2635 2103 mandata
2686 2045 3034 2104 exercebant.
3094 2045 3297 2114 Quarta
3328 2050 3410 2103 est
3444 2064 3456 2102 :
3489 2049 3566 2104 Et
3598 2050 3821 2121 magni-

2215 2136 2393 2209 ﬁcabit
2448 2153 2634 2193 nomen
2684 2143 2875 2205 tuum;
2947 2152 3112 2210 quam
3176 2136 3458 2210 prophetis
3518 2141 3821 2198 convenire

2216 2225 2568 2282 manifestum
2595 2234 2695 2296 est,
2738 2225 2833 2300 qui
2863 2241 3066 2282 nomen
3095 2225 3197 2282 Dei
3245 2233 3300 2281 et
3328 2225 3820 2299 pradicationibus

2215 2322 2269 2371 et
2307 2314 2528 2388 scriptis
2571 2314 3083 2389 magniﬁcaverunt.
3134 2313 3342 2382 Quinta
3380 2324 3503 2373 est:
3563 2319 3708 2387 Quia
3764 2328 3821 2376 tu

2214 2405 2358 2460 solus
2388 2406 2517 2477 pius
2543 2422 2595 2461 es
2626 2423 2641 2474 ;
2672 2404 2732 2461 in
2764 2405 2959 2479 quinta
2971 2413 3125 2479 parte
3152 2406 3455 2464 adventum
3485 2406 3700 2465 Christi
3726 2428 3818 2483 po-

2214 2494 2445 2564 suimus,
2477 2495 2537 2551 in
2587 2511 2695 2569 qua
2720 2495 2992 2553 Dominus
3020 2505 3225 2568 noster,
3259 2499 3353 2573 qui
3380 2498 3529 2554 solus
3558 2498 3687 2572 pius
3714 2509 3815 2569 est,

2212 2592 2267 2642 et
2315 2584 2482 2641 homo
2529 2584 2651 2641 ﬁeri
2697 2601 2796 2657 pro
2850 2585 3026 2643 salute
3074 2588 3286 2660 generis
3338 2585 3587 2656 humani,
3616 2596 3671 2645 et
3702 2590 3817 2662 pati

2211 2680 2266 2729 et
2316 2675 2459 2731 mori
2506 2674 2762 2748 dignatus
2814 2683 2913 2731 est.
2959 2676 3127 2734 Sexta
3165 2684 3290 2734 est:
3346 2678 3612 2746 Quoniam
3638 2696 3817 2734 omnes

2208 2769 2376 2835 gentes
2416 2763 2640 2834 venient,
2688 2770 2736 2821 et
2769 2764 3071 2821 adorabunt
3104 2766 3160 2821 in
3209 2773 3479 2838 conspectu
3524 2773 3655 2836 tuo;
3693 2784 3818 2824 rna-

2210 2852 2471 2909 nifestum
2517 2861 2596 2910 est
2623 2863 2746 2927 post
2792 2856 3168 2913 ascensionem
3200 2856 3426 2913 Domini
3453 2873 3650 2915 omnes
3683 2875 3813 2932 gen-

2209 2950 2291 2999 tes
2317 2943 2386 2999 ad
2412 2942 2578 2999 ﬁdem
2608 2943 2823 3001 venisse
2852 2944 3081 3015 Christi,
3114 2962 3249 3020 quas
3276 2946 3336 3002 in
3364 2954 3522 3003 sexto
3551 2948 3678 3004 loco
3712 2966 3812 3023 po-

2209 3030 2439 3088 suimus.
2470 3031 2714 3103 Septima
2741 3039 2859 3089 est:
2895 3032 3155 3101 Quoniam
3164 3033 3373 3103 judicia
3407 3039 3494 3090 tua
3522 3034 3811 3106 manifesta

2210 3126 2332 3175 sunt
2361 3139 2375 3189 ;
2408 3136 2572 3192 quam
2602 3121 2672 3178 ad
2719 3121 2863 3178 diem
2893 3121 3095 3194 judicii
3145 3123 3417 3195 pertinere
3446 3124 3809 3180 manifestum

2209 3217 2309 3279 est,
2340 3210 2397 3266 in
2428 3227 2535 3283 quo
2559 3210 2774 3283 judicia
2801 3211 2903 3267 Dei
2925 3210 3076 3283 justa
3094 3219 3148 3267 et
3175 3228 3305 3268 vera
3336 3230 3450 3269 esse
3477 3214 3810 3271 manifesta-

2207 3300 2447 3358 buntur:
2464 3301 2515 3357 A
2535 3300 2696 3374 cujus
2706 3300 2908 3373 judicii
2930 3302 3283 3358 damnatione
3303 3318 3404 3359 nos
3424 3303 3808 3361 misericordia

2207 3399 2261 3448 et
2296 3392 2467 3463 pietas
2494 3391 2718 3447 Domini
2746 3400 2799 3448 et
2827 3392 3188 3465 redemptoris
3218 3393 3396 3449 nostri
3426 3393 3558 3450 Jesu
3593 3394 3807 3452 Christi

2208 3482 2438 3538 liberare
2486 3481 2743 3554 dignetur
2784 3482 2924 3555 (37),
2973 3482 3069 3556 qui
3117 3498 3244 3540 cum
3300 3483 3459 3540 Patre
3506 3490 3559 3538 et
3590 3483 3807 3558 Spiritu

2205 3580 2394 3630 sancto
2421 3573 2564 3630 vivit
2589 3581 2643 3631 et
2669 3581 2859 3648 regnat
2882 3574 3027 3632 Deus
3063 3590 3161 3648 per
3190 3574 3377 3632 omnia
3404 3575 3608 3633 sacula
3637 3592 3805 3635 sacu-

2207 3663 2408 3735 lorum,
2434 3678 2617 3721 amen.

2636 3827 2733 3885 DE
2762 3825 3048 3889 VISIONE
3077 3825 3360 3897 QUINTA.

2273 3959 2430 4019 Visio
2477 3962 2693 4035 quinta,
2737 3962 2806 4021 ad
2847 3961 3005 4037 cujus
3034 3979 3226 4021 sensus
3273 3962 3653 4035 elucidandos,
3694 3968 3800 4024 Do.

2201 4050 2353 4107 mino
2376 4050 2629 4124 juvante,
2650 4054 3022 4126 pervenimus,
3054 4071 3125 4111 ex
3149 4054 3395 4112 maxima
3422 4063 3575 4129 parte
3592 4056 3799 4113 visioni

2198 4143 2469 4215 superiori
2508 4144 2822 4214 concordat,
2888 4144 2957 4201 de
2995 4144 3154 4219 cujus
3206 4146 3577 4220 intelligentia
3624 4164 3801 4221 usque

489 4245 615 4294 tura
643 4234 807 4293 mista
833 4243 914 4293 est
940 4234 1286 4311 spiritalibus
1315 4235 1708 4294 intellectibus.
1740 4235 1914 4309 Super
1941 4252 2090 4293 mare
2198 4232 2363 4290 modo
2392 4233 2540 4307 quod
2566 4234 2792 4292 Domini
2834 4234 3008 4308 gratia
3044 4234 3235 4309 largiri
3268 4235 3491 4310 dignata
3509 4245 3615 4306 est,
3652 4237 3799 4293 dixi.

488 4324 674 4399 itaque
702 4326 943 4383 vitreum
977 4326 1039 4396 ii,
1072 4326 1170 4400 qui
1199 4327 1433 4384 bestiam
1472 4326 1751 4392 vicerunt,
1800 4333 1943 4383 stare
1981 4326 2089 4383 visi
2198 4338 2321 4380 mus
2354 4323 2374 4396 (
2401 4324 2491 4381 Ad
2514 4342 2631 4398 cap.
2665 4341 2789 4395 vm,
2829 4343 2967 4383 vers.
2993 4325 3073 4398 2).
3097 4326 3236 4384 Nam
3264 4326 3408 4385 sicut
3436 4326 3556 4383 illic
3584 4337 3798 4401 septem

487 4422 649 4483 sunt;
683 4414 814 4489 quia
839 4416 1015 4474 sancti
1044 4417 1145 4475 Dei
1175 4416 1271 4491 qui
1300 4424 1495 4475 contra
1536 4415 1947 4474 Antichristum
1989 4432 2087 4489 pu-
2196 4415 2374 4486 angeli
2404 4414 2512 4472 visi
2565 4423 2714 4485 sunt,
2762 4415 2963 4489 quibus
2991 4415 3132 4473 data
3175 4424 3305 4474 sunt
3346 4426 3553 4489 septem
3596 4416 3748 4475 tuba
3780 4434 3795 4474 :

490 4503 707 4577 gnaturi
738 4514 889 4574 sunt,
916 4505 974 4561 in
998 4506 1285 4578 praceptis
1313 4504 1629 4563 divinarum
1674 4505 2083 4577 Scripturarum
2114 4530 2165 4590 D
2203 4501 2280 4562 ita
2309 4512 2362 4561 et
2399 4504 2493 4562 hic
2519 4513 2725 4579 septem
2754 4506 2963 4578 angelis
2985 4514 3191 4579 septem
3221 4505 3420 4580 phiala
3448 4506 3590 4564 data
3625 4507 3798 4564 fuisse

487 4612 703 4669 gressus
731 4596 921 4669 ﬁgent,
966 4596 1231 4670 nullaque
1265 4597 1599 4671 impulsione
1631 4606 1924 4654 ventorum
1970 4600 2090 4676 (36)
2202 4602 2615 4653 memorantur:
2666 4604 2720 4652 et
2749 4595 2891 4653 sicut
2919 4596 2980 4652 in
3026 4605 3193 4653 cantu
3224 4595 3367 4653 tuba
3407 4595 3575 4669 primi
3607 4598 3794 4669 angeli

485 4702 519 4743 a
545 4702 643 4743 sua
670 4685 778 4744 ﬁde
809 4687 1021 4744 moveri
1066 4695 1346 4760 poterunt.
1386 4688 1489 4745 Per
1523 4687 1762 4746 citharas
1791 4704 1922 4745 vero
1954 4705 2091 4762 quas
2199 4685 2404 4759 grando
2433 4700 2629 4758 magna
2671 4691 2872 4741 terram
2902 4684 3203 4758 percussit;
3246 4684 3326 4741 ita
3353 4692 3407 4741 et
3436 4685 3497 4741 in
3525 4686 3797 4743 effusione

486 4774 781 4846 habebant,
814 4776 1169 4835 mortiﬁcatio
1199 4774 1380 4836 Carnis
1411 4778 1729 4851 designatur
1762 4796 1775 4835 :
1808 4780 2087 4839 canticum

484 4872 667 4923 autem
695 4866 895 4940 Moysi,
924 4878 1081 4927 vetus
1114 4869 1525 4926 Testamentum
1558 4886 1570 4925 :
1616 4868 1897 4926 canticum
1936 4870 2084 4942 Agni

483 4976 693 5019 novum
718 4961 1077 5020 demonstrat.
1121 4962 1411 5022 Canticum
1439 4978 1568 5035 ergo
1596 4961 1777 5034 Moysi
1817 4968 1873 5018 et
1913 4962 2086 5020 canti-

481 5066 609 5108 cum
637 5051 784 5125 Agni
810 5050 1138 5120 cantabant;
1192 5051 1322 5124 quia
1350 5060 1404 5109 et
1431 5060 1589 5108 vetus
1636 5060 1690 5109 et
1734 5067 1942 5108 novum
1990 5051 2084 5107 Te-

480 5147 814 5199 stamentum
831 5141 1004 5201 sancti
1025 5139 1422 5216 praedicabunt.
1441 5140 1600 5211 Quod
1621 5141 1900 5201 canticum
1923 5142 2082 5217 quale

479 5228 575 5300 sit,
609 5230 921 5289 audiamus.

551 5320 734 5392 (Vers.
763 5320 879 5394 14.)
906 5315 1183 5395 Magnaet
1203 5320 1481 5378 mirabilia
1507 5338 1671 5394 opera
1704 5327 1817 5391 tua,
1860 5319 2084 5378 Domine

476 5419 618 5476 Deus
642 5421 966 5493 omnipotens
997 5438 1014 5476 :
1039 5420 1202 5492 justa:
1227 5426 1276 5476 et
1312 5436 1446 5476 vera:
1475 5419 1573 5477 vile
1612 5425 1733 5477 tute.
1774 5420 1887 5478 Rea:
1924 5437 2081 5477 saecu-

548 5634 664 5759 (ῗοϐ)
701 5634 875 5704 Edit.,
905 5636 1157 5707 nullaque
1184 5635 1497 5708 impulsione
1533 5636 1826 5703 vitiorum;
1866 5654 1967 5694 ms.
2004 5677 2017 5693 .
2054 5681 2066 5694 .

548 5720 571 5758 ι
627 5721 765 5759 rum.

473 5720 765 5760 ventorum.

2198 4774 2395 4847 phialae
2420 4774 2586 4847 primi
2618 4774 2798 4848 angeli
2828 4773 3099 4843 homines,
3153 4774 3249 4847 qui
3292 4791 3389 4848 per
3415 4784 3619 4832 terram
3652 4792 3796 4848 sape

2197 4863 2573 4935 designantur,
2613 4863 2866 4936 pessimis
2905 4862 3230 4920 vulneribus
3269 4865 3514 4938 percussi
3561 4883 3680 4923 esse
3710 4867 3793 4925 di-

2194 4960 2439 5011 cuntur:
2501 4959 2646 5018 558
2700 4962 2754 5011 et
2809 4951 3271 5027 quemadmodum
3327 4954 3387 5010 in
3432 4963 3600 5012 cantu
3642 4956 3792 5014 tuba

2192 5051 2421 5109 secundi
2447 5052 2627 5126 angeli
2654 5052 2817 5109 tertia
2841 5068 2963 5125 pars
2996 5051 3164 5109 maris
3188 5051 3249 5107 in
3275 5052 3601 5125 sanguinem
3633 5069 3792 5111 versa

2192 5150 2294 5213 est,
2323 5144 2582 5202 similiter
2620 5151 2675 5200 et
2723 5143 2782 5199 in
2807 5141 3075 5199 elfusione
3105 5140 3306 5214 phiala
3336 5142 3565 5201 secundi
3604 5144 3791 5216 angeli

2191 5240 2369 5290 totum
2399 5250 2547 5291 mare
2563 5233 2625 5290 in
2648 5231 2972 5306 sanguinem
2993 5247 3213 5288 versum
3229 5231 3399 5290 fuisse
3426 5231 3785 5290 describitur.

2189 5324 2461 5383 Eumdem
2488 5340 2710 5383 sensum
2747 5330 3055 5397 sequuntur
3079 5330 3134 5380 et
3159 5323 3348 5381 caeteri
3373 5340 3386 5379 :
3417 5324 3514 5381 sed
3544 5323 3791 5398 qualiter

2189 5414 2282 5473 isti
2321 5432 2447 5473 cum
2493 5412 2870 5489 superioribus
2927 5413 3286 5484 concordent,
3338 5414 3397 5472 in
3423 5415 3791 5489 sequentibus

2258 5633 2374 5705 (37)
2401 5631 2587 5714 Codex
2628 5632 2808 5703 Gem.,
2838 5631 3101 5706 dignetur,
3130 5631 3216 5690 cui
3239 5639 3315 5690 est
3335 5634 3507 5692 honor
3534 5640 3584 5691 et
3607 5637 3789 5709 gloria

2177 5722 2278 5777 per
2306 5712 2505 5773 omnia,
2538 5712 2642 5764 etc.
