4026 6172
216 296 310 355 985

1091 292 1549 353 BERENGAUDI
1586 292 1962 351 EXPOSITIO
2001 294 2072 353 IN
2108 294 2613 352 APOCALYPSIN.

3341 346 3347 351 .
3395 297 3501 355 986

216 394 442 478 dicemus
474 417 616 490 (38).
649 415 918 474 Eamdem
953 433 1081 490 ergo
1110 416 1566 491 signiﬁcationem
1590 416 1797 474 habent
1824 419 1876 480 A
1903 418 2311 491 praedicandum
2342 418 2726 475 descendunt?
2754 417 2861 476 Sed
2890 419 3068 477 sancti
3112 418 3500 492 praedicatores

217 508 300 566 isti
327 524 487 581 quam
528 515 583 564 et
629 506 751 574 illi;
801 506 1117 581 signiﬁcant
1165 508 1368 581 quippe
1416 507 1799 581 praedicatores

215 598 303 674 qui
328 597 550 654 fuerunt
577 596 646 652 ab
677 595 862 665 initio,
892 605 948 653 et
972 606 1136 654 erunt
1167 613 1340 671 usque
1383 597 1451 654 ad
1474 597 1660 654 ﬁnem.
1693 597 1798 654 Sed

214 688 324 746 ideo
350 687 432 743 bis
462 693 766 760 ponuntur,
813 686 943 758 Quia
998 686 1142 745 sicut
1170 687 1422 760 superius
1449 688 1800 744 demonstra-

213 778 399 846 vimus,
424 791 488 832 ea
513 792 633 849 quae
654 774 759 832 sub
782 782 951 832 cantu
971 775 1117 833 tubae
1138 776 1304 850 primi
1327 777 1528 848 angeli,
1547 775 1794 846 secundi,

213 866 370 935 tertii,
410 873 575 939 atque
605 864 790 938 quarti
835 872 986 937 gesta
1023 866 1195 923 fuisse
1231 867 1350 923 visa
1385 873 1535 933 sunt,
1568 866 1632 921 ad
1679 866 1801 921 ele—

211 968 319 1018 ctos
344 958 640 1031 pertinent.
676 958 846 1013 Porro
905 973 1024 1030 quae
1069 956 1171 1014 sub
1220 967 1388 1016 cantu
1416 957 1562 1014 tubae
1594 956 1798 1029 quinti,

211 1048 363 1117 sexti,
394 1055 558 1119 atque
596 1046 818 1120 septimi
847 1045 1028 1118 angeli
1059 1047 1203 1103 facta
1243 1048 1414 1103 fuisse
1462 1046 1796 1114 referuntur,

210 1137 402 1212 quibus
430 1144 483 1192 et
512 1134 618 1192 tria
646 1152 729 1190 vae
776 1134 1209 1207 conjunguntur,
1269 1135 1328 1190 in
1368 1135 1568 1208 quibus
1609 1150 1801 1207 perse-

208 1227 445 1285 cutiones
489 1224 774 1294 Ecclesiae,
828 1241 965 1298 quas
992 1224 1062 1280 ab
1112 1224 1385 1282 haereticis
1420 1234 1475 1282 et
1502 1241 1534 1281 a
1577 1223 1802 1297 paganis

209 1331 352 1390 passa
373 1324 473 1384 est,
505 1322 560 1371 et
602 1313 671 1370 ab
697 1312 1047 1370 Antichristo
1073 1313 1132 1368 in
1173 1313 1283 1370 ﬁne
1331 1313 1527 1369 mundi
1575 1328 1802 1386 passura

208 1413 302 1474 est,
354 1403 767 1470 describuntur,
819 1418 889 1458 ex
936 1418 1048 1458 una
1080 1411 1233 1476 parte
1279 1402 1348 1459 ad
1397 1402 1678 1475 reprobos,
1729 1417 1800 1457 ex

209 1495 366 1551 altera
393 1493 460 1549 ad
512 1494 714 1549 electos
770 1491 1094 1565 pertinent;
1148 1491 1279 1566 quia
1329 1491 1490 1564 impii
1535 1508 1604 1547 ex
1653 1493 1799 1548 malo

208 1582 347 1657 quod
372 1580 480 1655 piis
508 1580 789 1654 ingerunt,
839 1597 1058 1653 poenam
1090 1588 1444 1654 perpetuam:
1493 1580 1633 1654 justi
1666 1598 1800 1638 vero

206 1689 272 1728 ex
297 1671 437 1728 malo
477 1670 627 1745 quod
657 1669 964 1743 perferunt,
996 1670 1226 1744 gloriam
1270 1670 1662 1743 sempiternam
1691 1671 1798 1728 sibi

208 1761 508 1835 acquirunt.
540 1758 739 1816 Omnia
766 1750 954 1832 itaque
985 1776 1106 1833 qua:
1145 1760 1248 1817 sub
1284 1760 1553 1817 eﬁ‘usione
1574 1761 1800 1834 phiala-

207 1875 323 1915 rum
368 1866 575 1930 septem
626 1856 947 1929 angelorum
977 1855 1392 1925 describuntur,
1426 1856 1497 1913 ad
1541 1857 1801 1930 reprobos

204 1944 513 2017 pertinent;
546 1944 693 2001 unde
722 1952 776 2001 et
822 1945 993 2019 primi
1048 1945 1222 2012 tubis,
1273 1945 1473 2019 quibus
1525 1947 1801 2004 exercitus

205 2036 304 2093 Dei
333 2035 400 2092 ad
427 2052 663 2108 pugnam
706 2034 1130 2109 provocabatur,
1179 2035 1448 2092 cecinisse
1502 2036 1795 2094 dicuntur:

205 2131 484 2198 sequentes
506 2131 689 2181 autem
731 2124 945 2197 phialas
979 2126 1172 2198 plenas
1213 2123 1513 2182 iracundiae
1558 2125 1660 2182 Dei
1695 2142 1801 2183 su-

206 2233 299 2291 per
329 2217 524 2289 impios
550 2215 811 2274 effudisse
839 2217 1178 2274 referuntur.

274 2308 450 2381 (Vers.
477 2306 560 2380 5.)
594 2308 722 2364 Post
749 2307 855 2363 haec
881 2307 1014 2376 vidi,
1070 2314 1119 2363 et
1154 2325 1262 2364 ecce
1290 2313 1534 2379 apertum
1561 2314 1636 2363 est
1664 2313 1801 2364 tem-

196 2398 344 2472 plum
400 2397 727 2453 tabernaculi
784 2397 1065 2453 testimonii
1137 2397 1196 2452 in
1247 2398 1391 2455 CtBlO.
1463 2397 1528 2453 In
1603 2398 1800 2455 Exodo

200 2486 461 2559 scriptum
492 2493 575 2542 est
616 2485 765 2558 quod
809 2485 1003 2544 fecerit
1048 2486 1263 2559 Moyses
1290 2485 1709 2554 tabernaculum
1740 2488 1801 2543 in

199 2576 458 2634 deserto:
502 2583 690 2649 postea
735 2591 867 2632 vero
896 2592 929 2632 a
986 2575 1280 2632 Salomone
1329 2575 1444 2648 jam
1492 2577 1695 2649 populo
1741 2577 1801 2633 in

202 2674 350 2723 terra
391 2664 838 2738 repromissionis
883 2664 1130 2738 degente,
1163 2665 1436 2738 templum
1468 2665 1800 2724 aediﬁcatum

199 2763 300 2815 est.
331 2756 432 2812 Per
467 2756 747 2814 desertum
777 2755 949 2827 igitur
974 2755 1082 2812 hoc
1127 2755 1392 2813 smculum
1418 2772 1564 2828 :.per
1601 2756 1796 2814 taber-

200 2846 460 2905 naculum
490 2845 637 2920 quod
665 2845 733 2902 de
763 2846 885 2904 loco
931 2846 1001 2903 ad
1031 2846 1216 2903 locum
1247 2845 1599 2916 transfertur,
1650 2862 1799 2919 prae-

197 2955 324 2996 sens
360 2936 608 2995 Ecclesia
626 2936 966 3010 designatur,
996 2953 1118 3011 quae
1146 2937 1214 2994 de
1252 2936 1468 2995 deserto
1496 2936 1664 3010 hujus
1688 2955 1801 2995 saa-

190 3029 309 3089 culi
330 3028 573 3103 quotidie
591 3029 661 3086 ad
689 3029 965 3087 cmlestem
993 3028 1395 3087 beatitudinem
1424 3028 1650 3100 transit,
1671 3046 1797 3103 per-

1906 510 2061 584 quasi
2089 509 2157 567 de
2183 510 2392 568 coelesti
2421 510 2597 583 patria
2625 519 2849 581 exeunt,
2880 527 3006 568 cum
3037 510 3106 567 ab
3145 511 3245 568 illo
3271 510 3501 567 mittun-

1905 607 2018 667 tur,
2048 600 2143 672 qui
2192 607 2273 655 est
2310 600 2483 671 gloria
2513 607 2849 667 sanctorum,
2888 606 2944 655 et
2986 616 3017 655 a
3045 616 3155 673 quo
3185 598 3368 656 omnis
3392 598 3504 656 do-

1905 688 2083 745 ctrina
2109 704 2298 745 eorum
2329 689 2593 761 procedit.
2629 689 2735 757 Qui
2766 696 2971 760 septem
3020 689 3203 761 plagas
3248 688 3504 746 habuisse

1907 777 2204 836 dicuntur:
2255 788 2308 836 et
2337 780 2588 852 superius
2628 787 2834 852 septem
2869 780 3054 852 plagas
3082 779 3337 837 habuisse
3365 778 3502 837 dicti

1907 878 2055 939 sunt,
2089 887 2152 926 eo
2187 872 2333 944 quod
2380 871 2440 926 in
2485 870 2599 926 illis
2635 878 3015 927 consummata
3054 870 3126 927 sit
3166 869 3248 926 ira
3277 869 3397 926 Dei.
3444 868 3502 926 Si

1908 968 2110 1030 septem
2156 960 2339 1031 plagas
2383 959 2681 1017 iracundiae
2722 960 2821 1016 Dei
2860 959 3194 1027 habuerunt,
3226 958 3502 1032 quomodo

1908 1049 2081 1104 sancti
2111 1048 2245 1105 facti
2272 1048 2496 1106 fuerunt
2524 1050 2553 1105 ‘I
2579 1050 2685 1106 Sed
2714 1048 3030 1106 habuerunt
3057 1046 3232 1105 sancti
3260 1046 3359 1103 Dei
3389 1047 3501 1119 pla-

1908 1152 2000 1208 gas
2052 1144 2257 1210 septem
2303 1137 2360 1192 in
2392 1144 2734 1209 potestatem,
2786 1153 2900 1193 non
2946 1137 3005 1192 in
3050 1153 3267 1208 pmnam
3310 1151 3497 1204 suam;

1908 1224 2180 1282 Dominus
2208 1242 2443 1299 namque
2481 1226 2619 1282 dicit
2661 1226 2720 1281 in
2748 1225 3085 1297 Evangelio:
3130 1248 3149 1272 ι
3178 1226 3241 1281 In
3270 1239 3502 1296 regene-

1908 1314 2120 1371 ratione
2164 1331 2291 1371 cum
2331 1314 2533 1371 sederit
2561 1313 2737 1371 Filius
2774 1313 3022 1370 hominis
3053 1313 3113 1369 in
3144 1312 3269 1369 sede
3298 1312 3503 1385 majes-

1911 1405 2036 1460 tatis
2063 1421 2194 1474 suae,
2245 1403 2504 1461 sedebitis
2552 1412 2606 1460 et
2633 1421 2732 1461 vos
2779 1420 2943 1477 super
2991 1403 3145 1460 sedes
3188 1401 3502 1471 duodecim,

1901 1493 2215 1566 judicantes
2271 1492 2562 1550 duodecim
2633 1493 2810 1551 tribus
2872 1493 3036 1549 Israel
3109 1492 3322 1565 (Matth.
3380 1509 3501 1562 xxx,

1908 1581 2023 1653 28).
2059 1608 2076 1631 ι
2136 1584 2238 1639 Per
2269 1591 2475 1657 septem
2504 1591 2685 1639 autem
2730 1584 2914 1656 plagas
2942 1589 3147 1655 septem
3176 1580 3313 1637 vitia
3340 1581 3505 1654 prin-

1907 1672 2124 1744 cipalia,
2171 1689 2239 1727 ex
2270 1673 2471 1745 quibus
2500 1673 2687 1728 omnia
2732 1673 2876 1727 mala
2911 1671 3185 1741 oriuntur,
3219 1671 3503 1744 designan-

1829 1790 1875 1851 B
1908 1772 2017 1821 tur.
2070 1764 2289 1837 Septem
2338 1764 2508 1838 igitur
2556 1763 2738 1836 plagas
2773 1769 2980 1835 septem
3020 1763 3198 1835 angeli
3248 1762 3506 1819 habuisse

1910 1858 2016 1915 visi
2046 1868 2212 1928 sunt;
2262 1859 2392 1932 quia
2433 1857 2816 1932 praedicatores
2847 1856 3022 1914 sancti
3068 1858 3127 1913 in
3173 1855 3263 1912 die
3303 1852 3504 1927 judicii

1910 1956 2117 2020 septem
2149 1947 2288 2006 vitia
2336 1947 2685 2021 principalia,
2732 1947 2790 2004 id
2834 1956 2936 2018 est,
2979 1961 3170 2004 omnes
3197 1952 3508 2017 operatores

1911 2037 2182 2093 malorum
2213 2037 2289 2093 ita
2319 2037 2376 2092 in
2407 2044 2674 2109 potestate
2702 2035 3004 2104 habebunt,
3039 2042 3102 2090 ut
3131 2050 3320 2090 eorum
3344 2031 3503 2105 judi-

1909 2126 1998 2184 cio
2027 2132 2289 2199 perpetua
2316 2141 2475 2198 pmna
2502 2125 2832 2197 plectantur.
2863 2125 3256 2183 Consummata
3275 2129 3355 2179 est
3375 2137 3507 2178 vero

1909 2215 1968 2271 in
1998 2214 2203 2273 sanctis
2242 2213 2694 2288 praedicatoribus
2734 2214 2817 2271 ira
2843 2215 2965 2280 Dei,
2992 2212 3051 2269 id
3080 2220 3183 2282 est,
3216 2228 3313 2285 per
3340 2211 3504 2280 illos;

1909 2306 2037 2378 quia
2063 2320 2253 2361 eorum
2300 2303 2515 2377 judicio
2566 2304 2649 2360 ira
2693 2304 2793 2360 Dei
2831 2303 3164 2376 perﬁcietur.
3212 2302 3509 2358 Possumus

1911 2402 2121 2467 septem
2178 2394 2364 2468 plagas
2421 2393 2582 2450 aliter
2641 2392 2968 2466 intelligere.
3032 2391 3293 2466 Superius
3346 2405 3509 2447 omne

1909 2500 2108 2556 corpus
2160 2484 2459 2557 impiorum
2506 2485 2566 2540 in
2595 2493 2801 2557 septem
2831 2490 3011 2557 partes
3039 2481 3331 2538 divisimus
3364 2480 3503 2551 (cap.

1910 2592 1949 2642 ι,
1979 2591 2115 2630 vers.
2146 2574 2236 2647 il)
2265 2592 2276 2631 :
2324 2582 2529 2646 septem
2570 2590 2697 2645 ergo
2736 2574 2904 2644 plagae
2954 2580 3083 2627 sunt
3109 2577 3351 2641 peccata,
3386 2584 3506 2640 qua:

1911 2663 2214 2737 unicuique
2267 2663 2410 2736 parti
2461 2661 2644 2732 aptius
2695 2658 3082 2726 conveniunt;
3142 2657 3302 2713 aliter
3356 2656 3503 2712 enim

1903 2752 2303 2825 judicabuntur
2343 2751 2384 2807 ii
2430 2751 2527 2823 qui
2564 2757 2689 2805 ante
2726 2747 3002 2804 diluvium
3031 2746 3278 2816 fuerunt,
3320 2762 3504 2819 popu-

1909 2841 2137 2915 lumque
2202 2840 2302 2898 Dei
2350 2838 2741 2912 conjunctione
2791 2836 3121 2893 feminarum
3174 2836 3506 2909 deceperunt

1910 2931 2064 3005 (Gen.
2082 2949 2156 3001 v1,
2180 2931 2259 3005 2):
2286 2930 2445 2987 aliter
2474 2928 2517 2986 ii
2545 2929 2639 3003 qui
2666 2934 2789 3000 post
2817 2925 3093 2984 diluvium
3109 2924 3500 2995 idololatriam,

1907 3021 2265 3096 diversosque
2294 3035 2505 3077 errores
2533 3019 2886 3086 invenerunt,
2918 3032 3014 3090 per
3042 3032 3162 3091 quae
3192 3031 3360 3090 genus
3389 3013 3507 3071 hu-

196 3121 387 3195 gitque
421 3120 488 3178 de
513 3120 719 3178 virtute
747 3120 808 3176 in
840 3120 1127 3190 virtutem,
1158 3128 1222 3177 ut
1251 3120 1435 3178 videat
1452 3123 1628 3179 Deum
1657 3122 1800 3179 deo-
1831 3153 1875 3214 ο
1907 3130 2133 3171 manum
2153 3113 2453 3214 deceptum
2483 3118 2564 3167 est
2590 3128 2602 3167 ε
2626 3108 2846 3214 aliter‘ii
2866 3106 3086 3214 qui‘sub
3110 3108 3233 3214 ‘lgge
3256 3106 3505 3214 fuerupt.

192 3227 323 3267 rum
341 3212 399 3267 in
414 3210 546 3269 Sion
566 3211 739 3285 (Psal.
758 3228 996 3282 Lxxxm,
1015 3212 1096 3284 8).
1115 3212 1271 3270 Unde
1297 3221 1350 3269 et
1369 3213 1597 3270 cortinae
1624 3213 1800 3270 taber-

192 3301 407 3371 naculi,
426 3319 548 3376 quae
562 3301 799 3360 diversis
815 3302 1095 3361 coloribus
1109 3302 1341 3375 depictas
1364 3309 1540 3371 erant,
1564 3302 1802 3375 pellibus

192 3394 520 3469 tegebantur
547 3401 603 3451 et
630 3395 832 3453 ciliciis
857 3415 872 3466 ;
919 3403 983 3452 ut
1017 3396 1461 3453 demonstrarent
1492 3394 1804 3453 mortiﬁca-

189 3483 408 3542 tionem
460 3483 644 3542 carnis
684 3492 846 3559 atque
896 3486 1271 3544 humilitatem
1326 3484 1638 3544 custodiam
1686 3502 1803 3544 esse

190 3579 493 3636 virtutum.
526 3577 674 3646 Quid
702 3585 887 3637 autem
932 3595 1033 3653 per
1079 3586 1281 3637 terram
1337 3578 1798 3652 repromissionis,

188 3671 310 3728 nisi
357 3669 594 3729 caelestis
641 3671 823 3744 patria
871 3671 1211 3746 designatur,
1266 3688 1429 3745 quam
1487 3673 1803 3746 repromisit

184 3764 346 3820 Deus
374 3760 734 3834 diligentibus
762 3778 819 3819 se
847 3763 985 3836 (Jac.
1020 3780 1059 3832 ι,
1088 3762 1181 3836 42)
1214 3763 1243 3821 ?
1270 3763 1343 3819 Et
1366 3762 1501 3838 quid
1529 3780 1626 3837 per
1653 3771 1804 3821 tem-

189 3851 376 3925 plum,
407 3851 557 3925 quod
612 3868 684 3908 ex
735 3852 959 3925 optimis
1006 3851 1285 3925 lapidibus
1311 3853 1644 3912 aediﬁcatum
1671 3855 1799 3925 fuit,

182 3941 485 4014 ﬁguratur,
533 3940 645 3999 nisi
675 3942 915 4000 caelestis
969 3943 1292 4012 Jerusalem,
1350 3962 1470 4018 quae
1530 3961 1602 4001 ex
1651 3944 1803 4002 vivis

187 4032 479 4107 lapidibus
507 4032 758 4106 quotidie
785 4032 1092 4091 aediﬁcatur
1108 4035 1136 4091 7
1159 4034 1318 4103 Quod
1338 4036 1457 4108 (39)
1480 4051 1609 4107 ergo
1629 4036 1799 4093 dicit:

182 4123 464 4197 Apertum
493 4130 567 4179 est
595 4124 842 4196 templum
864 4123 1193 4181 tabernaculi
1215 4144 1236 4191 ;
1259 4126 1367 4182 tale
1395 4132 1477 4182 est
1500 4143 1564 4183 ac
1586 4125 1634 4182 si
1661 4125 1805 4183 dica-

183 4220 331 4269 tur:
390 4211 661 4284 Apertum
719 4220 799 4269 est
856 4213 1124 4285 templum
1178 4213 1482 4271 Ecclesiae:
1538 4216 1804 4287 templum

182 4318 330 4359 vero
358 4302 622 4360 Ecclesiae
649 4303 783 4377 quid
812 4312 895 4361 est
941 4302 1115 4372 aliud,
1147 4303 1259 4359 nisi
1289 4304 1528 4361 caelestis
1575 4305 1758 4378 patria
1778 4305 1807 4362 ?

1911 3211 1965 3260 et
2007 3202 2263 3260 mandata
2299 3201 2401 3259 Dei
2452 3216 2563 3257 non
2607 3197 3025 3257 custodierunt:
3076 3194 3236 3253 aliter
3279 3193 3506 3268 pseudo-

1911 3292 2212 3366 prophetaa,
2244 3291 2341 3366 qui
2370 3290 2635 3363 populum
2664 3287 2765 3344 Dei
2793 3286 3145 3359 deceperunt,
3167 3284 3330 3341 aliter
3347 3282 3507 3356 impii

1911 3383 2109 3453 Judaei,
2162 3382 2254 3455 qui
2306 3381 2610 3438 Dominum
2655 3376 3070 3444 interfecerunt,
3125 3382 3179 3431 et
3232 3373 3507 3446 apostolos

1912 3473 2030 3547 ejus
2072 3471 2345 3545 persecuti
2389 3476 2549 3527 sunt:
2598 3468 2759 3524 aliter
2815 3472 3186 3540 persecutores
3221 3461 3506 3531 Ecclesiae,

1913 3564 2007 3637 qui
2045 3561 2212 3619 ﬁdem
2260 3560 2468 3619 Christi
2516 3557 2863 3631 exstinguere
2910 3554 3093 3613 conati
3139 3560 3306 3610 sunt:
3347 3551 3508 3608 aliter

1912 3651 2155 3708 ministri
2207 3647 2562 3717 Antichristi,
2621 3647 2717 3720 qui
2769 3645 3052 3705 Christum
3109 3641 3400 3710 deserturi,
3454 3647 3511 3698 et

1912 3740 2321 3797 Antichristum
2352 3747 2481 3796 sunt
2519 3738 2781 3797 secuturi.
2814 3738 2922 3794 Has
2949 3736 3137 3809 itaque
3166 3734 3352 3807 plagas
3380 3747 3510 3788 san-

1912 3832 1989 3890 cti
2017 3831 2118 3888 Dei
2155 3830 2215 3886 in
2244 3836 2508 3911 potestate
2538 3827 2857 3895 habebunt;
2891 3826 3019 3899 quia
3059 3815 3267 3898 singuli
3295 3838 3387 3878 eos
3415 3820 3510 3895 qui

1914 3921 2029 3978 suis
2056 3919 2397 3993 temporibus
2427 3921 2672 3987 fuerunt,
2704 3933 3003 3991 eorumque
3032 3914 3243 3971 monita
3268 3919 3510 3969 contem-

1914 4019 2158 4084 pserunt,
2214 4025 2314 4065 suo
2364 4006 2579 4080 judicio
2623 4015 2884 4080 perpetua
2931 4020 3092 4078 pmna
3142 4000 3506 4059 damnabunt.

1915 4100 2016 4157 Per
2060 4098 2297 4173 lapidem
2334 4114 2464 4154 vero
2505 4097 2776 4153 mundum
2822 4103 2983 4168 atque
3027 4090 3346 4158 candidum,
3399 4102 3509 4161 quo

1915 4197 2122 4263 septem
2168 4189 2348 4261 angeli
2380 4188 2567 4245 vestiti
2611 4188 2779 4244 fuisse
2808 4186 2915 4242 visi
2943 4190 3093 4252 sunt,
3124 4180 3375 4241 Christus
3404 4178 3511 4235 de-

1916 4280 2187 4353 signatur,
2227 4279 2295 4335 de
2340 4296 2449 4352 quo
2488 4277 2624 4335 dicit
2652 4276 2982 4350 Apostolus:
3046 4298 3064 4320 ι
3091 4274 3294 4331 Omnes
3324 4268 3509 4344 quiin

178 4392 252 4449 In
285 4390 400 4448 hoc
427 4392 637 4464 templo
663 4362 960 4449 i’salmista
988 4362 1237 4449 habitare
1280 4362 1647 4463 desiderabat,
1678 4410 1806 4451 cum
1918 4370 2142 4464 Chiis}?
2181 4370 2441 4464 δδΡξίῑδῖί
2484 4370 2633 4439 esus:
2679 4368 2960 4426 Chrismm
3008 4362 3271 4464 induis?“
3299 4362 3507 4463 (θίξίαί

176 4482 420 4542 dicebat
453 4500 465 4540 :
515 4508 533 4532 ι
553 4484 729 4541 Unam
772 4485 910 4557 petii
935 4501 968 4541 a
991 4483 1253 4553 Domino,
1304 4483 1446 4542 hanc
1477 4484 1753 4557 requiram
1786 4503 1799 4552 ;
1833 4522 1883 4580 Β
1917 4478 2038 4580 ΠΙ).
2058 4460 2175 4533 27)·
2209 4486 2228 4510 ι
2281 4461 2382 4558 Ρξθτ
2408 4475 2591 4580 fon”
2636 4453 3512 4580 δῗῐθῃηλῄῗξέξῗῗέηῗξῖυξῃηξξξδ

175 4581 250 4630 ιη
285 4572 601 4629 inhabin
629 4572 688 4628 in
717 4545 882 4630 δίςωο
908 4572 1134 4631 Domini
1161 4545 1420 4631 Canibus
1453 4545 1647 4630 diefms
1676 4545 1806 4629 vita:
1835 4545 1883 4580 υ
1921 4557 2139 4622 pectora
2169 4549 2449 4622 praecincti
2480 4555 2793 4616 narrantur,
2825 4545 3252 4619 praedicatorum
3283 4545 3512 4616 sapien-

174 4678 333 4720 mea,
370 4663 546 4735 (p30,.
598 4678 756 4731 xx“,
797 4661 878 4736 4).
908 4687 928 4713 ,
980 4663 1096 4720 Hoc
1152 4662 1337 4737 itaque
1391 4662 1657 4736 templum
1706 4679 1803 4736 per
1912 4639 1988 4708 tia
2027 4638 2350 4737 inti-matur:
2406 4655 2542 4737 quae.
2573 4637 2739 4696 corda
2782 4645 3101 4737 sanctorum
3147 4634 3294 4691 intra
3332 4649 3388 4690 se
3435 4632 3512 4690 ita

172 4726 488 4813 Christ'um
536 4726 786 4827 apertum
833 4726 934 4822 εει,
983 4754 1114 4827 quia
1156 4726 1339 4811 adii“
1366 4726 1524 4827 regni
1564 4726 1803 4812 οωιθέιίδ
1911 4729 2313 4827 concludit,_ut
2345 4738 2498 4787 extra
2527 4727 2703 4803 ipsam
2732 4744 2828 4801 per
2854 4726 3103 4784 diversos
3131 4740 3342 4783 errores
3373 4740 3512 4782 eva—

171 4860 290 4917 per
320 4859 454 4899 eum
483 4843 744 4900 omnibus
772 4842 1028 4900 ﬁdelibus
1056 4844 1358 4917 patefactus
1387 4852 1487 4902 est.
1914 4829 2029 4895 83“
2060 4836 2173 4877 non
2205 4829 2367 4877 smal-

261 4937 462 5009 (Vers.
491 4938 573 5010 6.)
601 4939 675 4994 Et
703 4936 947 4993 exierunt
974 4945 1166 5011 septem
1194 4939 1386 5011 angeli,
1431 4939 1670 4995 habentes
1697 4956 1805 5012 sep-
1985 4940 2062 4995 Et
2082 4953 2246 4993 unum
2275 4954 2300 4993 e
2326 4942 2557 5008 quatuor
2602 4933 2925 4992 animalibus
2966 4932 3109 4990 dedit
3147 4938 3336 5007 septem
3360 4948 3511 5004 augeo

173 5034 295 5083 tem
320 5027 520 5099 plagas
545 5027 608 5083 de
634 5028 845 5100 templo,
876 5027 1046 5084 vestiti
1078 5028 1253 5100 lapide
1271 5028 1467 5084 mundo
1493 5035 1540 5083 et
1558 5029 1804 5099 candido,
1920 5030 1984 5087 lis
2011 5037 2200 5103 septem
2238 5031 2453 5103 phialas
2497 5026 2712 5098 aureas,
2754 5030 2945 5102 plenas
2979 5028 3275 5085 iracundias
3302 5025 3401 5083 Dei
3435 5025 3512 5079 υἰ-

165 5122 225 5173 et
255 5116 547 5188 praecincti
588 5117 731 5172 circa
772 5123 988 5190 pectora
1036 5117 1187 5172 zonis
1215 5118 1415 5174 aureis.
1458 5117 1516 5174 Si
1547 5134 1643 5190 per
1672 5127 1806 5174 tem-
1917 5120 2082 5175 ventis
2110 5120 2166 5175 in
2194 5121 2385 5175 swcula
2408 5120 2739 5176 sceculorum.
2767 5118 3014 5187 Quatuor
3032 5116 3292 5174 animalia
3320 5129 3509 5187 quam-

162 5207 353 5280 plum
386 5206 628 5265 caelestis
657 5208 855 5280 patria,
913 5215 966 5265 et
996 5225 1093 5281 per
1140 5216 1347 5282 septem
1400 5209 1621 5281 angelos
1658 5225 1809 5281 prm-
1918 5211 2005 5267 vis
2033 5218 2269 5283 quatuor
2308 5210 2667 5282 evangelistas
2691 5209 3025 5282 signiﬁcent,
3054 5213 3237 5262 tamen
3256 5211 3310 5259 et
3341 5202 3508 5260 simul

163 5298 482 5354 dicatores
508 5296 889 5372 designantur,
943 5298 1222 5375 quomodo
1261 5299 1328 5355 de
1361 5299 1567 5372 templo
1610 5298 1811 5356 exiisse
1920 5306 1974 5355 et
2017 5299 2300 5372 sigillatim
2348 5299 2629 5357 Christum
2685 5298 3030 5372 signiﬁcant:
3078 5295 3174 5352 sed
3210 5293 3338 5368 quia
3374 5291 3513 5349 bre-

163 5385 519 5446 dicuntur?
549 5386 834 5462 Numquid
863 5386 1039 5444 sancti
1073 5385 1140 5445 de
1166 5388 1262 5444 illa
1292 5388 1501 5446 coelesti
1540 5388 1714 5461 patria
1742 5387 1811 5444 ad
1923 5387 2067 5445 vitas
2121 5405 2233 5446 non
2296 5388 2571 5463 permittit
2626 5398 2687 5446 ut
2739 5389 2987 5445 dicamus
3047 5380 3509 5458 quemadmodum

184 5613 194 5619 α
249 5539 403 5620 (38)
424 5541 508 5620 ita
533 5556 664 5596 mss.
695 5560 707 5607 ;
737 5539 871 5620 edit.
903 5555 1056 5608 vero,
1087 5540 1418 5620 describitur.
1455 5542 1556 5599 Sed
1582 5541 1814 5613 qualiter

172 5612 370 5667 isti...
404 5612 658 5681 dicemus,
688 5612 923 5668 eumdem
950 5627 1160 5667 sensum
1189 5614 1437 5669 secuturi.

271 5682 408 5757 (39)
460 5683 665 5744 Omnes
729 5682 889 5754 edit.,
949 5682 1090 5755 Quid
1155 5684 1321 5759 igitur
1369 5684 1516 5757 dicit,
1571 5691 1814 5762 apertum

1922 5548 1995 5598 est
2023 5544 2268 5614 templum
2291 5544 2577 5599 “Ecclesiae:
2618 5542 2906 5612 Templum,
2938 5547 3039 5597 etc.
3069 5536 3175 5597 Sed
3213 5553 3345 5596 mss.
3378 5536 3513 5598 hia-

1925 5622 2040 5671 tum
2072 5615 2397 5685 resarciunt,
2428 5624 2489 5672 ut
2509 5615 2567 5671 in
2596 5618 2880 5675 contextu.
