4026 6172
142 282 149 287 ’
208 296 322 358 989

1115 291 1577 351 BEBENGAUDI
1615 291 1993 350 EXPOSITIO
2032 292 2104 349 IN
2144 289 2649 350 APOCALYPSIN.

3420 294 3528 352 990

207 421 685 481 medicamentum
710 418 996 488 excludit;
1022 435 1106 476 .ne
1132 417 1343 476 scilicet
1379 434 1477 491 per
1504 418 1817 477 confessio-
1844 420 1897 480 Α
1924 417 2219 487 sinthium,
2258 432 2355 491 per
2382 433 2546 491 quam
2577 433 2670 474 eos
2698 416 2794 490 qui
2822 432 2920 487 per
2946 414 3259 475 doctrinam
3289 418 3528 492 prOphe-

206 528 344 570 nem
375 519 430 568 et
463 509 848 585 paenitentiam
888 508 1028 566 victi
1057 524 1172 565 esse
1229 508 1545 565 videantur.
1576 510 1649 565 Et
1690 509 1820 583 quia

207 602 427 659 malum
459 615 623 657 suum
651 606 714 655 ut
740 598 939 656 vicisse
997 598 1309 667 videantur,
1342 599 1590 668 laudant,
1656 615 1820 655 com—

206 691 398 765 pletur
418 689 479 745 in
517 687 631 744 illis
657 686 799 744 illud
826 686 1251 761 propheticum:
1310 712 1329 735 ι
1380 687 1477 744 Va
1507 687 1603 760 qui
1631 686 1818 744 dicitis

207 781 423 836 malum
462 778 694 847 bonum,
727 785 781 833 et
801 776 1009 833 bonum
1040 778 1248 833 malum
1280 795 1292 832 :
1353 784 1622 849 ponentes
1654 784 1821 833 tene-

205 869 337 925 bras
365 868 569 936 lucem,
597 874 651 923 et
681 867 859 923 lucem
889 865 1143 922 tenebras
1186 865 1321 936 (Isa.
1361 882 1420 931 x,
1451 866 1580 938 20)!
1617 891 1636 915 ι
1676 867 1819 922 Fer-

204 968 303 1016 tur
328 958 453 1014 avis
483 956 732 1030 quadam
762 971 898 1026 esse,
932 972 1052 1029 qua
1080 964 1390 1028 serpentem
1421 956 1601 1012 vincit
1657 962 1711 1011 et
1730 972 1818 1013 co-

206 1046 405 1116 medit,
438 1045 534 1101 sed
565 1051 687 1117 post
723 1044 1011 1117 paululum
1059 1059 1274 1100 veneno
1301 1043 1454 1099 illius
1482 1044 1813 1117 perimitur:

205 1137 471 1195 similiter
491 1144 545 1192 et
574 1136 665 1191 isti
697 1135 935 1208 gaudent
954 1150 1010 1190 se
1039 1133 1238 1192 vicisse
1262 1135 1569 1207 proximos,
1601 1135 1695 1191 sed
1720 1143 1817 1190 ta-

206 1228 278 1284 lis
305 1225 545 1283 victoria
566 1225 918 1282 interfectrix
936 1233 1019 1281 est
1047 1225 1359 1280 animarum
1390 1225 1638 1282 illorum.
1671 1224 1818 1291 Qui-

203 1332 430 1389 cunque
454 1331 585 1388 ergo
613 1315 751 1371 tales
796 1323 947 1383 sunt,
1002 1312 1372 1371 characterem
1403 1320 1624 1386 portant
1685 1313 1816 1369 dia-

200 1406 344 1463 boli.
398 1407 503 1462 Per
561 1404 858 1476 imaginem
899 1419 1031 1460 vero
1081 1402 1270 1459 bestia
1327 1402 1466 1459 vitia
1523 1419 1815 1476 possumus

202 1494 560 1566 intelligere:
606 1508 671 1548 eo
718 1491 865 1564 quod
913 1492 1030 1565 ipse
1080 1492 1153 1548 sit
1172 1501 1364 1549 auctor
1404 1491 1520 1564 (4i)
1563 1491 1813 1548 omnium

202 1584 504 1640 malorum.
534 1581 838 1654 Imaginem
878 1581 1064 1654 itaque
1092 1581 1283 1638 bestia
1322 1580 1535 1650 adorat,
1566 1581 1816 1653 quicun—

203 1689 312 1746 que
344 1671 504 1728 vitiis
533 1672 738 1739 servit;
770 1686 896 1726 nam
927 1679 981 1726 et
1009 1671 1211 1726 Paulus
1267 1669 1409 1727 dicit
1437 1670 1584 1743 quod
1620 1677 1815 1726 venter

1927 514 2108 563 tarum
2177 506 2604 564 amaritudinem
2679 506 3020 580 poenitentia
3092 516 3525 581 assumpserunt,

1928 605 2090 672 atque
2126 615 2224 671 per
2250 614 2368 655 eam
2398 598 2536 654 salvi
2570 614 2687 654 esse
2719 606 3057 666 meruerunt,
3082 596 3331 654 diximus
3359 598 3529 656 fuisse

1928 688 2274 762 designatos:
2330 689 2426 746 hic
2470 696 2653 746 autem
2700 689 2758 744 in
2809 688 3076 745 effusione
3125 688 3323 761 phiala
3375 689 3526 747 tertii

1928 779 2106 851 angeli
2162 778 2394 834 ﬂumina
2442 787 2496 834 et
2549 780 2729 836 fontes
2774 779 2833 834 in
2880 778 3204 849 sanguinem
3258 795 3528 837 conversa

1926 867 2096 923 fuisse
2123 867 2405 939 leguntur.
2436 869 2681 940 Angelus
2713 868 2884 941 igitur
2906 867 3149 940 phialam
3180 883 3333 924 suam
3363 858 3526 941 super

1926 956 2157 1012 ﬂumina
2185 964 2239 1012 et
2272 957 2450 1013 fontes
2477 974 2741 1030 aquarum
2763 956 2980 1025 eﬁ‘udit,
3006 956 3225 1030 quando
3246 957 3524 1031 propheta

1926 1047 2101 1103 sancti
2133 1046 2305 1119 impio
2344 1047 2548 1120 popqu
2584 1046 2816 1102 verbum
2860 1046 2960 1102 Dei
3008 1046 3520 1103 annuntiaverunt:

1926 1137 2020 1193 sed
2049 1137 2133 1192 illi
2184 1154 2254 1193 ex
2303 1137 2694 1209 pradicatione
2723 1144 3038 1193 sanctorum
3070 1137 3246 1192 multo
3278 1135 3525 1193 deterio-

1924 1243 2012 1282 res
2039 1228 2239 1294 effecti,
2283 1243 2397 1283 non
2426 1227 2605 1282 solum
2639 1225 2895 1281 mandata
2920 1224 3018 1280 Dei
3051 1232 3521 1297 contempserunt,

1924 1316 2016 1374 sed
2065 1326 2118 1374 et
2170 1318 2320 1389 ipsos
2372 1316 2527 1373 verbi
2574 1316 2675 1372 Dei
2722 1315 3011 1371 ministros
3065 1315 3405 1372 occiderunt.
3460 1317 3524 1372 In

1924 1407 2246 1480 sanguinem
2281 1424 2413 1463 vero
2454 1407 2600 1465 versi
2631 1414 2799 1474 sunt;
2835 1406 2966 1480 quia
3008 1405 3114 1480 ipsi
3162 1406 3524 1479 sibimetipsis

1924 1506 2157 1553 mortem
2189 1505 2503 1570 perpetuam
2536 1497 2867 1553 intulerunt.

1998 1597 2179 1668 (Vers.
2212 1597 2265 1664 5,
2295 1597 2375 1669 6.)
2426 1599 2499 1652 Et
2534 1596 2719 1651 audivi
2763 1599 3007 1667 angelum
3046 1602 3298 1668 quartum
3335 1596 3523 1652 dicen-

1924 1692 2061 1741 tem:
2105 1687 2291 1741 Justus
2337 1703 2407 1756 es,
2458 1686 2550 1757 qui
2594 1702 2664 1755 es,
2710 1693 2757 1740 et
2802 1686 2896 1757 qui
2938 1703 3058 1741 eras
3112 1692 3343 1754 sanctus,
3390 1685 3522 1756 quia

200 1763 353 1818 Deus
380 1768 526 1818 esset
552 1759 821 1816 falsorum
852 1759 1274 1832 pradicatorum
1305 1776 1317 1815 :
1367 1784 1385 1806 ε
1414 1760 1685 1827 Quorum,
1715 1758 1813 1814 in-
1842 1784 1890 1844 B
1922 1778 2027 1832 1m,
2073 1776 2363 1847 jam-casti;
2413 1777 2542 1848 quia
2593 1777 2900 1847 sanguinem
2943 1782 3245 1832 εαηειονωη
3294 1783 3342 1831 ει
3379 1793 3521 1847 pro-

197 1852 347 1925 quit,
370 1852 520 1908 Deus
547 1856 742 1906 venter
769 1857 869 1919 est,
896 1857 952 1906 et
980 1850 1155 1923 gloria
1181 1849 1240 1905 in
1300 1849 1630 1906 confusione
1652 1849 1813 1921 ipso-

196 1962 362 2001 rum:
416 1943 510 2017 qui
563 1951 781 2000 terrena
853 1944 1076 2016 sapiunt
1135 1943 1396 2015 (Philipp.
1474 1960 1557 2012 Ill,
1609 1943 1727 2014 29).
1779 1969 1797 1991 ι

195 2035 482 2092 Similiter
498 2043 551 2092 et
576 2035 866 2092 avaritiam
902 2034 1226 2091 servitutem
1277 2034 1500 2091 vocavit
1531 2034 1808 2090 idolorum

201 2125 443 2197 (Coloss.
476 2142 561 2194 ιιι,
592 2125 674 2197 5).

280 2219 431 2278 560
478 2223 661 2296 (Vera.
695 2223 776 2295 3.)
808 2225 883 2280 Et
910 2224 1167 2280 secundus
1193 2225 1378 2296 effudit
1399 2224 1644 2296 phialam
1658 2241 1811 2281 suam

195 2312 257 2367 in
282 2328 454 2378 mare,
493 2318 542 2367 et
592 2310 767 2381 factus
797 2319 873 2367 est
923 2313 1142 2385 sanguis
1174 2320 1430 2385 tanquam
1475 2314 1700 2382 mortui,
1763 2319 1811 2369 et

198 2400 374 2456 omnis
401 2401 586 2458 anima
606 2401 782 2457 vivens
810 2409 1026 2458 mortua
1055 2409 1130 2458 est
1156 2403 1215 2458 in
1251 2404 1418 2463 mari.
1446 2404 1554 2461 Iste
1583 2403 1809 2475 angelus

198 2493 457 2552 doctores
483 2494 642 2568 Legis
666 2494 959 2568 signiﬁcat,
988 2494 1133 2553 sicut
1160 2503 1214 2551 et
1246 2495 1339 2551 ille
1376 2496 1470 2569 qui
1523 2496 1581 2551 in
1611 2511 1807 2567 prace-

205 2583 368 2641 denti
417 2583 632 2640 visione
687 2583 960 2642 secundus
1004 2584 1136 2641 tuba
1192 2584 1456 2641 cecinisse
1519 2584 1671 2641 visus
1727 2591 1809 2640 est

207 2674 353 2747 (cap.
396 2691 520 2744 vm,
548 2692 681 2732 vers.
715 2676 773 2748 8)
801 2693 812 2731 :
846 2675 935 2732 sed
969 2675 1047 2731 ibi
1064 2676 1230 2732 tertia
1255 2692 1379 2748 pars
1420 2676 1588 2732 maris
1615 2675 1673 2731 in
1688 2692 1806 2732 san-

207 2765 438 2838 guinem
469 2781 626 2821 versa
652 2764 822 2822 fuisse
851 2765 1078 2836 dicitur,
1126 2782 1223 2838 per
1250 2783 1371 2840 qua
1417 2766 1620 2823 electos
1651 2765 1808 2823 desi-

209 2863 408 2927 gnatos
447 2855 617 2912 fuisse
646 2855 928 2913 diximus:
960 2856 1051 2913 hic
1098 2865 1281 2913 autem
1313 2865 1491 2913 totum
1549 2872 1702 2912 mare
1748 2855 1807 2911 in

208 2943 539 3017 sanguinem
566 2960 787 3001 versum
817 2961 932 3002 esse
961 2945 1182 3019 legitur.
1218 2945 1482 3005 Vindicta
1548 2945 1805 3004 crimina-

200 3033 347 3089 lium
380 3033 644 3090 scelerum
683 3034 985 3091 secundum
1016 3036 1189 3108 legem
1208 3043 1324 3092 erat
1343 3034 1628 3108 sanguinis
1657 3035 1806 3092 effu-

1914 1868 2198 1938 phetarum
2226 1867 2544 1937 e/fuderunt,
2588 1874 2637 1921 et
2669 1866 2976 1938 sanguinem
3004 1866 3078 1921 eis
3105 1866 3298 1920 dedisti
3324 1866 3515 1932 bibere,

1920 1956 2061 2026 quod
2114 1956 2268 2026 digni
2320 1962 2463 2012 sunt.
2536 1956 2833 2011 Possumus
2887 1972 2984 2028 per
3035 1956 3291 2027 angelum
3344 1971 3521 2028 quar-

1920 2053 2037 2100 tum
2059 2045 2175 2117 (43)
2199 2045 2456 2118 angelum
2480 2044 2633 2099 illius
2648 2044 2837 2116 populi
2856 2044 3192 2117 intelligere,
3214 2043 3521 2117 quividens

1912 2135 2065 2208 justo
2098 2135 2196 2191 Dei
2220 2134 2435 2207 judicio
2466 2134 2731 2206 populum
2764 2134 3017 2207 iniquum
3041 2149 3156 2189 esse
3175 2133 3519 2204 damnatum,

1920 2223 2108 2279 laudat
2154 2222 2479 2279 sententiam
2524 2220 2888 2293 justissimam
2940 2221 3039 2278 Dei
3090 2221 3515 2294 omnipotentis.

1917 2313 1990 2368 Et
2018 2311 2148 2385 quia
2170 2312 2494 2385 sanguinem
2530 2317 2849 2368 sanctorum
2888 2318 2943 2367 et
2992 2310 3382 2384 prophetarum
3434 2311 3517 2368 fu-

1919 2404 2139 2473 derunt,
2171 2402 2493 2476 sanguinem
2523 2401 2823 2469 biberunt;
2864 2401 2994 2475 quia
3023 2418 3123 2474 pro
3155 2410 3333 2459 morte
3368 2412 3520 2459 tem-

1919 2493 2117 2565 porali,
2166 2509 2330 2567 quam
2356 2491 2522 2564 justis
2551 2491 2880 2560 intulerunt,
2932 2499 3165 2547 mortem
3200 2501 3516 2564 perpetuam

1918 2591 2258 2656 receperunt.

1991 2681 2173 2752 (Vers.
2218 2680 2411 2752 7.)'Et
2456 2678 2644 2735 audivi
2688 2678 2847 2734 etiam
2894 2679 3069 2732 altare
3121 2677 3294 2732 dicens
3352 2676 3512 2749 (44):

1915 2771 2139 2826 Domine
2166 2772 2306 2826 Deus
2336 2769 2679 2841 omnipotens,
2730 2784 2858 2822 vera
2893 2773 2941 2822 et
2974 2766 3128 2836 justo
3151 2765 3363 2836 judicia
3401 2773 3512 2830 tua.

1917 2860 2213 2915 Possumus
2241 2874 2339 2931 per
2368 2858 2538 2913 altare
2566 2864 2784 2914 sanctos
2826 2855 2978 2911 viro's
3016 2855 3111 2929 qui
3158 2872 3223 2911 eo
3272 2863 3514 2927 tempore

1915 2947 2162 3016 fuerunt,
2215 2947 2559 3020 intelligere;
2590 2946 2686 3019 qui
2716 2945 3082 3001 laudaverunt
3100 2943 3315 3016 justum
3352 2942 3514 3015 judi-

1916 3039 2064 3096 cium
2095 3037 2215 3108 Dei,
2244 3054 2308 3093 eo
2337 3036 2484 3110 quod
2514 3036 2686 3109 impio
2717 3037 2922 3110 populo
2950 3034 3317 3107 justissimam
3346 3034 3513 3091 dam-

201 3122 289 3179 sio
323 3124 482 3195 (Gen.
507 3140 587 3193 ix,
616 3125 698 3197 5).
717 3125 819 3180 Per
840 3141 988 3182 mare
1008 3125 1180 3198 igitur
1197 3125 1651 3198 praevaricatores
1673 3125 1809 3199 legis
1840 3143 1882 3203 ο
1916 3129 2202 3185 nationem
2235 3127 2508 3196 intulerit,
2555 3127 2699 3183 sicut
2727 3126 2961 3200 legimus
2988 3125 3276 3182 Danielem
3320 3133 3375 3182 et
3401 3132 3512 3182 tres

198 3211 600 3284 designantur:
633 3214 781 3288 quod
814 3214 872 3270 in
900 3214 1225 3289 sanguinem
1286 3231 1508 3272 versum
1542 3222 1643 3284 est,
1676 3215 1807 3288 quia

199 3302 514 3359 vindictam
543 3310 859 3376 perpetuam
892 3321 990 3378 pro
1036 3311 1360 3377 contemptu
1416 3304 1805 3360 mandatorum

196 3393 305 3450 Dei
335 3403 675 3466 receperunt.
709 3394 905 3451 Omnis
934 3411 1068 3451 vero
1100 3396 1287 3452 anima
1326 3395 1525 3451 vivens
1584 3400 1806 3450 mortua

197 3489 287 3539 est
315 3482 377 3537 in
406 3483 543 3538 mari
570 3501 585 3551 ;
619 3482 749 3557 quia
782 3484 945 3541 multi
967 3500 1037 3540 ex
1068 3484 1137 3539 iis
1174 3484 1270 3557 qui
1299 3483 1358 3539 in
1379 3482 1519 3539 mari
1549 3490 1723 3552 erant,
1750 3481 1807 3538 id

195 3580 306 3642 est,
338 3587 410 3627 ex
447 3588 680 3628 numero
700 3573 1082 3646 reproborum,
1115 3573 1212 3646 qui
1234 3589 1331 3645 per
1343 3588 1493 3628 mare
1519 3571 1806 3645 designan-

197 3670 315 3730 tur,
354 3670 409 3717 et
438 3662 532 3734 qui
593 3671 721 3720 ante
775 3663 1182 3736 perceptionem
1220 3663 1355 3735 legis
1383 3662 1522 3731 vivi,
1592 3661 1648 3717 id
1702 3668 1804 3730 est,

191 3754 338 3830 justi
370 3755 720 3826 videbantur,
752 3765 974 3830 accepta
1010 3757 1146 3830 lege,
1176 3755 1323 3829 quod
1352 3753 1546 3827 injusti
1575 3754 1804 3820 fuerint,

197 3861 273 3902 ex
290 3845 741 3919 praevaricatione
762 3847 897 3919 legis
919 3846 1337 3920 comprobatum
1359 3853 1460 3901 est.
1483 3846 1622 3903 Sunt
1640 3844 1805 3901 etiam

198 3934 373 3991 modo
404 3934 565 3993 multi
595 3936 653 3991 in
682 3935 951 4002 Ecclesia,
979 3936 1074 4009 qui
1104 3944 1401 4008 antequam
1436 3935 1504 3991 ad
1566 3935 1807 3990 honores

196 4024 624 4095 ecclesiasticos,
666 4024 785 4081 sive
817 4026 1103 4081 saeculares
1133 4024 1526 4092 conscendant,
1558 4023 1731 4079 sancti
1754 4030 1807 4079 et

188 4112 337 4187 justi
371 4112 666 4170 videntur:
701 4130 894 4169 verum
925 4113 1164 4187 acceptis
1194 4113 1519 4181 honoribus,
1551 4113 1684 4169 dum
1710 4112 1805 4168 do-

192 4217 339 4260 num
370 4201 471 4258 Dei
497 4202 555 4257 in
590 4203 798 4258 malum
838 4209 1187 4275 pervertunt,
1216 4201 1364 4275 quod
1385 4199 1587 4256 mortui
1610 4208 1664 4256 et
1694 4216 1805 4256 non

195 4290 323 4347 vivi
348 4290 573 4361 fuerint,
600 4291 860 4348 omnibus
885 4298 1051 4365 patet.

276 4388 461 4462 (Vers.
496 4389 577 4462 4.)
624 4391 698 4447 Et
726 4390 907 4445 tertius
948 4388 1132 4461 effudit
1165 4386 1406 4459 phialam
1461 4403 1613 4442 suam
1651 4404 1809 4459 super

190 4478 449 4551 ﬂumina,
483 4485 531 4534 et
559 4495 717 4551 super
745 4479 915 4551 fontes
944 4495 1230 4551 aquarum,
1280 4483 1327 4533 et
1363 4477 1539 4549 factus
1568 4484 1642 4532 est
1669 4495 1806 4533 san-

189 4569 339 4643 guis.
373 4569 484 4624 Iste
538 4569 763 4642 angelus
810 4568 1106 4641 prophetas
1134 4567 1403 4641 designat,
1432 4583 1529 4640 per
1577 4567 1807 4623 ﬂumina

191 4674 336 4714 vero
360 4656 647 4732 fontesque
678 4674 944 4732 aquarum
972 4658 1267 4716 duodecim
1306 4657 1487 4715 tribus
1533 4674 1659 4715 cum
1690 4656 1805 4713 suis

190 4748 436 4805 familiis
461 4748 858 4820 designantur;
902 4765 1029 4805 nam
1065 4757 1120 4805 et
1148 4749 1208 4805 in
1238 4748 1569 4822 praecedenti
1589 4747 1806 4805 visione

190 4856 297 4914 per
335 4839 565 4895 tertium
595 4839 850 4912 angelum
880 4839 1013 4896 tuba
1033 4848 1317 4897 canentem
1384 4840 1681 4914 prophetas
1709 4839 1806 4897 di-

189 4938 393 4995 ximus
421 4937 943 5012 fnissqdesignatos.
975 4937 1079 4995 Sed
1110 4936 1188 4993 ibi
1221 4936 1386 4993 tertia
1438 4953 1564 5009 pars
1623 4936 1803 4992 ﬂumi-

190 5044 336 5085 num
373 5025 490 5100 (42)
524 5034 689 5101 atque
736 5027 976 5083 fontium
1007 5042 1166 5083 versa
1220 5041 1336 5082 esse
1369 5024 1570 5097 legitur
1618 5023 1674 5079 in
1714 5024 1804 5080 ab-

273 5229 395 5301 (4l)
430 5228 608 5296 Edit.,
639 5247 694 5285 eo
723 5229 863 5302 quod
892 5227 1031 5302 ipsa,
1058 5228 1115 5284 id
1142 5234 1240 5294 est,
1272 5224 1514 5282 diabolus
1560 5225 1628 5280 sit
1680 5242 1802 5281 auc-

190 5308 285 5357 tor
300 5320 323 5373 ,j
350 5318 511 5373 mss.
543 5320 600 5356 eo
628 5300 770 5372 quod
800 5301 908 5373 ipse
934 5300 1011 5373 sit
1029 5306 1238 5355 auctor.

273 5371 395 5445 (42)
420 5368 946 5442 Omnes—edit.,'Sed
976 5372 1049 5427 ibi
1072 5388 1207 5445 pars
1258 5368 1541 5441 ﬂuminum
1571 5387 1589 5425 :
1622 5385 1799 5425 mss...

192 5444 364 5515 tertia
388 5460 523 5515 pars
551 5446 850 5515 ﬂuminum.

274 5512 405 5588 (43)
449 5512 607 5572 Rom.
665 5516 824 5586 edit.,
879 5516 1124 5585 angelum
1201 5512 1804 5588 aquarumdicentem:

187 5586 388 5644 Justus
418 5604 492 5656 es,
524 5588 811 5646 Domine...
856 5589 1145 5645 Possumus
1188 5604 1289 5659 per
1345 5586 1591 5658 angelum
1640 5602 1805 5657 aqua-

192 5675 351 5728 rum,
381 5665 488 5717 etc.

1914 3235 2112 3290 pueros
2148 3218 2359 3275 fecisse.

1988 3309 2169 3382 (Vers.
2217 3309 2271 3379 8,
2322 3311 2403 3382 9.)
2458 3312 2533 3368 Et
2572 3317 2799 3383 quartus
2841 3311 3086 3384 phialam
3129 3329 3282 3368 suam
3329 3315 3511 3386 e/fudit

1914 3398 1971 3453 in
2001 3400 2179 3465 solem,
2219 3405 2268 3454 et
2293 3400 2477 3455 datum
2505 3406 2581 3456 est
2606 3401 2696 3457 illi
2718 3406 2847 3456 astu
2876 3402 3077 3473 afﬁcere
3104 3402 3334 3457 homines
3365 3404 3506 3477 (45),

1915 3494 1964 3543 et
2018 3488 2145 3560 igni.
2203 3490 2279 3546 Et
2330 3495 2683 3545 astuaverunt
2735 3489 2967 3546 homines
3015 3497 3144 3546 cestu
3192 3509 3405 3564 magno,
3463 3500 3511 3549 et

1916 3577 2407 3650 blasphemaverunt
2432 3596 2616 3634 nomen
2644 3579 2743 3635 Dei
2779 3579 3013 3635 habentis
3055 3586 3359 3651 potestatem
3408 3599 3508 3638 su—

1910 3684 2009 3740 per
2035 3669 2131 3723 has
2151 3670 2378 3740 plagas;
2429 3685 2590 3740 neque
2631 3676 2848 3741 egerunt
2867 3670 3251 3741 paenitentiam,
3300 3677 3361 3726 ut
3402 3672 3514 3727 da-

1915 3763 2035 3812 rent
2058 3758 2145 3815 illi
2170 3757 2422 3829 gloriam.
2455 3757 2693 3825 Quartus
2716 3759 2943 3832 angelus
2973 3759 3256 3818 Christum
3286 3769 3341 3817 et
3370 3776 3513 3833 apo-

1916 3848 2084 3905 stolos
2131 3848 2268 3921 ejus,
2324 3855 2654 3923 caterosque
2692 3849 3074 3923 pradicatores
3104 3849 3399 3922 signiﬁcat,
3449 3859 3512 3907 ut

1916 3947 2172 4011 quartum
2210 3940 2467 4010 angelum
2506 3939 2565 3994 in
2609 3938 2880 4011 superiori
2921 3938 3136 3995 visione
3176 3937 3510 4010 signiﬁcasse

1916 4026 2197 4083 diximus:
2253 4027 2348 4084 sed
2394 4026 2472 4082 ibi
2520 4043 2617 4099 per
2674 4026 2843 4083 solem
2892 4027 3126 4099 populus
3170 4026 3505 4096 Judaorum,

1916 4132 2013 4188 per
2048 4116 2266 4173 tertiam
2296 4125 2505 4189 partem
2543 4115 2676 4172 solis
2722 4123 2777 4173 et
2822 4116 2966 4170 luna
3009 4122 3172 4187 atque
3222 4114 3504 4170 stellarum

1915 4207 2104 4264 ﬁdeles
2133 4208 2229 4281 qui
2259 4224 2328 4264 ex
2367 4206 2466 4263 illo
2495 4208 2700 4279 populo
2730 4206 2787 4263 in
2817 4205 3101 4264 Christum
3130 4204 3505 4275 crediderunt,

1915 4296 2289 4370 designantur.
2336 4295 2574 4363 Quartus
2602 4295 2772 4368 igitur
2813 4296 3038 4367 angelus
3079 4293 3318 4367 phialam
3349 4311 3505 4351 suam

1917 4387 1975 4442 in
2013 4386 2184 4442 solem
2231 4385 2456 4452 effudit;
2513 4385 2643 4458 quia
2689 4384 2939 4442 Christus
2987 4390 3042 4439 et
3089 4383 3321 4457 apostoli
3363 4383 3503 4456 ejus,

1837 4505 1883 4564 D
1916 4474 2063 4547 quod
2090 4474 2247 4546 impii
2281 4473 2456 4530 Judai
2500 4490 2532 4529 a
2581 4473 2840 4531 Romanis
2868 4472 3088 4529 delendi
3117 4480 3319 4564 essent,
3354 4489 3505 4546 aper-

1918 4567 1989 4623 tis
2020 4567 2252 4624 vocibus
2279 4566 2675 4640 pradixerunt.
2716 4565 2852 4621 Nam
2880 4565 3024 4622 sicut
3051 4563 3285 4638 quilibet
3315 4581 3509 4623 servus

1913 4657 2113 4730 accipit
2140 4674 2173 4713 a
2199 4657 2438 4714 Domino
2468 4673 2567 4713 suo
2596 4655 2861 4729 gladium,
2893 4672 3003 4712 non
3033 4653 3181 4711 unde
3210 4654 3325 4727 ipse
3347 4653 3507 4728 jugu-

1916 4749 2079 4815 lctur,
2134 4746 2228 4804 sed
2253 4747 2400 4803 unde
2431 4763 2581 4803 reum
2609 4745 2864 4818 jugulet;
2915 4746 2992 4801 ita
3016 4753 3069 4800 et
3095 4745 3327 4802 Romani
3357 4743 3508 4800 effn-

1913 4841 2124 4896 sionem
2159 4839 2378 4912 phiala,
2427 4838 2487 4895 in
2529 4854 2637 4912 qua
2682 4837 2765 4893 ira
2805 4835 2906 4893 Dei
2939 4835 3347 4905 continebatur,
3396 4852 3509 4892 non

1912 4928 1983 4985 ad
2020 4929 2126 4986 hoc
2167 4934 2525 5000 susceperunt
2563 4934 2625 4982 ut
2664 4925 2767 4999 ipsi
2809 4925 2865 4980 in
2895 4940 2958 4981 ea
2988 4925 3253 4996 perirent,
3300 4924 3395 4980 sed
3441 4923 3507 4980 ad

1914 5017 2311 5075 vindicandum
2339 5016 2547 5075 Christi
2577 5015 2898 5089 sanguinem
2934 5014 2992 5070 in
3020 5014 3237 5072 Judaos
3267 5012 3508 5070 effunde-

1987 5221 2104 5295 (44)
2142 5222 2343 5295 omnes
2372 5216 2532 5295 edi_t.,
2580 5219 2655 5295 _Et
2689 5217 2876 5274 audivi
2903 5233 3075 5272 vocem
3115 5216 3178 5271 de
3202 5212 3371 5295 altari
3412 5211 3507 5267 di-
3576 5230 3581 5231 ν

1913 5290 2140 5350 ventem:
2192 5294 2396 5359 Etiam,
2433 5290 2689 5347 Domine:
2741 5306 2932 5346 omnes
2981 5304 3110 5344 mss.
3167 5293 3229 5342 ut
3274 5290 3329 5339 in
3378 5299 3506 5340 con-

1912 5374 2107 5509 teliiius.)
2148 5438 2230 5493 lta
2256 5452 2429 5509 mss;
2478 5433 2612 5509 edit.
2661 5440 2856 5509 autem_
2882 5430 3013 5509 (fill.
3056 5406 3156 5509 pro
3198 5430 3399 5503 afﬁcere
3446 5429 3505 5509 i_n

1915 5500 2159 5581 margine
2187 5507 2392 5581 posuit,
2415 5500 2670 5581 afﬂigere,
2716 5503 2864 5581 quod
2890 5500 3141 5581 Romiin
3170 5500 3383 5581 tejtum
3414 5500 3505 5558 ad-

1916 5571 2087 5649 misit,
2135 5571 2207 5637 ac
2226 5571 2485 5652 praterea'
2520 5571 2747 5652 fotum,"
2772 5574 2867 5648 qui
2896 5571 3163 5646 sequitur,
3211 5571 3506 5647 Scriptura

1914 5649 2249 5709 versiculum
2278 5649 2578 5709 exsecavit.
