4060 6208
524 307 626 364 991

1566 301 1661 357 AD
1701 299 1936 356 OPEBA
1974 297 2031 355 S.
2073 295 2408 356 AMBROSII
2444 293 2826 352 APPENDIX.

3736 296 3854 353 992

521 438 675 499 rent;
702 429 852 487 unde
896 438 950 487 et
976 427 1261 502 sequitur:
1316 425 1456 494 Quia
1505 425 1692 482 datum
1737 431 1810 480 est
1854 422 1942 480 illi
1986 430 2118 480 astu
2148 424 2199 484 A
2232 421 2370 478 viris
2425 420 2846 494 superabantur,
2905 426 3063 477 tanto
3113 418 3411 492 ampliores
3465 419 3853 495 hlasphemias

521 522 724 593 afficere
749 519 982 575 homines
1014 524 1063 573 et
1086 515 1218 589 igni.
1278 517 1575 572 Possumus
1620 531 1718 587 per
1755 522 1947 571 aestum
1974 514 2117 571 obsi-

522 608 764 677 dionem,
817 625 913 681 per
943 608 1125 681 ignem
1161 613 1344 663 autem
1371 605 1572 662 famem
1599 612 1654 662 et
1681 606 1947 678 gladium,
1999 604 2119 679 qui-

522 697 627 753 bus
652 697 827 754 Judaei
856 713 995 769 pene
1025 712 1216 753 omnes
1241 695 1555 768 consumpti
1598 704 1748 765 sunt,
1788 694 2116 767 intelligere.

522 789 720 845 Datum
749 796 834 844 est
861 804 987 860 ergo
1017 787 1121 843 soli
1150 787 1364 843 afﬁcere
1394 786 1645 843 homines
1674 794 1811 843 aestu
1857 795 1911 842 et
1956 785 2071 859 igni
2100 804 2114 855 ;

524 877 651 945 quia
682 877 944 934 Romanis
971 877 1160 933 datum
1191 883 1272 933 est
1299 893 1331 931 a
1357 876 1490 945 Deo,
1542 885 1605 932 ut
1651 875 1852 949 impios
1900 875 2119 933 Judaeos

522 967 764 1025 diversis
793 965 1200 1025 calamitatibus
1221 965 1470 1036 afﬂictos,
1494 968 1756 1039 quosdam
1779 966 2114 1035 occiderent,

520 1057 786 1131 quosdam
844 1072 875 1113 a
923 1072 1021 1113 sua
1073 1062 1220 1111 terra
1262 1056 1580 1112 evellerent.
1635 1059 1710 1114 Et
1760 1060 2118 1112 azstuaverunt

520 1147 753 1203 homines
781 1152 910 1203 azstu
933 1162 1143 1217 magno.
1198 1144 1372 1212 Quam
1403 1160 1632 1218 magnus
1669 1145 1838 1201 fuerit
1884 1146 1978 1201 ille
2021 1161 2114 1202 aes-

519 1243 627 1305 tus,
660 1252 768 1309 quo
797 1235 1033 1293 Romani
1063 1233 1280 1290 Judaeos
1309 1232 1648 1303 afﬂixerunt,
1671 1233 1768 1307 qui
1797 1234 1921 1290 vult
1951 1232 2113 1304 scire,

519 1325 817 1398 Josephum
851 1326 1012 1399 legat,
1062 1333 1116 1381 et
1144 1325 1392 1382 inveniet
1418 1325 1631 1381 nullam
1659 1332 1875 1395 gentem
1912 1324 1970 1380 in
2000 1340 2114 1381 om-

520 1414 685 1471 nibus
730 1416 913 1488 regnis
963 1423 1235 1471 terrarum
1280 1415 1521 1472 atrocius
1571 1413 1795 1487 periisse
1843 1414 1943 1487 (De
1983 1415 2114 1471 bello

516 1505 789 1578 Judaico).
845 1508 921 1563 Et
965 1506 1463 1579 blasphemaverunt
1504 1522 1693 1561 nomen
1741 1505 1841 1561 Dei
1880 1505 2114 1561 habentis

511 1603 819 1669 potestatem
847 1615 1006 1671 super
1046 1600 1145 1656 has
1167 1601 1381 1672 plagas.
1436 1598 1568 1654 Tam
1615 1596 1787 1668 impia
1829 1596 1940 1651 fuit
1983 1613 2113 1669 gens

516 1679 852 1760 Judmorum,
908 1697 973 1746 ut
1000 1706 1128 1748 cum
1157 1690 1362 1747 scirent
1405 1705 1463 1746 se
1506 1704 1605 1761 pro
1652 1686 1952 1746 sceleribus
1996 1688 2112 1744 suis

2229 513 2298 570 ad
2332 530 2424 570 eos
2457 512 2825 570 revincendos
2850 509 3248 569 inveniebant:
3298 510 3664 584 impellebant
3697 514 3852 572 nihi-

2230 603 2475 660 lominus
2505 602 2685 660 eosad
2730 604 2908 659 Deum
2963 600 3463 674 blasphemandum
3491 601 3708 675 proprii
3764 620 3852 661 er-

2228 710 2400 765 rores,
2431 711 2566 767 quos
2593 691 3016 765 proﬁtebantur.
3051 691 3159 759 Qui
3194 690 3360 746 etiam
3421 689 3542 747 sine
3571 691 3848 764 paeniten-

2230 781 2307 838 tia
2334 782 2503 838 fuisse
2525 781 2809 851 dicuntur,
2830 781 2931 838 vix
2960 781 3109 838 enim
3139 781 3383 853 aliquem
3430 796 3500 835 ex
3533 780 3849 839 inventori-

2226 871 2330 928 bus
2364 872 2634 929 haeresum
2664 871 2936 941 invenies,
2967 871 3064 946 qui
3093 868 3482 945 poenitentiam
3554 870 3734 944 egerit
3773 889 3846 931 ex

2225 966 2339 1023 suis
2369 965 2669 1022 erroribus.
3534 1010 3537 1015 .

2300 1056 2481 1128 (Vers.
2519 1055 2629 1127 12.)
2664 1057 2739 1112 Et
2766 1059 2947 1110 sextus
2974 1051 3159 1124 effudit
3193 1051 3437 1124 phialam
3469 1068 3625 1109 suam
3683 1070 3845 1126 super

2223 1148 2418 1218 ﬂumen
2446 1164 2698 1218 magnum
2746 1146 3082 1218 Euphraten,
3115 1151 3164 1200 et
3185 1143 3402 1200 siccavit
3428 1161 3631 1217 aquam
3694 1145 3840 1216 ejus;

2223 1244 2285 1293 ut
2306 1245 2716 1311 praeparantur
2744 1238 2833 1293 via
2854 1236 3063 1309 regibus
3090 1237 3156 1292 ab
3177 1242 3303 1293 ortu
3325 1237 3475 1294 solis.
3506 1237 3715 1299 Sextus
3740 1239 3844 1296 iste

2224 1328 2448 1399 angelus
2475 1326 2723 1384 eamdem
2752 1325 3215 1399 signiﬁcationem
3261 1324 3425 1382 habet
3456 1342 3622 1398 quam
3656 1334 3717 1383 et
3746 1329 3844 1385 ille

2225 1416 2320 1489 qui
2349 1424 2501 1472 sexta
2529 1415 2661 1472 tuba
2687 1415 2949 1473 cecinisse
2988 1414 3143 1471 visus
3178 1421 3298 1482 est;
3341 1413 3623 1486 signiﬁcat
3683 1416 3840 1475 enim

2224 1511 2497 1577 martyres
2533 1512 2752 1563 sanctos
2777 1522 2789 1561 :
2822 1514 2877 1562 et
2906 1504 3002 1578 qui
3026 1503 3389 1576 designantur
3408 1503 3530 1561 illic
3561 1521 3663 1577 per
3683 1507 3839 1581 equi-

2224 1602 2328 1663 tes,
2356 1611 2388 1650 a
2412 1595 2615 1669 quibus
2641 1596 2805 1652 tertia
2832 1611 2957 1668 pars
2986 1593 3279 1651 hominum
3301 1593 3483 1651 occisa
3506 1594 3685 1653 fuisse
3718 1597 3837 1656 des-

2222 1683 2478 1753 cribitur,
2513 1684 2619 1757 ipsi
2647 1692 2700 1741 et
2737 1684 2798 1740 in
2816 1684 2923 1741 hoc
2941 1684 3062 1741 loco
3082 1699 3178 1757 per
3196 1682 3405 1741 ﬂumen
3424 1700 3695 1758 magnum
3724 1689 3833 1745 Eu-

516 1781 766 1839 inaudita
809 1781 952 1837 mala
987 1781 1216 1854 perpeti,
1280 1796 1395 1836 non
1442 1780 1621 1835 solum
1683 1795 1714 1834 a
1755 1778 2113 1853 blasphemiis
2142 1793 2190 1855 Β
2223 1774 2459 1847 phraten
2477 1782 2850 1847 persecutores
2870 1774 3134 1831 videlicet
3157 1773 3421 1848 Ecclesiae
3448 1776 3573 1832 Dei.
3612 1776 3833 1837 Effudit

516 1869 724 1928 Christi
755 1886 868 1926 non
900 1869 1253 1939 cessaverint,
1282 1870 1377 1927 sed
1406 1868 1580 1925 etiam
1606 1868 1784 1925 multo
1814 1868 2112 1928 deteriores

513 1952 882 2033 blasphemias
911 1959 973 2017 in
1000 1958 1114 2017 suis
1141 1959 1534 2017 afﬂictionibus
1563 1967 1755 2016 contra
1781 1960 1957 2016 Deum
1984 1976 2111 2016 evo-

513 2049 775 2107 muerint.
832 2048 989 2107 Unde
1033 2059 1088 2108 et
1116 2049 1405 2123 sequitur:
1456 2050 1638 2120 Neque
1685 2055 1902 2123 egerunt
1943 2048 2108 2121 pleni-

515 2140 750 2210 tentiam,
779 2146 840 2195 ut
867 2141 1056 2198 darent
1083 2141 1171 2197 illi
1196 2139 1460 2213 gloriam;
1513 2138 1707 2195 darent
1730 2154 1968 2211 namque
1994 2139 2108 2194 Deo

514 2227 765 2301 gloriam,
793 2228 839 2286 si
870 2248 940 2286 ex
970 2230 1086 2287 suis
1116 2228 1508 2303 iniquitatibus
1536 2229 1918 2301 paenitentiam
1949 2244 2106 2301 agen-

511 2325 595 2374 tes
622 2317 682 2373 in
708 2318 992 2378 Christum
1019 2319 1412 2388 credidissent,
1443 2319 1668 2393 ejusque
1698 2319 1957 2377 mandata
1985 2336 2107 2378 cus-

512 2405 798 2465 todissent.

583 2501 765 2574 (Vers.
802 2499 888 2570 10,
923 2500 1036 2573 11.)
1080 2500 1155 2557 Et
1183 2500 1399 2571 quintus
1441 2500 1627 2572 effudit
1667 2501 1910 2573 phialam
1953 2518 2106 2557 suam

507 2606 668 2663 super
694 2590 862 2646 sedem
892 2589 1083 2658 bestiae,
1131 2595 1180 2645 et
1205 2588 1408 2660 factum
1438 2596 1511 2646 est
1537 2607 1757 2662 regnum
1805 2589 1919 2662 ejus
1959 2596 2108 2647 tene-

509 2680 757 2736 brosum:
808 2685 857 2734 et
881 2679 1445 2736 eommandueaverunt
1476 2679 1681 2752 linguas
1711 2696 1838 2737 suas
1855 2697 1973 2753 prce
1999 2681 2105 2736 do-

509 2768 636 2838 lore,
691 2773 740 2823 et
766 2768 1261 2840 blasphemaverunt
1288 2769 1459 2824 Deum
1502 2768 1618 2825 σιειὶ
1661 2786 1780 2842 prta
1831 2769 2106 2825 doloribus

506 2862 555 2913 el
594 2858 900 2914 vulneribus
949 2858 1101 2924 suis;
1143 2865 1192 2914 et
1234 2875 1342 2913 non
1379 2864 1592 2930 egerunt
1634 2859 1997 2931 paenitentiam
2040 2876 2105 2914 ea:

508 2946 752 3022 operibus
794 2947 927 3003 suis.
977 2947 1218 3014 Quintus
1266 2947 1492 3019 angelus
1537 2947 1877 3004 orthodoxos
1925 2956 2104 3022 patres

508 3034 605 3108 qui
630 3044 821 3092 contra
840 3034 1127 3092 haereticos
1147 3035 1575 3104 dimicaverunt,
1598 3036 1893 3108 signiﬁcat,
1916 3054 2100 3111 quem-

2221 1882 2350 1938 ergo
2379 1866 2606 1938 angelus
2634 1864 2878 1939 phialam
2926 1881 3081 1921 suam
3112 1880 3277 1937 super
3325 1864 3535 1922 ﬂumen
3575 1866 3830 1940 Euphra-

2218 1963 2348 2023 ten;
2385 1954 2517 2028 quia
2576 1971 2697 2028 quae
2748 1953 3032 2012 damnatio
3060 1953 3507 2026 persecutoribus
3562 1954 3831 2014 Ecclesia

2218 2044 2450 2104 instaret
2485 2046 2620 2120 ipsis
2649 2045 3094 2119 persecutoribus
3108 2045 3229 2102 sine
3248 2045 3435 2119 aliqua
3452 2046 3829 2119 trepidatione

2217 2136 2622 2208 praedixerunt.
2653 2136 2757 2192 Per
2785 2152 2981 2209 aquam
3011 2151 3144 2192 vero
3182 2134 3300 2208 ipsa
3346 2137 3666 2208 persecutio
3691 2138 3827 2196 desi—

2217 2231 2454 2298 gnatur:
2488 2225 2721 2282 siccavit
2749 2232 2931 2281 autem
2965 2240 3162 2298 aquam
3193 2223 3315 2296 ejus
3341 2241 3354 2280 :
3387 2225 3518 2299 quia
3546 2226 3824 2286 tandiuin

2216 2314 2606 2388 praedicatione
2627 2314 2783 2371 verbi
2815 2313 2917 2371 Dei
2947 2313 3124 2371 sancti
3143 2321 3414 2387 martyres
3434 2316 3823 2389 perstiterunt,

2215 2403 2527 2478 usquedum
2558 2406 2740 2462 omnis
2793 2403 3102 2478 persecutio
3129 2403 3299 2460 ﬁnem
3347 2403 3645 2478 acciperet,
3706 2407 3821 2481 qui-

2214 2492 2446 2550 busdam
2478 2511 2548 2551 ex
2601 2494 3049 2568 persecutoribus
3077 2493 3138 2550 in
3185 2492 3469 2549 infernum
3526 2495 3820 2567 demersis,

2215 2585 2546 2659 quibusdam
2569 2586 2700 2643 ﬁdei
2729 2585 3044 2645 christianae
3083 2584 3404 2659 semetipsos
3452 2585 3822 2659 subjicienti-

2212 2682 2335 2739 bus.
2366 2684 2471 2739 Per
2498 2700 2650 2756 reges
2672 2682 3090 2740 multitudinem
3119 2683 3390 2756 gentium,
3419 2699 3541 2757 quae
3562 2683 3820 2741 adﬁdem

2178 2774 2183 2779 ’
2213 2769 2420 2829 Christi
2451 2771 2751 2841 conﬂuxit,
2780 2788 3073 2845 possumus
3101 2771 3428 2844 intelligere.
3480 2771 3591 2829 Via
3631 2773 3821 2848 itaque

2212 2859 2431 2932 regibus
2461 2860 2664 2919 siccata
2700 2877 2841 2935 aqua
2867 2867 3167 2934 praeparata
3195 2867 3277 2917 est
3300 2878 3315 2929 ;
3347 2860 3478 2934 quia
3496 2859 3678 2918 ﬁnitis
3699 2879 3819 2936 per-

2211 2949 2608 3021 secutionibus,
2641 2950 2816 3007 libera
2851 2949 3085 3007 facultas
3110 2948 3238 3007 data
3265 2957 3347 3006 est
3375 2949 3641 3007 omnibus
3671 2968 3819 3025 gen—

2209 3039 2360 3097 tibus
2378 3041 2449 3098 ad
2476 3041 2643 3100 ﬁdem
2702 3040 2911 3101 Christi
2941 3040 3225 3098 veniendi.
3256 3040 3363 3098 Sed
3402 3042 3685 3115 quomodo
3744 3041 3817 3098 ab

509 3123 806 3223 admodum
832 3132 903 3223 et
930 3124 1090 3180 illum
1121 3123 1368 3180 diximus
1396 3124 1752 3197 signiﬁcasse,
1801 3125 1897 3199 qui
1925 3125 1986 3182 in
2014 3143 2102 3182 su-
2132 3162 2176 3223 Ο
2211 3138 2337 3187 ortu
2366 3131 2500 3188 solis
2530 3131 2745 3188 venisse
2774 3129 3057 3199 dicuntur,
3117 3129 3176 3186 id
3213 3137 3313 3201 est,
3343 3147 3375 3186 a
3413 3130 3656 3200 Christo,
3716 3132 3810 3206 qui

509 3214 710 3289 periori
741 3214 954 3272 visione
983 3216 1209 3290 quintus
1229 3216 1361 3274 tuba
1380 3216 1582 3274 cecinit
1601 3218 1739 3290 (cap.
1766 3234 1846 3287 rx,
1868 3218 2095 3292 γενεά).

505 3306 579 3361 Et
608 3303 753 3362 sicut
780 3304 899 3362 illic
945 3321 1042 3379 per
1070 3306 1309 3364 locustas
1348 3305 1595 3364 haeretici
1629 3307 1899 3380 designati
1949 3315 2098 3378 sunt,

505 3393 583 3452 ita
610 3402 665 3451 et
693 3393 786 3453 hic
810 3411 908 3469 per
943 3396 1127 3453 sedem
1170 3394 1359 3453 bestiae
1409 3395 1656 3453 haeretici
1706 3395 2094 3469 designantur:

503 3483 678 3543 bestia
705 3493 890 3544 autem
917 3485 1201 3545 diabolum
1230 3487 1524 3562 signiﬁcat.
1546 3487 1675 3544 Jure
1696 3487 1866 3558 igitur
1884 3486 2097 3543 haereti-

501 3575 552 3633 ci
572 3575 726 3634 sedes
739 3576 927 3633 bestiae
948 3578 1247 3646 dicuntur;
1272 3578 1400 3651 quia
1419 3578 1476 3633 in
1497 3593 1688 3634 eorum
1709 3577 1967 3634 cordibus
1985 3576 2099 3633 dia-

501 3662 661 3721 bolus
713 3665 1006 3722 inhabitat.
1056 3667 1295 3735 Quintus
1349 3666 1519 3738 igitur
1573 3666 1799 3739 angelus
1854 3666 2095 3739 phialam

501 3768 656 3810 suam
688 3769 854 3826 super
878 3755 1063 3811 sedem
1091 3753 1282 3812 bestiae
1318 3753 1551 3822 eﬁ‘udit;
1604 3754 1734 3827 quia
1762 3755 1937 3813 sancti
1986 3755 2095 3812 viri

499 3861 711 3902 errores
760 3844 1147 3902 haereticorum
1205 3843 1536 3917 delegentes,
1584 3862 1705 3920 quae
1764 3863 1924 3920 poena
1981 3846 2095 3913 illis

497 3932 747 4004 instaret,
797 3933 1149 3992 manifestare
1179 3933 1531 3991 studuerunt.
1587 3936 1816 3993 Factum
1845 3943 1927 3992 est
1962 3953 2094 3994 vero

499 4030 638 4090 561
676 4042 905 4099 regnum
954 4024 1074 4098 ejus
1114 4024 1505 4094 tenebrosum;
1559 4025 1689 4099 quia
1734 4025 1847 4083 illis
1891 4026 2094 4101 quibus

499 4124 750 4182 doctrina
778 4124 1168 4182 haereticorum
1212 4124 1423 4197 fulgida
1462 4123 1776 4194 videbatur,
1829 4141 1926 4198 per
1967 4125 2092 4182 doc-

503 4213 702 4272 trinam
744 4223 1063 4273 sanctorum
1118 4214 1362 4283 Patrum,
1413 4213 1563 4287 quod
1604 4213 1803 4271 misera
1845 4222 1899 4271 et
1945 4222 2091 4271 tene-

404 4372 411 4379 .
498 4303 659 4361 hrosa
687 4312 848 4373 esset,
875 4302 1313 4361 demonstratum
1349 4311 1450 4361 est.
1507 4304 2093 4363 Commanducaverunt

502 4393 712 4466 linguas
735 4412 862 4451 suas
901 4412 1021 4468 prae
1048 4396 1267 4452 dolore:
1320 4394 1451 4468 quia
1491 4393 1697 4467 singuli
1744 4393 2091 4466 singulorum

500 4499 710 4542 errores
739 4485 1244 4557 reprehendebant;
1297 4501 1425 4542 nam
1464 4501 1641 4559 neque
1688 4483 1858 4541 Arius
1903 4485 2088 4541 Euno-

2210 3235 2307 3291 per
2334 3220 2507 3276 solem
2532 3220 2883 3293 designatur;
2916 3236 3044 3278 cum
3097 3236 3210 3276 non
3256 3236 3288 3275 a
3314 3218 3558 3289 Christo,
3601 3220 3700 3279 sed
3744 3220 3813 3277 ad

2210 3307 2516 3378 Christum,
2570 3308 2856 3366 diabolum
2900 3307 3277 3383 relinquentes
3330 3309 3590 3366 venerint
3612 3310 3642 3367 Ἰ
3692 3310 3812 3367 Nisi

2207 3398 2349 3455 forte
2375 3415 2472 3471 per
2509 3398 2681 3456 solem
2712 3397 2996 3455 diabolum
3040 3397 3437 3470 intelligamus,
3472 3406 3536 3455 ut
3583 3397 3652 3455 ab
3692 3399 3811 3472 ipso

2206 3488 2277 3545 ad
2305 3488 2587 3547 Christum
2612 3488 2904 3546 venerint:
2937 3488 3034 3546 sed
3062 3487 3261 3545 melius
3298 3494 3380 3545 est
3407 3495 3469 3544 ut
3505 3504 3606 3560 per
3634 3489 3808 3545 solem

2207 3576 2489 3636 Christum
2520 3576 2916 3650 intelligamus,
2948 3584 3171 3650 propter
3194 3574 3335 3632 illud
3378 3576 3804 3649 propheticum:

2219 3690 2239 3715 ι
2269 3666 2442 3725 Vobis
2468 3675 2653 3723 autem
2681 3666 3010 3723 timentibus
3037 3682 3243 3723 nomen
3267 3681 3452 3721 meum
3483 3666 3711 3724 orietur
3726 3668 3808 3725 sol

2199 3755 2451 3829 justitiae,
2485 3766 2538 3815 et
2568 3756 2773 3813 sanitas
2801 3755 2860 3811 in
2892 3755 3089 3829 pennis
3110 3754 3229 3828 ejus
3252 3755 3368 3828 (47)
3405 3755 3697 3831 (Μαιαοιι.)
3730 3776 3808 3829 Iv,

2205 3847 2286 3921 2).
2317 3872 2337 3898 ι
2377 3848 2464 3905 Ab
2492 3856 2620 3905 ortu
2646 3864 2774 3921 ergo
2804 3846 2959 3914 solis,
2986 3846 3043 3904 id
3074 3853 3175 3916 est,
3208 3863 3241 3903 a
3285 3845 3507 3905 Christo
3545 3849 3808 3917 veniunt,

2204 3938 2334 4013 quia
2358 3938 2478 4012 ipso
2504 3938 2818 4012 inspirante
2853 3946 2907 3996 et
2934 3937 3255 4011 impellente
3281 3936 3349 3994 ad
3370 3952 3500 3994 eum
3526 3938 3807 4008 veniunt;

2204 4029 2377 4102 ipsius
2404 4037 2489 4105 est
2512 4028 2722 4085 donum
2749 4035 2805 4084 et
2855 4027 3001 4085 velle
3059 4032 3113 4083 et
3149 4024 3428 4098 perﬁcere,
3486 4043 3611 4099 quae
3662 4026 3811 4084 bona

2201 4128 2350 4190 sunt,
2383 4119 2527 4177 sicut
2551 4119 2668 4192 ipse
2696 4118 2881 4175 dixit:
2928 4117 3101 4175 «Sine
3128 4133 3216 4174 me
3267 4116 3412 4173 nihil
3438 4116 3674 4190 potestis
3726 4120 3809 4177 fa-

2201 4225 2321 4268 cere
2353 4209 2534 4281 (Joan.
2566 4224 2665 4276 xv,
2694 4207 2776 4280 5).
2810 4231 2829 4257 ι
2872 4207 2924 4264 Α
2967 4206 3189 4266 Christo
3216 4205 3402 4280 itaque
3418 4206 3658 4265 veniunt
3686 4209 3809 4283 qui-

2199 4315 2416 4373 cunque
2444 4298 2514 4355 ad
2539 4296 2823 4356 Christum
2853 4296 3118 4364 veniunt;
3152 4295 3283 4370 quia
3313 4295 3430 4370 ipse
3458 4295 3555 4354 dat
3607 4305 3672 4355 ut
3700 4315 3810 4356 ve-

2198 4388 2377 4457 niant,
2407 4395 2462 4444 et
2490 4386 2607 4460 ipse
2635 4386 2865 4459 suscipit
2893 4385 3198 4444 venientes.

2273 4479 2456 4551 (Vers.
2489 4478 2576 4549 13,
2612 4477 2725 4552 14.)
2758 4479 2834 4535 Et
2860 4476 2973 4532 vidi
3025 4477 3087 4532 de
3115 4493 3205 4532 ore
3234 4476 3484 4535 draconis
3530 4484 3582 4535 et
3624 4478 3690 4536 de
3717 4497 3809 4538 ore

499 4572 675 4630 mium
704 4531 945 4643 secutus,
992 4576 1081 4630 vel
1105 4531 1429 4644 Sabe,llium,
1474 4531 1566 4632 vell
1606 4590 1935 4649 quemquam
1967 4573 2089 4630 illo-
2116 4531 2168 4592 Β
2198 4531 2389 4638 bestiis,
2420 4574 2468 4624 et
2495 4531 2674 4625 de’ore
2697 4531 3166 4640 pseudoprophetis
3204 4570 3352 4623 exire
3416 4573 3520 4623 tres
3575 4569 3808 4641 spiritus

498 4678 656 4732 rum;
706 4679 884 4737 neque
912 4663 997 4720 illi
1027 4664 1224 4721 illum:
1266 4663 1361 4720 sed
1404 4663 1785 4738 unusquisque
1832 4663 2086 4720 haeresim

497 4768 654 4811 suam
705 4752 954 4812 stabilire
1010 4755 1223 4823 volens,
1269 4761 1591 4811 caeterorum
1651 4769 1862 4810 errores
1910 4769 2087 4827 repre-

498 4843 772 4902 hendebat
818 4843 959 4917 (46).
1005 4844 1112 4912 Qui
1139 4844 1309 4902 etiam
1336 4845 1511 4901 Deum
1551 4860 1660 4916 prae
1705 4842 1992 4900 doloribus
2033 4849 2089 4898 et

497 4933 849 4991 vulneribus
867 4934 982 4991 suis
1022 4933 1426 5007 blasphemasse
1474 4933 1779 5003 dicuntur;
1829 4933 2088 4993 dolebant

496 5024 698 5100 quippe
726 5024 995 5090 haeretici,
1053 5040 1118 5082 eo
1146 5023 1294 5098 quod
1321 5040 1353 5080 a
1381 5024 1670 5082 catholicis
1697 5024 1835 5081 viris
1875 5041 2089 5098 semper

498 5115 988 5174 convincerentur:
1036 5114 1267 5171 vulnera
1293 5129 1425 5171 vero
1452 5130 1645 5171 eorum
1677 5122 1833 5171 erant
1872 5130 2089 5172 errores

495 5205 865 5279 singulorum.
888 5202 1352 5275 Blasphemabant
1365 5219 1497 5261 vero
1521 5202 1768 5261 haeretici
1786 5205 1963 5260 Deum
1979 5220 2090 5276 prae

496 5292 785 5351 doloribus
813 5292 966 5361 suis;
1007 5292 1137 5366 quia
1178 5299 1385 5365 quanto
1434 5292 1680 5365 amplius
1721 5309 1753 5347 a
1802 5291 2090 5352 catholicis

568 5476 685 5551 (46)
727 5476 867 5535 Nam
899 5494 1065 5551 neque
1109 5476 1298 5551 Arius.
1344 5518 1356 5532 .
1401 5518 1415 5533 .
1471 5490 1678 5529 errores
1724 5475 2089 5547 reprehendat,

496 5548 728 5605 ex'is.
761 5548 1019 5607 omnibus
1045 5548 1361 5605 restitutum
1392 5553 1493 5603 est.

556 5619 687 5747 ί347)
732 5621 934 5677 Aberat
963 5638 1031 5677 ex
1058 5620 1216 5688 edit.,
1263 5627 1309 5675 et
1362 5619 1569 5675 sanitas
1615 5617 1671 5675 in
1710 5619 1899 5695 pennis
1936 5617 2086 5692 ejus;

621 5690 854 5747 habetur
882 5693 942 5747 in
968 5692 1183 5747 cunctis
1212 5709 1344 5747 mss.

496 5706 555 5748 86

621 5690 854 5753 hebetur
882 5693 942 5753 in
968 5692 1183 5755 cunctis
1212 5709 1344 5752 mss.

2195 4661 2492 4717 immundos
2520 4660 2578 4717 in
2603 4660 2829 4717 modum
2882 4674 3180 4726 ranarum;
3237 4666 3363 4715 sunt
3406 4659 3543 4715 enim
3577 4662 3804 4734 spiritus

2195 4751 2576 4806 dwmoniorum
2597 4748 2848 4820 facientes
2868 4749 3041 4820 signa.
3062 4746 3367 4805 Vocatione
3397 4748 3649 4820 gentium
3676 4748 3799 4823 (48)

2196 4839 2490 4912 descripta,
2519 4838 2755 4913 qualiter
2785 4838 2853 4895 ad
2882 4837 3052 4895 ﬁdem
3081 4836 3287 4896 Christi
3317 4837 3598 4905 venerint,
3633 4854 3803 4895 men-

2196 4932 2406 4988 tionem
2434 4927 2567 4986 facit
2614 4927 2971 4998 Autichristi,
3006 4928 3101 5001 qui
3163 4943 3334 5001 prope
3374 4927 3546 4984 ﬁnem
3601 4927 3802 4985 mundi

2197 5028 2468 5077 venturus
2497 5028 2597 5076 est.
2630 5018 2869 5092 Spiritus
2902 5034 3037 5074 vero
3064 5025 3177 5075 tres
3195 5016 3471 5074 immundi
3494 5016 3802 5091 discipulos

2199 5109 2487 5183 designant
2515 5106 2869 5174 Antichristi,
2901 5107 2999 5181 qui
3029 5124 3155 5165 eum
3185 5123 3284 5179 per
3319 5106 3649 5163 universum
3713 5125 3803 5165 or-

2196 5199 2325 5258 bem
2354 5198 2708 5272 praedicaturi
2736 5204 2897 5253 sunt:
2934 5198 3031 5271 qui
3080 5196 3337 5271 quamvis
3366 5193 3625 5251 homines
3681 5194 3802 5252 sint

2200 5291 2393 5360 futuri,
2423 5288 2650 5363 spiritus
2680 5287 2977 5358 immundi,
3009 5296 3063 5345 et
3127 5286 3358 5360 spiritus
3391 5284 3801 5343 daemoniorum

2274 5470 2392 5543 (48)
2416 5472 2550 5543 Mss.
2582 5448 2745 5527 etiam
2804 5471 3062 5543 omnibus
3103 5467 3354 5543 debetur,
3413 5464 3689 5542 quidquid
3729 5463 3801 5519 ab

2200 5512 2801 5671 {iiive/rbisnocatione
2830 5542 3059 5615 gentium
3086 5557 3260 5616 usque
3289 5512 3360 5599 ad
3414 5512 3671 5596 gentujrus
3698 5543 3795 5603 est,

2223 5623 2420 5692 egitur.
