4026 6172
246 194 350 251 993

1130 196 1585 253 BERENGAUDI
1624 197 1994 254 EXPOSITIO
2034 198 2105 254 IN
2141 200 2643 261 APOCALYPSIN.

3445 212 3548 271 994

244 325 552 384 vocantur;
583 316 710 390 quia
740 317 1018 375 daemones
1040 319 1098 375 in
1128 320 1260 392 ipsis
1290 320 1637 387 habitahunt,
1667 330 1720 377 et
1754 340 1846 394 per
1878 329 1926 386 A
1955 328 2046 377 tur
2071 339 2083 377 :
2115 322 2377 380 similiter
2406 335 2459 381 et
2498 329 2873 384 consurrectio
2905 331 2960 384 in
3012 330 3193 401 priora
3223 340 3368 389 recte
3395 334 3548 391 dici-

239 423 339 463 ora
386 423 577 463 eorum
618 408 919 481 loquentur
962 426 975 466 :
1027 409 1122 484 qui
1166 409 1233 466 de
1275 426 1368 467 ore
1411 411 1764 481 Antichristi,
1796 421 1851 470 et

236 499 308 556 de
336 516 431 557 ore
468 499 963 574 pseudoprophetae
992 499 1110 574 ejus
1138 501 1338 560 exiisse
1365 502 1473 560 visi
1504 512 1633 561 sunt
1660 523 1673 572 ;
1720 505 1850 578 quia

235 608 337 665 per
363 609 557 649 eorum
592 591 903 649 doctrinam
937 593 1039 650 ﬁlii
1091 593 1301 651 diaboli
1341 594 1650 652 eﬁicientur
1692 613 1704 651 :
1751 596 1845 668 qui

234 682 407 738 etiam
435 682 505 738 de
533 699 627 739 ore
653 681 909 739 draconis
937 683 1137 740 exiisse
1165 682 1272 740 visi
1301 694 1467 755 sunt;
1505 685 1635 757 quia
1662 701 1759 757 per
1788 702 1847 740 os

233 771 573 828 Antichristi
618 771 871 829 diabolus
915 774 1188 848 loquetur.
1234 775 1402 833 Ranis
1451 774 1840 844 nihilominus,

230 878 359 936 qua:
381 872 512 920 sunt
534 863 755 936 reptilia
779 863 1088 935 immunda,
1117 874 1171 923 et
1190 865 1249 922 in
1272 866 1388 922 luto
1408 865 1675 935 viventia,
1699 872 1844 922 recte

230 955 620 1012 assimilantur
652 974 666 1013 :
701 956 829 1032 quia
855 956 1001 1014 sicut
1021 974 1166 1014 ranae
1192 957 1250 1013 in
1275 957 1513 1015 sordidis
1541 960 1698 1033 aquis
1728 959 1845 1016 im-

229 1050 549 1111 morantur,
576 1044 655 1103 ita
683 1052 737 1102 et
766 1045 1026 1118 discipuli
1056 1046 1392 1104 Antichristi
1432 1065 1525 1105 eos
1549 1048 1710 1105 facile
1734 1048 1842 1105 de-

227 1134 464 1209 cipient,
497 1134 592 1210 qui
623 1136 859 1194 diversis
892 1137 1047 1194 vitiis
1076 1145 1130 1194 et
1158 1136 1457 1196 sceleribus
1484 1154 1599 1195 non
1627 1138 1841 1195 timue—

226 1232 357 1281 rant
389 1224 689 1283 sordidari.
730 1229 866 1284 Nam
909 1235 964 1284 et
1002 1244 1261 1286 ranarum
1293 1245 1407 1286 vox
1434 1244 1600 1285 rauca
1627 1236 1681 1285 et
1710 1235 1840 1285 tur-

224 1313 315 1387 pis
349 1313 740 1388 impiissimam
771 1333 960 1375 eorum
1005 1317 1452 1393 praedicationem
1480 1318 1839 1391 blasphemiis

226 1407 451 1479 plenam
482 1406 751 1480 designat.
796 1411 872 1465 Et
892 1410 1174 1482 precedent
1203 1411 1275 1467 ad
1310 1426 1452 1483 reges
1499 1411 1656 1465 totius
1686 1416 1839 1466 terra:

224 1514 546 1570 congregare
577 1499 698 1554 illos
725 1499 784 1554 in
804 1500 1059 1571 praelium
1085 1502 1157 1558 ad
1202 1502 1338 1558 diem
1379 1519 1629 1575 magnum
1657 1501 1838 1557 omni-

230 1587 472 1661 potentis
498 1587 620 1644 Dei.
651 1586 755 1644 Per
798 1605 951 1663 reges
993 1597 1153 1647 terrae
1179 1608 1291 1647 non
1318 1592 1499 1648 solum
1529 1608 1699 1666 reges,
1742 1591 1836 1648 sed

222 1684 279 1734 et
327 1677 527 1750 populi
570 1676 930 1751 designantur
981 1682 1434 1756 :congregabunt
1479 1690 1662 1740 autem
1707 1682 1834 1739 illos
1861 1701 1907 1762 Β

222 1767 493 1841 discipuli
529 1768 863 1827 Antichristi
891 1771 949 1827 in
992 1773 1243 1846 praelium
1280 1772 1350 1829 ad
1393 1772 1541 1830 diem
1572 1790 1829 1847 magnum

221 1859 628 1933 omnipotentis
655 1860 777 1931 Dei,
828 1878 940 1918 non
970 1862 1118 1936 quod
1148 1869 1340 1920 contra
1385 1865 1561 1921 Deum
1590 1880 1832 1938 pugnare

218 1949 474 2007 audeant
503 1950 613 2025 (49)
647 1950 707 2007 in
728 1951 818 2008 die
841 1950 1065 2025 judicii,
1087 1969 1119 2009 a
1145 1969 1254 2028 quo
1276 1961 1386 2010 tam
1407 1953 1831 2027 terribiliterju-

216 2039 565 2097 dicabuntur
596 2059 608 2097 :
640 2040 737 2098 sed
778 2042 1188 2116 congregabunt
1223 2059 1316 2100 eos
1360 2043 1419 2100 in
1465 2044 1715 2117 praelium
1761 2045 1830 2102 ad

217 2130 660 2203 persequendam
685 2131 987 2189 Ecclesiam
1016 2150 1030 2201 ;
1064 2140 1127 2189 ut
1154 2133 1213 2188 in
1243 2132 1332 2190 die
1360 2149 1558 2207 magno
1584 2134 1683 2191 Dei
1715 2151 1830 2191 om-

218 2219 531 2294 nipotentis
568 2230 829 2295 perpetua
856 2238 1016 2294 poena
1049 2223 1400 2281 damnentur.
1424 2224 1495 2280 Et
1514 2223 1643 2297 quia
1671 2223 1831 2281 ﬁnita

218 2310 609 2385 persecutione
637 2310 991 2381 Antichristi,
1036 2312 1307 2370 Dominus
1342 2312 1411 2369 ad
1449 2311 1727 2386 judicium
1769 2312 1829 2370 in

218 2401 486 2475 proximo
514 2402 720 2471 veniet,
748 2402 937 2460 subdit
970 2420 983 2459 :

295 2491 485 2563 (Vers.
519 2492 633 2564 15.)
664 2494 741 2549 Et
778 2509 886 2548 ecce
925 2492 1072 2549 υεηίο
1119 2492 1254 2549 sicut
1296 2491 1411 2565 fur.
1476 2515 1496 2543 ‹
1533 2494 1660 2551 Dies
1705 2495 1828 2552 Do-

216 2580 394 2650 mini,
426 2606 445 2629 ι
488 2581 630 2638 sicut
659 2580 797 2638 dicit
823 2582 1142 2654 Apostolus,
1208 2607 1227 2631 ‹
1273 2581 1415 2640 sicut
1458 2582 1567 2653 fur,
1603 2603 1630 2637 »
1662 2583 1740 2641 ita
1766 2584 1826 2642 in

210 2678 386 2729 nocte
415 2670 638 2739 veniet;
675 2688 800 2729 cum
831 2672 977 2728 enim
1000 2672 1246 2729 dixerint
1272 2690 1284 2727 :
1310 2672 1426 2729 Pax
1455 2681 1510 2729 et
1539 2674 1823 2745 securitas,

212 2770 356 2819 tunc
402 2760 724 2835 repentinus
752 2761 831 2818 eis
859 2761 1209 2835 superveniet
1255 2761 1512 2818 interitus
1558 2763 1617 2835 (Ι
1646 2763 1821 2819 Thess.

207 2867 277 2918 v,
310 2851 365 2919 2,
417 2850 498 2922 3).
546 2851 742 2907 Beatus
792 2851 884 2922 qui
925 2851 1131 2923 vigilat,
1176 2857 1225 2905 et
1260 2850 1485 2907 custodit
1523 2851 1825 2908 vestimenta

207 2957 317 2995 sua
343 2958 359 3009 ;
392 2958 456 2994 ne
482 2941 657 2995 nudus
684 2942 930 3009 ambulet,
967 2947 1015 2996 et
1041 2941 1252 2997 videant
1281 2940 1662 3012 turpitudinem
1687 2939 1820 3010 ejus.

1957 416 2084 478 tur;
2135 427 2199 467 eo
2247 415 2397 486 quod
2444 432 2633 472 omnes
2676 416 2927 474 homines
2973 416 3034 473 in
3063 419 3306 491 priorem
3336 429 3541 481 statum

1959 499 2292 573 resurgendo
2327 510 2667 575 reparentur.

2023 588 2204 661 (Vers.
2242 591 2358 665 17.)
2386 595 2462 649 Et
2508 594 2757 666 septimus
2794 595 2977 665 effudit
2998 595 3244 668 phialam
3283 614 3438 656 suam
3492 602 3550 658 in

1954 692 2147 734 aerem.
2200 679 2304 735 Per
2348 682 2642 753 septimum
2682 683 2851 740 istum
2884 685 3140 757 angelum
3170 691 3316 750 562
3346 691 3547 761 praedi-

1955 779 2165 829 catores
2214 777 2408 846 sancti,
2462 778 2557 851 qui
2601 780 2941 851 temporibus
2987 782 3321 841 Antichristi
3371 786 3547 842 futuri

1952 869 2101 929 sunt,
2144 860 2543 936 designantur;
2577 866 2724 924 sicut
2760 875 2815 924 et
2842 868 3002 925 illum
3033 870 3371 942 signiﬁcasse
3399 873 3543 930 dixi-

1951 964 2094 1018 mus,
2124 952 2220 1024 qui
2248 954 2499 1025 superius
2522 955 2634 1027 (Ad
2665 974 2780 1029 cap.
2803 974 2900 1027 xv,
2932 975 2987 1015 v.
3017 960 3109 1033 15)
3126 962 3392 1033 septimus
3412 963 3544 1020 tuba

1952 1038 2218 1096 cecinisse
2272 1042 2470 1115 legitur
2511 1062 2524 1100 :
2566 1061 2663 1118 per
2707 1063 2886 1103 aerem
2925 1065 3056 1106 vero
3113 1050 3241 1107 vani
3288 1046 3544 1110 homines

1949 1126 2328 1201 designantur.
2351 1135 2597 1208 Angelus
2625 1136 2793 1209 igitur
2820 1136 3061 1209 phialam
3090 1156 3246 1198 suam
3274 1141 3334 1198 in
3361 1158 3541 1200 aerem

1948 1218 2172 1306 eﬂ‘udit;
2224 1223 2354 1296 quia
2398 1224 2789 1296 praedicatores
2825 1229 3001 1286 sancti
3045 1231 3206 1288 vanis
3254 1239 3308 1288 et
3356 1232 3543 1306 impiis

1948 1305 2268 1367 hominibus
2321 1313 2468 1385 quod
2524 1323 2787 1388 perpetua
2834 1334 2995 1389 paena
3049 1319 3165 1377 sint
3217 1305 3540 1394 damnandi,

1946 1395 2370 1458 denuntiabunt.
2429 1405 2504 1459 Et
2540 1405 2707 1461 exivit
2760 1424 2863 1462 vos:
2904 1425 3098 1480 magna
3152 1411 3216 1466 de
3271 1414 3457 1483 templo
3507 1430 3543 1468 α

1949 1487 2155 1557 throno,
2203 1491 2396 1548 dicens.
2431 1493 2558 1551 Vox
2601 1511 2799 1568 magna
2846 1513 2956 1552 vox
3003 1508 3085 1555 est
3118 1499 3541 1571 praedicatorum

1945 1585 2261 1635 sanctorum
2295 1597 2307 1635 :
2352 1596 2448 1652 per
2493 1586 2759 1656 templum
2804 1586 3050 1644 Ecclesia
3096 1588 3447 1662 intelligitur.
3490 1591 3542 1648 A

1944 1667 2153 1739 templo
2180 1684 2308 1740 ergo
2337 1686 2450 1726 vox
2479 1672 2637 1741 exiit,
2671 1674 2802 1747 quia
2840 1674 2909 1731 ab
2938 1675 3185 1735 Ecclesia
3204 1695 3317 1735 vox
3336 1687 3539 1739 sanctae

1945 1765 2353 1836 praedicationis
2379 1768 2660 1841 procedit:
2696 1787 2817 1844 qua
2847 1772 3014 1829 etiam
3043 1782 3098 1829 et
3126 1791 3158 1830 a
3187 1773 3388 1833 throno
3423 1778 3539 1834 exi-

1946 1854 2052 1910 isse
2085 1854 2327 1913 dicitur:
2358 1857 2488 1931 quia
2514 1859 2763 1917 Ecclesia
2788 1862 2890 1918 Dei
2918 1862 3153 1921 thronus
3197 1873 3280 1922 est
3313 1866 3436 1935 Dei,
3484 1876 3540 1926 et

1945 1942 2005 2000 in
2034 1944 2131 2001 illa
2159 1945 2353 2003 sedens
2399 1947 2713 2020 requiescit.
2763 1950 2910 2019 Quid
2937 1959 3124 2009 autem
3155 1953 3273 2013 haec
3299 1972 3411 2013 vox
3439 1955 3538 2013 di-

1944 2039 2050 2102 cat,
2079 2033 2365 2092 subdendo
2412 2036 2731 2094 manifestat
2762 2057 2774 2095 :
2817 2040 3041 2097 Factum
3077 2049 3198 2109 est;
3245 2042 3302 2100 id
3329 2051 3432 2115 est,
3458 2043 3539 2101 ﬁ-

1942 2124 2031 2181 nis
2060 2126 2256 2183 mundi
2284 2126 2472 2197 instat,
2508 2127 2568 2184 in
2597 2146 2706 2202 quo
2754 2132 2941 2190 omnia
2968 2149 3091 2207 quae
3118 2123 3381 2208 praedicta
3406 2144 3538 2195 sunt

1940 2228 1973 2268 a
2000 2214 2238 2271 Domino
2266 2224 2321 2273 et
2347 2232 2379 2272 a
2407 2218 2629 2287 sanctis,
2658 2220 3102 2292 complebuntur.

2015 2303 2196 2375 (Vers.
2232 2305 2346 2380 18.)
2402 2308 2479 2363 Et
2532 2306 2678 2379 facta
2733 2315 2858 2365 sunt
2908 2309 3133 2384 fulgura
3184 2320 3233 2371 et
3287 2332 3434 2373 voces
3487 2320 3536 2374 et

1943 2393 2206 2463 tonitrua,
2259 2401 2308 2450 et
2349 2401 2505 2453 teme
2542 2403 2715 2454 motus
2754 2397 2928 2469 factus
2977 2408 3051 2457 est
3079 2420 3323 2476 magnus,
3355 2407 3535 2478 qualis

1936 2498 2211 2554 nunquam
2237 2482 2368 2555 fuit,
2399 2504 2466 2542 ea:
2494 2505 2596 2559 quo
2631 2489 2860 2544 homines
2879 2489 3103 2561 fuerunt
3127 2510 3287 2564 super
3307 2502 3530 2565 terram,

1940 2572 2064 2627 talis
2121 2580 2277 2631 terras
2328 2583 2519 2642 motus,
2561 2577 2637 2633 sic
2691 2596 2912 2650 magnus
2969 2581 3113 2654 (50).
3171 2583 3275 2638 Per
3312 2583 3531 2656 fulgura

1938 2661 2205 2721 miracula
2239 2681 2359 2737 quae
2399 2683 2498 2739 per
2528 2675 2746 2725 sanctos
2789 2686 2917 2725 suos
2958 2670 3209 2727 facturus
3241 2680 3324 2729 est
3364 2675 3529 2744 Deus,

1937 2753 2293 2826 designantur
2335 2773 2350 2825 ;
2418 2757 2650 2829 legimus
2703 2775 2939 2834 namque
3002 2761 3064 2819 in
3128 2763 3526 2835 superioribus,

1936 2842 2118 2899 Eliam
2149 2852 2201 2900 et
2228 2845 2422 2903 Enoch
2472 2846 2711 2919 plurima
2741 2849 2897 2923 signa
2942 2866 3057 2908 esse
3103 2851 3391 2910 facturos:
3432 2869 3531 2925 per

1936 2950 2098 2992 voces
2145 2937 2464 3010 praedicatio
2507 2949 2822 2998 sanctorum
2857 2961 2870 2999 :
2914 2959 3012 3016 per
3056 2945 3302 3002 tonitrua
3343 2953 3526 3003 autem

206 3028 388 3103 Impii
417 3029 514 3104 qui
544 3030 602 3085 in
631 3031 1009 3103 voluptatibus
1034 3039 1148 3088 Sua:
1178 3031 1359 3088 carnis
1387 3030 1563 3087 veluti
1588 3030 1647 3086 in
1677 3047 1825 3104 qna—
1860 3067 1904 3128 Ο
1931 3032 2109 3081 terror
2155 3027 2300 3100 ignis
2337 3030 2528 3085 aeterni
2574 3032 2935 3104 exprimitur;
2972 3042 3127 3091 terras
3184 3043 3369 3093 motus
3396 3053 3528 3094 vero

207 3118 349 3176 dam
380 3118 619 3176 mollitie
647 3120 837 3178 lectuli
866 3121 1238 3195 requiescunt,
1259 3130 1314 3178 et
1334 3120 1429 3196 qui
1459 3121 1659 3177 nolunt
1687 3137 1820 3193 pra;-

205 3208 416 3266 videre
462 3210 607 3266 mala
653 3226 774 3284 quae
831 3219 1156 3284 sequuntur,
1206 3228 1320 3267 non
1368 3210 1826 3268 inconvenienter

204 3300 466 3358 dormire
491 3301 774 3359 dicuntur.
804 3302 953 3371 Quos
981 3303 1280 3377 Apostolus
1307 3301 1567 3359 admonet
1596 3302 1783 3358 dicens
1807 3319 1819 3358 :

223 3416 249 3441 ι
282 3391 479 3463 Surge,
510 3393 605 3465 qui
646 3390 876 3461 dormis,
904 3401 957 3449 et
986 3408 1216 3466 exsurge
1244 3408 1276 3448 a
1321 3393 1573 3462 mortuis,
1609 3399 1663 3448 et
1699 3392 1825 3447 illu-

206 3479 464 3538 minabit
495 3488 548 3537 te
576 3479 829 3538 Christus
861 3481 1079 3554 (Ephes.
1111 3498 1167 3552 v,
1204 3481 1317 3555 14).
1354 3507 1373 3531 ι
1411 3481 1552 3539 Justi
1574 3497 1706 3538 vero
1729 3481 1823 3555 qui

205 3569 372 3627 mala
399 3585 520 3643 qua:
544 3578 869 3644 sequuntur,
901 3570 1205 3642 praevidere
1231 3570 1475 3640 student,
1510 3570 1605 3645 qui
1635 3571 1826 3643 volup-

206 3666 369 3718 tates
406 3659 650 3716 carnales
678 3658 739 3716 in
788 3675 845 3716 se
877 3659 1257 3733 exstinguunt,
1309 3659 1405 3735 qui
1439 3660 1608 3716 armis
1653 3660 1825 3716 virtu-

208 3756 347 3806 tum
378 3764 435 3804 se
464 3748 723 3805 muniunt
752 3766 767 3817 ;
810 3755 873 3804 ut
903 3756 1095 3806 contra
1133 3749 1382 3807 visibiles
1423 3756 1477 3807 et
1513 3744 1826 3806 invisibiles

207 3838 419 3895 hostes
458 3837 835 3911 indesinenter
873 3839 1138 3899 dimicare
1185 3842 1430 3913 valeant,
1478 3856 1590 3896 non
1620 3841 1826 3897 incon-

207 3945 360 4004 grue
397 3928 623 4001 vigilare
659 3928 941 3998 dicuntur,
976 3928 1207 4004 ideoque
1243 3930 1389 3987 beati
1433 3937 1582 3986 sunt.
1630 3929 1825 3988 Vesti-

210 4026 415 4076 menta
438 4026 619 4077 autem
640 4027 953 4076 nostrarum
974 4019 1284 4077 animarum
1305 4027 1434 4078 sunt
1455 4038 1616 4094 opera
1640 4021 1785 4078 bona
1807 4038 1820 4078 :

208 4110 482 4167 custodia
532 4110 771 4167 vestium
823 4110 1075 4168 custodia
1125 4118 1207 4167 est
1263 4111 1646 4169 mandatorum
1701 4111 1822 4169 Dei.

206 4200 571 4260 Vestimenta
598 4217 727 4274 ergo
757 4210 944 4259 nostra
970 4201 1335 4271 custodimus,
1362 4199 1408 4257 si
1438 4217 1502 4257 ea
1528 4217 1648 4275 quae
1677 4216 1827 4273 prae-

204 4289 370 4363 cepit
416 4292 581 4360 Deus,
636 4292 910 4363 operando
944 4292 1239 4364 implemus
1273 4309 1285 4346 :
1318 4290 1500 4346 nudus
1544 4306 1676 4346 vero
1721 4296 1824 4358 est,

206 4379 319 4455 qui
349 4395 382 4434 a
408 4379 574 4436 bonis
593 4381 851 4453 operibus
878 4381 1094 4437 alienus
1112 4380 1348 4437 exsistit.
1370 4379 1518 4435 Nudi
1536 4379 1699 4452 impii
1714 4396 1824 4436 am-

206 4470 519 4540 bulabunt,
552 4488 679 4528 cum
713 4473 780 4529 ad
810 4472 955 4530 diem
971 4472 1172 4546 judicii
1206 4491 1237 4530 a
1264 4472 1426 4529 bonis
1454 4472 1712 4545 operibus
1732 4489 1823 4528 va-

203 4561 310 4622 cui
332 4560 677 4620 deducentur
699 4580 712 4620 :
733 4572 787 4620 et
808 4563 931 4621 ideo
956 4564 1244 4638 turpitudo
1272 4563 1498 4621 illorum
1520 4563 1822 4631 videbitur,

207 4652 354 4726 quia
384 4659 440 4709 et
469 4652 678 4726 angelis
721 4661 775 4711 et
812 4652 1137 4713 hominibus
1173 4671 1365 4713 eorum
1399 4655 1604 4714 scelera
1644 4652 1825 4710 mani-

208 4742 593 4801 festabnntur.

292 4840 484 4915 (Vers.
535 4842 649 4915 16.)
690 4845 765 4901 Et
791 4844 1123 4918 congregabit
1146 4861 1230 4900 eos
1256 4844 1315 4899 in
1342 4845 1510 4900 locum
1543 4843 1635 4916 qui
1661 4859 1827 4899 voca-

212 4939 311 4989 tur
342 4932 599 4989 Hebraice
642 4935 1038 5008 Armageddon.
1088 4933 1476 5007 Armageddon
1508 4951 1667 4991 mons
1700 4935 1828 5006 glo-

209 5024 414 5093 bosus,
459 5022 576 5081 sive
618 5026 995 5084 consurrectio
1038 5025 1096 5083 in
1143 5027 1329 5100 priora
1369 5024 1760 5095 interpretatur
1812 5043 1823 5081 :

212 5130 348 5188 quae
375 5120 608 5187 utraque
636 5114 1020 5189 interpretatio
1063 5114 1174 5172 diei
1217 5112 1418 5188 judicii
1460 5113 1700 5186 coaptari
1738 5129 1831 5186 po-

208 5212 355 5263 test.
386 5203 544 5261 Mons
576 5207 779 5280 quippe
809 5208 1066 5281 globosus
1096 5214 1242 5265 recte
1280 5211 1509 5263 vocatur
1536 5222 1550 5274 ;
1590 5220 1655 5261 eo
1682 5203 1831 5278 quod

216 5293 412 5368 globis
457 5293 803 5354 ﬂammarum
851 5298 1147 5356 universus
1192 5295 1434 5354 mundus
1476 5302 1612 5353 tunc
1656 5294 1831 5353 delea-

306 5510 428 5590 (49)
472 5516 651 5587 Edit.,
700 5523 885 5575 contra
926 5518 1095 5577 Deum
1132 5516 1365 5576 audeant
1400 5533 1418 5573 :
1471 5530 1601 5575 mss.
1650 5520 1835 5574 contra

227 5588 414 5647 Deum'
425 5606 668 5664 pugnare
694 5590 941 5649 audeant.

1938 3117 2241 3175 motionem
2263 3120 2513 3177 cordium
2534 3139 2677 3195 saepe
2692 3123 2962 3198 designat.
2986 3126 3357 3185 Movebuntur
3375 3127 3525 3186 enim

1934 3205 2159 3278 quidam
2206 3207 2274 3264 de
2328 3212 2476 3267 malo
2535 3212 2605 3268 ad
2644 3213 2876 3283 bonum,
2930 3215 3075 3272 sicut
3118 3217 3294 3274 Judaei
3342 3218 3526 3291 quiin

1935 3295 2218 3353 Christum
2249 3298 2514 3356 credituri
2543 3310 2673 3360 sunt
2705 3321 2717 3360 :
2751 3303 3125 3361 movebuntur
3151 3306 3247 3361 alii
3284 3307 3353 3364 de
3376 3307 3524 3363 bono

1933 3385 2003 3442 ad
2049 3387 2278 3457 malum,
2332 3389 2428 3462 qui
2482 3389 2651 3467 ﬁdem
2706 3391 2913 3450 Christi
2969 3393 3219 3453 relicturi
3274 3403 3426 3463 sunt,
3472 3403 3527 3452 et

1934 3490 2145 3533 errores
2172 3476 2509 3536 Antichristi
2536 3480 2801 3538 secuturi.

2007 3566 2190 3640 (Vers.
2241 3568 2356 3642 19.)
2411 3571 2486 3625 Et
2532 3569 2679 3640 facta
2724 3576 2799 3626 est
2844 3570 3032 3628 civitas
3075 3588 3272 3645 magna
3313 3572 3373 3630 in
3428 3580 3532 3631 tres

1928 3664 2131 3729 partes,
2166 3664 2216 3714 et
2240 3658 2473 3715 civitates
2495 3660 2727 3733 gentium
2750 3660 3064 3718 ceciderunt.
3097 3661 3311 3720 Civitas
3338 3680 3534 3738 magna

1939 3749 2138 3808 civitas
2177 3756 2259 3807 est
2306 3750 2536 3821 diaboli,
2566 3750 2625 3808 id
2655 3758 2758 3822 est,
2791 3751 2974 3809 omnis
3000 3752 3301 3810 multitudo
3329 3770 3533 3827 repro-

1938 3838 2140 3896 borum
2172 3855 2186 3894 :
2220 3855 2319 3912 per
2346 3847 2460 3898 tres
2488 3849 2667 3914 partes
2694 3840 2755 3898 in
2791 3841 2996 3916 quibus
3024 3842 3204 3900 divisa
3229 3849 3330 3911 est,
3357 3842 3532 3900 Judaei

1934 3928 2032 4001 qui
2085 3926 2145 3984 in
2212 3928 2495 3987 Christum
2551 3929 2773 3987 credere
2822 3932 3158 4001 noluerunt,
3225 3938 3281 3987 et
3334 3931 3530 4004 pagani

1935 4023 2099 4087 atque
2165 4015 2290 4072 falsi
2340 4016 2631 4075 christiani
2684 4019 3063 4093 designantur.
3120 4020 3278 4087 Quod
3342 4027 3527 4076 autem

1935 4105 2116 4163 dicit:
2184 4108 2261 4163 Et
2324 4107 2558 4164 civitates
2615 4109 2848 4179 gentium
2910 4108 3246 4174 ceciderunt;
3310 4107 3532 4165 videtur

1935 4195 2078 4252 mihi
2124 4195 2193 4252 ad
2235 4195 2385 4253 diem
2424 4196 2623 4269 judicii
2665 4197 2957 4270 pertinere.
2985 4196 3251 4254 Civitates
3280 4198 3528 4271 gentium

1934 4293 2069 4342 tunc
2087 4285 2305 4356 cadent,
2337 4303 2463 4342 cum
2495 4303 2558 4343 eo
2578 4286 2704 4358 igne
2736 4287 2832 4361 qui
2852 4286 3048 4343 faciem
3079 4286 3305 4343 Domini
3333 4287 3402 4345 ad
3425 4287 3533 4361 ju-

1934 4376 2143 4434 dicium
2174 4377 2450 4434 venientis
2496 4376 2786 4449 praecedet,
2816 4394 3008 4434 omnes
3033 4385 3221 4449 gentes
3249 4378 3530 4436 delebun-

1936 4476 2050 4537 tur,
2109 4468 2251 4526 sicut
2305 4467 2443 4525 dicit
2498 4468 2832 4525 Psalmista:
2892 4492 2913 4520 ι
2968 4469 3117 4542 Ignis
3162 4478 3291 4527 ante
3348 4471 3530 4545 ipsum

1936 4558 2228 4633 praecedet,
2276 4566 2330 4615 et
2358 4557 2724 4616 inﬂammabit
2752 4559 2811 4615 in
2854 4558 3094 4617 circuitu
3122 4559 3384 4621 inimicos
3411 4561 3531 4636 ejus

1940 4650 2114 4723 (Psal.
2146 4666 2302 4715 xcvr,
2332 4649 2411 4721 3).
2445 4672 2464 4697 ι

2004 4741 2081 4796 Et
2108 4740 2351 4811 Babylon
2379 4756 2571 4811 magna
2597 4740 2765 4795 veniet
2801 4738 2861 4795 in
2890 4740 3199 4798 memoriam
3222 4748 3346 4799 ante
3362 4743 3535 4801 Deum

1936 4830 2065 4886 dare
2089 4830 2138 4885 ei
2165 4830 2373 4885 calicem
2402 4830 2515 4884 viui
2536 4829 2920 4900 indignationis
2944 4830 3043 4888 ira:
3073 4830 3211 4902 ejus.
3245 4832 3534 4902 Quomodo

1936 4918 2186 4992 Babylon
2234 4918 2294 4974 in
2334 4918 2651 4975 memoriam
2684 4926 2811 4976 ante
2837 4921 3013 4978 Deum
3059 4922 3277 4980 venisse
3304 4923 3529 4992 dicitur,

1935 5009 2005 5066 ad
2049 5008 2206 5082 cujus
2249 5008 2573 5065 memoriam
2621 5008 2765 5066 nihil
2794 5010 3079 5081 accedere,
3112 5013 3255 5069 nihil
3282 5013 3533 5070 recedere

1938 5107 2117 5174 potest
2172 5117 2184 5156 :
2240 5099 2299 5156 in
2345 5098 2504 5172 cujus
2543 5108 2842 5174 conspectu
2901 5102 3046 5161 sicut
3090 5101 3397 5175 praesentia,
3455 5102 3534 5158 ita

1938 5188 2236 5264 praeterita,
2267 5196 2321 5246 et
2351 5189 2540 5248 futura
2567 5192 2925 5252 consistunt?
2945 5194 3051 5252 Sed
3079 5192 3400 5250 memoriam
3432 5208 3531 5264 pro

1939 5287 2186 5355 tempore
2214 5281 2419 5354 posuit.
2442 5281 2698 5356 Babylon
2736 5282 2908 5356 igitur
2954 5283 3013 5339 in
3054 5282 3374 5339 memoriam
3404 5289 3532 5340 ante

2018 5513 2155 5587 (50)
2174 5511 2322 5570 Talis
2356 5517 2512 5571 term
2532 5515 2738 5582 motus,
2768 5509 2843 5568 sic
2868 5525 3110 5583 magnus,
3141 5508 3202 5569 in
3230 5506 3364 5569 solis
3392 5507 3528 5571 edit.

1945 5584 2321 5643 omittebatur.
2411 5624 2415 5631 ι
