4060 6208
562 209 668 266 995

1571 211 1667 264 AD
1707 207 1940 264 OPERA
1978 206 2032 261 S.
2074 203 2406 262 AMBROSII
2441 200 2822 259 APPENDIX.

3758 200 3889 257 996

560 336 737 389 Deum
771 332 975 400 veniet,
1012 332 1233 405 quando
1282 332 1422 389 illud
1465 340 1681 404 tempus
1717 331 1917 398 veniet,
1957 331 2012 384 in
2046 346 2153 402 quo
2181 332 2231 391 A
2256 328 2459 400 judicii
2488 327 2807 384 summatim
2837 324 3230 397 perstringens,
3260 322 3331 379 ad
3359 338 3424 379 ea
3459 339 3582 397 qua
3629 334 3883 396 prater-

561 422 757 479 statuit
799 421 1050 494 judicare
1085 420 1377 487 mundum,
1408 428 1462 476 et
1476 419 1702 477 reddere
1730 418 2030 492 unicuique
2059 435 2154 473 sc—

559 511 803 570 cundum
855 528 992 584 opus
1020 510 1157 583 ejus.
1191 511 1398 568 Vinum
1446 526 1577 566 vero
1626 507 2022 581 indignationis
2058 508 2152 564 ira

558 602 681 670 Dei,
738 618 898 674 pana
955 608 1217 674 perpetua
1272 608 1397 669 est;
1459 600 1586 673 quia
1642 606 1859 671 peracto
1914 597 2151 670 judicio,

558 706 750 746 omnes
778 690 934 763 impii
980 707 1103 747 cum
1146 698 1369 748 auctore
1396 689 1708 763 iniquitatis
1737 688 1957 745 diabolo
1988 687 2151 743 dam-

557 778 856 836 nahuntur.

627 871 802 941 (Vers.
858 868 976 942 20.)
1011 873 1085 927 Et
1111 860 1283 926 omnis
1315 872 1494 927 insula
1519 870 1674 942 fugit,
1729 876 1779 925 et
1824 875 2019 924 montes
2047 885 2152 924 non

554 967 679 1016 sunt
706 962 1191 1019 inventiEamdem
1214 961 1669 1033 signiﬁcationem
1704 960 1909 1017 habent
1938 968 2151 1016 montes

555 1057 609 1107 et
638 1051 836 1108 insula
869 1069 1033 1125 quam
1063 1052 1319 1109 civitates
1347 1051 1615 1124 gentium,
1655 1066 1774 1123 qua
1803 1050 1966 1122 paulo
1994 1067 2149 1122 supe-

553 1142 670 1198 rius
690 1142 959 1201 dicuntur
988 1143 1284 1211 cecidisse;
1317 1159 1413 1216 per
1452 1141 1659 1197 insulas
1680 1158 1913 1214 namque
1941 1149 2146 1213 gentes,

553 1247 650 1303 per
706 1240 921 1288 montes
971 1248 1106 1288 vero
1167 1249 1353 1288 earum
1399 1232 1675 1304 principes
1726 1230 2082 1303 designantur
2131 1247 2144 1287 :

552 1321 739 1394 fugere
783 1331 966 1379 autem
1013 1322 1300 1392 dicuntur,
1331 1338 1455 1379 cum
1482 1321 1550 1377 ab
1578 1321 1703 1395 igne
1733 1321 1793 1376 in
1830 1319 1919 1377 die
1947 1318 2146 1392 judicii

550 1411 900 1469 delebuntur.

527 1525 530 1528 ’
625 1502 807 1575 (Vers.
865 1502 981 1575 2i.)
1012 1504 1087 1559 Et
1128 1503 1333 1575 grando
1381 1519 1571 1574 magna
1594 1502 1728 1557 sicut
1757 1502 2005 1556 talentum
2036 1500 2146 1555 des-

547 1591 719 1646 cendit
771 1591 833 1646 de
877 1593 1003 1647 calo
1052 1592 1112 1647 in
1151 1593 1404 1647 homines.
1453 1592 1516 1646 In
1545 1590 1846 1661 Evangelio
1879 1589 2144 1660 scriptum

548 1691 630 1739 est
659 1682 806 1755 quod
837 1682 1063 1756 quidam
1098 1682 1491 1754 paterfamilias
1519 1697 1744 1754 peregre
1767 1680 2141 1753 proﬁciscens,

546 1771 701 1828 dedit
746 1772 846 1827 uni
897 1788 1181 1827 servorum
1225 1787 1446 1826 suorum
1503 1770 1748 1844 quinque
1795 1771 2017 1839 talenta,
2050 1769 2145 1826 alii

550 1858 683 1927 duo,
727 1859 825 1914 alii
856 1876 988 1915 vero
1018 1876 1212 1915 unum.
1245 1858 1350 1915 Sed
1398 1858 1610 1931 primus
1659 1868 1713 1915 et
1746 1859 2020 1916 secundus
2047 1875 2144 1915 ne-

547 1946 808 2018 gotiando
840 1948 1040 2003 talenta
1073 1964 1191 2020 qua
1233 1965 1265 2004 a
1309 1949 1538 2005 domino
1579 1956 1918 2023 acceperant,
1950 1949 2146 2021 dupli—

546 2047 739 2094 carunt
777 2056 790 2095 :
829 2037 1023 2093 tertius
1048 2038 1189 2094 fodit
1218 2037 1279 2094 in
1309 2047 1531 2107 terram,
1563 2046 1617 2095 et
1643 2039 1932 2097 abscondit
1968 2057 2146 2112 pecu-

544 2125 693 2181 niam
750 2126 963 2184 domini
1022 2128 1108 2184 sui
1172 2129 1384 2200 (Matth.
1439 2146 1577 2197 xxv,
1619 2128 1735 2200 25).
1793 2129 2141 2202 Quaecunque

543 2230 670 2285 ergo
701 2214 843 2271 bona
892 2215 1217 2289 temporalia
1261 2226 1356 2273 aut
1402 2233 1755 2291 quascunque
1793 2226 1935 2275 artes
1962 2235 1993 2274 a
2021 2221 2142 2275 Do—

543 2304 696 2358 mino
728 2304 1059 2377 accepimus,
1104 2323 1201 2379 pro
1232 2309 1561 2363 talentorum
1618 2310 1934 2380 acceptione
1980 2307 2140 2363 nobis

543 2393 948 2465 reputabuntur
1004 2414 1016 2452 :
1071 2395 1206 2467 justi
1255 2396 1425 2469 igitur
1477 2396 1572 2469 qui
1629 2413 1724 2469 per
1786 2397 2027 2469 primum
2086 2406 2140 2452 et

542 2482 847 2539 secundum
906 2500 1129 2540 servum
1169 2483 1545 2557 designantur,
1596 2487 1804 2542 talenta
1831 2503 1929 2542 sua
1960 2485 2139 2558 dupli-

541 2582 705 2642 cant;
739 2590 864 2630 cum
890 2573 1036 2630 bona
1087 2576 1411 2648 temporalia
1442 2592 1563 2648 qua
1600 2592 1633 2632 a
1659 2575 1897 2632 Domino
1927 2576 2141 2648 accipi—

540 2671 665 2733 unt,
695 2665 753 2721 in
782 2665 946 2722 bonis
980 2667 1238 2739 operibus
1289 2666 1629 2740 expendunt,
1680 2675 1841 2741 atque
1881 2668 1949 2724 ad
1994 2667 2139 2723 bona

545 2754 755 2826 agenda
803 2772 1178 2831 quoscumque
1234 2766 1484 2830 possunt,
1546 2765 1851 2832 provocant
1901 2774 1912 2813 :
1980 2755 2138 2829 impii

537 2855 670 2899 vero
719 2844 814 2918 qui
866 2862 961 2918 per
990 2863 1210 2904 servum
1256 2847 1481 2903 tertium
1511 2846 1885 2919 designantur,
1935 2847 2140 2902 talenta

545 2948 643 2989 sua
698 2934 757 2989 in
804 2944 950 2991 terra
977 2935 1358 3005 abscondunt;
1392 2936 1522 3008 quia
1563 2952 1632 2992 ex
1676 2936 1838 2992 bonis
1869 2943 2137 3009 tempora-

540 3019 687 3077 libus
715 3038 836 3094 qua
865 3039 897 3078 a
922 3024 1163 3080 Domino
1211 3032 1558 3097 acceperunt,
1591 3024 1728 3080 vitia
1757 3025 1943 3097 potius
1970 3042 2134 3098 quam

537 3088 772 3167 virtutes
825 3113 1133 3169 enutriunt.
1190 3113 1293 3169 Per
1339 3088 1683 3187 grandinem,
1731 3088 1851 3187 qua
1906 3130 1968 3170 ea
1987 3088 2130 3187 qua
2166 3088 2209 3149 δ

535 3215 604 3256 ex
662 3209 808 3257 terra
866 3210 1190 3273 nascuntur,
1248 3203 1485 3259 conterit
1527 3212 1581 3260 et
1633 3202 1825 3271 delet;
1883 3201 2130 3260 vindicta

534 3291 934 3365 omnipotentis
964 3293 1064 3351 Dei
1099 3292 1433 3366 designatur,
1488 3310 1596 3368 qua
1624 3293 1824 3366 impios
1861 3300 2124 3361 conteret,

532 3388 586 3440 et
618 3383 677 3440 in
706 3383 985 3442 infernum
1016 3386 1294 3458 demerget
1328 3403 1341 3441 :
1390 3401 1510 3459 qua
1540 3385 1685 3442 sicut
1713 3386 1979 3442 talentum
2010 3399 2127 3440 esse

530 3475 760 3546 dicitur,
811 3477 940 3550 quia
969 3492 1418 3550 unumquemque
1471 3477 1775 3533 secundum
1819 3475 2011 3532 talenti
2039 3474 2126 3531 sui

531 3567 853 3637 qualitatem
885 3567 1114 3638 puniet;
1150 3577 1205 3623 et
1237 3574 1442 3641 quanto
1471 3567 1708 3639 amplius
1727 3566 1851 3639 quis
1869 3565 2123 3639 deliquit,

529 3662 685 3710 tanto
738 3656 1007 3727 ampliora
1058 3664 1336 3712 tormenta
1392 3657 1663 3712 sustinere
1718 3664 1960 3729 cogetur.
2018 3654 2125 3712 Sed

527 3741 823 3798 obscurum
853 3748 935 3797 est
962 3742 1122 3798 valde
1153 3742 1301 3816 quod
1340 3742 1591 3816 sequitur
1624 3762 1635 3799 :
1686 3746 1761 3800 Et
1802 3744 2123 3815 blasphema-

528 3838 719 3887 verunt
757 3832 988 3888 homines
1047 3833 1218 3889 Deum
1265 3839 1487 3907 propter
1516 3834 1730 3906 plagam
1793 3833 2071 3907 grandinis
2100 3851 2123 3900 ;

524 3925 779 3996 quoniam
820 3943 1013 3998 magna
1048 3926 1196 3998 facta
1241 3935 1316 3984 est
1340 3928 1679 3984 vehementer.
1709 3926 1846 3995 Quis
1871 3928 2020 3983 enim
2059 3926 2119 3982 in

523 4015 623 4073 illo
654 4023 766 4073 tam
795 4017 1051 4075 districto
1076 4017 1336 4093 justoque
1358 4018 1572 4092 judicio
1591 4018 1707 4092 (5i)
1738 4018 2119 4091 blasphemare

520 4106 696 4163 Deum
754 4107 1028 4166 audebit?
1086 4108 1192 4166 Sed
1234 4109 1612 4181 blasphemare
1656 4108 1939 4179 dicuntur,
1987 4108 2118 4182 quia

518 4194 878 4268 blasphemia
895 4198 1277 4272 reproborum,
1302 4216 1437 4274 quas
1457 4199 1621 4257 modo
1636 4198 1698 4255 in
1722 4198 1886 4256 corde
1904 4205 2112 4271 tegunt,

516 4285 732 4344 cunctis
752 4288 1269 4347 manifestabuntur.

588 4384 817 4443 CAPUT
846 4387 1021 4447 XVII.
1053 4420 1126 4430 —
1147 4389 1329 4463 (Vers.
1365 4389 1443 4463 1.)
1474 4390 1550 4446 Et
1580 4388 1720 4445 venit
1745 4404 1884 4444 unus
1909 4389 1973 4444 de
1999 4405 2108 4462 sep-

2265 416 2417 474 misit
2444 414 2759 484 revertitur,
2789 422 2952 487 atque
2977 411 3079 468 sub
3117 411 3294 484 specie
3325 410 3574 468 mulieris
3602 413 3883 469 meretri-

2263 508 2341 564 cis
2383 506 2664 563 civitatem
2704 501 2912 560 diaboli
2963 501 3296 569 describens,
3343 517 3478 574 quas
3528 518 3719 573 poenas
3771 520 3881 576 pro

2263 598 2560 655 sceleribus
2606 596 2720 652 suis
2762 610 2988 668 passura
3025 594 3117 662 sit,
3164 591 3225 648 in
3272 591 3626 664 sequentibus
3676 594 3880 649 mani-

2263 690 2441 746 festat.
2488 689 2734 761 Angelus
2771 704 2902 743 vero
2940 685 3179 759 phialam
3220 682 3446 751 habens,
3477 682 3879 756 praedicatores

2263 790 2477 836 sanctos
2506 779 2753 850 designat
2786 795 2797 834 :
2829 777 3068 832 Joannes
3109 782 3291 831 autem
3321 781 3514 846 typum
3567 780 3723 830 tenet
3749 790 3876 830 om-

2263 869 2414 925 nium
2445 868 2694 924 ﬁdelium
2727 886 2741 936 ;
2772 865 2918 923 unde
2945 872 3000 922 et
3031 863 3287 921 subditur
3326 880 3338 919 :

2335 960 2515 1032 (Vers.
2552 959 2602 1025 1,
2654 957 2735 1029 2.)
2801 955 2944 1023 Veni,
3004 953 3272 1010 ostendam
3327 952 3423 1008 tibi
3472 952 3873 1008 damnationem

2258 1049 2549 1105 meretricis
2604 1064 2826 1119 magna,
2875 1062 2991 1117 qua
3043 1044 3179 1099 sedet
3222 1059 3381 1115 super
3425 1058 3596 1113 aquas
3642 1044 3871 1108 multas,

2261 1158 2377 1196 cum
2411 1157 2517 1212 qua
2567 1138 2824 1211 fornicati
2855 1142 2977 1192 sunt
3030 1153 3173 1208 reges
3227 1141 3385 1191 terra
3441 1152 3453 1190 :
3511 1140 3563 1190 et
3614 1134 3873 1191 inebriati

2259 1236 2383 1286 sunt
2427 1245 2601 1284 omnes
2628 1228 2722 1299 qui
2753 1227 2992 1283 habitant
3025 1232 3225 1281 terram
3267 1225 3330 1279 de
3367 1223 3490 1280 vino
3513 1225 3875 1295 prostitutio-

2258 1320 2343 1375 nis
2393 1319 2526 1389 ejus.
2573 1316 2837 1374 Meretrix
2873 1317 2978 1373 ista
3021 1315 3081 1372 in
3126 1312 3405 1387 aliquibus
3446 1313 3585 1370 locis
3631 1314 3869 1371 Romam

2258 1408 2587 1481 specialiter,
2632 1423 2752 1480 qua
2800 1414 2933 1462 tunc
2979 1403 3282 1462 Ecclesiam
3342 1401 3439 1458 Dei
3486 1402 3872 1476 persequeba-

2257 1505 2348 1554 tur
2402 1515 2413 1553 :
2471 1498 2529 1552 in
2588 1494 2917 1570 quibusdam
2982 1511 3114 1551 vero
3170 1492 3496 1566 generaliter
3570 1492 3865 1549 civitatem

2256 1587 2486 1656 diaboli,
2518 1587 2576 1644 id
2623 1595 2724 1656 est,
2766 1602 2929 1643 omne
2973 1583 3330 1658 reproborum
3374 1598 3576 1655 corpus
3620 1582 3868 1640 demon-

2256 1685 2412 1734 strat.
2453 1676 2698 1749 Angelus
2723 1675 2894 1749 igitur
2939 1673 3138 1731 Joanni
3169 1672 3410 1730 ostendit
3445 1672 3864 1730 damnationem

2256 1767 2559 1824 meretricis
2602 1783 2868 1839 magna;
2937 1764 3069 1838 quia
3128 1764 3512 1837 pradicatores
3569 1765 3755 1821 sancti
3812 1774 3864 1820 et

2254 1858 2437 1914 verbis
2485 1867 2538 1915 et
2583 1857 2802 1930 scriptis
2839 1855 3101 1912 ﬁdelibus
3146 1853 3467 1920 ostendunt,
3499 1869 3641 1927 quas
3675 1870 3862 1926 poenas

2254 1947 2413 2020 impii
2471 1964 2572 2020 pro
2637 1946 2941 2004 sceleribus
2996 1946 3112 2002 suis
3169 1945 3470 2017 patiantur,
3547 1953 3612 2000 ut
3670 1959 3860 1998 eorum

2253 2038 2430 2110 panis
2485 2037 2660 2094 territi
2716 2054 2747 2093 a
2800 2036 3038 2110 peccatis
3107 2035 3437 2092 abstineant.
3500 2033 3638 2100 Qua
3703 2050 3861 2105 super

2252 2144 2421 2201 aquas
2452 2129 2653 2183 multas
2701 2125 2885 2182 sedere
2931 2125 3139 2184 dicitur
3169 2145 3183 2195 ;
3225 2127 3355 2199 quia
3391 2142 3462 2182 ex
3493 2123 3859 2180 multitudine

2252 2219 2521 2291 gentium,
2567 2235 2688 2290 quae
2725 2234 2822 2290 per
2866 2234 3034 2291 aquas
3062 2218 3435 2290 designantur,
3483 2214 3692 2272 civitas
3734 2214 3858 2271 dia-

2249 2306 2364 2362 boli
2412 2306 2755 2363 construitur
2807 2327 2819 2365 :
2866 2325 2992 2365 cum
3040 2323 3148 2381 qua
3196 2322 3348 2379 reges
3390 2313 3549 2361 terra
3598 2304 3853 2361 fornicati

2250 2412 2365 2453 esse
2412 2395 2676 2453 dicuntur
2718 2416 2733 2466 ;
2796 2395 2926 2470 quia
2968 2398 3174 2453 scelera
3227 2394 3529 2468 Babylonis
3581 2399 3857 2449 auxerunt

2248 2485 2433 2558 potius
2477 2503 2642 2560 quam
2689 2486 3104 2543 destruxerunt.
3146 2491 3291 2550 563
3332 2486 3407 2541 Et
3444 2483 3704 2539 inebriati
3740 2488 3858 2537 sunt

2248 2607 2442 2658 omnes,
2487 2590 2579 2660 qui
2624 2589 2921 2645 inhabitant
2948 2596 3168 2658 terram,
3208 2589 3269 2644 de
3310 2587 3433 2643 vino
3456 2585 3857 2658 prostitutionis

2247 2678 2379 2748 ejus.
2423 2677 2634 2735 Vinum
2665 2678 3096 2751 prostitutionis,
3130 2675 3335 2734 diversi
3366 2692 3602 2743 errores,
3630 2675 3854 2732 diversa

2247 2776 2376 2824 sunt
2422 2771 2626 2826 scelera
2673 2769 2858 2842 impiae
2886 2768 3170 2837 civitatis;
3223 2786 3350 2825 nam
3396 2767 3543 2825 sicut
3583 2765 3853 2822 meretrix

2245 2859 2598 2931 prostituitur
2625 2859 2884 2917 omnibus
2910 2876 3095 2918 secum
3126 2857 3386 2916 fornicari
3414 2855 3763 2925 volentibus,
3784 2864 3846 2911 ut

2245 2965 2435 3005 eorum
2480 2949 2853 3006 immunditiis
2890 2950 3170 3024 polluatur
3208 2967 3220 3005 :
3255 2948 3333 3005 ita
3369 2954 3422 3003 et
3463 2963 3657 3003 omnes
3690 2945 3847 3018 impii

2244 3038 2620 3110 subjiciuntur
2645 3038 3009 3109 damonibus,
3041 3055 3168 3096 cum
3198 3054 3387 3094 eorum
3409 3035 3597 3109 pravis
3626 3052 3845 3108 sugges-

2241 3128 2489 3186 tionihus
2533 3128 2992 3201 obtemperantes,
3044 3128 3103 3184 in
3149 3125 3407 3184 omnibus
3438 3124 3747 3182 sceleribus
3788 3141 3844 3181 se

2236 3217 2508 3291 dejiciunt
2537 3218 2680 3292 (53),
2705 3220 2848 3277 sicut
2876 3218 3142 3292 propheta
3169 3218 3236 3274 ad
3264 3215 3564 3273 Jerusalem
3593 3215 3843 3289 loquitur

2236 3308 2428 3366 dicens
2464 3327 2476 3365 :
2524 3333 2543 3356 ε
2571 3310 2645 3365 Et
2694 3308 2927 3382 posuisti
2974 3315 3036 3364 ut
3079 3315 3282 3364 terram
3328 3321 3526 3378 corpus
3570 3312 3760 3374 tuum,
3787 3311 3839 3360 et

2235 3398 2393 3472 quasi
2439 3399 2589 3455 viam
2631 3397 3047 3455 transeuntibus
3100 3398 3235 3470 (Isa.
3286 3415 3360 3466 LI,
3410 3395 3526 3468 23).
3575 3419 3596 3441 ι
3658 3394 3837 3450 Terra

2233 3497 2418 3545 autem
2457 3488 2795 3546 habitatores
2844 3504 3036 3548 omnes
3066 3487 3324 3560 reprobos
3350 3493 3511 3543 vocat
3542 3503 3555 3540 :
3601 3484 3835 3541 ebrietas

2232 3595 2365 3636 vero
2408 3580 2622 3636 malitia
2665 3589 2747 3638 est
2792 3580 3093 3655 Babylonis
3137 3596 3153 3648 ;
3213 3577 3342 3652 quia
3393 3575 3537 3633 sicut
3585 3573 3837 3631 ebriosus

2230 3672 2444 3729 tamdiu
2488 3673 2753 3746 impletur
2790 3675 2947 3740 vino,
2995 3688 3169 3746 usque
3228 3671 3361 3728 dum
3416 3686 3448 3725 a
3503 3676 3692 3725 mente
3741 3683 3835 3723 sua

2229 3763 2445 3820 alienus
2499 3763 2768 3820 efﬁciatur
2818 3783 2830 3820 :
2890 3763 2969 3819 ita
3021 3771 3077 3820 et
3125 3760 3344 3835 reprobi
3398 3756 3615 3816 tamdiu
3674 3756 3829 3813 omni

2231 3851 2446 3908 malitia
2478 3852 2801 3926 semetipsos
2827 3852 3062 3925 replent,
3093 3866 3267 3924 usque
3296 3848 3426 3906 dum
3456 3864 3488 3903 a
3519 3854 3711 3902 mente
3736 3861 3834 3902 sua

2226 3940 2395 3998 alieni
2426 3942 2626 4013 effecti,
2658 3942 2914 3999 timorem
2942 3941 3064 4012 Dei,
3096 3954 3426 4013 omnemque
3452 3937 3764 3994 bonitatem
3801 3952 3831 3991 ι

2224 4032 2533 4105 semetipsis
2584 4031 2869 4105 abjiciant,
2912 4032 3057 4090 sicut
3109 4031 3247 4088 dicit
3286 4029 3479 4086 beatus
3524 4027 3650 4096 Job,
3698 4026 3829 4098 quia

2224 4122 2427 4180 bibunt
2475 4123 2618 4180 sicut
2677 4140 2875 4197 aquam
2943 4122 3294 4197 iniquitatem
3365 4119 3485 4193 (Job
3546 4134 3647 4186 xv,
3714 4117 3824 4188 16).

2296 4212 2481 4285 (Vere.
2516 4212 2597 4286 3.)
2629 4214 2705 4269 Et
2732 4213 2953 4270 abstulit
2976 4230 3057 4269 me
3090 4212 3149 4269 in
3178 4212 3435 4267 desertum
3462 4210 3521 4263 in
3564 4208 3771 4279 spiritu
3808 4224 3822 4263 :

2217 4309 2266 4359 et
2307 4303 2420 4360 vidi
2462 4304 2737 4360 mulierem
2779 4305 3034 4361 sedentem
3072 4320 3230 4375 super
3258 4299 3471 4358 bestiam
3508 4300 3822 4366 coccineum,

2215 4395 2431 4467 plenam
2470 4396 2770 4452 nominibus
2798 4394 3151 4468 blasphemia,
3181 4393 3445 4449 habentem
3488 4390 3667 4461 capita
3698 4405 3826 4461 sep—

518 4478 616 4529 tem
652 4474 874 4546 angelis,
913 4478 1006 4548 qui
1041 4448 1296 4534 habebant
1331 4448 1520 4550 seplem
1552 4480 1786 4550 phialas,
1827 4485 1875 4536 et
1914 4448 2113 4535 locutus
2139 4448 2189 4509 Β
3385 4448 3571 4536 omnis
3608 4448 3823 4550 impio-

514 4567 589 4617 est
629 4581 847 4636 mecum,
899 4567 1094 4623 dicens.
1144 4569 1299 4626 Sicut
1339 4570 1591 4642 superius
1636 4568 1738 4626 sub
1768 4577 1935 4628 cantu
1964 4570 2113 4627 tuba

513 4653 733 4725 septimi
791 4654 969 4727 angeli
1024 4655 1170 4712 diem
1215 4655 1417 4728 judicii
1461 4657 1707 4716 breviter
1760 4659 2115 4733 comprehen-

513 4742 670 4813 dens,
701 4744 769 4801 ad
797 4761 861 4801 ea
887 4763 1008 4819 qua
1037 4747 1485 4820 pratermiserat,
1518 4747 1685 4805 rediit
1715 4767 1729 4819 ;
1761 4757 1924 4825 atque
1944 4767 2111 4809 sanc-

513 4839 625 4888 tam
667 4834 977 4893 Ecclesiam
1028 4836 1131 4893 sub
1187 4838 1368 4910 specie
1418 4839 1690 4908 mulieris,
1741 4857 1862 4914 qua
1908 4841 2110 4899 amicta

509 4930 626 4978 erat
652 4924 787 4993 sole,
823 4933 877 4981 et
907 4925 1037 4982 luna
1070 4926 1172 4984 sub
1202 4927 1433 5000 pedibus
1451 4927 1591 5000 ejus,
1613 4928 1929 4987 describens
1962 4931 2104 5004 (52),

504 5012 787 5086 passiones
844 5031 978 5089 quas
1033 5033 1065 5073 a
1109 5016 1330 5074 diabolo
1382 5019 1654 5093 pertulit,
1721 5029 1775 5077 et
1838 5037 1971 5094 quas
2035 5020 2104 5078 ab

510 5104 858 5163 Antichristo
906 5107 965 5163 in
1003 5107 1113 5165 ﬁne
1150 5108 1347 5166 mundi
1398 5125 1623 5182 passura
1671 5121 1774 5181 est,
1810 5111 2052 5168 adnectit
2081 5129 2098 5181 ;

506 5195 585 5255 ita
608 5205 664 5256 et
698 5197 793 5257 hic
819 5198 924 5257 sub
974 5199 1241 5258 effusione
1267 5200 1468 5275 phiala
1498 5202 1717 5275 septimi
1746 5202 1925 5276 angeli
1951 5202 2099 5261 diem

577 5363 695 5436 (5i)
754 5364 971 5439 Omnes
1013 5363 1200 5439 edit,
1232 5364 1474 5439 districto
1519 5365 1791 5435 justorum
1838 5365 2091 5439 judicio:

500 5434 693 5508 omnes
722 5452 878 5505 mss.,
915 5437 1154 5508 districto
1170 5434 1419 5508 justeque
1437 5434 1665 5506 judicio.

575 5507 692 5589 (52)
723 5508 805 5564 lta
853 5524 1009 5589 mss;
1057 5506 1190 5589 edit.
1239 5506 1390 5579 vero,
1438 5509 1731 5568 Ecclesiam
1777 5511 2088 5585 describens,

497 5585 709 5636 cateris
736 5585 1136 5653 pratermissis.

2224 4593 2349 4635 rum
2378 4578 2679 4635 multitudo
2724 4577 3042 4651 designatur
3072 4596 3086 4646 ;
3131 4591 3196 4633 eo
3237 4570 3385 4648 quod
3418 4568 3525 4645 ipsi
3556 4570 3821 4627 deserunt

2222 4667 2420 4736 Deum,
2456 4675 2509 4723 et
2550 4667 2674 4724 ideo
2704 4666 2953 4724 derelicti
2984 4674 3112 4724 sunt
3140 4682 3172 4722 a
3200 4667 3332 4723 Deo.
3364 4663 3426 4719 In
3453 4660 3675 4718 deserto
3706 4658 3821 4733 igi—

2220 4762 2313 4812 tur
2342 4758 2543 4813 mulier
2576 4756 2839 4813 meretrix
2868 4757 3095 4813 inventa
3121 4762 3223 4825 est,
3254 4752 3385 4827 quia
3428 4766 3499 4807 ex
3545 4748 3819 4806 multitu-

2218 4846 2347 4905 dine
2375 4848 2693 4921 iniquorum
2714 4848 2913 4906 civitas
2941 4846 3150 4905 diaboli
3176 4851 3408 4902 constat.
3441 4841 3629 4898 Bestia
3658 4854 3813 4903 vero,

2214 4938 2358 4996 sicut
2400 4938 2517 5013 ipse
2546 4940 2604 4997 in
2643 4940 3000 5015 sequentibus
3042 4936 3270 5010 exponit
3312 4932 3598 4993 diabolum
3628 4932 3813 5005 signi-

2212 5028 2340 5087 ﬁcat
2381 5047 2394 5086 :
2435 5047 2631 5089 coccus
2672 5039 2853 5088 autem
2897 5030 3136 5087 colorem
3176 5023 3460 5100 sanguinis
3499 5022 3717 5089 habet;
3758 5028 3813 5076 et

2209 5134 2306 5191 per
2357 5121 2677 5194 sanguinem
2732 5136 2873 5193 sape
2930 5136 3078 5176 mors
3144 5116 3481 5188 designatur.
3540 5110 3810 5169 Diabolus

2207 5208 2394 5284 itaque
2437 5212 2768 5286 sanguineus
2812 5220 2914 5279 est,
2965 5204 3094 5285 quia
3139 5215 3331 5266 auctor
3378 5212 3461 5262 est
3507 5202 3706 5259 mortis
3754 5206 3808 5256 et

2280 5370 2396 5501 (53)
2454 5370 2630 5443 Edit.,
2689 5371 2879 5446 pravis
2931 5368 3342 5455 suggestionibus
3408 5365 3693 5447 sceleribus
3756 5377 3810 5419 se

2280 5446 2517 5501 Hcmnt:
2550 5447 2709 5501 Rom.
2747 5446 3087 5501 devinciunt:
3140 5458 3272 5501 mss.
3301 5456 3453 5501 vero,
3489 5447 3638 5497 utin
3658 5453 3807 5497 con-

2197 5446 2517 5575 gitticiunt;
2550 5447 2709 5505 Rom.
2747 5446 3087 5514 devinciunt;
3140 5458 3272 5502 mss.
3301 5456 3453 5510 vero,
3489 5447 3553 5497 ut
3574 5446 3638 5496 iu
3658 5453 3807 5497 con-

2256 5533 2293 5573 x
2321 5533 2376 5575 u.
