4060 6208
299 272 404 329 997

1187 269 1643 326 BEBENGAUDI
1684 268 2052 324 EXPOSITIO
2094 268 2163 325 [Ν
2200 270 2702 328 APOCALYPSIN.

3491 274 3596 333 993

299 398 482 454 omnis
525 397 873 470 perditionis.
939 396 1072 464 Qua
1137 395 1312 453 bestia
1356 396 1518 469 plena
1572 396 1892 452 nominibus
1919 399 1971 457 A
2080 397 2263 470 (Vers.
2301 398 2379 469 7.)
2405 400 2479 455 Et
2504 399 2645 453 dixit
2670 399 2802 455 mihi
2827 401 3090 471 angelus:
3123 402 3299 469 Quare
3328 403 3598 460 miraris?

298 488 653 561 blasphemiae
706 504 820 544 esse
876 486 1102 556 dicitur,
1160 500 1225 541 eo
1284 485 1430 559 quod
1485 484 1600 558 ipse
1647 484 1902 542 diabolus

298 586 490 636 auctor
517 579 589 635 sit
618 577 868 635 omnium
889 576 1376 650 blasphemiarum.
1409 574 1553 643 Quid
1582 576 1694 631 sint
1717 584 1901 631 autem

298 667 477 740 capita
504 674 711 739 septem
744 673 798 723 et
840 682 1049 724 cornua
1077 665 1289 734 decem,
1320 664 1545 737 angelus
1570 665 1629 720 in
1659 680 1903 738 sequen-

298 760 447 817 tibus
475 759 754 832 exposuit.
805 794 813 800 -

372 851 555 923 (Vers.
595 850 678 922 lt.)
721 851 795 907 Et
836 849 1031 905 mulier
1071 854 1190 906 erat
1215 848 1542 905 circumdata
1567 864 1817 921 purpura
1857 854 1905 903 et

298 940 521 1007 coccino,
592 945 641 995 et
700 937 959 995 inaurata
1020 955 1179 1007 auro,
1244 944 1293 994 et
1338 938 1514 1010 lapide
1568 938 1817 1010 pretioso,
1857 942 1907 991 et

298 1029 630 1102 margaritis,
675 1028 868 1084 habens
909 1030 1160 1101 poculum
1221 1044 1448 1084 aureum
1488 1026 1547 1082 in
1589 1043 1751 1082 manu
1780 1042 1900 1093 sua,

293 1121 516 1192 plenum
555 1117 1026 1186 abominationum,
1072 1123 1123 1172 et
1145 1116 1492 1172 immunditite
1534 1114 1903 1187 fornicationis

297 1207 429 1279 ejus.
480 1209 732 1281 Purpura
785 1207 1051 1281 sanguine
1080 1205 1337 1280 tingitur,
1386 1221 1583 1262 coccus
1608 1220 1742 1261 vero
1765 1208 1927 1260 san-'

302 1300 485 1373 guinis
529 1299 692 1356 habet
724 1299 986 1367 colorem,
1040 1305 1277 1372 suntque
1318 1297 1649 1354 vestimenta
1677 1295 1898 1369 regalia,

300 1407 397 1462 per
452 1406 572 1463 quae
628 1397 869 1462 potestas
912 1388 1189 1445 saecularis
1232 1385 1552 1459 designatur
1584 1404 1596 1441 :
1644 1402 1739 1458 per
1766 1401 1902 1441 san-

299 1475 521 1549 guinem
560 1482 742 1531 autem
772 1491 914 1547 saepe
944 1491 1093 1530 mors
1129 1473 1450 1545 designatur
1481 1472 1623 1544 (54).
1654 1472 1903 1544 Purpura

298 1563 468 1636 igitur
508 1570 563 1620 et
618 1579 815 1621 coccus
864 1563 1148 1635 sanguinis
1194 1562 1432 1636 speciem
1483 1560 1727 1629 habent;
1773 1559 1903 1634 quia

298 1663 536 1730 potestas
582 1656 859 1714 saecularis
894 1654 1178 1711 mortifera
1206 1661 1307 1722 est,
1339 1660 1393 1710 et
1422 1652 1731 1727 periculum
1760 1667 1900 1708 sem-

2010 487 2124 557 Ego
2162 487 2331 543 dicam
2363 487 2455 543 tibi
2483 496 2869 544 sacramentum
2894 489 3153 557 mulieris,
3184 495 3235 545 et
3261 490 3451 559 bestiae,
3480 508 3598 563 qua:

2003 582 2188 646 portat
2232 592 2365 641 eam,
2397 592 2513 646 qua:
2556 578 2707 633 habet
2741 578 2916 650 capita
2941 585 3148 650 septem,
3175 586 3224 634 et
3263 596 3464 636 cornua
3497 581 3598 635 de—

2010 682 2133 721 cem.
2163 665 2427 723 Eamdem
2475 666 2933 739 signiﬁcationem
2982 667 3145 725 habet
3192 667 3365 726 bestia
3404 669 3466 726 in
3496 669 3604 728 hoc

2011 756 2154 824 loco,
2183 772 2346 829 quam
2368 765 2422 813 et
2447 756 2699 828 superius
2721 757 2971 813 diximus
2996 757 3292 815 draconem
3310 758 3565 818 habuisse
3587 780 3601 830 ;

2010 844 2285 915 significat
2315 860 2554 919 namque
2582 845 2888 903 diabolum.
2917 846 3064 915 Quid
3092 848 3203 903 sint
3223 856 3405 905 autem
3429 849 3609 921 capita

2011 943 2240 1007 septem,
2263 943 2317 992 et
2347 952 2554 992 cornua
2582 935 2791 1006 decem,
2825 937 2960 1009 ipse,
2984 945 3046 993 ut
3068 937 3334 1007 diximus,
3365 953 3608 1011 sequen—

2012 1022 2160 1080 tibus
2190 1024 2438 1096 exponit.
2473 1026 2650 1081 Bestia
2696 1043 2856 1096 quam
2890 1027 3090 1096 vidisti,
3121 1026 3249 1097 fuit,
3286 1034 3335 1084 et
3370 1044 3475 1083 non
3512 1036 3606 1098 est,

2011 1119 2058 1166 et
2111 1130 2399 1170 ascensura
2448 1121 2523 1169 est
2558 1115 2620 1169 de
2675 1116 2900 1187 abysso,
2951 1124 3000 1172 et
3046 1116 3104 1172 in
3150 1118 3423 1174 interitum
3476 1119 3594 1175 ibit.

2011 1202 2214 1269 Bestia,
2247 1202 2304 1258 id
2335 1209 2413 1260 est
2443 1203 2716 1273 diabolus,
2750 1206 2858 1262 fuit
2885 1214 3014 1262 ante
3042 1205 3341 1264 adventum
3371 1206 3607 1277 Christi,

2012 1291 2295 1364 possidens
2342 1310 2511 1367 genus
2558 1293 2861 1351 humanum
2887 1313 2900 1363 ;
2931 1312 3044 1352 non
3076 1305 3159 1353 est
3198 1298 3383 1366 modo,
3414 1298 3473 1354 id
3502 1306 3604 1367 est,

2012 1397 2123 1438 non
2155 1380 2396 1455 possidet
2420 1399 2591 1456 genus
2619 1382 2929 1441 humanum
2959 1386 3104 1443 sicut
3125 1394 3322 1455 antea;
3355 1386 3486 1460 quia
3512 1403 3610 1458 per

2012 1469 2293 1528 Christum
2351 1472 2420 1528 ab
2468 1474 2768 1530 electorum
2825 1473 3087 1532 cordibus
3141 1477 3407 1550 expulsus
3464 1483 3547 1534 est
3593 1494 3606 1533 :

2010 1577 2303 1617 ascensura
2358 1577 2490 1617 vero
2545 1571 2627 1619 est
2679 1562 2746 1619 de
2795 1562 3032 1637 abysso;
3082 1565 3213 1638 quia
3267 1565 3610 1639 temporibus

2009 1649 2343 1706 Antichristi
2399 1651 2647 1706 solvetur
2698 1651 2926 1709 Satanas
2979 1652 3047 1709 de
3100 1669 3318 1711 carcere
3375 1671 3495 1723 suo,
3555 1662 3610 1712 et

300 1746 577 1819 piternum
624 1745 783 1802 affert
830 1744 899 1800 iis
946 1743 1042 1817 qui
1072 1759 1189 1799 eam
1221 1742 1458 1816 amplius
1504 1758 1669 1816 quam
1698 1742 1899 1798 cmles-
1922 1760 1971 1823 Β
2013 1732 2225 1806 exibit,
2281 1738 2506 1795 seducet
2574 1756 2766 1796 omnes
2840 1750 3057 1813 gentes,
3115 1743 3260 1800 sicut
3327 1743 3611 1817 sequentia

298 1842 409 1892 tem
479 1833 710 1907 gloriam
753 1834 1184 1906 amplectuntur.
1231 1832 1530 1888 Possumus
1584 1830 1751 1888 etiam
1800 1847 1899 1902 per

299 1927 628 1983 vestimenta
672 1926 971 1999 sanguinea
1015 1942 1179 1998 opera
1226 1925 1524 1998 impiorum
1570 1920 1894 1996 intelligere,

298 2031 397 2089 pro
424 2016 625 2089 quibus
657 2024 833 2073 morte
868 2023 1131 2088 perpetua
1158 2014 1590 2071 damnabantur.
1626 2012 1897 2086 Quodque

299 2104 593 2177 sequitur:
649 2106 726 2161 Et
776 2103 1034 2159 inaurata
1087 2120 1224 2159 auro
1263 2121 1278 2171 ;
1346 2118 1444 2175 per
1498 2118 1695 2158 aurum
1759 2119 1900 2174 saepe

299 2197 569 2271 sapientia
629 2198 964 2271 designatur.
1029 2197 1230 2255 Mulier
1273 2195 1445 2269 igitur
1489 2195 1739 2251 inaurata
1787 2202 1900 2252 erat

302 2304 483 2355 auro;
548 2286 676 2359 quia
718 2286 1041 2358 sapientiam
1104 2284 1269 2358 hujus
1314 2283 1501 2342 saeculi
1561 2283 1897 2357 possidebat,

302 2395 422 2453 qua:
470 2376 709 2434 stultitia
754 2386 836 2434 est
868 2377 1014 2449 apud
1041 2378 1237 2434 Deum.
1288 2375 1392 2432 Per
1419 2391 1659 2448 gemmas
1686 2391 1817 2432 vero
1845 2382 1900 2431 et

304 2466 626 2541 margaritas
688 2467 1003 2540 eloquentia
1053 2465 1331 2524 saecularis
1386 2464 1750 2537 designatur:
1803 2481 1900 2538 per

301 2555 562 2630 poculum
620 2572 867 2626 aureum,
940 2555 1088 2629 quod
1136 2571 1306 2611 manu
1361 2554 1607 2611 tenuisse
1669 2553 1897 2624 dicitur,

301 2646 761 2720 philosophorum
811 2652 865 2702 et
905 2653 1188 2718 poetarum
1238 2643 1491 2701 doctrina
1536 2642 1895 2716 designatur:

303 2736 449 2809 quod
476 2737 701 2809 plenum
730 2733 1204 2791 abominationum
1233 2740 1288 2789 et
1325 2731 1697 2789 immunditiis
1730 2732 1899 2789 forni-

301 2823 534 2883 cationis
569 2824 687 2897 ejus
716 2823 924 2881 dicitur
957 2842 971 2892 ;
1005 2823 1133 2898 quia
1161 2822 1413 2880 doctrina
1440 2822 1899 2896 philosophorum

306 2931 361 2980 et
400 2930 684 2997 poetarum
712 2923 875 2996 plena
910 2929 1025 2979 erat
1054 2922 1375 2990 mendaciis,
1420 2922 1790 2995 omnibusque
1817 2936 1898 2976 er-

300 3021 518 3079 roribus
547 3020 614 3079 ad
662 3020 1048 3095 decipiendum
1097 3037 1267 3093 genus
1312 3019 1619 3077 humanum
1664 3035 1900 3092 compo-

300 3110 443 3168 sitis.

366 3210 548 3284 (Vers.
591 3209 674 3283 ὅ.)
746 3211 821 3265 Et
871 3206 928 3262 in
980 3206 1157 3279 fronte
1211 3204 1327 3278 ejus
1376 3221 1564 3263 nomen
1619 3207 1895 3279 scriptum,

291 3300 624 3372 Myster-ium,
674 3298 916 3368 Babylon
946 3313 1159 3368 magna,
1206 3301 1375 3351 mater
1403 3295 1820 3366 fornicationum
1851 3302 1901 3352 et

293 3388 746 3447 abominationum
770 3391 940 3442 teri-ce.
974 3385 1077 3441 Per
1096 3384 1333 3442 frontem
1364 3392 1526 3458 atque
1558 3385 1753 3443 faciem
1776 3385 1894 3459 (55)

292 3478 462 3536 homo
503 3476 882 3550 dignoscitur;
934 3475 1190 3533 similiter
1227 3483 1281 3532 et
1326 3475 1483 3548 impii
1515 3492 1585 3531 ex
1640 3476 1898 3549 operibus

294 3568 414 3625 suis
458 3566 867 3639 intelliguntur,
900 3567 1044 3624 sicut
1089 3565 1348 3623 Salomon
1378 3563 1516 3621 dicit
1547 3580 1559 3618 :
1608 3590 1626 3613 ι
1653 3565 1743 3621 Ex
1771 3574 1898 3622 stu-

294 3655 402 3712 diis
441 3658 554 3713 suis
597 3655 929 3728 intelligitnr
975 3671 1110 3728 puer
1160 3654 1347 3727 (Prov.
1393 3670 1495 3722 xx,
1540 3653 1653 3726 il).
1711 3680 1730 3703 ι
1796 3653 1898 3711 Per

293 3744 529 3802 frontem
575 3744 759 3819 itaque
804 3753 966 3818 atque
1018 3743 1215 3801 faciem
1270 3759 1435 3816 opera
1477 3742 1778 3815 impiorum
1806 3743 1896 3800 de-

296 3833 586 3906 signantur
611 3852 625 3902 ;
661 3832 791 3906 quia
818 3848 888 3889 ex
912 3832 1171 3906 Operibus
1198 3833 1313 3888 suis
1343 3831 1732 3905 intelliguntur
1751 3833 1898 3906 quod

295 3922 408 3980 sint
437 3921 543 3978 ﬁlii
577 3921 807 3990 diaboli,
840 3922 1097 3996 civesque
1124 3921 1308 3995 impias
1334 3921 1598 3979 civitatis.

371 4011 554 4084 (Vers.
589 4012 672 4083 6.)
734 4015 809 4069 Et
835 4013 1108 4069 mulierem
1158 4013 1273 4069 vidi
1299 4011 1501 4069 ebriam
1542 4014 1605 4069 de
1648 4012 1901 4085 sanguine

296 4108 616 4171 sanctorum,
640 4107 686 4156 et
731 4102 793 4156 de
819 4102 1074 4173 sanguine
1099 4109 1402 4174 martyrum
1443 4103 1586 4159 Jesu.
1618 4101 1899 4175 Numquid

296 4188 548 4263 Babylon
590 4190 912 4263 sanguinem
949 4198 1262 4249 sanctorum
1301 4191 1562 4251 biberat?
1609 4192 1717 4250 Sed
1750 4193 1902 4250 ebria

296 4295 432 4357 erat,
481 4288 541 4345 id
592 4296 694 4357 est,
747 4286 815 4345 ab
861 4288 1014 4344 omni
1070 4289 1347 4361 spirituali
1410 4291 1624 4347 ratione
1673 4290 1896 4347 aliena:

296 4376 448 4433 ebria
475 4386 589 4434 erat
620 4396 635 4447 ;
673 4377 804 4451 quia
830 4377 973 4434 ultio
1001 4378 1288 4452 sanguinis
1317 4387 1635 4436 sanctorum
1667 4380 1744 4436 ita
1780 4396 1899 4437 eam

1923 3124 1974 3188 C

2013 1828 2229 1901 plenius
2258 1827 2648 1897 manifestant;
2682 1836 2736 1885 et
2756 1829 2814 1884 in
2835 1829 3123 1887 interitum
3156 1832 3290 1900 ibit;
3325 1832 3455 1905 quia
3481 1848 3607 1889 cum
3686 1828 3693 1836 ’

2011 1920 2269 1976 omnibus
2296 1920 2543 1993 reprobis
2573 1936 2710 1994 quos
2739 1920 3035 1994 deceperit,
3076 1929 3133 1979 et
3175 1939 3303 1980 cum
3350 1923 3609 1979 omnibus

2011 2009 2343 2066 satellitibus
2367 2010 2482 2066 suis
2505 2018 2708 2066 aeterna
2738 2026 2899 2083 paena
2928 2010 3302 2068 damnabitur.

2085 2099 2267 2171 (Vers.
2297 2099 2380 2171 8.)
2411 2101 2485 2155 Et
2507 2099 2847 2155 mirabuntur
2874 2101 3223 2157 inhabitantes
3245 2107 3461 2171 terram,
3482 2117 3611 2173 qum

2011 2205 2133 2244 rum
2186 2206 2291 2244 non
2328 2196 2452 2244 sunt
2497 2189 2695 2261 scripta
2734 2190 2951 2244 nomina
2980 2191 3037 2245 in
3085 2191 3219 2246 libro
3254 2191 3372 2246 vita:
3399 2209 3434 2246 a
3470 2208 3607 2247 con-

2011 2277 2281 2333 stitutione
2307 2279 2514 2347 mundi,
2547 2279 2775 2335 videntes
2812 2281 3025 2337 bestiam
3052 2298 3168 2352 qua
3193 2280 3393 2353 fuerat,
3423 2289 3472 2339 et
3500 2300 3606 2338 non

2011 2375 2104 2424 est.
2150 2369 2528 2426 Inhabitantes
2570 2377 2773 2427 terram
2825 2387 2916 2428 eos
2970 2371 3232 2429 debemus
3273 2372 3601 2445 intelligere,

2011 2460 2106 2533 qui
2156 2468 2426 2518 amatores
2477 2470 2631 2518 terrae
2675 2472 2837 2519 erunt
2886 2464 3058 2536 magis
3103 2480 3267 2539 quam
3304 2463 3429 2533 Dei,
3469 2480 3610 2537 quos

2009 2548 2388 2607 Antichristus
2415 2550 2575 2607 facile
2603 2551 2860 2624 decipiet.
2890 2553 3240 2611 Mirabuntur
3259 2569 3389 2624 ergo
3418 2568 3599 2625 repro—

2010 2636 2089 2707 bi,
2125 2655 2360 2712 quorum
2389 2655 2501 2694 non
2529 2648 2659 2697 sunt
2685 2641 2889 2712 scripta
2916 2641 3143 2697 nomina
3181 2641 3240 2697 in
3272 2641 3415 2697 libro
3450 2641 3600 2711 vitae,

2012 2728 2071 2786 id
2095 2739 2195 2799 est,
2215 2729 2311 2803 qui
2337 2746 2448 2785 non
2469 2738 2599 2786 sunt
2628 2729 3004 2803 praedestinati
3024 2731 3093 2788 ad
3104 2732 3276 2788 vitam
3301 2741 3561 2790 aeternam
3584 2749 3599 2800 ;

2010 2818 2263 2876 videntes
2291 2819 2544 2889 bestiam,
2567 2820 2626 2877 id
2646 2830 2749 2891 est,
2770 2821 3054 2878 diabolum
3073 2837 3170 2895 per
3197 2821 3604 2879 Antichristum

2012 2908 2169 2981 signa
2209 2908 2521 2980 facientem,
2548 2917 2602 2968 et
2651 2910 2711 2967 in
2755 2910 3102 2971 Antichristo
3148 2911 3430 2969 diabolum
3458 2909 3602 2968 ado-

2010 3005 2213 3056 rantes.

2084 3099 2269 3171 (Vers.
2314 3099 2397 3172 9.)
2437 3101 2514 3157 Et
2554 3100 2637 3157 hic
2680 3108 2757 3158 est
2802 3117 3001 3173 sensus,
3046 3103 3141 3174 qui
3187 3102 3341 3159 habet
3382 3102 3605 3176 sapien—

2008 3189 2137 3245 tiam
2169 3206 2182 3246 :
2209 3189 2269 3246 id
2297 3197 2397 3259 est,
2428 3190 2488 3246 iu
2516 3191 2623 3249 hoc
2666 3192 2813 3266 quod
2852 3193 3120 3266 sequitur,
3154 3209 3351 3266 magna
3394 3192 3604 3251 obscu-

2006 3279 2139 3335 ritas
2168 3286 2271 3349 est,
2303 3289 2358 3337 et
2381 3296 2575 3337 sensus
2602 3280 2671 3337 ad
2710 3296 2774 3337 ea
2819 3282 3181 3354 intelligenda
3208 3282 3369 3338 valde
3395 3298 3607 3339 acuen—

2007 3369 2109 3426 dus
2137 3379 2240 3429 est.
2271 3372 2344 3428 Et
2372 3387 2474 3428 nos
2502 3387 2756 3444 rogemus
2783 3372 3104 3441 Dominum,
3135 3380 3198 3428 ut
3227 3371 3371 3431 hanc
3399 3372 3609 3430 obscu-

2007 3460 2228 3517 ritatem
2259 3461 2419 3519 nobis
2457 3462 2688 3535 aperiat.

2081 3560 2262 3632 (Vers.
2315 3559 2429 3633 10.)
2488 3562 2689 3633 Septem
2733 3560 2929 3632 capita,
2979 3566 3172 3633 septem
3220 3564 3417 3616 montes
3463 3564 3607 3628 siml,

2004 3666 2162 3722 super
2187 3666 2318 3721 quos
2345 3650 2542 3707 mulier
2569 3651 2737 3718 sedet;
2769 3656 2818 3705 et
2844 3667 2987 3722 reges
3015 3656 3208 3722 septem
3242 3656 3384 3707 sunt.
3431 3650 3611 3718 Quin-

2006 3756 2105 3810 que
2153 3740 2467 3809 ceciderunt,
2524 3756 2662 3795 unus
2717 3745 2810 3808 est,
2867 3740 3010 3796 alius
3060 3740 3295 3795 nondum
3344 3739 3525 3805 venit;
3565 3745 3613 3795 et

2007 3844 2123 3882 cum
2172 3827 2394 3894 venerit,
2443 3834 2647 3900 oportet
2701 3829 2861 3884 illum
2914 3828 3064 3885 breve
3120 3836 3321 3901 tempus
3374 3845 3606 3885 manere.

2006 3916 2266 3974 Diximus
2293 3916 2549 3990 superius
2579 3934 2676 3990 per
2720 3926 2929 3990 septem
2975 3916 3158 3991 capita
3194 3918 3450 3975 draconis
3479 3918 3608 3974 illos

2009 4006 2268 4080 reprobos
2296 4023 2412 4064 esse
2439 4006 2773 4078 designatos,
2807 4024 2902 4080 per
2947 4024 3085 4081 quos
3127 4006 3380 4065 diabolus
3430 4022 3601 4079 genus

2008 4092 2315 4150 humanum
2343 4093 2578 4167 decepit,
2610 4111 2749 4169 quos
2782 4096 2948 4151 etiam
2978 4096 3037 4150 in
3067 4103 3246 4168 partes
3283 4102 3491 4167 septem
3521 4092 3604 4149 di-

2009 4186 2264 4255 visimus,
2290 4186 2434 4243 sicut
2478 4192 2532 4243 et
2578 4194 2828 4243 caeteram
2876 4185 3290 4243 multitudinem
3344 4182 3609 4257 reprobo-

2009 4295 2153 4338 rum.
2184 4284 2256 4339 Et
2299 4284 2429 4355 quia
2484 4284 2731 4341 eamdem
2774 4283 3232 4355 signiﬁcationem
3263 4279 3412 4337 564
3439 4280 3609 4344 habet

2010 4374 2130 4431 haec
2175 4374 2352 4431 bestia
2382 4374 2451 4432 de
2501 4392 2608 4449 qua
2655 4376 2957 4449 loquimur,
2993 4391 3157 4449 quam
3208 4383 3263 4432 et
3311 4374 3610 4431 draconem

297 4464 666 4523 damnabilem
718 4466 939 4537 fecerat,
998 4475 1052 4524 et
1101 4484 1133 4525 a
1183 4467 1563 4525 misericordia
1618 4470 1718 4527 Dei
1766 4469 1895 4526 alie-
1924 4488 1973 4547 ι)
2010 4464 2258 4522 diximus
2313 4465 2609 4535 habuisse;
2641 4464 2930 4538 designant
2981 4481 3216 4539 namque
3268 4463 3603 4521 diabolum:

296 4572 449 4627 nam,
508 4563 572 4614 ut
627 4572 741 4613 non
792 4566 935 4615 esset
991 4556 1159 4630 digna
1215 4566 1487 4632 quatenus
1511 4557 1699 4632 aliquo
1740 4558 1905 4616 modo

298 4662 411 4703 suae
448 4646 612 4704 saluti
655 4653 837 4719 posset
881 4646 1188 4705 consulere.
1240 4648 1317 4705 Et
1358 4647 1592 4704 miratus
1621 4664 1737 4703 sum
1782 4665 1899 4704 cum

297 4736 540 4793 vidissem
582 4738 755 4807 illam,
812 4739 1166 4795 admiratione
1206 4755 1420 4812 magna.
1465 4739 1734 4797 Mirantur
1777 4739 1907 4796 ﬁde-

300 4824 399 4894 les,
432 4843 558 4883 cum
588 4827 787 4885 vident
809 4827 1068 4900 reprobos
1097 4835 1314 4885 tantum
1343 4845 1375 4885 a
1399 4828 1600 4886 timore
1626 4829 1727 4886 Dei
1756 4829 1900 4885 alie-

301 4932 422 4986 nos,
475 4926 537 4975 ut
582 4918 701 4974 sine
760 4917 946 4992 aliqua
998 4918 1365 4991 trepidatione
1398 4906 1465 4977 °et
1517 4920 1909 4979 innocentibus

300 5005 543 5079 plurima
587 5007 730 5063 mala
756 5006 1027 5079 ingerent,
1067 5015 1122 5063 et
1166 5006 1226 5062 in
1272 5007 1534 5064 omnibus
1562 5009 1786 5081 ﬂagitiis
1814 5026 1909 5066 se-

302 5095 569 5168 metipsos
615 5096 954 5168 demergant,
998 5095 1233 5152 scientes
1279 5096 1455 5153 Deum
1486 5098 1703 5153 nullum
1733 5099 1910 5155 scelus

303 5183 643 5258 impunitum
673 5184 1017 5256 relinquere;
1069 5183 1176 5240 nisi
1206 5183 1360 5256 prius
1387 5185 1711 5258 poenitentia
1739 5192 1910 5243 caete-

304 5272 491 5347 risque
544 5271 1023 5343 medicaminibus,
1097 5272 1301 5346 quibus
1353 5282 1573 5347 peccata
1625 5282 1906 5333 sanantur,

305 5362 478 5421 fuerit
504 5361 770 5419 deletum.

383 5505 500 5582 (54)
531 5510 648 5591 _Per
689 5505 997 5580 sanguinem
1019 5513 1201 5591 autem
1234 5522 1367 5583 saepe
1395 5526 1539 5591 mors
1580 5511 1906 5587 designatur,

310 5596 340 5639 e
364 5581 497 5641 mss.
527 5581 587 5639 in
603 5582 785 5639 locum
814 5595 975 5653 suum
992 5581 1317 5653 repositum
1334 5589 1435 5639 est.

385 5654 501 5728 (55)
532 5654 737 5715 Aberat
760 5652 926 5713 etiam
957 5650 1027 5712 ab
1053 5650 1215 5726 edin,
1250 5654 1357 5713 Per
1378 5653 1610 5728 frontem
1636 5662 1795 5732 atque
1819 5656 1907 5732 fa-

2014 4558 2261 4616 eamdem
2309 4557 2766 4632 signiﬁcationem
2816 4559 3021 4616 habent
3059 4559 3223 4617 etiam
3271 4565 3479 4631 septem
3523 4573 3610 4614 ca-

2016 4650 2131 4723 pita
2158 4650 2367 4720 bestiae,
2401 4668 2562 4725 quam
2590 4658 2644 4708 et
2672 4659 2879 4726 septem
2928 4650 3107 4725 capita
3152 4648 3408 4706 draconis
3455 4645 3608 4704 dixi-

2017 4755 2138 4796 mus
2184 4739 2457 4797 habuisse.
2490 4740 2622 4809 Quas
2671 4749 2725 4797 et
2765 4748 2979 4798 montes
3024 4740 3325 4807 dicuntur;
3359 4736 3489 4812 quia
3518 4736 3611 4792 al-

2016 4827 2184 4886 tiores
2213 4830 2439 4887 fuerunt
2476 4830 2561 4886 illi
2602 4829 2660 4886 in
2700 4830 3019 4899 sceleribus,
3052 4828 3148 4903 qui
3176 4834 3403 4886 caeteros
3438 4825 3609 4881 dece-

2016 4926 2237 4991 perunt,
2267 4936 2431 4993 quam
2463 4920 2547 4976 illi
2577 4920 2673 4993 qui
2715 4919 2784 4976 ab
2830 4919 2910 4977 eis
2954 4917 3167 4992 decepti
3191 4924 3341 4986 sunt,
3374 4916 3519 4973 sicut
3547 4914 3606 4969 in

2018 5009 2373 5082 sequentibus
2414 5008 2482 5065 de
2527 5009 2809 5083 Babylone
2854 5008 3038 5066 dicit:
3091 5031 3110 5055 ι
3153 5008 3295 5076 Quia
3332 5010 3611 5062 venerunt

2018 5105 2240 5172 peccata
2266 5098 2386 5171 ejus
2428 5115 2601 5173 usque
2628 5098 2698 5155 ad
2735 5100 2935 5156 coelum
2978 5097 3110 5171 (Inf.
3141 5114 3258 5168 cap.
3292 5112 3432 5163 xvii,
3469 5108 3606 5148 vers.

2017 5188 2100 5263 5).
2158 5214 2176 5237 ι
2230 5187 2514 5247 Vocantur
2566 5187 2936 5244 nihilominus
2975 5193 3030 5243 et
3072 5193 3279 5258 septem
3326 5197 3499 5254 reges,
3544 5195 3609 5234 eo

2017 5275 2165 5350 quod
2216 5275 2430 5334 caeteris
2491 5275 2559 5333 ad
2613 5275 2979 5349 perditionem
3032 5274 3294 5331 euntibus
3347 5270 3607 5328 ducatum

2017 5365 2375 5440 praebuerint.
2404 5366 2580 5441 Super
2607 5366 2708 5424 hos
2735 5382 2863 5441 ergo
2893 5372 3108 5422 montes
3133 5361 3397 5419 meretrix
3423 5356 3609 5415 sedere

2015 5513 2234 5589 ciemz...
2270 5513 2585 5589 intelligitur
2615 5530 2751 5589 puer
2780 5531 2793 5571 :
2823 5510 2918 5571 sed
2950 5511 3009 5569 in
3036 5508 3208 5569 nullis
3234 5505 3454 5581 scriptis
3481 5502 3605 5564 cod.

2015 5585 2373 5646 desideratur.
