  <div class='ocr_page' id='page_1' title='image "/cluster/home/n/w/nwhite01/storage/ocr_20150623/17/hvd.32044096580436/505.png"; bbox 0 0 4060 6208; ppageno 0'>
   <div class='ocr_carea' id='block_1_1' title="bbox 536 218 641 274">
    <p class='ocr_par' dir='ltr' id='par_1_1' title="bbox 536 218 641 274">
     <span class='ocr_line' id='line_1_1' title="bbox 536 218 641 274; baseline 0 0"><span class='ocrx_word' id='word_1_1' title='bbox 536 218 641 274; x_wconf 88' lang='lat'><strong>999</strong></span> 
     </span>
    </p>
   </div>
   <div class='ocr_carea' id='block_1_2' title="bbox 1562 215 2825 276">
    <p class='ocr_par' dir='ltr' id='par_1_2' title="bbox 1562 215 2825 276">
     <span class='ocr_line' id='line_1_2' title="bbox 1562 215 2825 276; baseline 0.004 -6"><span class='ocrx_word' id='word_1_2' title='bbox 1562 217 1658 271; x_wconf 78' lang='lat' dir='ltr'>AD</span> <span class='ocrx_word' id='word_1_3' title='bbox 1698 215 1931 273; x_wconf 81' lang='lat' dir='ltr'><strong>OPERA</strong></span> <span class='ocrx_word' id='word_1_4' title='bbox 1969 216 2025 272; x_wconf 93' lang='lat' dir='ltr'>S.</span> <span class='ocrx_word' id='word_1_5' title='bbox 2069 215 2408 274; x_wconf 85' lang='lat' dir='ltr'>AMBROSII</span> <span class='ocrx_word' id='word_1_6' title='bbox 2444 216 2825 276; x_wconf 82' lang='lat' dir='ltr'>APPENDIX.</span> 
     </span>
    </p>
   </div>
   <div class='ocr_carea' id='block_1_3' title="bbox 3708 221 3846 282">
    <p class='ocr_par' dir='ltr' id='par_1_3' title="bbox 3708 221 3846 282">
     <span class='ocr_line' id='line_1_3' title="bbox 3708 221 3846 282; baseline 0.029 -4"><span class='ocrx_word' id='word_1_7' title='bbox 3708 221 3846 282; x_wconf 71' lang='lat'>1000</span> 
     </span>
    </p>
   </div>
   <div class='ocr_carea' id='block_1_4' title="bbox 538 344 2128 432">
    <p class='ocr_par' dir='ltr' id='par_1_4' title="bbox 538 358 2128 432">
     <span class='ocr_line' id='line_1_4' title="bbox 538 358 2128 432; baseline 0.001 -18"><span class='ocrx_word' id='word_1_8' title='bbox 538 359 685 415; x_wconf 91' lang='lat' dir='ltr'>dicta</span> <span class='ocrx_word' id='word_1_9' title='bbox 736 366 845 427; x_wconf 87' lang='lat' dir='ltr'>est;</span> <span class='ocrx_word' id='word_1_10' title='bbox 881 359 1010 432; x_wconf 84' lang='lat' dir='ltr'>quia</span> <span class='ocrx_word' id='word_1_11' title='bbox 1056 358 1123 413; x_wconf 84' lang='lat' dir='ltr'>ab</span> <span class='ocrx_word' id='word_1_12' title='bbox 1173 358 1240 412; x_wconf 88' lang='lat' dir='ltr'>iis</span> <span class='ocrx_word' id='word_1_13' title='bbox 1287 358 1483 413; x_wconf 84' lang='lat' dir='ltr'>civitas</span> <span class='ocrx_word' id='word_1_14' title='bbox 1528 358 1732 415; x_wconf 84' lang='lat' dir='ltr'>diaboli</span> <span class='ocrx_word' id='word_1_15' title='bbox 1777 359 1833 415; x_wconf 90' lang='lat' dir='ltr'>in</span> <span class='ocrx_word' id='word_1_16' title='bbox 1877 360 2128 417; x_wconf 87' lang='lat' dir='ltr'>omnibus</span> 
     </span>
    </p>
   </div>
   <div class='ocr_carea' id='block_1_5' title="bbox 2240 344 3849 432">
    <p class='ocr_par' dir='ltr' id='par_1_5' title="bbox 2240 344 3849 420">
     <span class='ocr_line' id='line_1_5' title="bbox 2240 344 3849 420; baseline 0.002 -21"><span class='ocrx_word' id='word_1_17' title='bbox 2240 350 2540 415; x_wconf 79' lang='lat' dir='ltr'>potestatem</span> <span class='ocrx_word' id='word_1_18' title='bbox 2597 350 2851 415; x_wconf 84' lang='lat' dir='ltr'>tanquam</span> <span class='ocrx_word' id='word_1_19' title='bbox 2904 359 3045 416; x_wconf 80' lang='lat' dir='ltr'>reges</span> <span class='ocrx_word' id='word_1_20' title='bbox 3094 359 3206 400; x_wconf 82' lang='lat' dir='ltr'>una</span> <span class='ocrx_word' id='word_1_21' title='bbox 3258 344 3393 400; x_wconf 80' lang='lat' dir='ltr'>hora</span> <span class='ocrx_word' id='word_1_22' title='bbox 3438 347 3698 419; x_wconf 75' lang='lat' dir='ltr'>accipient</span> <span class='ocrx_word' id='word_1_23' title='bbox 3729 354 3849 420; x_wconf 75' lang='lat' dir='ltr'>post</span> 
     </span>
    </p>
   </div>
   <div class='ocr_carea' id='block_1_6' title="bbox 537 448 2127 522">
    <p class='ocr_par' dir='ltr' id='par_1_6' title="bbox 537 448 2127 522">
     <span class='ocr_line' id='line_1_6' title="bbox 537 448 2127 522; baseline 0.002 -17"><span class='ocrx_word' id='word_1_24' title='bbox 537 449 816 506; x_wconf 89' lang='lat' dir='ltr'>erroribus</span> <span class='ocrx_word' id='word_1_25' title='bbox 890 458 1053 522; x_wconf 90' lang='lat' dir='ltr'>atque</span> <span class='ocrx_word' id='word_1_26' title='bbox 1125 448 1424 506; x_wconf 84' lang='lat' dir='ltr'>sceleribus</span> <span class='ocrx_word' id='word_1_27' title='bbox 1478 448 1773 507; x_wconf 71' lang='lat' dir='ltr'>informata</span> <span class='ocrx_word' id='word_1_28' title='bbox 1835 458 1935 508; x_wconf 88' lang='lat' dir='ltr'>est.</span> <span class='ocrx_word' id='word_1_29' title='bbox 1990 453 2127 508; x_wconf 87' lang='lat' dir='ltr'>Nam</span> 
     </span>
    </p>
   </div>
   <div class='ocr_carea' id='block_1_7' title="bbox 537 536 2129 611">
    <p class='ocr_par' dir='ltr' id='par_1_7' title="bbox 537 536 2129 611">
     <span class='ocr_line' id='line_1_7' title="bbox 537 536 2129 611; baseline 0.003 -18"><span class='ocrx_word' id='word_1_30' title='bbox 537 537 681 595; x_wconf 86' lang='lat' dir='ltr'>sicut</span> <span class='ocrx_word' id='word_1_31' title='bbox 724 537 956 611; x_wconf 86' lang='lat' dir='ltr'>apostoli</span> <span class='ocrx_word' id='word_1_32' title='bbox 1004 536 1363 595; x_wconf 87' lang='lat' dir='ltr'>fundamenta</span> <span class='ocrx_word' id='word_1_33' title='bbox 1400 538 1662 596; x_wconf 90' lang='lat' dir='ltr'>dicuntur</span> <span class='ocrx_word' id='word_1_34' title='bbox 1693 540 1972 609; x_wconf 82' lang='lat' dir='ltr'>Ecclesia,</span> <span class='ocrx_word' id='word_1_35' title='bbox 2004 541 2078 596; x_wconf 89' lang='lat' dir='ltr'>ita</span> <span class='ocrx_word' id='word_1_36' title='bbox 2100 557 2129 597; x_wconf 91' lang='lat' dir='ltr'>e</span> 
     </span>
    </p>
   </div>
   <div class='ocr_carea' id='block_1_8' title="bbox 536 627 2128 687">
    <p class='ocr_par' dir='ltr' id='par_1_8' title="bbox 536 627 2128 687">
     <span class='ocr_line' id='line_1_8' title="bbox 536 627 2128 687; baseline 0.003 -4"><span class='ocrx_word' id='word_1_37' title='bbox 536 627 755 685; x_wconf 86' lang='lat' dir='ltr'>diverso</span> <span class='ocrx_word' id='word_1_38' title='bbox 784 628 1100 685; x_wconf 86' lang='lat' dir='ltr'>inventores</span> <span class='ocrx_word' id='word_1_39' title='bbox 1129 645 1374 685; x_wconf 91' lang='lat' dir='ltr'>errorum</span> <span class='ocrx_word' id='word_1_40' title='bbox 1408 629 1765 687; x_wconf 87' lang='lat' dir='ltr'>fundamenta</span> <span class='ocrx_word' id='word_1_41' title='bbox 1810 640 1938 687; x_wconf 87' lang='lat' dir='ltr'>sunt</span> <span class='ocrx_word' id='word_1_42' title='bbox 1977 631 2128 687; x_wconf 90' lang='lat' dir='ltr'>civi-</span> 
     </span>
    </p>
   </div>
   <div class='ocr_carea' id='block_1_9' title="bbox 535 717 2127 792">
    <p class='ocr_par' dir='ltr' id='par_1_9' title="bbox 535 717 2127 792">
     <span class='ocr_line' id='line_1_9' title="bbox 535 717 2127 792; baseline 0.003 -20"><span class='ocrx_word' id='word_1_43' title='bbox 535 719 663 774; x_wconf 89' lang='lat' dir='ltr'>tatis</span> <span class='ocrx_word' id='word_1_44' title='bbox 700 717 927 774; x_wconf 89' lang='lat' dir='ltr'>diaboli.</span> <span class='ocrx_word' id='word_1_45' title='bbox 959 718 1045 772; x_wconf 88' lang='lat' dir='ltr'>Ex</span> <span class='ocrx_word' id='word_1_46' title='bbox 1093 718 1162 774; x_wconf 92' lang='lat' dir='ltr'>iis</span> <span class='ocrx_word' id='word_1_47' title='bbox 1204 719 1375 790; x_wconf 79' lang='lat' dir='ltr'>igitur</span> <span class='ocrx_word' id='word_1_48' title='bbox 1427 719 1717 792; x_wconf 81' lang='lat' dir='ltr'>capitibus,</span> <span class='ocrx_word' id='word_1_49' title='bbox 1748 720 1864 776; x_wconf 89' lang='lat' dir='ltr'>sive</span> <span class='ocrx_word' id='word_1_50' title='bbox 1911 721 2127 776; x_wconf 87' lang='lat' dir='ltr'>monti-</span> 
     </span>
    </p>
   </div>
   <div class='ocr_carea' id='block_1_10' title="bbox 533 809 2124 885">
    <p class='ocr_par' dir='ltr' id='par_1_10' title="bbox 533 809 2124 885">
     <span class='ocr_line' id='line_1_10' title="bbox 533 809 2124 885; baseline 0.002 -20"><span class='ocrx_word' id='word_1_51' title='bbox 533 809 656 878; x_wconf 90' lang='lat' dir='ltr'>bus,</span> <span class='ocrx_word' id='word_1_52' title='bbox 711 810 799 865; x_wconf 86' lang='lat' dir='ltr'>vel</span> <span class='ocrx_word' id='word_1_53' title='bbox 851 810 1090 882; x_wconf 83' lang='lat' dir='ltr'>regibus,</span> <span class='ocrx_word' id='word_1_54' title='bbox 1141 810 1385 885; x_wconf 90' lang='lat' dir='ltr'>quinque</span> <span class='ocrx_word' id='word_1_55' title='bbox 1434 812 1769 882; x_wconf 88' lang='lat' dir='ltr'>ceciderunt,</span> <span class='ocrx_word' id='word_1_56' title='bbox 1800 830 1942 869; x_wconf 88' lang='lat' dir='ltr'>unus</span> <span class='ocrx_word' id='word_1_57' title='bbox 1990 821 2124 881; x_wconf 86' lang='lat' dir='ltr'>erat,</span> 
     </span>
    </p>
   </div>
   <div class='ocr_carea' id='block_1_11' title="bbox 534 899 2127 975">
    <p class='ocr_par' dir='ltr' id='par_1_11' title="bbox 534 899 2127 975">
     <span class='ocr_line' id='line_1_11' title="bbox 534 899 2127 975; baseline 0.001 -19"><span class='ocrx_word' id='word_1_58' title='bbox 534 899 677 956; x_wconf 90' lang='lat' dir='ltr'>alius</span> <span class='ocrx_word' id='word_1_59' title='bbox 703 899 953 957; x_wconf 88' lang='lat' dir='ltr'>nondum</span> <span class='ocrx_word' id='word_1_60' title='bbox 982 910 1228 958; x_wconf 82' lang='lat' dir='ltr'>venerat.</span> <span class='ocrx_word' id='word_1_61' title='bbox 1274 902 1520 958; x_wconf 91' lang='lat' dir='ltr'>Primum</span> <span class='ocrx_word' id='word_1_62' title='bbox 1566 910 1727 975; x_wconf 87' lang='lat' dir='ltr'>caput</span> <span class='ocrx_word' id='word_1_63' title='bbox 1758 902 1963 958; x_wconf 90' lang='lat' dir='ltr'>diaboli</span> <span class='ocrx_word' id='word_1_64' title='bbox 1990 902 2127 959; x_wconf 90' lang='lat' dir='ltr'>ceci-</span> 
     </span>
    </p>
   </div>
   <div class='ocr_carea' id='block_1_12' title="bbox 534 989 2128 1064">
    <p class='ocr_par' dir='ltr' id='par_1_12' title="bbox 534 989 2128 1064">
     <span class='ocr_line' id='line_1_12' title="bbox 534 989 2128 1064; baseline 0 -18"><span class='ocrx_word' id='word_1_65' title='bbox 534 989 721 1058; x_wconf 83' lang='lat' dir='ltr'>derat;</span> <span class='ocrx_word' id='word_1_66' title='bbox 760 991 889 1064; x_wconf 87' lang='lat' dir='ltr'>quia</span> <span class='ocrx_word' id='word_1_67' title='bbox 942 991 1027 1046; x_wconf 89' lang='lat' dir='ltr'>illi</span> <span class='ocrx_word' id='word_1_68' title='bbox 1082 991 1179 1063; x_wconf 91' lang='lat' dir='ltr'>qui</span> <span class='ocrx_word' id='word_1_69' title='bbox 1234 998 1361 1046; x_wconf 91' lang='lat' dir='ltr'>ante</span> <span class='ocrx_word' id='word_1_70' title='bbox 1415 992 1690 1047; x_wconf 85' lang='lat' dir='ltr'>diluvium</span> <span class='ocrx_word' id='word_1_71' title='bbox 1740 992 1983 1059; x_wconf 87' lang='lat' dir='ltr'>fuerunt,</span> <span class='ocrx_word' id='word_1_72' title='bbox 2034 1007 2128 1064; x_wconf 85' lang='lat' dir='ltr'>per</span> 
     </span>
    </p>
   </div>
   <div class='ocr_carea' id='block_1_13' title="bbox 533 1078 2128 1155">
    <p class='ocr_par' dir='ltr' id='par_1_13' title="bbox 533 1078 2128 1155">
     <span class='ocr_line' id='line_1_13' title="bbox 533 1078 2128 1155; baseline 0 -19"><span class='ocrx_word' id='word_1_73' title='bbox 533 1095 671 1153; x_wconf 92' lang='lat' dir='ltr'>quos</span> <span class='ocrx_word' id='word_1_74' title='bbox 699 1079 738 1134; x_wconf 90' lang='lat' dir='ltr'>ii</span> <span class='ocrx_word' id='word_1_75' title='bbox 770 1080 865 1152; x_wconf 87' lang='lat' dir='ltr'>qui</span> <span class='ocrx_word' id='word_1_76' title='bbox 894 1078 1000 1135; x_wconf 88' lang='lat' dir='ltr'>ﬁlii</span> <span class='ocrx_word' id='word_1_77' title='bbox 1033 1080 1132 1135; x_wconf 91' lang='lat' dir='ltr'>Dei</span> <span class='ocrx_word' id='word_1_78' title='bbox 1154 1080 1495 1137; x_wconf 87' lang='lat' dir='ltr'>vocabantur</span> <span class='ocrx_word' id='word_1_79' title='bbox 1517 1081 1671 1153; x_wconf 88' lang='lat' dir='ltr'>(Gen.</span> <span class='ocrx_word' id='word_1_80' title='bbox 1704 1100 1782 1151; x_wconf 83' lang='lat' dir='ltr'>vr,</span> <span class='ocrx_word' id='word_1_81' title='bbox 1809 1082 1890 1155; x_wconf 80' lang='lat'>2),</span> <span class='ocrx_word' id='word_1_82' title='bbox 1914 1080 2128 1153; x_wconf 81' lang='lat' dir='ltr'>decepti</span> 
     </span>
    </p>
   </div>
   <div class='ocr_carea' id='block_1_14' title="bbox 533 1169 2128 1237">
    <p class='ocr_par' dir='ltr' id='par_1_14' title="bbox 533 1169 2128 1237">
     <span class='ocr_line' id='line_1_14' title="bbox 533 1169 2128 1237; baseline 0.001 -12"><span class='ocrx_word' id='word_1_83' title='bbox 533 1176 683 1237; x_wconf 89' lang='lat' dir='ltr'>sunt,</span> <span class='ocrx_word' id='word_1_84' title='bbox 714 1169 773 1225; x_wconf 91' lang='lat' dir='ltr'>in</span> <span class='ocrx_word' id='word_1_85' title='bbox 803 1170 1043 1225; x_wconf 81' lang='lat' dir='ltr'>cloacam</span> <span class='ocrx_word' id='word_1_86' title='bbox 1082 1169 1289 1225; x_wconf 88' lang='lat' dir='ltr'>inferni</span> <span class='ocrx_word' id='word_1_87' title='bbox 1332 1170 1745 1228; x_wconf 89' lang='lat' dir='ltr'>descenderant.</span> <span class='ocrx_word' id='word_1_88' title='bbox 1777 1170 2045 1227; x_wconf 83' lang='lat' dir='ltr'>Similiter</span> <span class='ocrx_word' id='word_1_89' title='bbox 2073 1178 2128 1227; x_wconf 91' lang='lat' dir='ltr'>et</span> 
     </span>
    </p>
   </div>
   <div class='ocr_carea' id='block_1_15' title="bbox 533 1258 2124 1334">
    <p class='ocr_par' dir='ltr' id='par_1_15' title="bbox 533 1258 2124 1334">
     <span class='ocr_line' id='line_1_15' title="bbox 533 1258 2124 1334; baseline 0.001 -18"><span class='ocrx_word' id='word_1_90' title='bbox 533 1258 760 1317; x_wconf 90' lang='lat' dir='ltr'>secundi</span> <span class='ocrx_word' id='word_1_91' title='bbox 789 1258 883 1332; x_wconf 89' lang='lat' dir='ltr'>qui</span> <span class='ocrx_word' id='word_1_92' title='bbox 912 1265 1036 1331; x_wconf 90' lang='lat' dir='ltr'>post</span> <span class='ocrx_word' id='word_1_93' title='bbox 1063 1258 1342 1315; x_wconf 88' lang='lat' dir='ltr'>diluvium</span> <span class='ocrx_word' id='word_1_94' title='bbox 1376 1276 1548 1333; x_wconf 90' lang='lat' dir='ltr'>usque</span> <span class='ocrx_word' id='word_1_95' title='bbox 1577 1260 1645 1316; x_wconf 90' lang='lat' dir='ltr'>ad</span> <span class='ocrx_word' id='word_1_96' title='bbox 1676 1260 1848 1334; x_wconf 87' lang='lat' dir='ltr'>legem</span> <span class='ocrx_word' id='word_1_97' title='bbox 1878 1260 2124 1329; x_wconf 90' lang='lat' dir='ltr'>fuerunt,</span> 
     </span>
    </p>
   </div>
   <div class='ocr_carea' id='block_1_16' title="bbox 532 1347 2122 1420">
    <p class='ocr_par' dir='ltr' id='par_1_16' title="bbox 532 1347 2122 1420">
     <span class='ocr_line' id='line_1_16' title="bbox 532 1347 2122 1420; baseline -0.001 -14"><span class='ocrx_word' id='word_1_98' title='bbox 532 1349 592 1406; x_wconf 90' lang='lat' dir='ltr'>in</span> <span class='ocrx_word' id='word_1_99' title='bbox 640 1347 829 1403; x_wconf 90' lang='lat' dir='ltr'>eadem</span> <span class='ocrx_word' id='word_1_100' title='bbox 882 1347 1211 1420; x_wconf 86' lang='lat' dir='ltr'>perditionis</span> <span class='ocrx_word' id='word_1_101' title='bbox 1267 1349 1427 1405; x_wconf 87' lang='lat' dir='ltr'>fovea</span> <span class='ocrx_word' id='word_1_102' title='bbox 1481 1350 1716 1406; x_wconf 90' lang='lat' dir='ltr'>demersi</span> <span class='ocrx_word' id='word_1_103' title='bbox 1776 1349 2122 1406; x_wconf 84' lang='lat' dir='ltr'>tenebantur.</span> 
     </span>
    </p>
   </div>
   <div class='ocr_carea' id='block_1_17' title="bbox 535 1438 2127 1517">
    <p class='ocr_par' dir='ltr' id='par_1_17' title="bbox 535 1438 2127 1517">
     <span class='ocr_line' id='line_1_17' title="bbox 535 1438 2127 1517; baseline 0.001 -20"><span class='ocrx_word' id='word_1_104' title='bbox 535 1438 858 1497; x_wconf 89' lang='lat' dir='ltr'>Ceciderant</span> <span class='ocrx_word' id='word_1_105' title='bbox 903 1448 957 1497; x_wconf 88' lang='lat' dir='ltr'>et</span> <span class='ocrx_word' id='word_1_106' title='bbox 996 1440 1167 1510; x_wconf 87' lang='lat' dir='ltr'>tertii,</span> <span class='ocrx_word' id='word_1_107' title='bbox 1218 1442 1312 1515; x_wconf 91' lang='lat' dir='ltr'>qui</span> <span class='ocrx_word' id='word_1_108' title='bbox 1352 1444 1559 1515; x_wconf 90' lang='lat' dir='ltr'>populo</span> <span class='ocrx_word' id='word_1_109' title='bbox 1618 1443 1739 1511; x_wconf 89' lang='lat' dir='ltr'>Dei,</span> <span class='ocrx_word' id='word_1_110' title='bbox 1790 1444 1992 1517; x_wconf 89' lang='lat' dir='ltr'>quibus</span> <span class='ocrx_word' id='word_1_111' title='bbox 2037 1444 2127 1499; x_wconf 82' lang='lat' dir='ltr'>lex</span> 
     </span>
    </p>
   </div>
   <div class='ocr_carea' id='block_1_18' title="bbox 532 1527 2125 1598">
    <p class='ocr_par' dir='ltr' id='par_1_18' title="bbox 532 1527 2125 1598">
     <span class='ocr_line' id='line_1_18' title="bbox 532 1527 2125 1598; baseline 0.001 -13"><span class='ocrx_word' id='word_1_112' title='bbox 532 1527 659 1585; x_wconf 88' lang='lat' dir='ltr'>data</span> <span class='ocrx_word' id='word_1_113' title='bbox 697 1537 799 1598; x_wconf 90' lang='lat' dir='ltr'>est,</span> <span class='ocrx_word' id='word_1_114' title='bbox 828 1528 977 1586; x_wconf 88' lang='lat' dir='ltr'>idola</span> <span class='ocrx_word' id='word_1_115' title='bbox 1023 1531 1201 1587; x_wconf 90' lang='lat' dir='ltr'>colere</span> <span class='ocrx_word' id='word_1_116' title='bbox 1245 1531 1565 1588; x_wconf 86' lang='lat' dir='ltr'>suadebant.</span> <span class='ocrx_word' id='word_1_117' title='bbox 1602 1531 1871 1588; x_wconf 88' lang='lat' dir='ltr'>Similiter</span> <span class='ocrx_word' id='word_1_118' title='bbox 1913 1540 1966 1587; x_wconf 89' lang='lat' dir='ltr'>et</span> <span class='ocrx_word' id='word_1_119' title='bbox 2001 1530 2125 1587; x_wconf 82' lang='lat' dir='ltr'>falsi</span> 
     </span>
    </p>
   </div>
   <div class='ocr_carea' id='block_1_19' title="bbox 531 1616 2125 1692">
    <p class='ocr_par' dir='ltr' id='par_1_19' title="bbox 531 1616 2125 1692">
     <span class='ocr_line' id='line_1_19' title="bbox 531 1616 2125 1692; baseline 0.001 -19"><span class='ocrx_word' id='word_1_120' title='bbox 531 1616 830 1690; x_wconf 86' lang='lat' dir='ltr'>prophetae,</span> <span class='ocrx_word' id='word_1_121' title='bbox 862 1618 956 1691; x_wconf 93' lang='lat' dir='ltr'>qui</span> <span class='ocrx_word' id='word_1_122' title='bbox 988 1618 1045 1674; x_wconf 91' lang='lat' dir='ltr'>in</span> <span class='ocrx_word' id='word_1_123' title='bbox 1075 1628 1270 1692; x_wconf 90' lang='lat' dir='ltr'>quarto</span> <span class='ocrx_word' id='word_1_124' title='bbox 1313 1621 1434 1676; x_wconf 92' lang='lat' dir='ltr'>loco</span> <span class='ocrx_word' id='word_1_125' title='bbox 1476 1628 1776 1692; x_wconf 87' lang='lat' dir='ltr'>ponuntur,</span> <span class='ocrx_word' id='word_1_126' title='bbox 1805 1619 1919 1691; x_wconf 91' lang='lat' dir='ltr'>jam</span> <span class='ocrx_word' id='word_1_127' title='bbox 1970 1619 2125 1676; x_wconf 90' lang='lat' dir='ltr'>ceci-</span> 
     </span>
    </p>
   </div>
   <div class='ocr_carea' id='block_1_20' title="bbox 533 1708 2202 1783">
    <p class='ocr_par' dir='ltr' id='par_1_20' title="bbox 533 1708 2202 1783">
     <span class='ocr_line' id='line_1_20' title="bbox 533 1708 2202 1783; baseline -0.001 -17"><span class='ocrx_word' id='word_1_128' title='bbox 533 1709 726 1766; x_wconf 88' lang='lat' dir='ltr'>derant</span> <span class='ocrx_word' id='word_1_129' title='bbox 750 1709 809 1764; x_wconf 90' lang='lat' dir='ltr'>in</span> <span class='ocrx_word' id='word_1_130' title='bbox 840 1708 1128 1765; x_wconf 90' lang='lat' dir='ltr'>interitum</span> <span class='ocrx_word' id='word_1_131' title='bbox 1159 1726 1269 1765; x_wconf 84' lang='lat' dir='ltr'>sua</span> <span class='ocrx_word' id='word_1_132' title='bbox 1299 1708 1647 1781; x_wconf 87' lang='lat' dir='ltr'>perditionis,</span> <span class='ocrx_word' id='word_1_133' title='bbox 1669 1726 1733 1765; x_wconf 92' lang='lat' dir='ltr'>eo</span> <span class='ocrx_word' id='word_1_134' title='bbox 1754 1709 1903 1783; x_wconf 92' lang='lat' dir='ltr'>quod</span> <span class='ocrx_word' id='word_1_135' title='bbox 1931 1709 2121 1783; x_wconf 88' lang='lat' dir='ltr'>decep-</span> <span class='ocrx_word' id='word_1_136' title='bbox 2159 1713 2202 1774; x_wconf 82' lang='grc' dir='ltr'>Β</span> 
     </span>
    </p>
   </div>
   <div class='ocr_carea' id='block_1_21' title="bbox 532 1797 2131 1872">
    <p class='ocr_par' dir='ltr' id='par_1_21' title="bbox 532 1797 2131 1872">
     <span class='ocr_line' id='line_1_21' title="bbox 532 1797 2131 1872; baseline 0 -18"><span class='ocrx_word' id='word_1_137' title='bbox 532 1806 677 1854; x_wconf 87' lang='lat' dir='ltr'>tores</span> <span class='ocrx_word' id='word_1_138' title='bbox 724 1798 932 1853; x_wconf 84' lang='lat' dir='ltr'>fuerint</span> <span class='ocrx_word' id='word_1_139' title='bbox 980 1798 1184 1869; x_wconf 89' lang='lat' dir='ltr'>populo</span> <span class='ocrx_word' id='word_1_140' title='bbox 1233 1797 1353 1853; x_wconf 89' lang='lat' dir='ltr'>Dei.</span> <span class='ocrx_word' id='word_1_141' title='bbox 1399 1798 1581 1872; x_wconf 90' lang='lat' dir='ltr'>Iniqui</span> <span class='ocrx_word' id='word_1_142' title='bbox 1627 1814 1759 1854; x_wconf 90' lang='lat' dir='ltr'>vero</span> <span class='ocrx_word' id='word_1_143' title='bbox 1805 1797 2001 1868; x_wconf 87' lang='lat' dir='ltr'>Judai,</span> <span class='ocrx_word' id='word_1_144' title='bbox 2035 1797 2131 1871; x_wconf 88' lang='lat' dir='ltr'>qui</span> 
     </span>
    </p>
   </div>
   <div class='ocr_carea' id='block_1_22' title="bbox 531 1885 2132 1961">
    <p class='ocr_par' dir='ltr' id='par_1_22' title="bbox 531 1885 2132 1961">
     <span class='ocr_line' id='line_1_22' title="bbox 531 1885 2132 1961; baseline 0.001 -19"><span class='ocrx_word' id='word_1_145' title='bbox 531 1886 832 1942; x_wconf 91' lang='lat' dir='ltr'>Dominum</span> <span class='ocrx_word' id='word_1_146' title='bbox 872 1885 1287 1953; x_wconf 86' lang='lat' dir='ltr'>interfecerunt,</span> <span class='ocrx_word' id='word_1_147' title='bbox 1331 1893 1386 1942; x_wconf 89' lang='lat' dir='ltr'>et</span> <span class='ocrx_word' id='word_1_148' title='bbox 1431 1887 1706 1959; x_wconf 87' lang='lat' dir='ltr'>apostolos</span> <span class='ocrx_word' id='word_1_149' title='bbox 1766 1887 1883 1960; x_wconf 85' lang='lat' dir='ltr'>ejus</span> <span class='ocrx_word' id='word_1_150' title='bbox 1935 1903 2132 1961; x_wconf 91' lang='lat' dir='ltr'>perse—</span> 
     </span>
    </p>
   </div>
   <div class='ocr_carea' id='block_1_23' title="bbox 533 1974 2129 2049">
    <p class='ocr_par' dir='ltr' id='par_1_23' title="bbox 533 1974 2129 2049">
     <span class='ocr_line' id='line_1_23' title="bbox 533 1974 2129 2049; baseline 0.001 -17"><span class='ocrx_word' id='word_1_151' title='bbox 533 1975 649 2032; x_wconf 89' lang='lat' dir='ltr'>cuti</span> <span class='ocrx_word' id='word_1_152' title='bbox 691 1981 839 2043; x_wconf 90' lang='lat' dir='ltr'>sunt,</span> <span class='ocrx_word' id='word_1_153' title='bbox 883 1974 979 2047; x_wconf 91' lang='lat' dir='ltr'>qui</span> <span class='ocrx_word' id='word_1_154' title='bbox 1020 1974 1079 2029; x_wconf 92' lang='lat' dir='ltr'>in</span> <span class='ocrx_word' id='word_1_155' title='bbox 1119 1975 1313 2048; x_wconf 89' lang='lat' dir='ltr'>quinto</span> <span class='ocrx_word' id='word_1_156' title='bbox 1349 1986 1632 2049; x_wconf 89' lang='lat' dir='ltr'>ponuntur</span> <span class='ocrx_word' id='word_1_157' title='bbox 1668 1978 1829 2047; x_wconf 87' lang='lat' dir='ltr'>loco;</span> <span class='ocrx_word' id='word_1_158' title='bbox 1877 1994 1942 2034; x_wconf 92' lang='lat' dir='ltr'>eo</span> <span class='ocrx_word' id='word_1_159' title='bbox 1997 1986 2129 2034; x_wconf 88' lang='lat' dir='ltr'>tem-</span> 
     </span>
    </p>
   </div>
   <div class='ocr_carea' id='block_1_24' title="bbox 533 2065 2131 2142">
    <p class='ocr_par' dir='ltr' id='par_1_24' title="bbox 533 2065 2131 2142">
     <span class='ocr_line' id='line_1_24' title="bbox 533 2065 2131 2142; baseline 0.003 -20"><span class='ocrx_word' id='word_1_160' title='bbox 533 2082 665 2139; x_wconf 85' lang='lat' dir='ltr'>pore</span> <span class='ocrx_word' id='word_1_161' title='bbox 710 2081 819 2138; x_wconf 90' lang='lat' dir='ltr'>quo</span> <span class='ocrx_word' id='word_1_162' title='bbox 857 2065 978 2122; x_wconf 81' lang='lat' dir='ltr'>hac</span> <span class='ocrx_word' id='word_1_163' title='bbox 1021 2065 1164 2122; x_wconf 90' lang='lat' dir='ltr'>visio</span> <span class='ocrx_word' id='word_1_164' title='bbox 1196 2066 1395 2124; x_wconf 87' lang='lat' dir='ltr'>Joanni</span> <span class='ocrx_word' id='word_1_165' title='bbox 1439 2068 1811 2126; x_wconf 89' lang='lat' dir='ltr'>demonstrata</span> <span class='ocrx_word' id='word_1_166' title='bbox 1837 2076 1938 2139; x_wconf 89' lang='lat' dir='ltr'>est,</span> <span class='ocrx_word' id='word_1_167' title='bbox 1960 2067 2075 2142; x_wconf 88' lang='lat' dir='ltr'>jam</span> <span class='ocrx_word' id='word_1_168' title='bbox 2099 2087 2131 2127; x_wconf 88' lang='lat' dir='ltr'>a</span> 
     </span>
    </p>
   </div>
   <div class='ocr_carea' id='block_1_25' title="bbox 532 2155 2131 2232">
    <p class='ocr_par' dir='ltr' id='par_1_25' title="bbox 532 2155 2131 2232">
     <span class='ocr_line' id='line_1_25' title="bbox 532 2155 2131 2232; baseline 0.001 -18"><span class='ocrx_word' id='word_1_169' title='bbox 532 2155 795 2214; x_wconf 84' lang='lat' dir='ltr'>Romanis</span> <span class='ocrx_word' id='word_1_170' title='bbox 850 2155 1117 2213; x_wconf 88' lang='lat' dir='ltr'>devastati</span> <span class='ocrx_word' id='word_1_171' title='bbox 1170 2156 1408 2214; x_wconf 86' lang='lat' dir='ltr'>fuerant.</span> <span class='ocrx_word' id='word_1_172' title='bbox 1461 2157 1716 2232; x_wconf 89' lang='lat' dir='ltr'>Quinque</span> <span class='ocrx_word' id='word_1_173' title='bbox 1771 2175 1899 2232; x_wconf 87' lang='lat' dir='ltr'>ergo</span> <span class='ocrx_word' id='word_1_174' title='bbox 1951 2159 2131 2232; x_wconf 88' lang='lat' dir='ltr'>capita</span> 
     </span>
    </p>
   </div>
   <div class='ocr_carea' id='block_1_26' title="bbox 532 2242 2121 2320">
    <p class='ocr_par' dir='ltr' id='par_1_26' title="bbox 532 2242 2121 2320">
     <span class='ocr_line' id='line_1_26' title="bbox 532 2242 2121 2320; baseline 0.002 -20"><span class='ocrx_word' id='word_1_175' title='bbox 532 2242 720 2301; x_wconf 89' lang='lat' dir='ltr'>bestia</span> <span class='ocrx_word' id='word_1_176' title='bbox 745 2243 853 2317; x_wconf 85' lang='lat' dir='ltr'>jam</span> <span class='ocrx_word' id='word_1_177' title='bbox 882 2244 1211 2314; x_wconf 85' lang='lat' dir='ltr'>ceciderant,</span> <span class='ocrx_word' id='word_1_178' title='bbox 1241 2262 1360 2318; x_wconf 81' lang='lat' dir='ltr'>qua</span> <span class='ocrx_word' id='word_1_179' title='bbox 1389 2254 1601 2303; x_wconf 86' lang='lat' dir='ltr'>montes</span> <span class='ocrx_word' id='word_1_180' title='bbox 1639 2264 1898 2320; x_wconf 82' lang='lat' dir='ltr'>regesque</span> <span class='ocrx_word' id='word_1_181' title='bbox 1927 2248 2121 2304; x_wconf 91' lang='lat' dir='ltr'>nomi-</span> 
     </span>
    </p>
   </div>
   <div class='ocr_carea' id='block_1_27' title="bbox 534 2335 2128 2410">
    <p class='ocr_par' dir='ltr' id='par_1_27' title="bbox 534 2335 2128 2410">
     <span class='ocr_line' id='line_1_27' title="bbox 534 2335 2128 2410; baseline 0.001 -20"><span class='ocrx_word' id='word_1_182' title='bbox 534 2342 774 2402; x_wconf 86' lang='lat' dir='ltr'>nantur;</span> <span class='ocrx_word' id='word_1_183' title='bbox 823 2335 954 2407; x_wconf 88' lang='lat' dir='ltr'>quia</span> <span class='ocrx_word' id='word_1_184' title='bbox 1000 2351 1191 2391; x_wconf 89' lang='lat' dir='ltr'>omnes</span> <span class='ocrx_word' id='word_1_185' title='bbox 1235 2336 1621 2406; x_wconf 82' lang='lat' dir='ltr'>praecedentes,</span> <span class='ocrx_word' id='word_1_186' title='bbox 1653 2345 1707 2392; x_wconf 89' lang='lat' dir='ltr'>et</span> <span class='ocrx_word' id='word_1_187' title='bbox 1752 2336 1912 2410; x_wconf 90' lang='lat' dir='ltr'>impii</span> <span class='ocrx_word' id='word_1_188' title='bbox 1953 2336 2128 2394; x_wconf 82' lang='lat' dir='ltr'>Judai</span> 
     </span>
    </p>
   </div>
   <div class='ocr_carea' id='block_1_28' title="bbox 535 2423 2129 2498">
    <p class='ocr_par' dir='ltr' id='par_1_28' title="bbox 535 2423 2129 2498">
     <span class='ocr_line' id='line_1_28' title="bbox 535 2423 2129 2498; baseline 0.001 -18"><span class='ocrx_word' id='word_1_189' title='bbox 535 2424 631 2498; x_wconf 91' lang='lat' dir='ltr'>qui</span> <span class='ocrx_word' id='word_1_190' title='bbox 662 2423 719 2479; x_wconf 93' lang='lat' dir='ltr'>in</span> <span class='ocrx_word' id='word_1_191' title='bbox 748 2424 945 2496; x_wconf 91' lang='lat' dir='ltr'>quinto</span> <span class='ocrx_word' id='word_1_192' title='bbox 992 2425 1113 2481; x_wconf 92' lang='lat' dir='ltr'>loco</span> <span class='ocrx_word' id='word_1_193' title='bbox 1161 2431 1463 2496; x_wconf 88' lang='lat' dir='ltr'>ponuntur,</span> <span class='ocrx_word' id='word_1_194' title='bbox 1487 2423 1601 2496; x_wconf 90' lang='lat' dir='ltr'>jam</span> <span class='ocrx_word' id='word_1_195' title='bbox 1645 2424 1973 2497; x_wconf 87' lang='lat' dir='ltr'>perditionis</span> <span class='ocrx_word' id='word_1_196' title='bbox 2019 2442 2129 2481; x_wconf 88' lang='lat' dir='ltr'>suae</span> 
     </span>
    </p>
   </div>
   <div class='ocr_carea' id='block_1_29' title="bbox 533 2511 2129 2586">
    <p class='ocr_par' dir='ltr' id='par_1_29' title="bbox 533 2511 2129 2586">
     <span class='ocr_line' id='line_1_29' title="bbox 533 2511 2129 2586; baseline 0.001 -19"><span class='ocrx_word' id='word_1_197' title='bbox 533 2524 721 2585; x_wconf 76' lang='lat' dir='ltr'>panes</span> <span class='ocrx_word' id='word_1_198' title='bbox 750 2511 991 2567; x_wconf 85' lang='lat' dir='ltr'>luebant.</span> <span class='ocrx_word' id='word_1_199' title='bbox 1034 2512 1185 2569; x_wconf 90' lang='lat' dir='ltr'>Unus</span> <span class='ocrx_word' id='word_1_200' title='bbox 1214 2520 1367 2581; x_wconf 89' lang='lat' dir='ltr'>erat;</span> <span class='ocrx_word' id='word_1_201' title='bbox 1400 2513 1530 2586; x_wconf 88' lang='lat' dir='ltr'>quia</span> <span class='ocrx_word' id='word_1_202' title='bbox 1558 2513 1775 2585; x_wconf 87' lang='lat' dir='ltr'>pagani,</span> <span class='ocrx_word' id='word_1_203' title='bbox 1809 2514 1895 2569; x_wconf 90' lang='lat' dir='ltr'>illi</span> <span class='ocrx_word' id='word_1_204' title='bbox 1933 2512 2129 2569; x_wconf 89' lang='lat' dir='ltr'>videli-</span> 
     </span>
    </p>
   </div>
   <div class='ocr_carea' id='block_1_30' title="bbox 533 2600 2129 2676">
    <p class='ocr_par' dir='ltr' id='par_1_30' title="bbox 533 2600 2129 2676">
     <span class='ocr_line' id='line_1_30' title="bbox 533 2600 2129 2676; baseline 0.001 -17"><span class='ocrx_word' id='word_1_205' title='bbox 533 2608 620 2659; x_wconf 85' lang='lat' dir='ltr'>cet</span> <span class='ocrx_word' id='word_1_206' title='bbox 666 2601 762 2674; x_wconf 90' lang='lat' dir='ltr'>qui</span> <span class='ocrx_word' id='word_1_207' title='bbox 808 2600 1111 2659; x_wconf 90' lang='lat' dir='ltr'>Ecclesiam</span> <span class='ocrx_word' id='word_1_208' title='bbox 1153 2602 1253 2659; x_wconf 91' lang='lat' dir='ltr'>Dei</span> <span class='ocrx_word' id='word_1_209' title='bbox 1296 2603 1567 2676; x_wconf 86' lang='lat' dir='ltr'>persecuti</span> <span class='ocrx_word' id='word_1_210' title='bbox 1624 2612 1773 2673; x_wconf 89' lang='lat' dir='ltr'>sunt,</span> <span class='ocrx_word' id='word_1_211' title='bbox 1815 2604 1909 2676; x_wconf 90' lang='lat' dir='ltr'>qui</span> <span class='ocrx_word' id='word_1_212' title='bbox 1970 2611 2024 2660; x_wconf 90' lang='lat' dir='ltr'>et</span> <span class='ocrx_word' id='word_1_213' title='bbox 2072 2604 2129 2661; x_wconf 91' lang='lat' dir='ltr'>in</span> 
     </span>
    </p>
   </div>
   <div class='ocr_carea' id='block_1_31' title="bbox 534 2692 2129 2766">
    <p class='ocr_par' dir='ltr' id='par_1_31' title="bbox 534 2692 2129 2766">
     <span class='ocr_line' id='line_1_31' title="bbox 534 2692 2129 2766; baseline 0.001 -18"><span class='ocrx_word' id='word_1_214' title='bbox 534 2699 691 2748; x_wconf 86' lang='lat' dir='ltr'>sexto</span> <span class='ocrx_word' id='word_1_215' title='bbox 742 2692 863 2748; x_wconf 93' lang='lat' dir='ltr'>loco</span> <span class='ocrx_word' id='word_1_216' title='bbox 914 2700 1219 2764; x_wconf 91' lang='lat' dir='ltr'>ponuntur,</span> <span class='ocrx_word' id='word_1_217' title='bbox 1257 2700 1391 2751; x_wconf 91' lang='lat' dir='ltr'>tunc</span> <span class='ocrx_word' id='word_1_218' title='bbox 1441 2694 1746 2750; x_wconf 90' lang='lat' dir='ltr'>Ecclesiam</span> <span class='ocrx_word' id='word_1_219' title='bbox 1801 2694 1902 2750; x_wconf 90' lang='lat' dir='ltr'>Dei</span> <span class='ocrx_word' id='word_1_220' title='bbox 1952 2709 2129 2766; x_wconf 82' lang='lat' dir='ltr'>perse-</span> 
     </span>
    </p>
   </div>
   <div class='ocr_carea' id='block_1_32' title="bbox 534 2780 2129 2856">
    <p class='ocr_par' dir='ltr' id='par_1_32' title="bbox 534 2780 2129 2856">
     <span class='ocr_line' id='line_1_32' title="bbox 534 2780 2129 2856; baseline 0.001 -19"><span class='ocrx_word' id='word_1_221' title='bbox 534 2780 885 2855; x_wconf 87' lang='lat' dir='ltr'>quebantur;</span> <span class='ocrx_word' id='word_1_222' title='bbox 932 2782 1003 2838; x_wconf 90' lang='lat' dir='ltr'>ob</span> <span class='ocrx_word' id='word_1_223' title='bbox 1041 2799 1204 2856; x_wconf 89' lang='lat' dir='ltr'>quam</span> <span class='ocrx_word' id='word_1_224' title='bbox 1266 2800 1484 2841; x_wconf 89' lang='lat' dir='ltr'>causam</span> <span class='ocrx_word' id='word_1_225' title='bbox 1534 2791 1589 2840; x_wconf 91' lang='lat' dir='ltr'>et</span> <span class='ocrx_word' id='word_1_226' title='bbox 1641 2784 1743 2840; x_wconf 91' lang='lat' dir='ltr'>iste</span> <span class='ocrx_word' id='word_1_227' title='bbox 1792 2783 2028 2840; x_wconf 86' lang='lat' dir='ltr'>Joannes</span> <span class='ocrx_word' id='word_1_228' title='bbox 2070 2783 2129 2839; x_wconf 92' lang='lat' dir='ltr'>in</span> 
     </span>
    </p>
   </div>
   <div class='ocr_carea' id='block_1_33' title="bbox 536 2871 2128 2945">
    <p class='ocr_par' dir='ltr' id='par_1_33' title="bbox 536 2871 2128 2945">
     <span class='ocr_line' id='line_1_33' title="bbox 536 2871 2128 2945; baseline 0.001 -18"><span class='ocrx_word' id='word_1_229' title='bbox 536 2872 758 2928; x_wconf 87' lang='lat' dir='ltr'>Patmos</span> <span class='ocrx_word' id='word_1_230' title='bbox 804 2871 986 2927; x_wconf 89' lang='lat' dir='ltr'>insula</span> <span class='ocrx_word' id='word_1_231' title='bbox 1032 2874 1302 2945; x_wconf 86' lang='lat' dir='ltr'>relegatus</span> <span class='ocrx_word' id='word_1_232' title='bbox 1346 2874 1654 2930; x_wconf 90' lang='lat' dir='ltr'>tenebatur.</span> <span class='ocrx_word' id='word_1_233' title='bbox 1687 2873 1848 2929; x_wconf 85' lang='lat' dir='ltr'>Alius</span> <span class='ocrx_word' id='word_1_234' title='bbox 1881 2874 2128 2930; x_wconf 90' lang='lat' dir='ltr'>nondum</span> 
     </span>
    </p>
   </div>
   <div class='ocr_carea' id='block_1_34' title="bbox 534 2960 2127 3036">
    <p class='ocr_par' dir='ltr' id='par_1_34' title="bbox 534 2960 2127 3036">
     <span class='ocr_line' id='line_1_34' title="bbox 534 2960 2127 3036; baseline 0.003 -20"><span class='ocrx_word' id='word_1_235' title='bbox 534 2969 789 3029; x_wconf 88' lang='lat' dir='ltr'>venerat;</span> <span class='ocrx_word' id='word_1_236' title='bbox 824 2960 956 3033; x_wconf 89' lang='lat' dir='ltr'>quia</span> <span class='ocrx_word' id='word_1_237' title='bbox 988 2962 1367 3018; x_wconf 88' lang='lat' dir='ltr'>Antichristus</span> <span class='ocrx_word' id='word_1_238' title='bbox 1395 2962 1490 3034; x_wconf 89' lang='lat' dir='ltr'>qui</span> <span class='ocrx_word' id='word_1_239' title='bbox 1519 2963 1578 3019; x_wconf 91' lang='lat' dir='ltr'>in</span> <span class='ocrx_word' id='word_1_240' title='bbox 1607 2964 1841 3035; x_wconf 88' lang='lat' dir='ltr'>septimo</span> <span class='ocrx_word' id='word_1_241' title='bbox 1874 2965 1998 3020; x_wconf 93' lang='lat' dir='ltr'>loco</span> <span class='ocrx_word' id='word_1_242' title='bbox 2027 2980 2127 3036; x_wconf 80' lang='lat' dir='ltr'>po—</span> 
     </span>
    </p>
   </div>
   <div class='ocr_carea' id='block_1_35' title="bbox 534 3048 2127 3124">
    <p class='ocr_par' dir='ltr' id='par_1_35' title="bbox 534 3048 2127 3124">
     <span class='ocr_line' id='line_1_35' title="bbox 534 3048 2127 3124; baseline 0.001 -18"><span class='ocrx_word' id='word_1_243' title='bbox 534 3051 708 3119; x_wconf 88' lang='lat' dir='ltr'>nitur,</span> <span class='ocrx_word' id='word_1_244' title='bbox 767 3048 1017 3105; x_wconf 89' lang='lat' dir='ltr'>nondum</span> <span class='ocrx_word' id='word_1_245' title='bbox 1068 3050 1261 3117; x_wconf 88' lang='lat' dir='ltr'>venit;</span> <span class='ocrx_word' id='word_1_246' title='bbox 1328 3058 1382 3106; x_wconf 91' lang='lat' dir='ltr'>et</span> <span class='ocrx_word' id='word_1_247' title='bbox 1435 3066 1562 3107; x_wconf 88' lang='lat' dir='ltr'>cum</span> <span class='ocrx_word' id='word_1_248' title='bbox 1620 3051 1857 3117; x_wconf 86' lang='lat' dir='ltr'>venerit,</span> <span class='ocrx_word' id='word_1_249' title='bbox 1911 3059 2127 3124; x_wconf 86' lang='lat' dir='ltr'>oportet</span> 
     </span>
    </p>
   </div>
   <div class='ocr_carea' id='block_1_36' title="bbox 533 3134 2129 3213">
    <p class='ocr_par' dir='ltr' id='par_1_36' title="bbox 533 3134 2129 3213">
     <span class='ocr_line' id='line_1_36' title="bbox 533 3134 2129 3213; baseline 0.001 -19"><span class='ocrx_word' id='word_1_250' title='bbox 533 3134 693 3194; x_wconf 89' lang='lat' dir='ltr'>illum</span> <span class='ocrx_word' id='word_1_251' title='bbox 733 3136 902 3195; x_wconf 88' lang='lat' dir='ltr'>breve</span> <span class='ocrx_word' id='word_1_252' title='bbox 944 3145 1168 3212; x_wconf 85' lang='lat' dir='ltr'>tempus</span> <span class='ocrx_word' id='word_1_253' title='bbox 1222 3155 1474 3208; x_wconf 88' lang='lat' dir='ltr'>manere;</span> <span class='ocrx_word' id='word_1_254' title='bbox 1508 3139 1638 3213; x_wconf 82' lang='lat' dir='ltr'>quia</span> <span class='ocrx_word' id='word_1_255' title='bbox 1677 3140 1947 3196; x_wconf 86' lang='lat' dir='ltr'>Dominus</span> <span class='ocrx_word' id='word_1_256' title='bbox 1974 3141 2129 3196; x_wconf 87' lang='lat' dir='ltr'>Jesus</span> 
     </span>
    </p>
   </div>
   <div class='ocr_carea' id='block_1_37' title="bbox 530 3227 2129 3302">
    <p class='ocr_par' dir='ltr' id='par_1_37' title="bbox 530 3227 2129 3302">
     <span class='ocr_line' id='line_1_37' title="bbox 530 3227 2129 3302; baseline 0.001 -18"><span class='ocrx_word' id='word_1_257' title='bbox 530 3227 825 3286; x_wconf 86' lang='lat' dir='ltr'>interﬁciet</span> <span class='ocrx_word' id='word_1_258' title='bbox 854 3245 981 3285; x_wconf 91' lang='lat' dir='ltr'>eum</span> <span class='ocrx_word' id='word_1_259' title='bbox 1013 3228 1219 3302; x_wconf 88' lang='lat' dir='ltr'>spiritu</span> <span class='ocrx_word' id='word_1_260' title='bbox 1249 3230 1361 3286; x_wconf 90' lang='lat' dir='ltr'>oris</span> <span class='ocrx_word' id='word_1_261' title='bbox 1389 3229 1497 3296; x_wconf 86' lang='lat' dir='ltr'>sui,</span> <span class='ocrx_word' id='word_1_262' title='bbox 1519 3237 1574 3286; x_wconf 90' lang='lat' dir='ltr'>et</span> <span class='ocrx_word' id='word_1_263' title='bbox 1601 3229 1847 3286; x_wconf 86' lang='lat' dir='ltr'>destruet</span> <span class='ocrx_word' id='word_1_264' title='bbox 1875 3231 2129 3287; x_wconf 87' lang='lat' dir='ltr'>illustra-</span> 
     </span>
    </p>
   </div>
   <div class='ocr_carea' id='block_1_38' title="bbox 529 3319 2129 3393">
    <p class='ocr_par' dir='ltr' id='par_1_38' title="bbox 529 3319 2129 3393">
     <span class='ocr_line' id='line_1_38' title="bbox 529 3319 2129 3393; baseline 0 -17"><span class='ocrx_word' id='word_1_265' title='bbox 529 3319 681 3377; x_wconf 89' lang='lat' dir='ltr'>tione</span> <span class='ocrx_word' id='word_1_266' title='bbox 710 3319 1001 3389; x_wconf 87' lang='lat' dir='ltr'>adventus,</span> <span class='ocrx_word' id='word_1_267' title='bbox 1039 3319 1186 3377; x_wconf 86' lang='lat' dir='ltr'>sicut</span> <span class='ocrx_word' id='word_1_268' title='bbox 1214 3320 1330 3393; x_wconf 91' lang='lat' dir='ltr'>ipse</span> <span class='ocrx_word' id='word_1_269' title='bbox 1358 3320 1497 3377; x_wconf 88' lang='lat' dir='ltr'>dicit</span> <span class='ocrx_word' id='word_1_270' title='bbox 1526 3320 1584 3376; x_wconf 91' lang='lat' dir='ltr'>in</span> <span class='ocrx_word' id='word_1_271' title='bbox 1610 3320 1912 3393; x_wconf 81' lang='lat' dir='ltr'>Evangelia</span> <span class='ocrx_word' id='word_1_272' title='bbox 1947 3338 1959 3377; x_wconf 90' lang='lat'><strong>:</strong></span> <span class='ocrx_word' id='word_1_273' title='bbox 2009 3344 2028 3368; x_wconf 80' lang='grc' dir='ltr'>ι</span> <span class='ocrx_word' id='word_1_274' title='bbox 2058 3321 2129 3376; x_wconf 90' lang='lat' dir='ltr'>Et</span> 
     </span>
    </p>
   </div>
   <div class='ocr_carea' id='block_1_39' title="bbox 529 3406 2127 3482">
    <p class='ocr_par' dir='ltr' id='par_1_39' title="bbox 529 3406 2127 3482">
     <span class='ocr_line' id='line_1_39' title="bbox 529 3406 2127 3482; baseline -0.001 -16"><span class='ocrx_word' id='word_1_275' title='bbox 529 3408 638 3466; x_wconf 89' lang='lat' dir='ltr'>nisi</span> <span class='ocrx_word' id='word_1_276' title='bbox 667 3408 938 3466; x_wconf 90' lang='lat' dir='ltr'>Dominus</span> <span class='ocrx_word' id='word_1_277' title='bbox 964 3406 1267 3467; x_wconf 84' lang='lat' dir='ltr'>breviasset</span> <span class='ocrx_word' id='word_1_278' title='bbox 1306 3408 1423 3466; x_wconf 90' lang='lat' dir='ltr'>dies</span> <span class='ocrx_word' id='word_1_279' title='bbox 1461 3409 1608 3479; x_wconf 90' lang='lat' dir='ltr'>illos,</span> <span class='ocrx_word' id='word_1_280' title='bbox 1638 3409 1696 3465; x_wconf 89' lang='lat' dir='ltr'>id</span> <span class='ocrx_word' id='word_1_281' title='bbox 1726 3417 1829 3479; x_wconf 88' lang='lat' dir='ltr'>est,</span> <span class='ocrx_word' id='word_1_282' title='bbox 1860 3409 1978 3466; x_wconf 89' lang='lat' dir='ltr'>dies</span> <span class='ocrx_word' id='word_1_283' title='bbox 2011 3425 2127 3482; x_wconf 88' lang='lat' dir='ltr'>per-</span> 
     </span>
    </p>
   </div>
   <div class='ocr_carea' id='block_1_40' title="bbox 529 3498 2128 3569">
    <p class='ocr_par' dir='ltr' id='par_1_40' title="bbox 529 3498 2128 3569">
     <span class='ocr_line' id='line_1_40' title="bbox 529 3498 2128 3569; baseline -0.001 -12"><span class='ocrx_word' id='word_1_284' title='bbox 529 3498 829 3557; x_wconf 85' lang='lat' dir='ltr'>secutionis</span> <span class='ocrx_word' id='word_1_285' title='bbox 882 3499 1234 3569; x_wconf 89' lang='lat' dir='ltr'>Antichristi,</span> <span class='ocrx_word' id='word_1_286' title='bbox 1311 3515 1422 3555; x_wconf 88' lang='lat' dir='ltr'>non</span> <span class='ocrx_word' id='word_1_287' title='bbox 1496 3499 1651 3554; x_wconf 87' lang='lat' dir='ltr'>ﬁeret</span> <span class='ocrx_word' id='word_1_288' title='bbox 1716 3500 1870 3555; x_wconf 88' lang='lat' dir='ltr'>salva</span> <span class='ocrx_word' id='word_1_289' title='bbox 1947 3500 2128 3556; x_wconf 89' lang='lat' dir='ltr'>omnis</span> 
     </span>
    </p>
   </div>
   <div class='ocr_carea' id='block_1_41' title="bbox 528 3588 2129 3661">
    <p class='ocr_par' dir='ltr' id='par_1_41' title="bbox 528 3588 2129 3661">
     <span class='ocr_line' id='line_1_41' title="bbox 528 3588 2129 3661; baseline 0.001 -17"><span class='ocrx_word' id='word_1_290' title='bbox 528 3604 654 3645; x_wconf 88' lang='lat' dir='ltr'>caro</span> <span class='ocrx_word' id='word_1_291' title='bbox 685 3590 878 3661; x_wconf 82' lang='lat' dir='ltr'>(Marc.</span> <span class='ocrx_word' id='word_1_292' title='bbox 911 3606 1034 3658; x_wconf 84' lang='lat' dir='ltr'>xm,</span> <span class='ocrx_word' id='word_1_293' title='bbox 1071 3588 1201 3660; x_wconf 73' lang='lat'>20);</span> <span class='ocrx_word' id='word_1_294' title='bbox 1235 3613 1254 3639; x_wconf 77' lang='grc' dir='ltr'><strong>ι</strong></span> <span class='ocrx_word' id='word_1_295' title='bbox 1299 3604 1396 3661; x_wconf 90' lang='lat' dir='ltr'>per</span> <span class='ocrx_word' id='word_1_296' title='bbox 1445 3604 1667 3645; x_wconf 92' lang='lat' dir='ltr'>omnem</span> <span class='ocrx_word' id='word_1_297' title='bbox 1718 3604 1939 3646; x_wconf 90' lang='lat' dir='ltr'>carnem</span> <span class='ocrx_word' id='word_1_298' title='bbox 1984 3590 2129 3647; x_wconf 90' lang='lat' dir='ltr'>solos</span> 
     </span>
    </p>
   </div>
   <div class='ocr_carea' id='block_1_42' title="bbox 530 3676 1076 3749">
    <p class='ocr_par' dir='ltr' id='par_1_42' title="bbox 530 3676 1076 3749">
     <span class='ocr_line' id='line_1_42' title="bbox 530 3676 1076 3749; baseline 0 -17"><span class='ocrx_word' id='word_1_299' title='bbox 530 3677 734 3732; x_wconf 88' lang='lat' dir='ltr'>electos</span> <span class='ocrx_word' id='word_1_300' title='bbox 761 3676 1076 3749; x_wconf 82' lang='lat' dir='ltr'>designans.</span> 
     </span>
    </p>
   </div>
   <div class='ocr_carea' id='block_1_43' title="bbox 603 3763 2130 3837">
    <p class='ocr_par' dir='ltr' id='par_1_43' title="bbox 603 3763 2130 3837">
     <span class='ocr_line' id='line_1_43' title="bbox 603 3763 2130 3837; baseline 0 -16"><span class='ocrx_word' id='word_1_301' title='bbox 603 3763 786 3837; x_wconf 80' lang='lat' dir='ltr'>(Vera.</span> <span class='ocrx_word' id='word_1_302' title='bbox 818 3765 933 3837; x_wconf 89' lang='grc'><strong>11.)</strong></span> <span class='ocrx_word' id='word_1_303' title='bbox 960 3766 1033 3820; x_wconf 84' lang='grc' dir='ltr'>Ει</span> <span class='ocrx_word' id='word_1_304' title='bbox 1070 3763 1232 3820; x_wconf 79' lang='lat' dir='ltr'>bestia</span> <span class='ocrx_word' id='word_1_305' title='bbox 1259 3778 1378 3836; x_wconf 73' lang='lat' dir='ltr'>qua</span> <span class='ocrx_word' id='word_1_306' title='bbox 1406 3768 1539 3833; x_wconf 86' lang='lat' dir='ltr'>erat,</span> <span class='ocrx_word' id='word_1_307' title='bbox 1570 3768 1620 3820; x_wconf 88' lang='lat' dir='ltr'>et</span> <span class='ocrx_word' id='word_1_308' title='bbox 1656 3780 1763 3819; x_wconf 82' lang='lat' dir='ltr'>non</span> <span class='ocrx_word' id='word_1_309' title='bbox 1799 3769 1892 3835; x_wconf 88' lang='lat' dir='ltr'>est,</span> <span class='ocrx_word' id='word_1_310' title='bbox 1921 3770 1969 3821; x_wconf 88' lang='lat' dir='ltr'>et</span> <span class='ocrx_word' id='word_1_311' title='bbox 2010 3766 2130 3837; x_wconf 82' lang='lat' dir='ltr'>ipsa</span> 
     </span>
    </p>
   </div>
   <div class='ocr_carea' id='block_1_44' title="bbox 529 3857 2124 3930">
    <p class='ocr_par' dir='ltr' id='par_1_44' title="bbox 529 3857 2124 3930">
     <span class='ocr_line' id='line_1_44' title="bbox 529 3857 2124 3930; baseline 0.003 -18"><span class='ocrx_word' id='word_1_312' title='bbox 529 3862 714 3913; x_wconf 81' lang='lat' dir='ltr'>octava</span> <span class='ocrx_word' id='word_1_313' title='bbox 752 3863 845 3926; x_wconf 84' lang='lat' dir='ltr'>est,</span> <span class='ocrx_word' id='word_1_314' title='bbox 886 3863 935 3913; x_wconf 85' lang='lat' dir='ltr'>et</span> <span class='ocrx_word' id='word_1_315' title='bbox 979 3857 1041 3913; x_wconf 88' lang='lat' dir='ltr'>de</span> <span class='ocrx_word' id='word_1_316' title='bbox 1083 3864 1274 3930; x_wconf 84' lang='lat' dir='ltr'>septem</span> <span class='ocrx_word' id='word_1_317' title='bbox 1321 3863 1426 3926; x_wconf 83' lang='lat' dir='ltr'>est;</span> <span class='ocrx_word' id='word_1_318' title='bbox 1460 3859 1599 3914; x_wconf 79' lang='lat' dir='ltr'>etin</span> <span class='ocrx_word' id='word_1_319' title='bbox 1641 3859 1915 3915; x_wconf 81' lang='lat' dir='ltr'>interitum</span> <span class='ocrx_word' id='word_1_320' title='bbox 1958 3859 2124 3916; x_wconf 80' lang='lat' dir='ltr'>vadit.</span> 
     </span>
    </p>
   </div>
   <div class='ocr_carea' id='block_1_45' title="bbox 528 3946 2128 4022">
    <p class='ocr_par' dir='ltr' id='par_1_45' title="bbox 528 3946 2128 4022">
     <span class='ocr_line' id='line_1_45' title="bbox 528 3946 2128 4022; baseline 0.003 -18"><span class='ocrx_word' id='word_1_321' title='bbox 528 3946 601 4004; x_wconf 89' lang='lat' dir='ltr'>Et</span> <span class='ocrx_word' id='word_1_322' title='bbox 629 3946 827 4018; x_wconf 88' lang='lat' dir='ltr'>bestia,</span> <span class='ocrx_word' id='word_1_323' title='bbox 858 3948 915 4005; x_wconf 92' lang='lat' dir='ltr'>id</span> <span class='ocrx_word' id='word_1_324' title='bbox 944 3955 1043 4019; x_wconf 88' lang='lat' dir='ltr'>est,</span> <span class='ocrx_word' id='word_1_325' title='bbox 1076 3948 1349 4018; x_wconf 87' lang='lat' dir='ltr'>diabolus,</span> <span class='ocrx_word' id='word_1_326' title='bbox 1371 3948 1467 4022; x_wconf 90' lang='lat' dir='ltr'>qui</span> <span class='ocrx_word' id='word_1_327' title='bbox 1497 3957 1623 4007; x_wconf 87' lang='lat' dir='ltr'>ante</span> <span class='ocrx_word' id='word_1_328' title='bbox 1647 3949 1947 4007; x_wconf 89' lang='lat' dir='ltr'>adventum</span> <span class='ocrx_word' id='word_1_329' title='bbox 1972 3950 2128 4009; x_wconf 87' lang='lat' dir='ltr'>Chri-</span> 
     </span>
    </p>
   </div>
   <div class='ocr_carea' id='block_1_46' title="bbox 528 4037 2130 4112">
    <p class='ocr_par' dir='ltr' id='par_1_46' title="bbox 528 4037 2130 4112">
     <span class='ocr_line' id='line_1_46' title="bbox 528 4037 2130 4112; baseline 0.002 -18"><span class='ocrx_word' id='word_1_330' title='bbox 528 4038 599 4095; x_wconf 90' lang='lat' dir='ltr'>sti</span> <span class='ocrx_word' id='word_1_331' title='bbox 637 4037 1032 4095; x_wconf 88' lang='lat' dir='ltr'>dominabatur</span> <span class='ocrx_word' id='word_1_332' title='bbox 1054 4038 1296 4095; x_wconf 89' lang='lat' dir='ltr'>humano</span> <span class='ocrx_word' id='word_1_333' title='bbox 1326 4039 1529 4112; x_wconf 85' lang='lat' dir='ltr'>generi,</span> <span class='ocrx_word' id='word_1_334' title='bbox 1561 4048 1616 4097; x_wconf 89' lang='lat' dir='ltr'>et</span> <span class='ocrx_word' id='word_1_335' title='bbox 1644 4039 1808 4097; x_wconf 92' lang='lat' dir='ltr'>modo</span> <span class='ocrx_word' id='word_1_336' title='bbox 1838 4057 1950 4096; x_wconf 89' lang='lat' dir='ltr'>non</span> <span class='ocrx_word' id='word_1_337' title='bbox 1979 4048 2130 4098; x_wconf 87' lang='lat' dir='ltr'>tenet</span> 
     </span>
    </p>
   </div>
   <div class='ocr_carea' id='block_1_47' title="bbox 528 4131 2124 4206">
    <p class='ocr_par' dir='ltr' id='par_1_47' title="bbox 528 4131 2124 4206">
     <span class='ocr_line' id='line_1_47' title="bbox 528 4131 2124 4206; baseline 0.001 -19"><span class='ocrx_word' id='word_1_338' title='bbox 528 4131 669 4189; x_wconf 90' lang='lat' dir='ltr'>illud</span> <span class='ocrx_word' id='word_1_339' title='bbox 698 4133 774 4190; x_wconf 88' lang='lat' dir='ltr'>ita</span> <span class='ocrx_word' id='word_1_340' title='bbox 814 4132 1146 4203; x_wconf 90' lang='lat' dir='ltr'>obnoxium,</span> <span class='ocrx_word' id='word_1_341' title='bbox 1180 4131 1643 4206; x_wconf 86' lang='lat' dir='ltr'>quemadmodum</span> <span class='ocrx_word' id='word_1_342' title='bbox 1696 4142 1830 4191; x_wconf 87' lang='lat' dir='ltr'>tunc</span> <span class='ocrx_word' id='word_1_343' title='bbox 1870 4132 2124 4203; x_wconf 86' lang='lat' dir='ltr'>faciebat,</span> 
     </span>
    </p>
   </div>
   <div class='ocr_carea' id='block_1_48' title="bbox 514 4214 2127 4300">
    <p class='ocr_par' dir='ltr' id='par_1_48' title="bbox 514 4214 2127 4300">
     <span class='ocr_line' id='line_1_48' title="bbox 514 4214 2127 4300; baseline 0.002 -21"><span class='ocrx_word' id='word_1_344' title='bbox 514 4214 648 4295; x_wconf 86' lang='lat' dir='ltr'>&#39;ipsa</span> <span class='ocrx_word' id='word_1_345' title='bbox 705 4224 921 4281; x_wconf 87' lang='lat' dir='ltr'>scilicet</span> <span class='ocrx_word' id='word_1_346' title='bbox 976 4223 1152 4281; x_wconf 87' lang='lat' dir='ltr'>bestia</span> <span class='ocrx_word' id='word_1_347' title='bbox 1213 4232 1408 4282; x_wconf 89' lang='lat' dir='ltr'>octava</span> <span class='ocrx_word' id='word_1_348' title='bbox 1458 4232 1559 4282; x_wconf 90' lang='lat' dir='ltr'>est.</span> <span class='ocrx_word' id='word_1_349' title='bbox 1616 4225 1839 4298; x_wconf 86' lang='lat' dir='ltr'>Septem</span> <span class='ocrx_word' id='word_1_350' title='bbox 1891 4243 2127 4300; x_wconf 89' lang='lat' dir='ltr'>namque</span> 
     </span>
    </p>
   </div>
   <div class='ocr_carea' id='block_1_49' title="bbox 527 4314 2128 4389">
    <p class='ocr_par' dir='ltr' id='par_1_49' title="bbox 527 4314 2128 4389">
     <span class='ocr_line' id='line_1_49' title="bbox 527 4314 2128 4389; baseline 0.002 -20"><span class='ocrx_word' id='word_1_351' title='bbox 527 4319 709 4384; x_wconf 88' lang='lat' dir='ltr'>partes</span> <span class='ocrx_word' id='word_1_352' title='bbox 740 4319 871 4370; x_wconf 88' lang='lat' dir='ltr'>sunt</span> <span class='ocrx_word' id='word_1_353' title='bbox 899 4314 1147 4370; x_wconf 89' lang='lat' dir='ltr'>omnium</span> <span class='ocrx_word' id='word_1_354' title='bbox 1178 4314 1557 4387; x_wconf 89' lang='lat' dir='ltr'>reproborum,</span> <span class='ocrx_word' id='word_1_355' title='bbox 1600 4322 1795 4373; x_wconf 88' lang='lat' dir='ltr'>octava</span> <span class='ocrx_word' id='word_1_356' title='bbox 1828 4331 1956 4372; x_wconf 90' lang='lat' dir='ltr'>vero</span> <span class='ocrx_word' id='word_1_357' title='bbox 2002 4333 2128 4389; x_wconf 89' lang='lat' dir='ltr'>pars</span> 
     </span>
    </p>
   </div>
   <div class='ocr_carea' id='block_1_50' title="bbox 528 4403 2126 4463">
    <p class='ocr_par' dir='ltr' id='par_1_50' title="bbox 528 4403 2126 4463">
     <span class='ocr_line' id='line_1_50' title="bbox 528 4403 2126 4463; baseline 0.002 -4"><span class='ocrx_word' id='word_1_358' title='bbox 528 4415 721 4459; x_wconf 90' lang='lat' dir='ltr'>eorum</span> <span class='ocrx_word' id='word_1_359' title='bbox 773 4411 857 4461; x_wconf 86' lang='lat' dir='ltr'>est</span> <span class='ocrx_word' id='word_1_360' title='bbox 902 4403 1159 4461; x_wconf 84' lang='lat' dir='ltr'>diabolus</span> <span class='ocrx_word' id='word_1_361' title='bbox 1205 4421 1333 4462; x_wconf 89' lang='lat' dir='ltr'>cum</span> <span class='ocrx_word' id='word_1_362' title='bbox 1379 4404 1592 4462; x_wconf 84' lang='lat' dir='ltr'>caeteris</span> <span class='ocrx_word' id='word_1_363' title='bbox 1639 4405 2003 4463; x_wconf 87' lang='lat' dir='ltr'>damonibus.</span> <span class='ocrx_word' id='word_1_364' title='bbox 2047 4407 2126 4462; x_wconf 92' lang='lat' dir='ltr'>De</span> 
     </span>
    </p>
   </div>
   <div class='ocr_carea' id='block_1_51' title="bbox 529 4492 2128 4568">
    <p class='ocr_par' dir='ltr' id='par_1_51' title="bbox 529 4492 2128 4568">
     <span class='ocr_line' id='line_1_51' title="bbox 529 4492 2128 4568; baseline 0.001 -17"><span class='ocrx_word' id='word_1_365' title='bbox 529 4501 737 4566; x_wconf 88' lang='lat' dir='ltr'>septem</span> <span class='ocrx_word' id='word_1_366' title='bbox 776 4498 880 4563; x_wconf 88' lang='lat' dir='ltr'>est,</span> <span class='ocrx_word' id='word_1_367' title='bbox 911 4492 1041 4566; x_wconf 88' lang='lat' dir='ltr'>quia</span> <span class='ocrx_word' id='word_1_368' title='bbox 1079 4493 1147 4550; x_wconf 93' lang='lat' dir='ltr'>de</span> <span class='ocrx_word' id='word_1_369' title='bbox 1176 4495 1434 4553; x_wconf 84' lang='lat' dir='ltr'>societate</span> <span class='ocrx_word' id='word_1_370' title='bbox 1465 4496 1822 4568; x_wconf 89' lang='lat' dir='ltr'>reproborum</span> <span class='ocrx_word' id='word_1_371' title='bbox 1852 4497 2128 4554; x_wconf 88' lang='lat' dir='ltr'>daemones</span> 
     </span>
    </p>
   </div>
   <div class='ocr_carea' id='block_1_52' title="bbox 529 4582 2128 4660">
    <p class='ocr_par' dir='ltr' id='par_1_52' title="bbox 529 4582 2128 4660">
     <span class='ocr_line' id='line_1_52' title="bbox 529 4582 2128 4660; baseline 0.003 -20"><span class='ocrx_word' id='word_1_372' title='bbox 529 4582 804 4640; x_wconf 89' lang='lat' dir='ltr'>exsistunt</span> <span class='ocrx_word' id='word_1_373' title='bbox 853 4599 866 4639; x_wconf 90' lang='lat'>:</span> <span class='ocrx_word' id='word_1_374' title='bbox 918 4589 973 4639; x_wconf 91' lang='lat' dir='ltr'>et</span> <span class='ocrx_word' id='word_1_375' title='bbox 1030 4583 1175 4639; x_wconf 89' lang='lat' dir='ltr'>sicut</span> <span class='ocrx_word' id='word_1_376' title='bbox 1226 4584 1453 4642; x_wconf 90' lang='lat' dir='ltr'>fuerunt</span> <span class='ocrx_word' id='word_1_377' title='bbox 1502 4593 1751 4644; x_wconf 88' lang='lat' dir='ltr'>auctores</span> <span class='ocrx_word' id='word_1_378' title='bbox 1801 4586 2128 4660; x_wconf 89' lang='lat' dir='ltr'>perditionis</span> 
     </span>
    </p>
   </div>
   <div class='ocr_carea' id='block_1_53' title="bbox 528 4672 2128 4742">
    <p class='ocr_par' dir='ltr' id='par_1_53' title="bbox 528 4672 2128 4742">
     <span class='ocr_line' id='line_1_53' title="bbox 528 4672 2128 4742; baseline 0.003 -12"><span class='ocrx_word' id='word_1_379' title='bbox 528 4689 740 4742; x_wconf 87' lang='lat' dir='ltr'>eorum,</span> <span class='ocrx_word' id='word_1_380' title='bbox 780 4672 860 4729; x_wconf 89' lang='lat' dir='ltr'>ita</span> <span class='ocrx_word' id='word_1_381' title='bbox 904 4680 1066 4729; x_wconf 91' lang='lat' dir='ltr'>erunt</span> <span class='ocrx_word' id='word_1_382' title='bbox 1114 4680 1169 4730; x_wconf 91' lang='lat' dir='ltr'>et</span> <span class='ocrx_word' id='word_1_383' title='bbox 1216 4675 1353 4731; x_wconf 84' lang='lat' dir='ltr'>socii</span> <span class='ocrx_word' id='word_1_384' title='bbox 1398 4682 1821 4734; x_wconf 89' lang='lat' dir='ltr'>tormentorum.</span> <span class='ocrx_word' id='word_1_385' title='bbox 1874 4678 2028 4734; x_wconf 91' lang='lat' dir='ltr'>Unde</span> <span class='ocrx_word' id='word_1_386' title='bbox 2073 4685 2128 4735; x_wconf 91' lang='lat' dir='ltr'>et</span> 
     </span>
    </p>
   </div>
   <div class='ocr_carea' id='block_1_54' title="bbox 527 4762 2127 4841">
    <p class='ocr_par' dir='ltr' id='par_1_54' title="bbox 527 4762 2127 4841">
     <span class='ocr_line' id='line_1_54' title="bbox 527 4762 2127 4841; baseline 0.003 -22"><span class='ocrx_word' id='word_1_387' title='bbox 527 4762 777 4836; x_wconf 80' lang='lat' dir='ltr'>sequitur</span> <span class='ocrx_word' id='word_1_388' title='bbox 810 4780 822 4819; x_wconf 89' lang='lat'><strong>:</strong></span> <span class='ocrx_word' id='word_1_389' title='bbox 855 4764 930 4819; x_wconf 85' lang='lat' dir='ltr'>Et</span> <span class='ocrx_word' id='word_1_390' title='bbox 955 4763 1015 4819; x_wconf 84' lang='lat' dir='ltr'>in</span> <span class='ocrx_word' id='word_1_391' title='bbox 1044 4762 1321 4820; x_wconf 84' lang='lat' dir='ltr'>interitum</span> <span class='ocrx_word' id='word_1_392' title='bbox 1363 4767 1532 4823; x_wconf 79' lang='lat' dir='ltr'>cadit.</span> <span class='ocrx_word' id='word_1_393' title='bbox 1564 4766 1693 4823; x_wconf 90' lang='lat' dir='ltr'>Hac</span> <span class='ocrx_word' id='word_1_394' title='bbox 1722 4783 1842 4840; x_wconf 88' lang='lat' dir='ltr'>qua</span> <span class='ocrx_word' id='word_1_395' title='bbox 1890 4783 2127 4841; x_wconf 85' lang='lat' dir='ltr'>sequun-</span> 
     </span>
    </p>
   </div>
   <div class='ocr_carea' id='block_1_55' title="bbox 527 4854 2127 4928">
    <p class='ocr_par' dir='ltr' id='par_1_55' title="bbox 527 4854 2127 4928">
     <span class='ocr_line' id='line_1_55' title="bbox 527 4854 2127 4928; baseline 0.002 -17"><span class='ocrx_word' id='word_1_396' title='bbox 527 4860 640 4922; x_wconf 90' lang='lat' dir='ltr'>tur,</span> <span class='ocrx_word' id='word_1_397' title='bbox 665 4870 838 4927; x_wconf 90' lang='lat' dir='ltr'>usque</span> <span class='ocrx_word' id='word_1_398' title='bbox 879 4854 949 4911; x_wconf 89' lang='lat' dir='ltr'>ad</span> <span class='ocrx_word' id='word_1_399' title='bbox 979 4870 1103 4911; x_wconf 91' lang='lat' dir='ltr'>eum</span> <span class='ocrx_word' id='word_1_400' title='bbox 1136 4854 1318 4911; x_wconf 89' lang='lat' dir='ltr'>locum</span> <span class='ocrx_word' id='word_1_401' title='bbox 1349 4854 1445 4911; x_wconf 92' lang='lat' dir='ltr'>ubi</span> <span class='ocrx_word' id='word_1_402' title='bbox 1476 4856 1702 4928; x_wconf 86' lang='lat' dir='ltr'>angelus</span> <span class='ocrx_word' id='word_1_403' title='bbox 1748 4856 1817 4913; x_wconf 93' lang='lat' dir='ltr'>de</span> <span class='ocrx_word' id='word_1_404' title='bbox 1858 4861 1997 4913; x_wconf 74' lang='lat' dir='ltr'>coelo</span> <span class='ocrx_word' id='word_1_405' title='bbox 2036 4856 2127 4915; x_wconf 89' lang='lat' dir='ltr'>de-</span> 
     </span>
    </p>
   </div>
   <div class='ocr_carea' id='block_1_56' title="bbox 529 4943 2128 5013">
    <p class='ocr_par' dir='ltr' id='par_1_56' title="bbox 529 4943 2128 5013">
     <span class='ocr_line' id='line_1_56' title="bbox 529 4943 2128 5013; baseline 0.001 -11"><span class='ocrx_word' id='word_1_406' title='bbox 529 4943 805 5002; x_wconf 87' lang='lat' dir='ltr'>scendisse</span> <span class='ocrx_word' id='word_1_407' title='bbox 846 4945 1002 5001; x_wconf 89' lang='lat' dir='ltr'>visus</span> <span class='ocrx_word' id='word_1_408' title='bbox 1048 4952 1150 5013; x_wconf 89' lang='lat' dir='ltr'>est,</span> <span class='ocrx_word' id='word_1_409' title='bbox 1179 4943 1250 5000; x_wconf 89' lang='lat' dir='ltr'>ad</span> <span class='ocrx_word' id='word_1_410' title='bbox 1297 4944 1726 5005; x_wconf 89' lang='lat' dir='ltr'>destructionem</span> <span class='ocrx_word' id='word_1_411' title='bbox 1759 4947 1993 5004; x_wconf 81' lang='lat' dir='ltr'>Romani</span> <span class='ocrx_word' id='word_1_412' title='bbox 2026 4947 2128 5004; x_wconf 91' lang='lat' dir='ltr'>im-</span> 
     </span>
    </p>
   </div>
   <div class='ocr_carea' id='block_1_57' title="bbox 529 5035 1249 5110">
    <p class='ocr_par' dir='ltr' id='par_1_57' title="bbox 529 5035 1249 5110">
     <span class='ocr_line' id='line_1_57' title="bbox 529 5035 1249 5110; baseline 0 -16"><span class='ocrx_word' id='word_1_413' title='bbox 529 5035 670 5110; x_wconf 89' lang='lat' dir='ltr'>perii</span> <span class='ocrx_word' id='word_1_414' title='bbox 699 5037 920 5110; x_wconf 90' lang='lat' dir='ltr'>proprie</span> <span class='ocrx_word' id='word_1_415' title='bbox 949 5036 1249 5110; x_wconf 88' lang='lat' dir='ltr'>pertinent.</span> 
     </span>
    </p>
   </div>
   <div class='ocr_carea' id='block_1_58' title="bbox 602 5126 2127 5201">
    <p class='ocr_par' dir='ltr' id='par_1_58' title="bbox 602 5126 2127 5201">
     <span class='ocr_line' id='line_1_58' title="bbox 602 5126 2127 5201; baseline 0 -15"><span class='ocrx_word' id='word_1_416' title='bbox 602 5126 786 5201; x_wconf 86' lang='lat' dir='ltr'>(Vers.</span> <span class='ocrx_word' id='word_1_417' title='bbox 834 5126 948 5200; x_wconf 79' lang='grc'><strong>12.)</strong></span> <span class='ocrx_word' id='word_1_418' title='bbox 980 5128 1055 5183; x_wconf 91' lang='lat' dir='ltr'>Et</span> <span class='ocrx_word' id='word_1_419' title='bbox 1106 5126 1276 5182; x_wconf 80' lang='lat' dir='ltr'>decem</span> <span class='ocrx_word' id='word_1_420' title='bbox 1323 5144 1525 5185; x_wconf 76' lang='lat' dir='ltr'>cornua</span> <span class='ocrx_word' id='word_1_421' title='bbox 1571 5145 1687 5200; x_wconf 70' lang='lat' dir='ltr'>qua:</span> <span class='ocrx_word' id='word_1_422' title='bbox 1730 5130 1932 5197; x_wconf 81' lang='lat' dir='ltr'>vidisti,</span> <span class='ocrx_word' id='word_1_423' title='bbox 1958 5128 2127 5187; x_wconf 82' lang='lat' dir='ltr'>decem</span> 
     </span>
    </p>
   </div>
   <div class='ocr_carea' id='block_1_59' title="bbox 527 5216 2127 5295">
    <p class='ocr_par' dir='ltr' id='par_1_59' title="bbox 527 5216 2127 5295">
     <span class='ocr_line' id='line_1_59' title="bbox 527 5216 2127 5295; baseline 0.003 -21"><span class='ocrx_word' id='word_1_424' title='bbox 527 5232 672 5291; x_wconf 80' lang='lat' dir='ltr'>reges</span> <span class='ocrx_word' id='word_1_425' title='bbox 717 5223 880 5288; x_wconf 85' lang='lat' dir='ltr'>sunt,</span> <span class='ocrx_word' id='word_1_426' title='bbox 940 5216 1035 5290; x_wconf 86' lang='lat' dir='ltr'>qui</span> <span class='ocrx_word' id='word_1_427' title='bbox 1082 5234 1300 5291; x_wconf 82' lang='lat' dir='ltr'>regnum</span> <span class='ocrx_word' id='word_1_428' title='bbox 1350 5221 1585 5277; x_wconf 86' lang='lat' dir='ltr'>nondum</span> <span class='ocrx_word' id='word_1_429' title='bbox 1633 5228 1978 5295; x_wconf 77' lang='lat' dir='ltr'>acceperunt;</span> <span class='ocrx_word' id='word_1_430' title='bbox 2036 5222 2127 5279; x_wconf 82' lang='lat' dir='ltr'>sed</span> 
     </span>
    </p>
   </div>
   <div class='ocr_carea' id='block_1_60' title="bbox 605 5385 2127 5459">
    <p class='ocr_par' dir='ltr' id='par_1_60' title="bbox 605 5385 2127 5459">
     <span class='ocr_line' id='line_1_60' title="bbox 605 5385 2127 5459; baseline 0.001 -16"><span class='ocrx_word' id='word_1_431' title='bbox 605 5385 723 5459; x_wconf 82' lang='lat'>(56)</span> <span class='ocrx_word' id='word_1_432' title='bbox 778 5386 954 5456; x_wconf 90' lang='lat' dir='ltr'>Edit.,</span> <span class='ocrx_word' id='word_1_433' title='bbox 999 5386 1080 5443; x_wconf 74' lang='lat' dir='ltr'>ha</span> <span class='ocrx_word' id='word_1_434' title='bbox 1123 5393 1294 5459; x_wconf 83' lang='lat' dir='ltr'>gentes</span> <span class='ocrx_word' id='word_1_435' title='bbox 1328 5387 1610 5458; x_wconf 74' lang='lat' dir='ltr'>propriam</span> <span class='ocrx_word' id='word_1_436' title='bbox 1643 5393 1947 5459; x_wconf 85' lang='lat' dir='ltr'>potestatem</span> <span class='ocrx_word' id='word_1_437' title='bbox 1974 5404 2127 5445; x_wconf 85' lang='lat' dir='ltr'>accc-</span> 
     </span>
    </p>
   </div>
   <div class='ocr_carea' id='block_1_61' title="bbox 524 5459 2127 5530">
    <p class='ocr_par' dir='ltr' id='par_1_61' title="bbox 524 5459 2127 5530">
     <span class='ocr_line' id='line_1_61' title="bbox 524 5459 2127 5530; baseline 0.003 -18"><span class='ocrx_word' id='word_1_438' title='bbox 524 5465 741 5530; x_wconf 81' lang='lat' dir='ltr'>perunt.</span> <span class='ocrx_word' id='word_1_439' title='bbox 786 5459 839 5515; x_wconf 87' lang='lat' dir='ltr'>Ii</span> <span class='ocrx_word' id='word_1_440' title='bbox 882 5476 1047 5515; x_wconf 83' lang='lat' dir='ltr'>unum</span> <span class='ocrx_word' id='word_1_441' title='bbox 1091 5459 1370 5515; x_wconf 82' lang='lat' dir='ltr'>consilium</span> <span class='ocrx_word' id='word_1_442' title='bbox 1411 5459 1686 5527; x_wconf 84' lang='lat' dir='ltr'>habebunt,</span> <span class='ocrx_word' id='word_1_443' title='bbox 1729 5460 1788 5514; x_wconf 79' lang='lat' dir='ltr'>id</span> <span class='ocrx_word' id='word_1_444' title='bbox 1831 5466 1926 5526; x_wconf 86' lang='lat' dir='ltr'>est,</span> <span class='ocrx_word' id='word_1_445' title='bbox 1965 5477 2127 5518; x_wconf 87' lang='lat' dir='ltr'>unam</span> 
     </span>
    </p>
   </div>
   <div class='ocr_carea' id='block_1_62' title="bbox 528 5530 2127 5605">
    <p class='ocr_par' dir='ltr' id='par_1_62' title="bbox 528 5530 2127 5605">
     <span class='ocr_line' id='line_1_62' title="bbox 528 5530 2127 5605; baseline 0.004 -23"><span class='ocrx_word' id='word_1_446' title='bbox 528 5530 879 5605; x_wconf 51' lang='grc' dir='ltr'>υοιαηιιιξωηΔ</span> <span class='ocrx_word' id='word_1_447' title='bbox 910 5530 965 5585; x_wconf 82' lang='lat' dir='ltr'>in</span> <span class='ocrx_word' id='word_1_448' title='bbox 1020 5532 1183 5605; x_wconf 74' lang='lat' dir='ltr'>male.</span> <span class='ocrx_word' id='word_1_449' title='bbox 1228 5532 1302 5585; x_wconf 91' lang='lat' dir='ltr'>Et</span> <span class='ocrx_word' id='word_1_450' title='bbox 1358 5530 1607 5605; x_wconf 74' lang='lat' dir='ltr'>virtutem</span> <span class='ocrx_word' id='word_1_451' title='bbox 1660 5547 1833 5605; x_wconf 86' lang='lat' dir='ltr'>suam,</span> <span class='ocrx_word' id='word_1_452' title='bbox 1881 5539 1931 5588; x_wconf 86' lang='lat' dir='ltr'>et</span> <span class='ocrx_word' id='word_1_453' title='bbox 1967 5540 2127 5605; x_wconf 85' lang='lat' dir='ltr'>pote-</span> 
     </span>
    </p>
   </div>
   <div class='ocr_carea' id='block_1_63' title="bbox 529 5600 2121 5673">
    <p class='ocr_par' dir='ltr' id='par_1_63' title="bbox 529 5600 2121 5673">
     <span class='ocr_line' id='line_1_63' title="bbox 529 5600 2121 5673; baseline 0.006 -19"><span class='ocrx_word' id='word_1_454' title='bbox 529 5605 713 5656; x_wconf 83' lang='lat' dir='ltr'>statem</span> <span class='ocrx_word' id='word_1_455' title='bbox 754 5601 927 5658; x_wconf 68' lang='lat' dir='ltr'>bestiae</span> <span class='ocrx_word' id='word_1_456' title='bbox 973 5601 1326 5659; x_wconf 81' lang='lat' dir='ltr'>tradiderunt.</span> <span class='ocrx_word' id='word_1_457' title='bbox 1367 5600 1506 5670; x_wconf 85' lang='lat' dir='ltr'>Quia</span> <span class='ocrx_word' id='word_1_458' title='bbox 1542 5618 1723 5660; x_wconf 86' lang='lat' dir='ltr'>eorum</span> <span class='ocrx_word' id='word_1_459' title='bbox 1754 5604 1945 5671; x_wconf 82' lang='lat' dir='ltr'>virtus,</span> <span class='ocrx_word' id='word_1_460' title='bbox 1967 5600 2121 5673; x_wconf 74' lang='lat' dir='ltr'>etc.;</span> 
     </span>
    </p>
   </div>
   <div class='ocr_carea' id='block_1_64' title="bbox 2241 432 3849 501">
    <p class='ocr_par' dir='ltr' id='par_1_64' title="bbox 2241 432 3849 501">
     <span class='ocr_line' id='line_1_64' title="bbox 2241 432 3849 501; baseline 0.002 -11"><span class='ocrx_word' id='word_1_461' title='bbox 2241 434 2472 490; x_wconf 87' lang='lat' dir='ltr'>bestiam.</span> <span class='ocrx_word' id='word_1_462' title='bbox 2505 434 2755 501; x_wconf 90' lang='lat' dir='ltr'>Quatuor</span> <span class='ocrx_word' id='word_1_463' title='bbox 2800 432 2990 489; x_wconf 89' lang='lat' dir='ltr'>bestia</span> <span class='ocrx_word' id='word_1_464' title='bbox 3022 433 3240 489; x_wconf 89' lang='lat' dir='ltr'>Danieli</span> <span class='ocrx_word' id='word_1_465' title='bbox 3271 433 3327 489; x_wconf 88' lang='lat' dir='ltr'>in</span> <span class='ocrx_word' id='word_1_466' title='bbox 3357 434 3576 491; x_wconf 78' lang='lat' dir='ltr'>visione</span> <span class='ocrx_word' id='word_1_467' title='bbox 3602 436 3849 493; x_wconf 89' lang='lat' dir='ltr'>demon-</span> 
     </span>
    </p>
   </div>
   <div class='ocr_carea' id='block_1_65' title="bbox 2239 522 3850 598">
    <p class='ocr_par' dir='ltr' id='par_1_65' title="bbox 2239 522 3850 598">
     <span class='ocr_line' id='line_1_65' title="bbox 2239 522 3850 598; baseline 0.002 -20"><span class='ocrx_word' id='word_1_468' title='bbox 2239 530 2418 579; x_wconf 84' lang='lat' dir='ltr'>strata</span> <span class='ocrx_word' id='word_1_469' title='bbox 2467 530 2597 579; x_wconf 90' lang='lat' dir='ltr'>sunt</span> <span class='ocrx_word' id='word_1_470' title='bbox 2628 523 2795 594; x_wconf 85' lang='lat' dir='ltr'>(Dan.</span> <span class='ocrx_word' id='word_1_471' title='bbox 2828 540 2931 591; x_wconf 85' lang='lat' dir='ltr'>vn,</span> <span class='ocrx_word' id='word_1_472' title='bbox 2964 522 3047 595; x_wconf 91' lang='lat'>3),</span> <span class='ocrx_word' id='word_1_473' title='bbox 3082 538 3188 595; x_wconf 88' lang='lat' dir='ltr'>per</span> <span class='ocrx_word' id='word_1_474' title='bbox 3213 538 3348 596; x_wconf 88' lang='lat' dir='ltr'>quas</span> <span class='ocrx_word' id='word_1_475' title='bbox 3379 533 3618 597; x_wconf 89' lang='lat' dir='ltr'>quatuor</span> <span class='ocrx_word' id='word_1_476' title='bbox 3648 524 3850 598; x_wconf 84' lang='lat' dir='ltr'>ﬁgura-</span> 
     </span>
    </p>
   </div>
   <div class='ocr_carea' id='block_1_66' title="bbox 2238 611 3850 689">
    <p class='ocr_par' dir='ltr' id='par_1_66' title="bbox 2238 611 3850 689">
     <span class='ocr_line' id='line_1_66' title="bbox 2238 611 3850 689; baseline 0.002 -21"><span class='ocrx_word' id='word_1_477' title='bbox 2238 612 2439 668; x_wconf 86' lang='lat' dir='ltr'>bantur</span> <span class='ocrx_word' id='word_1_478' title='bbox 2471 629 2481 666; x_wconf 95' lang='lat'>:</span> <span class='ocrx_word' id='word_1_479' title='bbox 2516 620 2711 685; x_wconf 88' lang='lat' dir='ltr'>quarta</span> <span class='ocrx_word' id='word_1_480' title='bbox 2738 619 2921 667; x_wconf 85' lang='lat' dir='ltr'>autem</span> <span class='ocrx_word' id='word_1_481' title='bbox 2965 611 3161 682; x_wconf 90' lang='lat' dir='ltr'>bestia,</span> <span class='ocrx_word' id='word_1_482' title='bbox 3196 628 3317 685; x_wconf 91' lang='lat' dir='ltr'>qua</span> <span class='ocrx_word' id='word_1_483' title='bbox 3346 622 3464 669; x_wconf 89' lang='lat' dir='ltr'>erat</span> <span class='ocrx_word' id='word_1_484' title='bbox 3491 615 3656 671; x_wconf 89' lang='lat' dir='ltr'>fortis</span> <span class='ocrx_word' id='word_1_485' title='bbox 3684 623 3850 689; x_wconf 86' lang='lat' dir='ltr'>atque</span> 
     </span>
    </p>
   </div>
   <div class='ocr_carea' id='block_1_67' title="bbox 2238 701 3851 777">
    <p class='ocr_par' dir='ltr' id='par_1_67' title="bbox 2238 701 3851 777">
     <span class='ocr_line' id='line_1_67' title="bbox 2238 701 3851 777; baseline 0.003 -21"><span class='ocrx_word' id='word_1_486' title='bbox 2238 701 2523 770; x_wconf 89' lang='lat' dir='ltr'>terribilis,</span> <span class='ocrx_word' id='word_1_487' title='bbox 2564 719 2661 774; x_wconf 88' lang='lat' dir='ltr'>per</span> <span class='ocrx_word' id='word_1_488' title='bbox 2691 719 2856 775; x_wconf 89' lang='lat' dir='ltr'>quam</span> <span class='ocrx_word' id='word_1_489' title='bbox 2886 702 3132 759; x_wconf 79' lang='lat' dir='ltr'>Romani</span> <span class='ocrx_word' id='word_1_490' title='bbox 3162 701 3436 774; x_wconf 87' lang='lat' dir='ltr'>designati</span> <span class='ocrx_word' id='word_1_491' title='bbox 3465 713 3618 773; x_wconf 89' lang='lat' dir='ltr'>sunt,</span> <span class='ocrx_word' id='word_1_492' title='bbox 3660 704 3851 777; x_wconf 79' lang='lat' dir='ltr'>decem</span> 
     </span>
    </p>
   </div>
   <div class='ocr_carea' id='block_1_68' title="bbox 2240 791 3849 867">
    <p class='ocr_par' dir='ltr' id='par_1_68' title="bbox 2240 791 3849 867">
     <span class='ocr_line' id='line_1_68' title="bbox 2240 791 3849 867; baseline 0.002 -20"><span class='ocrx_word' id='word_1_493' title='bbox 2240 808 2443 847; x_wconf 89' lang='lat' dir='ltr'>cornua</span> <span class='ocrx_word' id='word_1_494' title='bbox 2488 791 2743 847; x_wconf 88' lang='lat' dir='ltr'>habuisse</span> <span class='ocrx_word' id='word_1_495' title='bbox 2776 792 3134 861; x_wconf 89' lang='lat' dir='ltr'>describitur,</span> <span class='ocrx_word' id='word_1_496' title='bbox 3168 808 3265 864; x_wconf 88' lang='lat' dir='ltr'>per</span> <span class='ocrx_word' id='word_1_497' title='bbox 3289 808 3410 864; x_wconf 84' lang='lat' dir='ltr'>qua</span> <span class='ocrx_word' id='word_1_498' title='bbox 3440 809 3503 849; x_wconf 90' lang='lat' dir='ltr'>ea</span> <span class='ocrx_word' id='word_1_499' title='bbox 3527 809 3700 866; x_wconf 78' lang='lat' dir='ltr'>regna</span> <span class='ocrx_word' id='word_1_500' title='bbox 3726 810 3849 867; x_wconf 79' lang='lat' dir='ltr'>qua</span> 
     </span>
    </p>
   </div>
   <div class='ocr_carea' id='block_1_69' title="bbox 2240 880 3846 954">
    <p class='ocr_par' dir='ltr' id='par_1_69' title="bbox 2240 880 3846 954">
     <span class='ocr_line' id='line_1_69' title="bbox 2240 880 3846 954; baseline 0.001 -18"><span class='ocrx_word' id='word_1_501' title='bbox 2240 881 2547 936; x_wconf 81' lang='lat' dir='ltr'>Romanum</span> <span class='ocrx_word' id='word_1_502' title='bbox 2596 880 2889 953; x_wconf 90' lang='lat' dir='ltr'>imperium</span> <span class='ocrx_word' id='word_1_503' title='bbox 2920 881 3341 950; x_wconf 86' lang='lat' dir='ltr'>destruxerunt,</span> <span class='ocrx_word' id='word_1_504' title='bbox 3375 881 3665 954; x_wconf 87' lang='lat' dir='ltr'>designata</span> <span class='ocrx_word' id='word_1_505' title='bbox 3695 891 3846 952; x_wconf 86' lang='lat' dir='ltr'>sunt,</span> 
     </span>
    </p>
   </div>
   <div class='ocr_carea' id='block_1_70' title="bbox 2239 969 3846 1044">
    <p class='ocr_par' dir='ltr' id='par_1_70' title="bbox 2239 969 3846 1044">
     <span class='ocr_line' id='line_1_70' title="bbox 2239 969 3846 1044; baseline 0.002 -19"><span class='ocrx_word' id='word_1_506' title='bbox 2239 969 2380 1025; x_wconf 91' lang='lat' dir='ltr'>sicut</span> <span class='ocrx_word' id='word_1_507' title='bbox 2421 978 2641 1026; x_wconf 90' lang='lat' dir='ltr'>sanctus</span> <span class='ocrx_word' id='word_1_508' title='bbox 2671 972 3043 1043; x_wconf 86' lang='lat' dir='ltr'>Hieronymus</span> <span class='ocrx_word' id='word_1_509' title='bbox 3070 970 3437 1044; x_wconf 88' lang='lat' dir='ltr'>quorumdam</span> <span class='ocrx_word' id='word_1_510' title='bbox 3473 970 3846 1029; x_wconf 85' lang='lat' dir='ltr'>assertionem</span> 
     </span>
    </p>
   </div>
   <div class='ocr_carea' id='block_1_71' title="bbox 2238 1058 3848 1135">
    <p class='ocr_par' dir='ltr' id='par_1_71' title="bbox 2238 1058 3848 1135">
     <span class='ocr_line' id='line_1_71' title="bbox 2238 1058 3848 1135; baseline 0.002 -21"><span class='ocrx_word' id='word_1_511' title='bbox 2238 1076 2469 1131; x_wconf 86' lang='lat' dir='ltr'>sequens</span> <span class='ocrx_word' id='word_1_512' title='bbox 2524 1058 2753 1133; x_wconf 85' lang='lat' dir='ltr'>exponit</span> <span class='ocrx_word' id='word_1_513' title='bbox 2809 1061 3122 1134; x_wconf 82' lang='lat' dir='ltr'>(Comment.</span> <span class='ocrx_word' id='word_1_514' title='bbox 3188 1058 3247 1114; x_wconf 84' lang='lat' dir='ltr'>in</span> <span class='ocrx_word' id='word_1_515' title='bbox 3300 1076 3416 1132; x_wconf 85' lang='lat' dir='ltr'>cap.</span> <span class='ocrx_word' id='word_1_516' title='bbox 3464 1078 3546 1117; x_wconf 84' lang='lat' dir='ltr'>vn</span> <span class='ocrx_word' id='word_1_517' title='bbox 3576 1061 3848 1135; x_wconf 60' lang='lat' dir='ltr'>Daniel).</span> 
     </span>
    </p>
   </div>
   <div class='ocr_carea' id='block_1_72' title="bbox 2237 1146 3851 1223">
    <p class='ocr_par' dir='ltr' id='par_1_72' title="bbox 2237 1146 3851 1223">
     <span class='ocr_line' id='line_1_72' title="bbox 2237 1146 3851 1223; baseline 0.007 -22"><span class='ocrx_word' id='word_1_518' title='bbox 2237 1146 2502 1204; x_wconf 86' lang='lat' dir='ltr'>Eamdem</span> <span class='ocrx_word' id='word_1_519' title='bbox 2534 1149 2714 1223; x_wconf 91' lang='lat' dir='ltr'>itaque</span> <span class='ocrx_word' id='word_1_520' title='bbox 2748 1150 3207 1222; x_wconf 86' lang='lat' dir='ltr'>signiﬁcationem</span> <span class='ocrx_word' id='word_1_521' title='bbox 3255 1152 3463 1209; x_wconf 89' lang='lat' dir='ltr'>habent</span> <span class='ocrx_word' id='word_1_522' title='bbox 3491 1152 3685 1211; x_wconf 86' lang='lat' dir='ltr'>decem</span> <span class='ocrx_word' id='word_1_523' title='bbox 3717 1171 3851 1212; x_wconf 85' lang='lat' dir='ltr'>cor-</span> 
     </span>
    </p>
   </div>
   <div class='ocr_carea' id='block_1_73' title="bbox 2239 1236 3846 1313">
    <p class='ocr_par' dir='ltr' id='par_1_73' title="bbox 2239 1236 3846 1313">
     <span class='ocr_line' id='line_1_73' title="bbox 2239 1236 3846 1313; baseline 0.005 -21"><span class='ocrx_word' id='word_1_524' title='bbox 2239 1253 2349 1293; x_wconf 89' lang='lat' dir='ltr'>nua</span> <span class='ocrx_word' id='word_1_525' title='bbox 2396 1236 2451 1291; x_wconf 90' lang='lat' dir='ltr'>in</span> <span class='ocrx_word' id='word_1_526' title='bbox 2499 1236 2604 1293; x_wconf 89' lang='lat' dir='ltr'>hoc</span> <span class='ocrx_word' id='word_1_527' title='bbox 2651 1239 2793 1308; x_wconf 91' lang='lat' dir='ltr'>loco,</span> <span class='ocrx_word' id='word_1_528' title='bbox 2830 1256 2993 1313; x_wconf 89' lang='lat' dir='ltr'>quam</span> <span class='ocrx_word' id='word_1_529' title='bbox 3027 1250 3081 1298; x_wconf 91' lang='lat' dir='ltr'>et</span> <span class='ocrx_word' id='word_1_530' title='bbox 3118 1242 3216 1298; x_wconf 88' lang='lat' dir='ltr'>illa</span> <span class='ocrx_word' id='word_1_531' title='bbox 3247 1242 3504 1299; x_wconf 86' lang='lat' dir='ltr'>habuisse</span> <span class='ocrx_word' id='word_1_532' title='bbox 3527 1243 3846 1313; x_wconf 88' lang='lat' dir='ltr'>dicuntur;</span> 
     </span>
    </p>
   </div>
   <div class='ocr_carea' id='block_1_74' title="bbox 2237 1327 3849 1406">
    <p class='ocr_par' dir='ltr' id='par_1_74' title="bbox 2237 1327 3849 1406">
     <span class='ocr_line' id='line_1_74' title="bbox 2237 1327 3849 1406; baseline 0.007 -24"><span class='ocrx_word' id='word_1_533' title='bbox 2237 1327 2549 1400; x_wconf 86' lang='lat' dir='ltr'>signiﬁcant</span> <span class='ocrx_word' id='word_1_534' title='bbox 2612 1329 2815 1402; x_wconf 90' lang='lat' dir='ltr'>quippe</span> <span class='ocrx_word' id='word_1_535' title='bbox 2868 1347 2929 1387; x_wconf 89' lang='lat' dir='ltr'>ea</span> <span class='ocrx_word' id='word_1_536' title='bbox 2975 1348 3158 1404; x_wconf 87' lang='lat' dir='ltr'>regna,</span> <span class='ocrx_word' id='word_1_537' title='bbox 3219 1349 3316 1405; x_wconf 90' lang='lat' dir='ltr'>per</span> <span class='ocrx_word' id='word_1_538' title='bbox 3359 1349 3479 1406; x_wconf 89' lang='lat' dir='ltr'>qua</span> <span class='ocrx_word' id='word_1_539' title='bbox 3531 1335 3849 1393; x_wconf 83' lang='lat' dir='ltr'>Romanum</span> 
     </span>
    </p>
   </div>
   <div class='ocr_carea' id='block_1_75' title="bbox 2238 1415 3851 1497">
    <p class='ocr_par' dir='ltr' id='par_1_75' title="bbox 2238 1415 3851 1497">
     <span class='ocr_line' id='line_1_75' title="bbox 2238 1415 3851 1497; baseline 0.007 -27"><span class='ocrx_word' id='word_1_540' title='bbox 2238 1415 2529 1488; x_wconf 86' lang='lat' dir='ltr'>imperium</span> <span class='ocrx_word' id='word_1_541' title='bbox 2587 1417 2927 1477; x_wconf 88' lang='lat' dir='ltr'>destructum</span> <span class='ocrx_word' id='word_1_542' title='bbox 2982 1430 3079 1478; x_wconf 90' lang='lat' dir='ltr'>est.</span> <span class='ocrx_word' id='word_1_543' title='bbox 3130 1422 3345 1479; x_wconf 83' lang='lat' dir='ltr'>Partem</span> <span class='ocrx_word' id='word_1_544' title='bbox 3405 1439 3645 1497; x_wconf 89' lang='lat' dir='ltr'>namque</span> <span class='ocrx_word' id='word_1_545' title='bbox 3703 1426 3851 1482; x_wconf 77' lang='lat' dir='ltr'>Asia</span> 
     </span>
    </p>
   </div>
   <div class='ocr_carea' id='block_1_76' title="bbox 2239 1507 3849 1585">
    <p class='ocr_par' dir='ltr' id='par_1_76' title="bbox 2239 1507 3849 1585">
     <span class='ocr_line' id='line_1_76' title="bbox 2239 1507 3849 1585; baseline 0.006 -24"><span class='ocrx_word' id='word_1_546' title='bbox 2239 1522 2335 1578; x_wconf 89' lang='lat' dir='ltr'>per</span> <span class='ocrx_word' id='word_1_547' title='bbox 2375 1523 2431 1562; x_wconf 88' lang='lat' dir='ltr'>se</span> <span class='ocrx_word' id='word_1_548' title='bbox 2461 1507 2717 1579; x_wconf 89' lang='lat' dir='ltr'>primitus</span> <span class='ocrx_word' id='word_1_549' title='bbox 2763 1509 3144 1567; x_wconf 88' lang='lat' dir='ltr'>abstulerunt:</span> <span class='ocrx_word' id='word_1_550' title='bbox 3180 1519 3367 1585; x_wconf 89' lang='lat' dir='ltr'>postea</span> <span class='ocrx_word' id='word_1_551' title='bbox 3407 1528 3540 1569; x_wconf 85' lang='lat' dir='ltr'>vero</span> <span class='ocrx_word' id='word_1_552' title='bbox 3587 1514 3849 1571; x_wconf 82' lang='lat' dir='ltr'>Saraceni</span> 
     </span>
    </p>
   </div>
   <div class='ocr_carea' id='block_1_77' title="bbox 2236 1597 3851 1671">
    <p class='ocr_par' dir='ltr' id='par_1_77' title="bbox 2236 1597 3851 1671">
     <span class='ocr_line' id='line_1_77' title="bbox 2236 1597 3851 1671; baseline 0.006 -18"><span class='ocrx_word' id='word_1_553' title='bbox 2236 1605 2408 1654; x_wconf 88' lang='lat' dir='ltr'>totam</span> <span class='ocrx_word' id='word_1_554' title='bbox 2444 1597 2810 1671; x_wconf 84' lang='lat' dir='ltr'>subegerunt:</span> <span class='ocrx_word' id='word_1_555' title='bbox 2836 1600 3073 1657; x_wconf 80' lang='lat' dir='ltr'>Vandali</span> <span class='ocrx_word' id='word_1_556' title='bbox 3102 1602 3350 1661; x_wconf 82' lang='lat' dir='ltr'>Africam</span> <span class='ocrx_word' id='word_1_557' title='bbox 3394 1603 3498 1660; x_wconf 89' lang='lat' dir='ltr'>sibi</span> <span class='ocrx_word' id='word_1_558' title='bbox 3529 1605 3851 1663; x_wconf 74' lang='lat' dir='ltr'>vindicave-</span> 
     </span>
    </p>
   </div>
   <div class='ocr_carea' id='block_1_78' title="bbox 2236 1687 3850 1764">
    <p class='ocr_par' dir='ltr' id='par_1_78' title="bbox 2236 1687 3850 1764">
     <span class='ocr_line' id='line_1_78' title="bbox 2236 1687 3850 1764; baseline 0.006 -22"><span class='ocrx_word' id='word_1_559' title='bbox 2236 1694 2387 1755; x_wconf 90' lang='lat' dir='ltr'>runt,</span> <span class='ocrx_word' id='word_1_560' title='bbox 2440 1687 2608 1744; x_wconf 88' lang='lat' dir='ltr'>Gothi</span> <span class='ocrx_word' id='word_1_561' title='bbox 2650 1688 2991 1761; x_wconf 86' lang='lat' dir='ltr'>Hispaniam,</span> <span class='ocrx_word' id='word_1_562' title='bbox 3034 1691 3385 1764; x_wconf 88' lang='lat' dir='ltr'>Longobardi</span> <span class='ocrx_word' id='word_1_563' title='bbox 3433 1694 3677 1764; x_wconf 87' lang='lat' dir='ltr'>Italiam,</span> <span class='ocrx_word' id='word_1_564' title='bbox 3716 1696 3850 1752; x_wconf 65' lang='lat' dir='ltr'>Baro</span> 
     </span>
    </p>
   </div>
   <div class='ocr_carea' id='block_1_79' title="bbox 2242 1775 3846 1854">
    <p class='ocr_par' dir='ltr' id='par_1_79' title="bbox 2242 1775 3846 1854">
     <span class='ocr_line' id='line_1_79' title="bbox 2242 1775 3846 1854; baseline 0.007 -23"><span class='ocrx_word' id='word_1_565' title='bbox 2242 1775 2544 1848; x_wconf 84' lang='lat' dir='ltr'>gundiones</span> <span class='ocrx_word' id='word_1_566' title='bbox 2610 1778 2866 1848; x_wconf 87' lang='lat' dir='ltr'>Galliam,</span> <span class='ocrx_word' id='word_1_567' title='bbox 2939 1780 3136 1838; x_wconf 86' lang='lat' dir='ltr'>Franci</span> <span class='ocrx_word' id='word_1_568' title='bbox 3206 1782 3580 1854; x_wconf 81' lang='lat' dir='ltr'>Germaniam,</span> <span class='ocrx_word' id='word_1_569' title='bbox 3658 1785 3846 1842; x_wconf 87' lang='lat' dir='ltr'>Hunni</span> 
     </span>
    </p>
   </div>
   <div class='ocr_carea' id='block_1_80' title="bbox 2240 1866 3846 1933">
    <p class='ocr_par' dir='ltr' id='par_1_80' title="bbox 2240 1866 3846 1933">
     <span class='ocr_line' id='line_1_80' title="bbox 2240 1866 3846 1933; baseline 0.007 -12"><span class='ocrx_word' id='word_1_570' title='bbox 2240 1866 2581 1922; x_wconf 88' lang='lat' dir='ltr'>Pannoniam</span> <span class='ocrx_word' id='word_1_571' title='bbox 2616 1883 2627 1922; x_wconf 90' lang='lat'>:</span> <span class='ocrx_word' id='word_1_572' title='bbox 2662 1867 2826 1923; x_wconf 85' lang='lat' dir='ltr'>Alani</span> <span class='ocrx_word' id='word_1_573' title='bbox 2872 1876 3055 1925; x_wconf 89' lang='lat' dir='ltr'>autem</span> <span class='ocrx_word' id='word_1_574' title='bbox 3099 1878 3154 1926; x_wconf 87' lang='lat' dir='ltr'>et</span> <span class='ocrx_word' id='word_1_575' title='bbox 3195 1870 3361 1929; x_wconf 89' lang='lat' dir='ltr'>Suevi</span> <span class='ocrx_word' id='word_1_576' title='bbox 3393 1874 3569 1929; x_wconf 90' lang='lat' dir='ltr'>multa</span> <span class='ocrx_word' id='word_1_577' title='bbox 3596 1874 3725 1932; x_wconf 83' lang='lat' dir='ltr'>loca</span> <span class='ocrx_word' id='word_1_578' title='bbox 3758 1875 3846 1933; x_wconf 82' lang='lat' dir='ltr'>de-</span> 
     </span>
    </p>
   </div>
   <div class='ocr_carea' id='block_1_81' title="bbox 2240 1958 3848 2034">
    <p class='ocr_par' dir='ltr' id='par_1_81' title="bbox 2240 1958 3848 2034">
     <span class='ocr_line' id='line_1_81' title="bbox 2240 1958 3848 2034; baseline 0.006 -21"><span class='ocrx_word' id='word_1_579' title='bbox 2240 1958 2485 2032; x_wconf 90' lang='lat' dir='ltr'>populati</span> <span class='ocrx_word' id='word_1_580' title='bbox 2508 1966 2657 2028; x_wconf 91' lang='lat' dir='ltr'>sunt,</span> <span class='ocrx_word' id='word_1_581' title='bbox 2688 1974 2807 2032; x_wconf 85' lang='lat' dir='ltr'>qua</span> <span class='ocrx_word' id='word_1_582' title='bbox 2836 1975 3031 2017; x_wconf 90' lang='lat' dir='ltr'>eorum</span> <span class='ocrx_word' id='word_1_583' title='bbox 3066 1961 3425 2034; x_wconf 87' lang='lat' dir='ltr'>subjacebant</span> <span class='ocrx_word' id='word_1_584' title='bbox 3453 1964 3691 2021; x_wconf 88' lang='lat' dir='ltr'>ditioni.</span> <span class='ocrx_word' id='word_1_585' title='bbox 3724 1966 3848 2023; x_wconf 76' lang='lat' dir='ltr'>Hac</span> 
     </span>
    </p>
   </div>
   <div class='ocr_carea' id='block_1_82' title="bbox 2241 2051 3848 2125">
    <p class='ocr_par' dir='ltr' id='par_1_82' title="bbox 2241 2051 3848 2125">
     <span class='ocr_line' id='line_1_82' title="bbox 2241 2051 3848 2125; baseline 0.006 -23"><span class='ocrx_word' id='word_1_586' title='bbox 2241 2062 2366 2120; x_wconf 89' lang='lat' dir='ltr'>ergo</span> <span class='ocrx_word' id='word_1_587' title='bbox 2418 2065 2591 2120; x_wconf 90' lang='lat' dir='ltr'>regna</span> <span class='ocrx_word' id='word_1_588' title='bbox 2618 2065 2682 2106; x_wconf 94' lang='lat' dir='ltr'>eo</span> <span class='ocrx_word' id='word_1_589' title='bbox 2720 2057 2985 2123; x_wconf 88' lang='lat' dir='ltr'>tempore,</span> <span class='ocrx_word' id='word_1_590' title='bbox 3032 2067 3141 2125; x_wconf 91' lang='lat' dir='ltr'>quo</span> <span class='ocrx_word' id='word_1_591' title='bbox 3186 2051 3330 2109; x_wconf 89' lang='lat' dir='ltr'>visio</span> <span class='ocrx_word' id='word_1_592' title='bbox 3360 2052 3466 2109; x_wconf 89' lang='lat' dir='ltr'>ista</span> <span class='ocrx_word' id='word_1_593' title='bbox 3512 2054 3723 2111; x_wconf 87' lang='lat' dir='ltr'>Joanni</span> <span class='ocrx_word' id='word_1_594' title='bbox 3761 2056 3848 2112; x_wconf 67' lang='lat' dir='ltr'>de~</span> 
     </span>
    </p>
   </div>
   <div class='ocr_carea' id='block_1_83' title="bbox 2240 2142 3843 2218">
    <p class='ocr_par' dir='ltr' id='par_1_83' title="bbox 2240 2142 3843 2218">
     <span class='ocr_line' id='line_1_83' title="bbox 2240 2142 3843 2218; baseline 0.005 -26"><span class='ocrx_word' id='word_1_595' title='bbox 2240 2144 2542 2194; x_wconf 88' lang='lat' dir='ltr'>monstrata</span> <span class='ocrx_word' id='word_1_596' title='bbox 2599 2146 2700 2208; x_wconf 88' lang='lat' dir='ltr'>est,</span> <span class='ocrx_word' id='word_1_597' title='bbox 2765 2148 3087 2213; x_wconf 88' lang='lat' dir='ltr'>potestatem</span> <span class='ocrx_word' id='word_1_598' title='bbox 3157 2142 3406 2200; x_wconf 90' lang='lat' dir='ltr'>nondum</span> <span class='ocrx_word' id='word_1_599' title='bbox 3468 2154 3843 2218; x_wconf 83' lang='lat' dir='ltr'>acceperant:</span> 
     </span>
    </p>
   </div>
   <div class='ocr_carea' id='block_1_84' title="bbox 2240 2225 3842 2308">
    <p class='ocr_par' dir='ltr' id='par_1_84' title="bbox 2240 2225 3842 2308">
     <span class='ocr_line' id='line_1_84' title="bbox 2240 2225 3842 2308; baseline 0.007 -27"><span class='ocrx_word' id='word_1_600' title='bbox 2240 2226 2334 2282; x_wconf 89' lang='lat' dir='ltr'>sed</span> <span class='ocrx_word' id='word_1_601' title='bbox 2380 2240 2489 2282; x_wconf 88' lang='lat' dir='ltr'>una</span> <span class='ocrx_word' id='word_1_602' title='bbox 2541 2225 2678 2284; x_wconf 91' lang='lat' dir='ltr'>hora</span> <span class='ocrx_word' id='word_1_603' title='bbox 2719 2234 2978 2301; x_wconf 90' lang='lat' dir='ltr'>tanquam</span> <span class='ocrx_word' id='word_1_604' title='bbox 3038 2246 3190 2303; x_wconf 90' lang='lat' dir='ltr'>reges</span> <span class='ocrx_word' id='word_1_605' title='bbox 3236 2239 3567 2305; x_wconf 87' lang='lat' dir='ltr'>potestatem</span> <span class='ocrx_word' id='word_1_606' title='bbox 3616 2250 3842 2308; x_wconf 83' lang='lat' dir='ltr'>accepe-</span> 
     </span>
    </p>
   </div>
   <div class='ocr_carea' id='block_1_85' title="bbox 2238 2316 3848 2398">
    <p class='ocr_par' dir='ltr' id='par_1_85' title="bbox 2238 2316 3848 2398">
     <span class='ocr_line' id='line_1_85' title="bbox 2238 2316 3848 2398; baseline 0.007 -27"><span class='ocrx_word' id='word_1_607' title='bbox 2238 2324 2400 2384; x_wconf 86' lang='lat' dir='ltr'>runt;</span> <span class='ocrx_word' id='word_1_608' title='bbox 2450 2316 2579 2389; x_wconf 90' lang='lat' dir='ltr'>quia</span> <span class='ocrx_word' id='word_1_609' title='bbox 2635 2316 2979 2391; x_wconf 89' lang='lat' dir='ltr'>singularum</span> <span class='ocrx_word' id='word_1_610' title='bbox 3030 2320 3264 2378; x_wconf 89' lang='lat' dir='ltr'>istarum</span> <span class='ocrx_word' id='word_1_611' title='bbox 3315 2323 3564 2397; x_wconf 84' lang='lat' dir='ltr'>gentium</span> <span class='ocrx_word' id='word_1_612' title='bbox 3606 2333 3848 2398; x_wconf 77' lang='lat' dir='ltr'>potestas</span> 
     </span>
    </p>
   </div>
   <div class='ocr_carea' id='block_1_86' title="bbox 2238 2408 3846 2488">
    <p class='ocr_par' dir='ltr' id='par_1_86' title="bbox 2238 2408 3846 2488">
     <span class='ocr_line' id='line_1_86' title="bbox 2238 2408 3846 2488; baseline 0.007 -28"><span class='ocrx_word' id='word_1_613' title='bbox 2238 2421 2411 2477; x_wconf 90' lang='lat' dir='ltr'>pauco</span> <span class='ocrx_word' id='word_1_614' title='bbox 2457 2412 2703 2479; x_wconf 90' lang='lat' dir='ltr'>tempore</span> <span class='ocrx_word' id='word_1_615' title='bbox 2773 2408 3095 2480; x_wconf 89' lang='lat' dir='ltr'>permansit.</span> <span class='ocrx_word' id='word_1_616' title='bbox 3146 2410 3277 2467; x_wconf 88' lang='lat' dir='ltr'>Post</span> <span class='ocrx_word' id='word_1_617' title='bbox 3321 2411 3555 2470; x_wconf 88' lang='lat' dir='ltr'>bestiam</span> <span class='ocrx_word' id='word_1_618' title='bbox 3607 2430 3846 2488; x_wconf 81' lang='lat' dir='ltr'>regnum</span> 
     </span>
    </p>
   </div>
   <div class='ocr_carea' id='block_1_87' title="bbox 2238 2495 3848 2576">
    <p class='ocr_par' dir='ltr' id='par_1_87' title="bbox 2238 2495 3848 2576">
     <span class='ocr_line' id='line_1_87' title="bbox 2238 2495 3848 2576; baseline 0.005 -25"><span class='ocrx_word' id='word_1_619' title='bbox 2238 2504 2585 2567; x_wconf 89' lang='lat' dir='ltr'>acceperunt,</span> <span class='ocrx_word' id='word_1_620' title='bbox 2636 2495 2767 2570; x_wconf 90' lang='lat' dir='ltr'>quia</span> <span class='ocrx_word' id='word_1_621' title='bbox 2796 2497 3078 2555; x_wconf 88' lang='lat' dir='ltr'>destructo</span> <span class='ocrx_word' id='word_1_622' title='bbox 3106 2516 3275 2573; x_wconf 88' lang='lat' dir='ltr'>regno</span> <span class='ocrx_word' id='word_1_623' title='bbox 3324 2501 3531 2558; x_wconf 87' lang='lat' dir='ltr'>diaboli</span> <span class='ocrx_word' id='word_1_624' title='bbox 3563 2520 3666 2576; x_wconf 86' lang='lat' dir='ltr'>per</span> <span class='ocrx_word' id='word_1_625' title='bbox 3693 2504 3848 2563; x_wconf 73' lang='lat' dir='ltr'>Chri-</span> 
     </span>
    </p>
   </div>
   <div class='ocr_carea' id='block_1_88' title="bbox 2238 2585 3848 2669">
    <p class='ocr_par' dir='ltr' id='par_1_88' title="bbox 2238 2585 3848 2669">
     <span class='ocr_line' id='line_1_88' title="bbox 2238 2585 3848 2669; baseline 0.007 -29"><span class='ocrx_word' id='word_1_626' title='bbox 2238 2585 2529 2654; x_wconf 82' lang='lat' dir='ltr'>stum,hac</span> <span class='ocrx_word' id='word_1_627' title='bbox 2549 2593 2734 2659; x_wconf 85' lang='lat' dir='ltr'>gentes</span> <span class='ocrx_word' id='word_1_628' title='bbox 2752 2587 2977 2660; x_wconf 89' lang='lat' dir='ltr'>impiam</span> <span class='ocrx_word' id='word_1_629' title='bbox 2997 2597 3321 2661; x_wconf 88' lang='lat' dir='ltr'>potestatem</span> <span class='ocrx_word' id='word_1_630' title='bbox 3337 2603 3676 2664; x_wconf 89' lang='lat' dir='ltr'>acceperunt</span> <span class='ocrx_word' id='word_1_631' title='bbox 3707 2595 3848 2669; x_wconf 79' lang='lat'>(56).</span> 
     </span>
    </p>
   </div>
   <div class='ocr_carea' id='block_1_89' title="bbox 2312 2684 3849 2761">
    <p class='ocr_par' dir='ltr' id='par_1_89' title="bbox 2312 2684 3849 2761">
     <span class='ocr_line' id='line_1_89' title="bbox 2312 2684 3849 2761; baseline 0.004 -19"><span class='ocrx_word' id='word_1_632' title='bbox 2312 2684 2494 2755; x_wconf 89' lang='lat' dir='ltr'>(Vers.</span> <span class='ocrx_word' id='word_1_633' title='bbox 2538 2685 2625 2753; x_wconf 86' lang='grc'>13,</span> <span class='ocrx_word' id='word_1_634' title='bbox 2667 2685 2779 2757; x_wconf 71' lang='grc'><strong>14.)</strong></span> <span class='ocrx_word' id='word_1_635' title='bbox 2805 2686 2856 2743; x_wconf 92' lang='lat' dir='ltr'>Ii</span> <span class='ocrx_word' id='word_1_636' title='bbox 2886 2704 3052 2743; x_wconf 84' lang='lat' dir='ltr'>unum</span> <span class='ocrx_word' id='word_1_637' title='bbox 3089 2691 3373 2746; x_wconf 71' lang='lat' dir='ltr'>consil-um</span> <span class='ocrx_word' id='word_1_638' title='bbox 3420 2690 3715 2761; x_wconf 80' lang='lat' dir='ltr'>habebunt,</span> <span class='ocrx_word' id='word_1_639' title='bbox 3748 2695 3849 2749; x_wconf 74' lang='lat' dir='ltr'>eir-</span> 
     </span>
    </p>
   </div>
   <div class='ocr_carea' id='block_1_90' title="bbox 2240 2778 3849 2848">
    <p class='ocr_par' dir='ltr' id='par_1_90' title="bbox 2240 2778 3849 2848">
     <span class='ocr_line' id='line_1_90' title="bbox 2240 2778 3849 2848; baseline 0.009 -20"><span class='ocrx_word' id='word_1_640' title='bbox 2240 2778 2396 2830; x_wconf 82' lang='lat' dir='ltr'>tutem</span> <span class='ocrx_word' id='word_1_641' title='bbox 2425 2792 2575 2831; x_wconf 85' lang='lat' dir='ltr'>suam</span> <span class='ocrx_word' id='word_1_642' title='bbox 2627 2782 2676 2831; x_wconf 88' lang='lat' dir='ltr'>et</span> <span class='ocrx_word' id='word_1_643' title='bbox 2696 2783 3002 2848; x_wconf 83' lang='lat' dir='ltr'>potestatem</span> <span class='ocrx_word' id='word_1_644' title='bbox 3048 2780 3218 2837; x_wconf 74' lang='lat' dir='ltr'>bestia</span> <span class='ocrx_word' id='word_1_645' title='bbox 3247 2782 3615 2840; x_wconf 80' lang='lat' dir='ltr'>tradiderunt.</span> <span class='ocrx_word' id='word_1_646' title='bbox 3662 2785 3849 2843; x_wconf 86' lang='lat' dir='ltr'>Unum</span> 
     </span>
    </p>
   </div>
   <div class='ocr_carea' id='block_1_91' title="bbox 2238 2867 3850 2942">
    <p class='ocr_par' dir='ltr' id='par_1_91' title="bbox 2238 2867 3850 2942">
     <span class='ocr_line' id='line_1_91' title="bbox 2238 2867 3850 2942; baseline 0.006 -18"><span class='ocrx_word' id='word_1_647' title='bbox 2238 2867 2533 2924; x_wconf 89' lang='lat' dir='ltr'>consilium</span> <span class='ocrx_word' id='word_1_648' title='bbox 2581 2867 2919 2936; x_wconf 87' lang='lat' dir='ltr'>habuerunt,</span> <span class='ocrx_word' id='word_1_649' title='bbox 2954 2870 3013 2927; x_wconf 91' lang='lat' dir='ltr'>id</span> <span class='ocrx_word' id='word_1_650' title='bbox 3061 2879 3162 2942; x_wconf 89' lang='lat' dir='ltr'>est,</span> <span class='ocrx_word' id='word_1_651' title='bbox 3196 2890 3377 2931; x_wconf 90' lang='lat' dir='ltr'>unam-</span> <span class='ocrx_word' id='word_1_652' title='bbox 3403 2875 3767 2933; x_wconf 82' lang='lat' dir='ltr'>voluntatem</span> <span class='ocrx_word' id='word_1_653' title='bbox 3799 2878 3850 2933; x_wconf 89' lang='lat' dir='ltr'>in</span> 
     </span>
    </p>
   </div>
   <div class='ocr_carea' id='block_1_92' title="bbox 2238 2956 3850 3035">
    <p class='ocr_par' dir='ltr' id='par_1_92' title="bbox 2238 2956 3850 3035">
     <span class='ocr_line' id='line_1_92' title="bbox 2238 2956 3850 3035; baseline 0.009 -24"><span class='ocrx_word' id='word_1_654' title='bbox 2238 2956 2403 3014; x_wconf 88' lang='lat' dir='ltr'>malo.</span> <span class='ocrx_word' id='word_1_655' title='bbox 2430 2958 2711 3016; x_wconf 85' lang='lat' dir='ltr'>Virtutem</span> <span class='ocrx_word' id='word_1_656' title='bbox 2743 2977 2897 3017; x_wconf 87' lang='lat' dir='ltr'>suam</span> <span class='ocrx_word' id='word_1_657' title='bbox 2937 2969 2993 3019; x_wconf 92' lang='lat' dir='ltr'>et</span> <span class='ocrx_word' id='word_1_658' title='bbox 3020 2971 3345 3035; x_wconf 87' lang='lat' dir='ltr'>potestatem</span> <span class='ocrx_word' id='word_1_659' title='bbox 3382 2964 3571 3022; x_wconf 88' lang='lat' dir='ltr'>bestia</span> <span class='ocrx_word' id='word_1_660' title='bbox 3604 2969 3850 3025; x_wconf 60' lang='lat' dir='ltr'>tradide</span> 
     </span>
    </p>
   </div>
   <div class='ocr_carea' id='block_1_93' title="bbox 2238 3048 3852 3126">
    <p class='ocr_par' dir='ltr' id='par_1_93' title="bbox 2238 3048 3852 3126">
     <span class='ocr_line' id='line_1_93' title="bbox 2238 3048 3852 3126; baseline 0.009 -25"><span class='ocrx_word' id='word_1_661' title='bbox 2238 3054 2414 3114; x_wconf 89' lang='lat' dir='ltr'>runt;</span> <span class='ocrx_word' id='word_1_662' title='bbox 2466 3048 2595 3120; x_wconf 90' lang='lat' dir='ltr'>quia</span> <span class='ocrx_word' id='word_1_663' title='bbox 2633 3065 2823 3105; x_wconf 89' lang='lat' dir='ltr'>eorum</span> <span class='ocrx_word' id='word_1_664' title='bbox 2851 3049 3031 3108; x_wconf 86' lang='lat' dir='ltr'>virtus</span> <span class='ocrx_word' id='word_1_665' title='bbox 3072 3060 3236 3126; x_wconf 87' lang='lat' dir='ltr'>atque</span> <span class='ocrx_word' id='word_1_666' title='bbox 3283 3062 3523 3126; x_wconf 76' lang='lat' dir='ltr'>potestas</span> <span class='ocrx_word' id='word_1_667' title='bbox 3566 3055 3852 3115; x_wconf 83' lang='lat' dir='ltr'>diabolica</span> 
     </span>
    </p>
   </div>
   <div class='ocr_carea' id='block_1_94' title="bbox 2241 3135 3847 3215">
    <p class='ocr_par' dir='ltr' id='par_1_94' title="bbox 2241 3135 3847 3215">
     <span class='ocr_line' id='line_1_94' title="bbox 2241 3135 3847 3215; baseline 0.007 -25"><span class='ocrx_word' id='word_1_668' title='bbox 2241 3135 2368 3192; x_wconf 88' lang='lat' dir='ltr'>fuit.</span> <span class='ocrx_word' id='word_1_669' title='bbox 2413 3138 2463 3193; x_wconf 90' lang='lat' dir='ltr'>Ii</span> <span class='ocrx_word' id='word_1_670' title='bbox 2492 3154 2609 3192; x_wconf 89' lang='lat' dir='ltr'>cum</span> <span class='ocrx_word' id='word_1_671' title='bbox 2648 3156 2785 3210; x_wconf 83' lang='lat' dir='ltr'>agno</span> <span class='ocrx_word' id='word_1_672' title='bbox 2808 3141 3138 3211; x_wconf 83' lang='lat' dir='ltr'>pugnabunt,</span> <span class='ocrx_word' id='word_1_673' title='bbox 3189 3149 3237 3198; x_wconf 84' lang='lat' dir='ltr'>et</span> <span class='ocrx_word' id='word_1_674' title='bbox 3268 3161 3435 3215; x_wconf 83' lang='lat' dir='ltr'>agnus</span> <span class='ocrx_word' id='word_1_675' title='bbox 3479 3144 3653 3200; x_wconf 76' lang='lat' dir='ltr'>vincet</span> <span class='ocrx_word' id='word_1_676' title='bbox 3704 3146 3847 3203; x_wconf 81' lang='lat' dir='ltr'>illos.</span> 
     </span>
    </p>
   </div>
   <div class='ocr_carea' id='block_1_95' title="bbox 2238 3224 3844 3310">
    <p class='ocr_par' dir='ltr' id='par_1_95' title="bbox 2238 3224 3844 3310">
     <span class='ocr_line' id='line_1_95' title="bbox 2238 3224 3844 3310; baseline 0.007 -27"><span class='ocrx_word' id='word_1_677' title='bbox 2238 3224 2376 3283; x_wconf 92' lang='lat' dir='ltr'>Cum</span> <span class='ocrx_word' id='word_1_678' title='bbox 2424 3243 2564 3299; x_wconf 84' lang='lat' dir='ltr'>agno</span> <span class='ocrx_word' id='word_1_679' title='bbox 2610 3237 3012 3299; x_wconf 89' lang='lat' dir='ltr'>pugnaverunt,</span> <span class='ocrx_word' id='word_1_680' title='bbox 3075 3230 3171 3304; x_wconf 90' lang='lat' dir='ltr'>qui</span> <span class='ocrx_word' id='word_1_681' title='bbox 3215 3232 3521 3290; x_wconf 89' lang='lat' dir='ltr'>Ecclesiam</span> <span class='ocrx_word' id='word_1_682' title='bbox 3571 3236 3680 3293; x_wconf 87' lang='lat' dir='ltr'>Dei</span> <span class='ocrx_word' id='word_1_683' title='bbox 3732 3253 3844 3310; x_wconf 86' lang='lat' dir='ltr'>per-</span> 
     </span>
    </p>
   </div>
   <div class='ocr_carea' id='block_1_96' title="bbox 2236 3318 3847 3398">
    <p class='ocr_par' dir='ltr' id='par_1_96' title="bbox 2236 3318 3847 3398">
     <span class='ocr_line' id='line_1_96' title="bbox 2236 3318 3847 3398; baseline 0.006 -25"><span class='ocrx_word' id='word_1_684' title='bbox 2236 3318 2410 3374; x_wconf 86' lang='lat' dir='ltr'>secuti</span> <span class='ocrx_word' id='word_1_685' title='bbox 2439 3325 2588 3389; x_wconf 88' lang='lat' dir='ltr'>sunt,</span> <span class='ocrx_word' id='word_1_686' title='bbox 2634 3319 3007 3393; x_wconf 88' lang='lat' dir='ltr'>populumque</span> <span class='ocrx_word' id='word_1_687' title='bbox 3039 3321 3143 3377; x_wconf 90' lang='lat' dir='ltr'>Dei</span> <span class='ocrx_word' id='word_1_688' title='bbox 3183 3323 3616 3382; x_wconf 82' lang='lat' dir='ltr'>interfecerunt:</span> <span class='ocrx_word' id='word_1_689' title='bbox 3651 3328 3847 3398; x_wconf 79' lang='lat' dir='ltr'>Agnus</span> 
     </span>
    </p>
   </div>
   <div class='ocr_carea' id='block_1_97' title="bbox 2238 3408 3847 3487">
    <p class='ocr_par' dir='ltr' id='par_1_97' title="bbox 2238 3408 3847 3487">
     <span class='ocr_line' id='line_1_97' title="bbox 2238 3408 3847 3487; baseline 0.006 -25"><span class='ocrx_word' id='word_1_690' title='bbox 2238 3414 2419 3463; x_wconf 88' lang='lat' dir='ltr'>autem</span> <span class='ocrx_word' id='word_1_691' title='bbox 2462 3408 2651 3465; x_wconf 88' lang='lat' dir='ltr'>vincet</span> <span class='ocrx_word' id='word_1_692' title='bbox 2701 3409 2849 3478; x_wconf 90' lang='lat' dir='ltr'>illos,</span> <span class='ocrx_word' id='word_1_693' title='bbox 2885 3409 3015 3481; x_wconf 92' lang='lat' dir='ltr'>quia</span> <span class='ocrx_word' id='word_1_694' title='bbox 3052 3410 3258 3467; x_wconf 91' lang='lat' dir='ltr'>scimus</span> <span class='ocrx_word' id='word_1_695' title='bbox 3286 3411 3386 3468; x_wconf 87' lang='lat' dir='ltr'>has</span> <span class='ocrx_word' id='word_1_696' title='bbox 3423 3422 3615 3485; x_wconf 88' lang='lat' dir='ltr'>gentes</span> <span class='ocrx_word' id='word_1_697' title='bbox 3642 3423 3847 3487; x_wconf 77' lang='lat' dir='ltr'>praeter</span> 
     </span>
    </p>
   </div>
   <div class='ocr_carea' id='block_1_98' title="bbox 2236 3497 3846 3575">
    <p class='ocr_par' dir='ltr' id='par_1_98' title="bbox 2236 3497 3846 3575">
     <span class='ocr_line' id='line_1_98' title="bbox 2236 3497 3846 3575; baseline 0.004 -22"><span class='ocrx_word' id='word_1_698' title='bbox 2236 3513 2437 3568; x_wconf 89' lang='lat' dir='ltr'>paucas</span> <span class='ocrx_word' id='word_1_699' title='bbox 2480 3499 2677 3570; x_wconf 85' lang='lat' dir='ltr'>jugum</span> <span class='ocrx_word' id='word_1_700' title='bbox 2739 3497 2870 3555; x_wconf 87' lang='lat' dir='ltr'>ﬁdei</span> <span class='ocrx_word' id='word_1_701' title='bbox 2914 3498 3122 3556; x_wconf 89' lang='lat' dir='ltr'>Christi</span> <span class='ocrx_word' id='word_1_702' title='bbox 3164 3499 3280 3571; x_wconf 87' lang='lat' dir='ltr'>jam</span> <span class='ocrx_word' id='word_1_703' title='bbox 3328 3502 3654 3575; x_wconf 90' lang='lat' dir='ltr'>suscepisse.</span> <span class='ocrx_word' id='word_1_704' title='bbox 3716 3507 3846 3574; x_wconf 80' lang='lat' dir='ltr'>Quo-</span> 
     </span>
    </p>
   </div>
   <div class='ocr_carea' id='block_1_99' title="bbox 2235 3585 3846 3664">
    <p class='ocr_par' dir='ltr' id='par_1_99' title="bbox 2235 3585 3846 3664">
     <span class='ocr_line' id='line_1_99' title="bbox 2235 3585 3846 3664; baseline 0.006 -23"><span class='ocrx_word' id='word_1_705' title='bbox 2235 3585 2383 3643; x_wconf 85' lang='lat' dir='ltr'>niam</span> <span class='ocrx_word' id='word_1_706' title='bbox 2409 3587 2524 3643; x_wconf 80' lang='lat' dir='ltr'>Rea:</span> <span class='ocrx_word' id='word_1_707' title='bbox 2551 3592 2644 3655; x_wconf 86' lang='lat' dir='ltr'>est,</span> <span class='ocrx_word' id='word_1_708' title='bbox 2687 3592 2736 3641; x_wconf 87' lang='lat' dir='ltr'>et</span> <span class='ocrx_word' id='word_1_709' title='bbox 2784 3586 3046 3644; x_wconf 84' lang='lat' dir='ltr'>Dominus</span> <span class='ocrx_word' id='word_1_710' title='bbox 3074 3588 3477 3660; x_wconf 84' lang='lat' dir='ltr'>dominantium,</span> <span class='ocrx_word' id='word_1_711' title='bbox 3523 3598 3576 3648; x_wconf 86' lang='lat' dir='ltr'>et</span> <span class='ocrx_word' id='word_1_712' title='bbox 3602 3594 3711 3664; x_wconf 79' lang='lat' dir='ltr'>qui</span> <span class='ocrx_word' id='word_1_713' title='bbox 3740 3611 3846 3650; x_wconf 66' lang='lat' dir='ltr'>cum</span> 
     </span>
    </p>
   </div>
   <div class='ocr_carea' id='block_1_100' title="bbox 2237 3675 3846 3756">
    <p class='ocr_par' dir='ltr' id='par_1_100' title="bbox 2237 3675 3846 3756">
     <span class='ocr_line' id='line_1_100' title="bbox 2237 3675 3846 3756; baseline 0.005 -25"><span class='ocrx_word' id='word_1_714' title='bbox 2237 3675 2334 3732; x_wconf 88' lang='lat' dir='ltr'>illo</span> <span class='ocrx_word' id='word_1_715' title='bbox 2388 3683 2513 3732; x_wconf 84' lang='lat' dir='ltr'>sunt</span> <span class='ocrx_word' id='word_1_716' title='bbox 2538 3677 2728 3747; x_wconf 84' lang='lat' dir='ltr'>vocati,</span> <span class='ocrx_word' id='word_1_717' title='bbox 2750 3714 2761 3723; x_wconf 72' lang='lat'>.</span> <span class='ocrx_word' id='word_1_718' title='bbox 2783 3678 2929 3734; x_wconf 88' lang='lat' dir='ltr'>electi</span> <span class='ocrx_word' id='word_1_719' title='bbox 2974 3683 3023 3734; x_wconf 86' lang='lat' dir='ltr'>et</span> <span class='ocrx_word' id='word_1_720' title='bbox 3050 3678 3248 3750; x_wconf 81' lang='lat' dir='ltr'>ﬁdeles.</span> <span class='ocrx_word' id='word_1_721' title='bbox 3279 3680 3388 3749; x_wconf 89' lang='lat' dir='ltr'>Qui</span> <span class='ocrx_word' id='word_1_722' title='bbox 3433 3689 3567 3739; x_wconf 88' lang='lat' dir='ltr'>sunt</span> <span class='ocrx_word' id='word_1_723' title='bbox 3595 3698 3766 3756; x_wconf 84' lang='lat' dir='ltr'>reges</span> <span class='ocrx_word' id='word_1_724' title='bbox 3798 3692 3846 3740; x_wconf 91' lang='lat' dir='ltr'>et</span> 
     </span>
    </p>
   </div>
   <div class='ocr_carea' id='block_1_101' title="bbox 2236 3764 3847 3840">
    <p class='ocr_par' dir='ltr' id='par_1_101' title="bbox 2236 3764 3847 3840">
     <span class='ocr_line' id='line_1_101' title="bbox 2236 3764 3847 3840; baseline 0.007 -19"><span class='ocrx_word' id='word_1_725' title='bbox 2236 3764 2606 3837; x_wconf 90' lang='lat' dir='ltr'>dominantes,</span> <span class='ocrx_word' id='word_1_726' title='bbox 2660 3766 2768 3840; x_wconf 91' lang='lat' dir='ltr'>ipsi</span> <span class='ocrx_word' id='word_1_727' title='bbox 2816 3775 2947 3825; x_wconf 89' lang='lat' dir='ltr'>sunt</span> <span class='ocrx_word' id='word_1_728' title='bbox 3008 3769 3169 3827; x_wconf 89' lang='lat' dir='ltr'>electi</span> <span class='ocrx_word' id='word_1_729' title='bbox 3215 3778 3269 3827; x_wconf 91' lang='lat' dir='ltr'>et</span> <span class='ocrx_word' id='word_1_730' title='bbox 3321 3770 3532 3828; x_wconf 87' lang='lat' dir='ltr'>ﬁdeles.</span> <span class='ocrx_word' id='word_1_731' title='bbox 3587 3772 3847 3832; x_wconf 78' lang='lat' dir='ltr'>Christus</span> 
     </span>
    </p>
   </div>
   <div class='ocr_carea' id='block_1_102' title="bbox 2237 3856 3845 3932">
    <p class='ocr_par' dir='ltr' id='par_1_102' title="bbox 2237 3856 3845 3932">
     <span class='ocr_line' id='line_1_102' title="bbox 2237 3856 3845 3932; baseline 0.006 -21"><span class='ocrx_word' id='word_1_732' title='bbox 2237 3856 2408 3930; x_wconf 82' lang='lat' dir='ltr'>igitur</span> <span class='ocrx_word' id='word_1_733' title='bbox 2435 3859 2551 3916; x_wconf 84' lang='lat' dir='ltr'>Rex</span> <span class='ocrx_word' id='word_1_734' title='bbox 2596 3874 2785 3932; x_wconf 92' lang='lat' dir='ltr'>regum</span> <span class='ocrx_word' id='word_1_735' title='bbox 2815 3868 2919 3931; x_wconf 91' lang='lat' dir='ltr'>est,</span> <span class='ocrx_word' id='word_1_736' title='bbox 2972 3867 3027 3917; x_wconf 90' lang='lat' dir='ltr'>et</span> <span class='ocrx_word' id='word_1_737' title='bbox 3078 3861 3348 3919; x_wconf 89' lang='lat' dir='ltr'>Dominus</span> <span class='ocrx_word' id='word_1_738' title='bbox 3376 3861 3800 3922; x_wconf 88' lang='lat' dir='ltr'>dominantium</span> <span class='ocrx_word' id='word_1_739' title='bbox 3830 3881 3845 3920; x_wconf 90' lang='lat'><strong>:</strong></span> 
     </span>
    </p>
   </div>
   <div class='ocr_carea' id='block_1_103' title="bbox 2237 3948 3837 4024">
    <p class='ocr_par' dir='ltr' id='par_1_103' title="bbox 2237 3948 3837 4024">
     <span class='ocr_line' id='line_1_103' title="bbox 2237 3948 3837 4024; baseline 0.004 -19"><span class='ocrx_word' id='word_1_740' title='bbox 2237 3948 2367 4023; x_wconf 91' lang='lat' dir='ltr'>quia</span> <span class='ocrx_word' id='word_1_741' title='bbox 2407 3949 2524 4024; x_wconf 88' lang='lat' dir='ltr'>ipse</span> <span class='ocrx_word' id='word_1_742' title='bbox 2560 3960 2643 4009; x_wconf 90' lang='lat' dir='ltr'>est</span> <span class='ocrx_word' id='word_1_743' title='bbox 2664 3953 2782 4010; x_wconf 83' lang='lat' dir='ltr'>Rex</span> <span class='ocrx_word' id='word_1_744' title='bbox 2808 3961 2863 4009; x_wconf 89' lang='lat' dir='ltr'>et</span> <span class='ocrx_word' id='word_1_745' title='bbox 2891 3953 3162 4010; x_wconf 86' lang='lat' dir='ltr'>Dominus</span> <span class='ocrx_word' id='word_1_746' title='bbox 3191 3953 3440 4011; x_wconf 90' lang='lat' dir='ltr'>omnium</span> <span class='ocrx_word' id='word_1_747' title='bbox 3472 3964 3799 4013; x_wconf 85' lang='lat' dir='ltr'>sanctorum</span> <span class='ocrx_word' id='word_1_748' title='bbox 3824 3972 3837 4011; x_wconf 91' lang='lat'>:</span> 
     </span>
    </p>
   </div>
   <div class='ocr_carea' id='block_1_104' title="bbox 2237 4040 3842 4114">
    <p class='ocr_par' dir='ltr' id='par_1_104' title="bbox 2237 4040 3842 4114">
     <span class='ocr_line' id='line_1_104' title="bbox 2237 4040 3842 4114; baseline 0.005 -18"><span class='ocrx_word' id='word_1_749' title='bbox 2237 4048 2291 4097; x_wconf 92' lang='lat' dir='ltr'>et</span> <span class='ocrx_word' id='word_1_750' title='bbox 2320 4040 2416 4114; x_wconf 90' lang='lat' dir='ltr'>qui</span> <span class='ocrx_word' id='word_1_751' title='bbox 2461 4057 2588 4098; x_wconf 92' lang='lat' dir='ltr'>cum</span> <span class='ocrx_word' id='word_1_752' title='bbox 2619 4040 2717 4097; x_wconf 89' lang='lat' dir='ltr'>illo</span> <span class='ocrx_word' id='word_1_753' title='bbox 2764 4049 2896 4097; x_wconf 90' lang='lat' dir='ltr'>sunt</span> <span class='ocrx_word' id='word_1_754' title='bbox 2925 4041 3130 4111; x_wconf 85' lang='lat' dir='ltr'>vocati,</span> <span class='ocrx_word' id='word_1_755' title='bbox 3177 4043 3334 4099; x_wconf 91' lang='lat' dir='ltr'>electi</span> <span class='ocrx_word' id='word_1_756' title='bbox 3373 4050 3427 4099; x_wconf 89' lang='lat' dir='ltr'>et</span> <span class='ocrx_word' id='word_1_757' title='bbox 3456 4043 3653 4102; x_wconf 87' lang='lat' dir='ltr'>ﬁdeles</span> <span class='ocrx_word' id='word_1_758' title='bbox 3694 4055 3842 4114; x_wconf 88' lang='lat' dir='ltr'>sunt,</span> 
     </span>
    </p>
   </div>
   <div class='ocr_carea' id='block_1_105' title="bbox 2237 4126 3843 4202">
    <p class='ocr_par' dir='ltr' id='par_1_105' title="bbox 2237 4126 3843 4202">
     <span class='ocr_line' id='line_1_105' title="bbox 2237 4126 3843 4202; baseline 0.005 -18"><span class='ocrx_word' id='word_1_759' title='bbox 2237 4126 2295 4184; x_wconf 91' lang='lat' dir='ltr'>id</span> <span class='ocrx_word' id='word_1_760' title='bbox 2323 4135 2406 4185; x_wconf 89' lang='lat' dir='ltr'>est</span> <span class='ocrx_word' id='word_1_761' title='bbox 2452 4128 2649 4198; x_wconf 88' lang='lat' dir='ltr'>sancti,</span> <span class='ocrx_word' id='word_1_762' title='bbox 2697 4129 2794 4202; x_wconf 90' lang='lat' dir='ltr'>qui</span> <span class='ocrx_word' id='word_1_763' title='bbox 2822 4129 2893 4186; x_wconf 90' lang='lat' dir='ltr'>ad</span> <span class='ocrx_word' id='word_1_764' title='bbox 2936 4129 3043 4188; x_wconf 92' lang='lat' dir='ltr'>hoc</span> <span class='ocrx_word' id='word_1_765' title='bbox 3071 4132 3254 4188; x_wconf 88' lang='lat' dir='ltr'>vocati</span> <span class='ocrx_word' id='word_1_766' title='bbox 3296 4140 3443 4201; x_wconf 90' lang='lat' dir='ltr'>sunt,</span> <span class='ocrx_word' id='word_1_767' title='bbox 3476 4141 3539 4189; x_wconf 92' lang='lat' dir='ltr'>ut</span> <span class='ocrx_word' id='word_1_768' title='bbox 3584 4151 3719 4191; x_wconf 89' lang='lat' dir='ltr'>cum</span> <span class='ocrx_word' id='word_1_769' title='bbox 3754 4135 3843 4191; x_wconf 90' lang='lat' dir='ltr'>illo</span> 
     </span>
    </p>
   </div>
   <div class='ocr_carea' id='block_1_106' title="bbox 2237 4216 3842 4296">
    <p class='ocr_par' dir='ltr' id='par_1_106' title="bbox 2237 4216 3842 4296">
     <span class='ocr_line' id='line_1_106' title="bbox 2237 4216 3842 4296; baseline 0.004 -23"><span class='ocrx_word' id='word_1_770' title='bbox 2237 4216 2296 4273; x_wconf 89' lang='lat' dir='ltr'>in</span> <span class='ocrx_word' id='word_1_771' title='bbox 2344 4225 2612 4275; x_wconf 87' lang='lat' dir='ltr'>aternum</span> <span class='ocrx_word' id='word_1_772' title='bbox 2652 4228 3036 4292; x_wconf 89' lang='lat' dir='ltr'>permaneant,</span> <span class='ocrx_word' id='word_1_773' title='bbox 3085 4221 3247 4278; x_wconf 89' lang='lat' dir='ltr'>electi</span> <span class='ocrx_word' id='word_1_774' title='bbox 3294 4228 3346 4278; x_wconf 90' lang='lat' dir='ltr'>et</span> <span class='ocrx_word' id='word_1_775' title='bbox 3377 4221 3726 4296; x_wconf 79' lang='lat' dir='ltr'>ﬁdeles-jure</span> <span class='ocrx_word' id='word_1_776' title='bbox 3757 4241 3842 4280; x_wconf 79' lang='lat' dir='ltr'>vo-</span> 
     </span>
    </p>
   </div>
   <div class='ocr_carea' id='block_1_107' title="bbox 2235 4308 3842 4385">
    <p class='ocr_par' dir='ltr' id='par_1_107' title="bbox 2235 4308 3842 4385">
     <span class='ocr_line' id='line_1_107' title="bbox 2235 4308 3842 4385; baseline 0.004 -20"><span class='ocrx_word' id='word_1_777' title='bbox 2235 4316 2450 4366; x_wconf 90' lang='lat' dir='ltr'>cantur.</span> <span class='ocrx_word' id='word_1_778' title='bbox 2502 4308 2785 4369; x_wconf 85' lang='lat' dir='ltr'>Vocantur</span> <span class='ocrx_word' id='word_1_779' title='bbox 2831 4310 2981 4367; x_wconf 91' lang='lat' dir='ltr'>enim</span> <span class='ocrx_word' id='word_1_780' title='bbox 3010 4318 3065 4367; x_wconf 91' lang='lat' dir='ltr'>et</span> <span class='ocrx_word' id='word_1_781' title='bbox 3106 4311 3344 4385; x_wconf 92' lang='lat' dir='ltr'>reprobi,</span> <span class='ocrx_word' id='word_1_782' title='bbox 3393 4313 3536 4370; x_wconf 90' lang='lat' dir='ltr'>sicut</span> <span class='ocrx_word' id='word_1_783' title='bbox 3565 4315 3842 4371; x_wconf 81' lang='lat' dir='ltr'>Dominus</span> 
     </span>
    </p>
   </div>
   <div class='ocr_carea' id='block_1_108' title="bbox 2237 4397 3838 4475">
    <p class='ocr_par' dir='ltr' id='par_1_108' title="bbox 2237 4397 3838 4475">
     <span class='ocr_line' id='line_1_108' title="bbox 2237 4397 3838 4475; baseline 0.002 -21"><span class='ocrx_word' id='word_1_784' title='bbox 2237 4397 2374 4457; x_wconf 90' lang='lat' dir='ltr'>dicit</span> <span class='ocrx_word' id='word_1_785' title='bbox 2398 4418 2409 4455; x_wconf 90' lang='lat'>:</span> <span class='ocrx_word' id='word_1_786' title='bbox 2457 4422 2480 4449; x_wconf 88' lang='grc'><em>‹</em></span> <span class='ocrx_word' id='word_1_787' title='bbox 2508 4400 2669 4457; x_wconf 88' lang='lat' dir='ltr'>Multi</span> <span class='ocrx_word' id='word_1_788' title='bbox 2689 4410 2819 4457; x_wconf 89' lang='lat' dir='ltr'>sunt</span> <span class='ocrx_word' id='word_1_789' title='bbox 2845 4400 3050 4471; x_wconf 88' lang='lat' dir='ltr'>vocati,</span> <span class='ocrx_word' id='word_1_790' title='bbox 3080 4402 3241 4474; x_wconf 89' lang='lat' dir='ltr'>pauci</span> <span class='ocrx_word' id='word_1_791' title='bbox 3258 4418 3391 4459; x_wconf 84' lang='lat' dir='ltr'>vero</span> <span class='ocrx_word' id='word_1_792' title='bbox 3418 4402 3585 4459; x_wconf 88' lang='lat' dir='ltr'>electi</span> <span class='ocrx_word' id='word_1_793' title='bbox 3618 4405 3838 4475; x_wconf 70' lang='lat' dir='ltr'>(Matth.</span> 
     </span>
    </p>
   </div>
   <div class='ocr_carea' id='block_1_109' title="bbox 2236 4488 3840 4563">
    <p class='ocr_par' dir='ltr' id='par_1_109' title="bbox 2236 4488 3840 4563">
     <span class='ocr_line' id='line_1_109' title="bbox 2236 4488 3840 4563; baseline 0.004 -19"><span class='ocrx_word' id='word_1_794' title='bbox 2236 4506 2334 4558; x_wconf 86' lang='lat' dir='ltr'>xx,</span> <span class='ocrx_word' id='word_1_795' title='bbox 2371 4490 2484 4563; x_wconf 88' lang='grc'><strong>16).</strong></span> <span class='ocrx_word' id='word_1_796' title='bbox 2508 4515 2527 4539; x_wconf 76' lang='grc' dir='ltr'><strong>ι</strong></span> <span class='ocrx_word' id='word_1_797' title='bbox 2569 4489 2675 4547; x_wconf 89' lang='lat' dir='ltr'>Sed</span> <span class='ocrx_word' id='word_1_798' title='bbox 2704 4488 2921 4562; x_wconf 90' lang='lat' dir='ltr'>reprobi</span> <span class='ocrx_word' id='word_1_799' title='bbox 2953 4489 3021 4545; x_wconf 92' lang='lat' dir='ltr'>ad</span> <span class='ocrx_word' id='word_1_800' title='bbox 3067 4489 3171 4550; x_wconf 92' lang='lat' dir='ltr'>hoc</span> <span class='ocrx_word' id='word_1_801' title='bbox 3198 4499 3487 4561; x_wconf 85' lang='lat' dir='ltr'>vocantur,</span> <span class='ocrx_word' id='word_1_802' title='bbox 3517 4500 3582 4550; x_wconf 88' lang='lat' dir='ltr'>ut</span> <span class='ocrx_word' id='word_1_803' title='bbox 3615 4494 3840 4553; x_wconf 80' lang='lat' dir='ltr'>inexcu-</span> 
     </span>
    </p>
   </div>
   <div class='ocr_carea' id='block_1_110' title="bbox 2234 4579 3839 4656">
    <p class='ocr_par' dir='ltr' id='par_1_110' title="bbox 2234 4579 3839 4656">
     <span class='ocr_line' id='line_1_110' title="bbox 2234 4579 3839 4656; baseline 0.004 -20"><span class='ocrx_word' id='word_1_804' title='bbox 2234 4579 2434 4636; x_wconf 89' lang='lat' dir='ltr'>sabiles</span> <span class='ocrx_word' id='word_1_805' title='bbox 2458 4579 2570 4636; x_wconf 90' lang='lat' dir='ltr'>sint</span> <span class='ocrx_word' id='word_1_806' title='bbox 2600 4595 2611 4635; x_wconf 92' lang='lat'><strong>:</strong></span> <span class='ocrx_word' id='word_1_807' title='bbox 2665 4579 2827 4637; x_wconf 89' lang='lat' dir='ltr'>electi</span> <span class='ocrx_word' id='word_1_808' title='bbox 2859 4595 3013 4651; x_wconf 91' lang='lat' dir='ltr'>vero,</span> <span class='ocrx_word' id='word_1_809' title='bbox 3059 4588 3122 4636; x_wconf 86' lang='lat' dir='ltr'>ut</span> <span class='ocrx_word' id='word_1_810' title='bbox 3159 4597 3285 4639; x_wconf 91' lang='lat' dir='ltr'>cum</span> <span class='ocrx_word' id='word_1_811' title='bbox 3329 4581 3448 4656; x_wconf 90' lang='lat' dir='ltr'>ipso</span> <span class='ocrx_word' id='word_1_812' title='bbox 3480 4581 3538 4639; x_wconf 89' lang='lat' dir='ltr'>in</span> <span class='ocrx_word' id='word_1_813' title='bbox 3568 4590 3839 4641; x_wconf 87' lang='lat' dir='ltr'>aternum</span> 
     </span>
    </p>
   </div>
   <div class='ocr_carea' id='block_1_111' title="bbox 2234 4673 2760 4748">
    <p class='ocr_par' dir='ltr' id='par_1_111' title="bbox 2234 4673 2760 4748">
     <span class='ocr_line' id='line_1_111' title="bbox 2234 4673 2760 4748; baseline 0.004 -19"><span class='ocrx_word' id='word_1_814' title='bbox 2234 4683 2584 4745; x_wconf 87' lang='lat' dir='ltr'>perseverent</span> <span class='ocrx_word' id='word_1_815' title='bbox 2621 4673 2760 4748; x_wconf 80' lang='lat'>(57).</span> 
     </span>
    </p>
   </div>
   <div class='ocr_carea' id='block_1_112' title="bbox 2308 4770 3836 4846">
    <p class='ocr_par' dir='ltr' id='par_1_112' title="bbox 2308 4770 3836 4846">
     <span class='ocr_line' id='line_1_112' title="bbox 2308 4770 3836 4846; baseline 0.006 -17"><span class='ocrx_word' id='word_1_816' title='bbox 2308 4770 2489 4840; x_wconf 81' lang='lat' dir='ltr'>(Vere.</span> <span class='ocrx_word' id='word_1_817' title='bbox 2532 4772 2641 4844; x_wconf 86' lang='grc'><strong>16.)</strong></span> <span class='ocrx_word' id='word_1_818' title='bbox 2672 4772 2746 4829; x_wconf 89' lang='lat' dir='ltr'>Et</span> <span class='ocrx_word' id='word_1_819' title='bbox 2772 4771 2940 4830; x_wconf 86' lang='lat' dir='ltr'>decem</span> <span class='ocrx_word' id='word_1_820' title='bbox 2969 4789 3190 4843; x_wconf 81' lang='lat' dir='ltr'>cornua,</span> <span class='ocrx_word' id='word_1_821' title='bbox 3212 4790 3331 4846; x_wconf 77' lang='lat' dir='ltr'>quae</span> <span class='ocrx_word' id='word_1_822' title='bbox 3356 4773 3538 4831; x_wconf 82' lang='lat' dir='ltr'>vidisti</span> <span class='ocrx_word' id='word_1_823' title='bbox 3565 4776 3627 4831; x_wconf 86' lang='lat' dir='ltr'>in</span> <span class='ocrx_word' id='word_1_824' title='bbox 3655 4776 3836 4839; x_wconf 79' lang='lat' dir='ltr'>bestia;</span> 
     </span>
    </p>
   </div>
   <div class='ocr_carea' id='block_1_113' title="bbox 2234 4862 3835 4937">
    <p class='ocr_par' dir='ltr' id='par_1_113' title="bbox 2234 4862 3835 4937">
     <span class='ocr_line' id='line_1_113' title="bbox 2234 4862 3835 4937; baseline 0.002 -18"><span class='ocrx_word' id='word_1_825' title='bbox 2234 4863 2290 4919; x_wconf 85' lang='lat' dir='ltr'>hi</span> <span class='ocrx_word' id='word_1_826' title='bbox 2325 4863 2501 4919; x_wconf 84' lang='lat' dir='ltr'>edient</span> <span class='ocrx_word' id='word_1_827' title='bbox 2544 4862 2918 4934; x_wconf 77' lang='lat' dir='ltr'>fornicariam.</span> <span class='ocrx_word' id='word_1_828' title='bbox 2964 4865 3342 4924; x_wconf 84' lang='lat' dir='ltr'>Fornicariam</span> <span class='ocrx_word' id='word_1_829' title='bbox 3391 4866 3625 4924; x_wconf 82' lang='lat' dir='ltr'>Romam</span> <span class='ocrx_word' id='word_1_830' title='bbox 3653 4875 3835 4937; x_wconf 83' lang='lat' dir='ltr'>vocat,</span> 
     </span>
    </p>
   </div>
   <div class='ocr_carea' id='block_1_114' title="bbox 2234 4953 3835 5027">
    <p class='ocr_par' dir='ltr' id='par_1_114' title="bbox 2234 4953 3835 5027">
     <span class='ocr_line' id='line_1_114' title="bbox 2234 4953 3835 5027; baseline 0.004 -17"><span class='ocrx_word' id='word_1_831' title='bbox 2234 4969 2354 5027; x_wconf 88' lang='lat' dir='ltr'>qua</span> <span class='ocrx_word' id='word_1_832' title='bbox 2384 4970 2483 5027; x_wconf 91' lang='lat' dir='ltr'>pro</span> <span class='ocrx_word' id='word_1_833' title='bbox 2529 4953 2845 5013; x_wconf 88' lang='lat' dir='ltr'>defensione</span> <span class='ocrx_word' id='word_1_834' title='bbox 2872 4956 3139 5013; x_wconf 84' lang='lat' dir='ltr'>falsorum</span> <span class='ocrx_word' id='word_1_835' title='bbox 3185 4956 3439 5022; x_wconf 89' lang='lat' dir='ltr'>deorum,</span> <span class='ocrx_word' id='word_1_836' title='bbox 3468 4958 3651 5013; x_wconf 90' lang='lat' dir='ltr'>Deum</span> <span class='ocrx_word' id='word_1_837' title='bbox 3691 4972 3835 5016; x_wconf 70' lang='lat' dir='ltr'>crea-</span> 
     </span>
    </p>
   </div>
   <div class='ocr_carea' id='block_1_115' title="bbox 2234 5046 3835 5120">
    <p class='ocr_par' dir='ltr' id='par_1_115' title="bbox 2234 5046 3835 5120">
     <span class='ocr_line' id='line_1_115' title="bbox 2234 5046 3835 5120; baseline 0.001 -20"><span class='ocrx_word' id='word_1_838' title='bbox 2234 5050 2410 5101; x_wconf 90' lang='lat' dir='ltr'>torem</span> <span class='ocrx_word' id='word_1_839' title='bbox 2455 5061 2614 5102; x_wconf 90' lang='lat' dir='ltr'>suum</span> <span class='ocrx_word' id='word_1_840' title='bbox 2662 5046 3105 5120; x_wconf 88' lang='lat' dir='ltr'>persequebatur.</span> <span class='ocrx_word' id='word_1_841' title='bbox 3155 5048 3355 5106; x_wconf 90' lang='lat' dir='ltr'>Decem</span> <span class='ocrx_word' id='word_1_842' title='bbox 3412 5047 3601 5120; x_wconf 87' lang='lat' dir='ltr'>itaque</span> <span class='ocrx_word' id='word_1_843' title='bbox 3629 5060 3835 5105; x_wconf 81' lang='lat' dir='ltr'>cornua</span> 
     </span>
    </p>
   </div>
   <div class='ocr_carea' id='block_1_116' title="bbox 2234 5134 3834 5213">
    <p class='ocr_par' dir='ltr' id='par_1_116' title="bbox 2234 5134 3834 5213">
     <span class='ocr_line' id='line_1_116' title="bbox 2234 5134 3834 5213; baseline 0.003 -22"><span class='ocrx_word' id='word_1_844' title='bbox 2234 5134 2364 5192; x_wconf 91' lang='lat' dir='ltr'>odio</span> <span class='ocrx_word' id='word_1_845' title='bbox 2406 5135 2715 5194; x_wconf 88' lang='lat' dir='ltr'>habuerunt</span> <span class='ocrx_word' id='word_1_846' title='bbox 2777 5137 3153 5209; x_wconf 86' lang='lat' dir='ltr'>fornicariam,</span> <span class='ocrx_word' id='word_1_847' title='bbox 3200 5137 3428 5213; x_wconf 87' lang='lat' dir='ltr'>quando</span> <span class='ocrx_word' id='word_1_848' title='bbox 3474 5145 3665 5210; x_wconf 85' lang='lat' dir='ltr'>gentes</span> <span class='ocrx_word' id='word_1_849' title='bbox 3714 5152 3834 5212; x_wconf 67' lang='lat' dir='ltr'>qua</span> 
     </span>
    </p>
   </div>
   <div class='ocr_carea' id='block_1_117' title="bbox 2234 5227 3828 5305">
    <p class='ocr_par' dir='ltr' id='par_1_117' title="bbox 2234 5227 3828 5305">
     <span class='ocr_line' id='line_1_117' title="bbox 2234 5227 3828 5305; baseline 0.003 -20"><span class='ocrx_word' id='word_1_850' title='bbox 2234 5243 2331 5301; x_wconf 91' lang='lat' dir='ltr'>per</span> <span class='ocrx_word' id='word_1_851' title='bbox 2358 5227 2543 5287; x_wconf 88' lang='lat' dir='ltr'>decem</span> <span class='ocrx_word' id='word_1_852' title='bbox 2572 5245 2778 5288; x_wconf 89' lang='lat' dir='ltr'>cornua</span> <span class='ocrx_word' id='word_1_853' title='bbox 2821 5230 3114 5305; x_wconf 84' lang='lat' dir='ltr'>designata</span> <span class='ocrx_word' id='word_1_854' title='bbox 3145 5237 3295 5300; x_wconf 89' lang='lat' dir='ltr'>sunt,</span> <span class='ocrx_word' id='word_1_855' title='bbox 3328 5230 3397 5289; x_wconf 88' lang='lat' dir='ltr'>ad</span> <span class='ocrx_word' id='word_1_856' title='bbox 3426 5229 3828 5289; x_wconf 80' lang='lat' dir='ltr'>destruendum</span> 
     </span>
    </p>
   </div>
   <div class='ocr_carea' id='block_1_118' title="bbox 2234 5388 3108 5452">
    <p class='ocr_par' dir='ltr' id='par_1_118' title="bbox 2234 5388 3108 5452">
     <span class='ocr_line' id='line_1_118' title="bbox 2234 5388 3108 5452; baseline 0.006 -6"><span class='ocrx_word' id='word_1_857' title='bbox 2234 5406 2364 5447; x_wconf 90' lang='lat' dir='ltr'>mss.</span> <span class='ocrx_word' id='word_1_858' title='bbox 2398 5405 2531 5447; x_wconf 87' lang='lat' dir='ltr'>vero</span> <span class='ocrx_word' id='word_1_859' title='bbox 2558 5388 2849 5451; x_wconf 88' lang='lat' dir='ltr'>nobiscum</span> <span class='ocrx_word' id='word_1_860' title='bbox 2877 5390 3108 5452; x_wconf 84' lang='lat' dir='ltr'>faciunt.</span> 
     </span>
    </p>
   </div>
   <div class='ocr_carea' id='block_1_119' title="bbox 2308 5462 3826 5540">
    <p class='ocr_par' dir='ltr' id='par_1_119' title="bbox 2308 5462 3826 5540">
     <span class='ocr_line' id='line_1_119' title="bbox 2308 5462 3826 5540; baseline 0.001 -20"><span class='ocrx_word' id='word_1_861' title='bbox 2308 5462 2425 5536; x_wconf 82' lang='lat'>(57)</span> <span class='ocrx_word' id='word_1_862' title='bbox 2485 5465 2820 5540; x_wconf 83' lang='lat' dir='ltr'>Rom._edit_.</span> <span class='ocrx_word' id='word_1_863' title='bbox 2872 5466 2964 5540; x_wconf 82' lang='lat' dir='ltr'>hic</span> <span class='ocrx_word' id='word_1_864' title='bbox 2999 5468 3297 5540; x_wconf 81' lang='lat' dir='ltr'>posuerat:</span> <span class='ocrx_word' id='word_1_865' title='bbox 3353 5465 3433 5540; x_wconf 71' lang='lat' dir='ltr'>Et</span> <span class='ocrx_word' id='word_1_866' title='bbox 3479 5463 3826 5540; x_wconf 71' lang='lat' dir='ltr'>dixitmihi:</span> 
     </span>
    </p>
   </div>
   <div class='ocr_carea' id='block_1_120' title="bbox 2234 5535 3826 5609">
    <p class='ocr_par' dir='ltr' id='par_1_120' title="bbox 2234 5535 3826 5609">
     <span class='ocr_line' id='line_1_120' title="bbox 2234 5535 3826 5609; baseline 0.001 -19"><span class='ocrx_word' id='word_1_867' title='bbox 2234 5535 2402 5609; x_wconf 71' lang='lat' dir='ltr'>Aqua:</span> <span class='ocrx_word' id='word_1_868' title='bbox 2444 5552 2577 5609; x_wconf 82' lang='lat' dir='ltr'>quas</span> <span class='ocrx_word' id='word_1_869' title='bbox 2603 5537 2821 5609; x_wconf 68' lang='lat' dir='ltr'>uidisti,</span> <span class='ocrx_word' id='word_1_870' title='bbox 2852 5538 2943 5594; x_wconf 85' lang='lat' dir='ltr'>ubi</span> <span class='ocrx_word' id='word_1_871' title='bbox 2981 5535 3230 5595; x_wconf 72' lang='lat' dir='ltr'>meretrix</span> <span class='ocrx_word' id='word_1_872' title='bbox 3277 5538 3433 5608; x_wconf 80' lang='lat' dir='ltr'>sedet,</span> <span class='ocrx_word' id='word_1_873' title='bbox 3465 5548 3522 5595; x_wconf 89' lang='lat' dir='ltr'>et</span> <span class='ocrx_word' id='word_1_874' title='bbox 3562 5537 3673 5593; x_wconf 87' lang='lat' dir='ltr'>alia</span> <span class='ocrx_word' id='word_1_875' title='bbox 3697 5552 3826 5609; x_wconf 67' lang='lat' dir='ltr'>qua</span> 
     </span>
    </p>
   </div>
   <div class='ocr_carea' id='block_1_121' title="bbox 2234 5606 3826 5685">
    <p class='ocr_par' dir='ltr' id='par_1_121' title="bbox 2234 5606 3826 5685">
     <span class='ocr_line' id='line_1_121' title="bbox 2234 5606 3826 5685; baseline 0.003 -23"><span class='ocrx_word' id='word_1_876' title='bbox 2234 5606 2293 5663; x_wconf 93' lang='lat' dir='ltr'>in</span> <span class='ocrx_word' id='word_1_877' title='bbox 2322 5620 2452 5665; x_wconf 86' lang='lat' dir='ltr'>mss.</span> <span class='ocrx_word' id='word_1_878' title='bbox 2475 5616 2529 5665; x_wconf 91' lang='lat' dir='ltr'>et</span> <span class='ocrx_word' id='word_1_879' title='bbox 2548 5608 2677 5667; x_wconf 88' lang='lat' dir='ltr'>Gill.</span> <span class='ocrx_word' id='word_1_880' title='bbox 2707 5608 2838 5667; x_wconf 89' lang='lat' dir='ltr'>edit.</span> <span class='ocrx_word' id='word_1_881' title='bbox 2855 5609 3127 5669; x_wconf 88' lang='lat' dir='ltr'>habentur</span> <span class='ocrx_word' id='word_1_882' title='bbox 3149 5611 3401 5685; x_wconf 88' lang='lat' dir='ltr'>proxime</span> <span class='ocrx_word' id='word_1_883' title='bbox 3414 5606 3561 5681; x_wconf 84' lang='lat' dir='ltr'>ante,</span> <span class='ocrx_word' id='word_1_884' title='bbox 3581 5606 3735 5667; x_wconf 51' lang='lat' dir='ltr'>vers.—</span> <span class='ocrx_word' id='word_1_885' title='bbox 3733 5607 3826 5667; x_wconf 87' lang='grc'><strong>18.</strong></span> 
     </span>
    </p>
   </div>
  </div>
