4060 6208
210 329 340 387 1001

1095 324 1557 384 BERENGAUDI
1598 322 1972 382 EXPOSITIO
2008 322 2079 382 IN
2116 323 2621 383 APOCALYPSIN.

3373 325 3510 386 {002

209 455 511 510 Romanum
554 451 849 524 imperium
877 466 1031 508 arma
1057 459 1427 524 sumpserunt.
1472 454 1547 508 Et
1584 452 1801 507 ilesola—
1829 454 1879 512 A
1908 451 2076 506 Patri.
2117 452 2283 507 Terra
2312 452 2618 507 illuminata
2643 455 2718 505 est
2768 467 2804 505 a
2830 450 3006 522 gloria
3035 451 3186 521 ejus;
3237 468 3367 528 quia
3414 471 3513 527 per

210 550 315 598 tam
358 543 508 598 illam
537 540 736 612 facient
763 548 810 596 et
840 541 1056 598 nudam.
1094 542 1404 598 Desolatam
1454 541 1603 597 illam
1654 542 1807 597 fece-

207 638 338 687 runt
383 638 436 686 et
483 629 710 698 nudam,
760 629 981 704 quando
1031 646 1222 687 omnes
1268 637 1453 703 gentes
1494 630 1611 701 (58)
1658 637 1807 702 pote-

207 720 336 776 stati
358 719 477 792 ejus
500 719 841 777 ademerunt.
879 722 953 777 Et
979 738 1162 777 carnes
1192 720 1305 789 eius
1334 720 1805 776 manducaverunt.

208 811 349 880 Quia
396 810 610 868 delicia
657 828 877 868 carnem
920 812 1197 880 nutriunt,
1230 826 1522 883 possumus
1548 825 1644 882 per
1679 824 1811 865 car—

206 916 306 958 nes
350 899 576 957 divitias
619 900 868 956 omnium
927 900 1173 974 gentium
1230 898 1557 972 intelligere.
1608 897 1811 956 Carnes

206 988 327 1063 ejus
372 989 866 1059 manducaverunt,
916 990 1136 1064 quando
1182 1005 1311 1063 opes
1353 987 1605 1045 omnium
1663 990 1810 1049 565

206 1091 480 1164 gentium,
525 1107 645 1165 qua
701 1091 931 1149 Romam
986 1089 1393 1158 deferebantur,
1455 1090 1807 1159 acceperunt,

207 1185 263 1235 et
296 1178 358 1235 in
403 1196 532 1236 suos
560 1196 693 1237 usus
734 1180 1081 1253 redegerunt.
1130 1182 1205 1237 Et
1235 1179 1407 1251 ipsam
1451 1176 1564 1249 igni
1591 1190 1812 1231 concre—

204 1269 447 1326 mabunt.
482 1270 699 1328 Scimus
739 1270 1003 1343 plurimas
1031 1269 1302 1337 civitates,
1333 1267 1507 1335 vicos,
1536 1272 1591 1321 et
1620 1265 1812 1323 castel-

210 1357 284 1427 la,
319 1374 443 1430 qua
472 1360 717 1416 Romano
764 1359 998 1432 imperio
1034 1356 1410 1430 subjacebant,
1439 1355 1509 1412 ab
1546 1353 1636 1411 his
1671 1369 1813 1426 gen-

206 1446 363 1504 tibus
393 1448 561 1505 fuisse
590 1458 955 1508 concremata.

284 1536 470 1607 (Vers.
508 1538 621 1611 17.)
662 1540 802 1595 Deus
839 1538 977 1594 enim
1010 1539 1153 1594 dedit
1205 1538 1262 1593 in
1301 1537 1466 1593 corda
1514 1551 1713 1604 eorum,
1754 1538 1814 1589 ut

204 1623 414 1696 faciant
459 1628 600 1698 quod
639 1628 727 1683 illi
754 1628 1131 1700 beneplacitum
1165 1633 1280 1693 est;
1327 1632 1388 1682 ut
1432 1627 1556 1681 dent
1595 1639 1815 1696 regnum

206 1730 366 1770 suum
411 1715 603 1785 bestia,
647 1716 808 1772 donec
850 1723 1271 1773 consummentur
1313 1715 1473 1772 verba
1516 1713 1634 1771 Dei.
1667 1716 1815 1770 Deus

1916 540 2222 597 doctrinam
2280 540 2408 596 ﬁdei
2464 540 2582 612 ejus
2628 556 2797 611 genus
2855 539 3160 598 humanum
3190 559 3224 598 a
3269 544 3513 602 tenebris

1916 628 2241 702 ignorantia
2268 637 2432 702 atque
2461 628 2863 686 incredulitatis
2891 637 2973 686 est
3000 640 3267 703 ereptum.

1991 728 2173 799 (Vers.
2206 727 2287 801 2.)
2319 729 2395 784 Et
2419 728 2669 785 clamavit
2695 727 2754 784 in
2807 727 2943 799 forti
2971 746 3110 796 voce,
3142 730 3340 788 dicens.
3388 732 3513 789 Vox

1921 817 2127 875 Christi
2156 817 2412 875 doctrina
2440 826 2522 875 est
2542 818 2853 891 Evangelii.
2887 818 3031 887 Quid
3053 827 3235 876 autem
3267 819 3384 876 hac
3403 836 3516 876 vox

1920 907 2263 976 clamaverit,
2319 907 2605 965 subdendo
2661 907 3007 964 manifestat:
3060 907 3280 976 Cecidit,
3337 908 3518 964 cecidit

1919 997 2165 1068 Babylon
2192 1015 2404 1071 magna.
2434 998 2652 1055 Dixisse
2690 998 2792 1054 Dei
2825 997 3020 1055 fecisse
3049 1006 3167 1066 est;
3193 996 3339 1055 dixit
3366 997 3515 1055 enim

1920 1084 2182 1142 cecidisse
2212 1085 2570 1159 Babylonem,
2594 1086 2724 1160 quia
2743 1086 2861 1160 ipse
2881 1086 3012 1144 fecit
3032 1094 3095 1143 ut
3112 1087 3336 1144 caderet
3359 1105 3371 1144 :
3396 1104 3518 1161 qua

1918 1174 2006 1231 bis
2030 1174 2293 1233 cecidisse
2321 1175 2549 1244 dicitur,
2582 1176 2713 1250 quia
2765 1175 2969 1233 cecidit
3006 1176 3206 1249 primo,
3240 1192 3366 1233 cum
3421 1194 3519 1250 per

1920 1264 2229 1322 doctrinam
2260 1264 2547 1337 Evangelii
2577 1268 2878 1322 maximam
2930 1265 3349 1322 multitudinem
3379 1265 3520 1325 elec-

1920 1363 2105 1411 torum
2134 1354 2342 1424 amisit,
2374 1355 2470 1429 qui
2501 1355 2570 1412 ab
2601 1371 2664 1412 ea
2690 1371 2788 1429 per
2837 1353 3005 1412 ﬁdem
3039 1354 3248 1413 Christi
3277 1355 3514 1429 pracisi,

1921 1444 2072 1501 cives
2104 1453 2307 1502 sancta
2341 1444 2606 1513 civitatis,
2640 1444 2699 1501 id
2751 1452 2853 1514 est,
2887 1444 3149 1502 Ecclesia
3176 1444 3308 1504 facti
3336 1455 3468 1503 sunt
3502 1462 3515 1503 :

1921 1534 2079 1590 cadet
2104 1533 2366 1603 secundo,
2400 1551 2526 1592 cum
2556 1534 2616 1592 in
2645 1535 2846 1592 ultimo
2883 1534 2974 1592 die
3018 1544 3195 1595 morte
3233 1546 3516 1610 perpetua,

1922 1639 2043 1696 qua
2073 1622 2131 1679 in
2163 1623 2269 1680 hoc
2298 1623 2442 1679 libro
2475 1640 2621 1680 mors
2649 1624 2891 1681 secunda
2937 1633 3189 1696 vocatur,
3233 1626 3518 1699 punietur.

1920 1715 1996 1771 Et
2021 1712 2170 1783 facta
2208 1718 2283 1768 est
2307 1712 2563 1769 habitatio
2592 1714 2907 1771 damonum.
2936 1714 3220 1790 Numquid
3258 1723 3386 1773 ante
3428 1716 3520 1773 ad-

204 1804 361 1861 dedit
404 1804 464 1860 in
501 1804 671 1863 corda
700 1821 913 1875 eorum,
960 1804 1019 1862 id
1060 1814 1164 1886 est,
1203 1804 1455 1878 permisit
1499 1810 1562 1859 ut
1609 1802 1815 1860 faciant
1846 1818 1895 1880 Β
1927 1812 2153 1862 ventum
2210 1805 2419 1863 Christi
2448 1805 2727 1863 damones
2755 1807 2814 1864 in
2866 1806 3151 1881 Babylone
3177 1825 3292 1866 non
3348 1808 3521 1867 habi-

203 1895 349 1971 quod
390 1894 475 1950 illi
507 1894 916 1967 beneplacitum
945 1904 1047 1964 est,
1095 1903 1149 1952 et
1195 1893 1343 1969 quod
1380 1893 1703 1967 pradictum
1734 1899 1817 1949 est

204 2001 236 2041 a
289 1982 582 2058 prophetis
636 1982 756 2055 ejus
828 1990 883 2039 et
945 1984 1230 2056 apostolis,
1288 1982 1384 2057 qui
1440 1980 1818 2055 pradixerunt

207 2074 358 2149 quod
384 2079 628 2146 potestas
652 2071 884 2129 Romani
916 2072 1135 2145 imperii
1162 2073 1231 2129 ab
1278 2072 1358 2130 eis
1395 2071 1649 2144 gentibus
1677 2078 1819 2128 esset

208 2164 565 2223 destruenda.
597 2165 845 2236 Regnum
872 2170 1058 2220 autem
1087 2179 1250 2221 suum
1287 2162 1477 2220 bestia
1523 2162 1816 2231 dederunt,

209 2255 387 2313 donec
434 2261 951 2312 consummarentur
980 2254 1147 2313 verba
1176 2253 1313 2323 Dei;
1356 2253 1486 2328 quia
1512 2252 1817 2310 secundum

204 2344 504 2419 justissimi
556 2344 655 2402 Dei
708 2343 1126 2417 permissionem
1193 2343 1386 2401 tandiu
1442 2341 1818 2416 suggestiones

210 2435 421 2492 diaboli
481 2434 540 2490 in
595 2434 896 2491 sceleribus
964 2434 1343 2507 perpetrandis
1418 2433 1593 2492 secuti
1666 2439 1817 2498 sunt,

211 2525 463 2601 quandiu
494 2531 1014 2581 consummarentur
1040 2522 1208 2579 verba
1235 2521 1355 2590 Dei,
1382 2521 1442 2578 id
1483 2529 1585 2591 est,
1626 2521 1818 2592 imple-

211 2622 402 2672 rentur
472 2630 535 2670 ea
589 2630 710 2687 qua
769 2629 801 2669 a
848 2615 963 2670 Deo
1018 2619 1074 2669 et
1126 2611 1331 2669 sanctis
1388 2609 1504 2683 ejus
1561 2608 1821 2683 pradicta

216 2714 365 2763 sunt.

284 2794 473 2862 (Vere.
508 2792 621 2865 15.)
654 2792 821 2864 Aqua
847 2808 981 2863 quas
1018 2792 1221 2861 vidisti,
1262 2793 1353 2849 ubi
1378 2790 1633 2848 meretrix
1660 2789 1816 2858 sedet,

211 2884 401 2956 populi
452 2887 579 2937 sunt
623 2888 671 2937 et
718 2882 885 2937 tribus
928 2888 977 2937 et
1012 2882 1222 2954 linguae.
1268 2883 1371 2938 Per
1400 2898 1590 2955 aquas,
1630 2894 1821 2935 omnes

217 2982 402 3048 gentes
432 2989 569 3046 quas
614 2972 721 3029 sibi
759 2971 991 3029 Romani
1030 2971 1395 3044 subjecerant,
1440 2971 1818 3042 designantur.

290 3065 477 3137 (Vers.
515 3064 627 3135 18.)
661 3064 737 3119 Et
761 3062 955 3117 mulier
983 3078 1143 3133 quam
1170 3060 1352 3116 vidisti
1378 3067 1455 3115 est
1482 3059 1666 3114 civitas
1696 3075 1823 3113 ma-

1924 1893 2115 1951 tabant
2134 1894 2163 1950 ‘l
2192 1894 2525 1952 Habitabant
2566 1894 2813 1969 quidem,
2871 1894 2967 1953 sed
3014 1911 3205 1952 eorum
3253 1895 3521 1956 habitatio

1926 1982 2313 2056 ignorabatur:
2365 1984 2586 2058 quando
2642 1993 2826 2042 autem
2859 1984 3161 2043 multitudo
3220 1984 3520 2044 electorum

1924 2071 1995 2130 ad
2024 2071 2189 2130 ﬁdem
2218 2089 2484 2131 conversa
2513 2082 2613 2142 est,
2642 2073 2896 2146 Babylon
2921 2073 3194 2134 habitatio
3222 2074 3524 2134 daemonio-

1927 2178 2050 2218 rum
2084 2162 2228 2221 facta
2254 2171 2371 2221 est:
2406 2161 2535 2236 quia
2564 2161 2648 2220 illi
2676 2162 2771 2236 qui
2802 2162 2966 2220 ﬁdem
2996 2163 3205 2222 Christi
3258 2181 3523 2240 suscepe-

1928 2261 2080 2322 runt,
2134 2254 2282 2328 quod
2341 2252 2613 2311 habitatio
2670 2251 3074 2311 damoniorum
3129 2254 3188 2311 in
3238 2254 3524 2330 Babylone

1927 2359 2142 2416 semper
2170 2343 2359 2413 fuerit,
2392 2344 2661 2400 veraciter
2705 2352 3102 2417 cognoverunt.
3159 2347 3235 2403 Et
3285 2348 3523 2405 custodia

1928 2436 2097 2493 omnis
2126 2437 2351 2509 spiritus
2380 2437 2661 2504 immundi,
2690 2444 2739 2494 et
2800 2440 3039 2496 custodia
3067 2440 3240 2496 omnis
3291 2442 3525 2498 uolucris

1927 2526 2215 2582 immunda
2240 2534 2291 2583 et
2324 2527 2556 2584 adibitis.
2589 2526 2695 2595 Qui
2751 2538 2882 2586 sunt
2909 2527 3205 2599 damones,
3239 2530 3346 2602 ipsi
3395 2539 3525 2589 sunt

1929 2616 2159 2689 spiritus
2186 2616 2486 2685 immundi,
2517 2624 2573 2672 et
2599 2617 2853 2674 volucres
2902 2617 3223 2677 immunda.
3256 2621 3526 2679 Volucres

1930 2708 2131 2780 quippe
2161 2707 2520 2765 nominantur
2550 2722 2614 2762 eo
2643 2706 2792 2780 quod
2821 2724 2918 2780 per
2942 2724 3121 2766 aerem
3173 2709 3342 2768 istum
3373 2729 3526 2769 more

1929 2807 2222 2854 ventorum
2278 2796 2653 2854 indesinenter
2687 2796 3030 2858 discurrant:
3084 2800 3338 2859 custodes
3393 2819 3526 2860 vero

1932 2887 2255 2960 Babylonia
2286 2887 2411 2944 ideo
2430 2895 2718 2959 vocantur,
2764 2889 2895 2962 quia
2924 2889 3067 2949 sicut
3092 2891 3272 2964 angeli
3319 2892 3525 2952 electos

1929 2977 2030 3033 Dei
2054 2975 2411 3034 custodiunt:
2473 2994 2542 3034 ne
2571 2985 2681 3035 tam
2734 2979 2968 3051 pessime
3024 2987 3270 3053 peccent,
3315 2990 3379 3040 ut
3423 2999 3529 3056 pe-

1929 3075 2118 3123 reant:
2158 3066 2237 3123 ita
2263 3074 2317 3124 et
2373 3065 2652 3125 daemones
2706 3067 2912 3141 impios
2939 3068 3252 3141 observant,
3311 3088 3381 3129 ne
3428 3074 3528 3130 ali-

220 3172 341 3227 gna,
373 3171 492 3225 qua:
517 3153 670 3208 habet
708 3157 1014 3224 potestatem
1060 3167 1221 3222 super
1265 3154 1474 3205 cunctos
1518 3165 1660 3219 reges
1709 3155 1824 3202 ter-

1932 3156 2152 3230 quando
2174 3156 2243 3214 ab
2272 3156 2660 3231 iniquitatibus
2688 3158 2803 3215 suis
2859 3158 3184 3234 resipiscant
3211 3169 3269 3220 et
3313 3163 3527 3220 salven-

221 3262 318 3301 νοω.
364 3245 482 3300 Hoc
528 3242 885 3298 manifestum
930 3249 1046 3308 est;
1103 3238 1308 3296 scimus
1355 3238 1503 3294 enim
1552 3240 1825 3295 Romanos

222 3349 288 3390 eo
316 3342 563 3405 tempore
610 3331 826 3389 cunctis
873 3330 1094 3403 regibus
1143 3338 1300 3386 terra
1345 3327 1657 3385 dominatos
1686 3344 1821 3385 esse.

221 3421 329 3478 Sed
373 3421 523 3478 dicet
569 3420 811 3493 aliquis:
854 3419 1143 3487 Quomodo
1174 3435 1271 3492 per
1319 3418 1608 3474 mulierem
1656 3432 1827 3472 mere-

222 3511 419 3569 tricem
448 3510 682 3568 Romani
711 3509 1086 3583 designantur,
1136 3525 1266 3566 cum
1316 3508 1429 3565 illis
1464 3506 1823 3580 temporibus,

210 3602 447 3677 quando
493 3602 578 3660 ha
626 3611 811 3677 gentes
856 3602 1102 3659 diversas
1131 3602 1315 3659 clades
1361 3599 1546 3674 generi
1583 3600 1828 3656 humano

224 3683 559 3758 intulerunt,
591 3692 825 3751 Romani
849 3691 1136 3750 christiani
1163 3690 1528 3749 exstiterint?
1562 3689 1648 3746 Ad
1680 3688 1828 3763 quod

225 3797 326 3838 nos
364 3780 780 3854 respondemus,
834 3781 963 3854 quia
1002 3796 1099 3853 per
1143 3780 1432 3836 mulierem
1480 3777 1827 3835 meretricem

227 3887 339 3928 non
385 3872 567 3941 electi,
618 3871 712 3944 qui
767 3887 839 3928 ex
886 3868 1074 3927 eadem
1121 3876 1279 3943 gente
1325 3868 1574 3935 fuerunt,
1622 3867 1828 3923 intelli-

230 3970 454 4035 guntur,
499 3959 706 4034 quique
749 3959 945 4017 mundi
992 3959 1221 4032 gloriam
1268 3974 1368 4032 pro
1410 3973 1596 4015 amore
1642 3955 1829 4031 gloria

231 4051 463 4111 calcatis
490 4054 978 4122 contempserunt;
1028 4047 1124 4105 sed
1170 4046 1411 4121 reprobi,
1450 4046 1569 4104 sive
1604 4044 1825 4119 pagani,

229 4141 343 4198 sive
371 4139 670 4199 christiani
699 4139 925 4195 fuerint.
956 4139 1186 4195 Illorum
1226 4154 1354 4211 ergo
1388 4144 1626 4210 potestas
1660 4135 1729 4191 ab
1760 4134 1829 4193 iis

232 4234 482 4305 gentibus
511 4232 793 4288 destructa
819 4238 921 4299 est,
944 4229 1041 4304 qui
1060 4228 1230 4302 impia
1253 4227 1630 4285 dominatione
1659 4242 1831 4301 genus

231 4320 535 4379 humanum
567 4320 907 4394 premebant.

300 4411 530 4470 CAPUT
564 4410 765 4467 XVIII.
797 4438 868 4449 —
900 4406 1082 4480 (Vers.
1111 4405 1191 4477 1.)
1221 4406 1353 4462 Post
1389 4404 1494 4460 haec
1522 4403 1633 4460 vidi
1660 4404 1832 4460 alium

233 4504 470 4573 angelum
518 4500 901 4557 descendentem
944 4498 1007 4553 de
1050 4496 1195 4566 calo,
1227 4495 1492 4551 habentem
1525 4498 1832 4566 potestatem

233 4605 476 4663 magnam
513 4607 525 4645 :
559 4595 607 4644 et
636 4595 781 4644 terra
820 4584 1127 4642 illuminata
1167 4590 1242 4640 est
1267 4601 1303 4639 a
1329 4583 1506 4656 gloria
1540 4582 1672 4653 ejus.
1705 4583 1833 4640 Hac

237 4696 353 4754 qua
395 4688 723 4757 sequuntur,
765 4678 1090 4752 generaliter
1132 4677 1202 4735 ad
1250 4677 1477 4750 impiam
1524 4676 1829 4746 civitatem,

236 4770 296 4827 id
337 4782 438 4844 est,
468 4774 541 4832 ad
570 4787 761 4830 omnes
807 4770 1068 4844 reprobos
1095 4771 1391 4845 pertinent.
1424 4770 1497 4825 Et
1525 4778 1587 4827 ut
1615 4768 1834 4843 plenius

239 4862 579 4921 eversionem
609 4860 909 4934 Babylonis
937 4860 1295 4929 demonstret,
1325 4859 1395 4917 ad
1438 4861 1671 4934 primam
1714 4859 1834 4932 ejus

240 4951 477 5023 ruinam,
530 4969 637 5026 qua
684 4968 779 5024 per
827 4951 1110 5009 Christum
1146 4967 1333 5008 eversa
1371 4957 1473 5019 est,
1515 4950 1828 5008 revertitur.

243 5040 478 5112 Angelus
529 5056 766 5115 namque
810 5040 912 5097 iste
958 5039 1240 5098 Christum
1287 5039 1576 5111 signiﬁcat,
1627 5040 1724 5112 qui
1767 5039 1835 5096 de

243 5130 379 5188 coelo
406 5134 477 5191 ad
504 5141 708 5190 terram
738 5130 1067 5188 descendere
1112 5131 1369 5204 dignatus
1412 5139 1514 5199 est,
1545 5137 1607 5186 ut
1643 5129 1837 5187 homi-

248 5231 343 5276 nes
365 5221 432 5277 ad
462 5221 709 5279 coelestia
736 5221 1067 5277 sublevaret.
1101 5220 1205 5288 Qui
1230 5226 1552 5293 potestatem
1584 5235 1835 5293 magnam

1933 3252 2045 3303 tur.

2007 3336 2193 3408 (Vers.
2226 3336 2309 3409 3.)
2342 3336 2508 3405 Quias
2532 3337 2598 3393 de
2649 3336 2775 3393 vino
2806 3337 2906 3394 ira
2931 3337 3047 3408 ejus
3072 3338 3315 3395 biberunt
3349 3357 3528 3398 omnes

1932 3433 2123 3500 gentes,
2146 3432 2195 3482 et
2222 3443 2364 3498 reges
2390 3433 2545 3483 terra
2571 3442 2690 3482 cum
2726 3428 2826 3483 illa
2852 3427 3107 3498 fornicati
3134 3436 3274 3497 sunt,
3305 3436 3355 3485 et
3387 3447 3527 3487 mer-

1934 3522 2135 3572 catores
2166 3522 2322 3572 terra:
2356 3516 2420 3572 de
2446 3516 2642 3571 virtute
2669 3515 2983 3574 deliciarum
3038 3516 3150 3588 ejus
3173 3518 3357 3575 divites
3398 3518 3530 3590 facti

1935 3612 2078 3661 sunt.
2115 3604 2263 3672 Quid
2291 3604 2366 3661 sit
2394 3606 2588 3663 vinum
2619 3606 2738 3677 ira,
2768 3614 2823 3664 et
2860 3606 2994 3680 quid
3021 3606 3316 3665 fornicatio
3338 3623 3529 3681 regum

1935 3711 2063 3753 cum
2091 3695 2377 3769 Babylone
2403 3706 2607 3769 autem,
2656 3698 2908 3772 superius
2960 3697 3205 3755 breviter
3259 3698 3528 3759 diximus.

1936 3789 2039 3846 Per
2085 3796 2417 3848 mercatores
2472 3799 2630 3849 terra
2680 3799 2951 3849 amatores
2995 3792 3185 3852 saculi
3241 3808 3533 3867 possumus

1936 3878 2273 3953 intelligere,
2302 3880 2398 3954 qui
2433 3882 2647 3938 animas
2674 3898 2803 3939 suas
2830 3898 2931 3954 pro
2967 3882 3336 3956 acquisitione
3368 3900 3532 3956 pecu-

1936 3969 2156 4026 niarum
2185 3969 2487 4042 perditioni
2515 3969 2761 4028 tradunt.
2795 3972 2876 4028 De
2904 3970 3225 4043 hujusmodi
3254 3979 3534 4029 mercato—

1938 4058 2095 4116 ribus
2124 4059 2282 4115 Jesus
2310 4058 2461 4116 ﬁlius
2524 4058 2716 4117 Sirach
2747 4060 3015 4134 loquitur,
3070 4060 3262 4119 dicens
3293 4078 3307 4117 :
3380 4082 3401 4108 ι
3430 4059 3535 4118 Hic

1937 4149 2087 4206 enim
2118 4148 2358 4206 animam
2389 4165 2544 4207 suam
2574 4150 2826 4208 venalem
2873 4150 3103 4219 habuit;
3154 4148 3418 4224 quoniam
3474 4148 3534 4205 in

1938 4236 2054 4293 vita
2082 4253 2183 4293 sua
2213 4236 2447 4310 projecit
2480 4237 2682 4294 intima
2710 4253 2810 4294 sua
2847 4237 3037 4309 (Eccli.
3069 4253 3128 4307 x,
3162 4235 3275 4306 10).
3323 4260 3344 4285 ι
3385 4233 3537 4291 Ani-

1938 4343 2085 4383 mam
2116 4342 2270 4383 suam
2310 4326 2561 4383 venalem
2587 4325 2804 4396 habuit,
2846 4326 2941 4401 qui
2970 4342 3091 4382 eam
3144 4341 3245 4399 pro
3300 4324 3535 4399 acquisi-

1938 4415 2088 4471 tione
2110 4413 2468 4488 pecuniarum
2499 4413 2845 4472 daemonibus
2889 4413 3103 4472 tradere
3130 4429 3244 4471 non
3300 4412 3492 4470 timuit
3517 4430 3530 4470 :

1940 4504 2168 4562 delicias
2198 4521 2331 4561 vero
2351 4505 2617 4561 virtutem
2646 4503 2951 4577 Babylonis
2978 4512 3141 4561 vocat
3166 4522 3179 4560 :
3234 4502 3366 4577 quia
3392 4502 3537 4561 sicut

1940 4593 2103 4651 electi
2149 4599 2266 4651 tota
2320 4593 2529 4650 virtute
2582 4592 2833 4650 laborant
2888 4601 2952 4650 ut
2996 4592 3224 4651 divitias
3284 4592 3537 4651 caelestes

1939 4684 2247 4757 acquirant,
2279 4683 2356 4740 ita
2383 4690 2437 4740 et
2478 4682 2697 4756 reprobi
2729 4683 2864 4740 totis
2892 4682 3108 4739 nisibus
3154 4681 3422 4740 insistunt
3474 4691 3538 4741 ut

1940 4772 2166 4830 divitias
2194 4773 2465 4845 perituras
2497 4772 2605 4829 sibi
2633 4772 3001 4830 accumulent.
3035 4773 3115 4828 De
3168 4771 3375 4829 talibus
3399 4771 3539 4830 dicit

1941 4861 2244 4935 propheta:
2287 4885 2307 4910 ι
2337 4862 2407 4919 Ut
2462 4861 2654 4936 inique
2691 4868 2936 4935 agerent,
2993 4860 3385 4920 laboraverunt
3431 4861 3537 4934 (Je-

1940 4972 2073 5012 rem.
2108 4970 2186 5025 1x,
2218 4954 2299 5026 ὅ).
2325 4978 2345 5002 ι

2002 5044 2197 5117 (νει-ε.
2229 5043 2311 5116 4.)
2340 5045 2416 5100 Et
2440 5042 2626 5100 audivi
2670 5043 2839 5100 aliam
2892 5059 3066 5099 vocem
3107 5042 3319 5099 decwlo
3368 5039 3538 5097 dicen-

1946 5138 2063 5190 tem.
2096 5133 2197 5189 Per
2231 5132 2432 5191 coelum
2471 5132 2531 5188 in
2588 5131 2693 5191 hoc
2722 5132 2845 5189 loco
2877 5130 3128 5190 Ecclesia
3182 5129 3532 5203 designatur:

1943 5238 2055 5279 vox
2081 5220 2150 5277 de
2178 5221 2319 5278 calo
2348 5238 2461 5278 vox
2496 5229 2578 5278 est
2609 5222 3032 5295 pradicatorum
3062 5220 3133 5279 de
3152 5217 3401 5278 Ecclesia
3416 5233 3538 5291 pro-

249 5302 440 5367 habere
493 5310 741 5379 dicitur;
800 5310 929 5383 quia
982 5309 1229 5367 eamdem
1293 5316 1616 5382 potestatem
1673 5307 1839 5365 habet
1943 5310 2162 5376 cedens.
2192 5311 2300 5369 Sed
2328 5310 2464 5385 quid
2499 5310 2638 5370 dicit
2666 5328 2778 5370 vox
2807 5312 2911 5370 ista
2931 5313 2960 5371 ?
2991 5311 3152 5369 Exite
3178 5309 3241 5365 de
3268 5308 3390 5376 illa,
3441 5322 3539 5378 po-

251 5413 407 5472 quam
457 5412 513 5463 et
565 5406 746 5476 Pater,
802 5420 866 5462 eo
912 5403 1062 5479 quod
1113 5403 1344 5479 aqualis
1395 5402 1468 5462 sit
1512 5420 1608 5478 per
1652 5402 1840 5461 omnia
1938 5405 2067 5477 pulo
2091 5419 2252 5461 meus.
2283 5402 2555 5460 Dominus
2582 5418 2678 5477 per
2723 5402 3110 5477 praedicatores
3141 5415 3291 5470 suos,
3344 5397 3539 5456 suadet

321 5621 434 5700 (53)
485 5624 574 5689 Ita
618 5646 785 5700 mss.;
841 5628 977 5691 edit.
1028 5636 1213 5692 autem
1256 5644 1269 5689 :
1326 5644 1485 5689 arma
1527 5633 1881 5705 sumpserunt,
1934 5630 2010 5689 Et
2062 5628 2351 5688 desolatam
2398 5628 2553 5689 illam
2605 5627 2862 5701 faciunt,
2925 5630 2974 5684 et
3026 5622 3251 5683 nudam.
3311 5620 3538 5693 Quando

253 5707 419 5755 omnes
445 5708 639 5774 gentes,
672 5711 778 5763 etc.

516 5800 768 5865 Panos.
806 5802 984 5865 XVII.

3188 5792 3256 5851 32
