4060 6208
519 275 660 335 1003

1538 274 1635 329 AD
1674 270 1907 329 OPEBA
1944 270 1999 326 s.
2037 224 2369 327 Amanosn
2407 265 2786 324 APPENDIX.

3687 262 3820 320 1004

514 401 725 470 electis,
769 406 832 456 nt
889 406 1086 455 exeant
1134 413 1164 452 a
1210 396 1512 469 Babylone,
1558 411 1670 451 non
1713 410 1959 466 corpore,
2010 391 2105 449 sed
2137 395 2187 454 A
2217 391 2646 463 memoriamque
2676 388 2870 445 mortis
2900 406 2933 445 a
2962 393 3144 443 mente
3171 401 3268 441 sua
3296 383 3578 455 rejiciunt,
3611 400 3683 439 ne
3710 385 3823 439 tri-

515 500 717 548 mente.
747 487 1224 557 Quemadmodum
1253 494 1437 543 autem
1469 502 1501 541 a
1527 485 1811 558 Babylone
1840 483 1992 539 exire
2018 483 2107 539 de-

510 580 697 647 beant,
729 579 787 633 in
814 575 1171 650 sequentibus
1199 577 1380 645 docet,
1430 574 1649 631 dicens:
1701 576 1777 630 Et
1827 590 1891 629 ne
1936 571 2108 645 parti-

511 671 647 741 cipes
674 668 790 723 sitis
817 667 1132 723 delictorum
1148 667 1261 737 ejus
1285 665 1411 731 ;illi
1442 666 1589 722 enim
1611 682 1642 721 a
1669 665 1952 737 Babylone
1981 679 2106 720 con-

511 757 797 815 venienter
849 764 1082 826 exeunt,
1137 756 1232 830 qui
1288 773 1319 812 a
1368 755 1529 811 malis
1567 754 1824 827 operibus
1878 752 1995 824 ejus
2051 767 2108 807 se

510 849 719 905 alienos
749 848 1007 918 reddunt,
1039 848 1182 904 sicut
1227 848 1519 904 Psalmista
1573 847 1640 903 de
1668 845 1960 917 semetipso
2015 845 2108 899 lo-

510 940 719 1013 quitur,
763 939 988 995 dicens:
1035 962 1053 984 ι
1085 939 1206 994 Non
1236 937 1351 993 sedi
1383 938 1440 992 in
1470 935 1706 992 consilio
1736 933 2022 1001 vanitatis,
2054 940 2108 989 et

509 1044 635 1085 cum
668 1026 861 1100 iniqua
891 1027 1208 1099 gerentibus
1229 1041 1339 1082 non
1368 1024 1597 1080 introivi
1622 1024 1794 1095 (Psal.
1818 1039 1955 1089 xxv,
1986 1021 2092 1092 4).»

579 1120 654 1175 Ει
682 1119 745 1174 de
763 1118 940 1190 plagis
972 1116 1086 1186 ejus
1125 1133 1231 1172 non
1255 1116 1551 1187 accipiatis.
1601 1112 1746 1181 Quid
1777 1122 1906 1169 sunt
1936 1112 2107 1184 plagae

507 1207 829 1280 Babylonis,
864 1207 972 1262 nisi
1001 1206 1140 1261 vitia
1170 1222 1288 1278 quae
1327 1205 1538 1261 animas
1557 1202 1902 1259 interficiunt
1922 1201 1950 1258 ?
1981 1202 2107 1256 Pos-

508 1312 702 1353 sumus
732 1296 898 1352 etiam
928 1311 1026 1368 per
1049 1296 1237 1368 plagas
1265 1292 1567 1368 Babylonis
1594 1309 1803 1367 poenas,
1837 1308 1958 1365 quae
1992 1290 2109 1346 im-

509 1385 618 1458 piis
641 1392 959 1458 praeparatae
988 1393 1137 1455 sunt,
1170 1385 1498 1458 intelligere,
1531 1392 1593 1440 ut
1623 1383 1697 1439 sit
1722 1398 1914 1439 sensus
1942 1399 1953 1436 :
1988 1379 2045 1437 Si
2076 1396 2107 1435 a

508 1474 806 1532 sceleribus
834 1474 1134 1548 Babylonis
1167 1472 1564 1541 abstinueritis,
1594 1488 1627 1528 a
1681 1470 1860 1544 poenis
1885 1484 2020 1543 quas
2047 1467 2105 1522 in

508 1574 774 1622 aeternum
803 1564 1062 1637 patietur,
1097 1564 1266 1621 alieni
1296 1562 1471 1619 eritis.

582 1654 764 1727 (Vers.
795 1655 876 1726 5.)
911 1653 1174 1723 Quoniam
1196 1657 1552 1725 pervenerunt
1571 1655 1785 1724 peccata
1804 1648 1918 1719 ejus
1945 1663 2108 1718 usque

2214 486 2315 543 stis
2344 484 2603 558 cogitatio
2634 482 2885 540 laetitiam
2916 479 3102 537 cordis
3129 495 3319 534 eorum
3353 477 3660 550 perturbet.

2288 574 2469 647 (Vera.
2496 573 2577 645 8.)
2609 573 2732 629 Ideo
2761 572 2819 627 in
2844 587 2954 625 una
2974 568 3058 624 die
3083 567 3285 624 venient
3300 568 3474 639 plaga
3495 566 3634 636 ejus,
3656 583 3823 634 mors,

2215 670 2266 719 et
2317 665 2504 728 luctus,
2544 668 2592 717 et
2635 660 2820 731 fames.
2870 660 2933 715 In
2982 658 3071 715 die
3113 656 3314 729 judicii
3363 673 3509 713 mors
3560 663 3829 728 perpetua

2216 753 2299 809 illi
2327 752 2534 818 veniet,
2565 767 2686 824 quae
2713 750 2773 805 in
2802 749 2910 819 hoc
2938 748 3082 805 libro
3112 764 3260 804 mors
3294 746 3535 804 secunda
3570 756 3826 803 vocatur.

2217 844 2422 900 Luctus
2461 841 2545 897 illi
2572 842 2779 909 veniet,
2811 839 2955 897 sicut
2984 837 3255 895 Dominus
3293 836 3431 892 dicit
3471 835 3527 891 in
3560 836 3830 907 Evange-

2216 933 2292 989 lio
2323 951 2334 989 :
2378 957 2395 979 ι
2429 931 2510 988 Ibi
2539 931 2643 986 erit
2670 930 2828 986 ﬂetus
2855 936 2907 984 et
2933 927 3138 985 stridor
3165 926 3417 982 dentium
3452 925 3671 997 (Matth.
3700 942 3828 993 vm,

2219 1021 2332 1093 12).
2363 1047 2381 1069 ι
2427 1023 2619 1077 Fames
2648 1019 2733 1074 illi
2763 1018 2970 1082 veniet,
3007 1016 3065 1072 id
3094 1023 3195 1083 est,
3225 1016 3398 1071 fames
3427 1013 3644 1087 requiei
3671 1031 3686 1075 ;
3720 1013 3832 1070 de-

2216 1111 2537 1168 siderabunt
2564 1110 2713 1166 enim
2743 1125 2775 1164 a
2806 1108 2980 1181 poenis
3024 1106 3385 1179 requiescere,
3427 1120 3562 1178 quas
3610 1104 3832 1177 patien~

2216 1208 2327 1268 tur,
2358 1200 2427 1256 ad
2456 1215 2617 1273 quam
2649 1197 2892 1272 requiem
2924 1196 3083 1251 nullo
3114 1193 3279 1251 modo
3308 1193 3660 1266 pervenient.

2290 1290 2471 1363 (Vers.
2503 1290 2556 1357 9,
2591 1288 2704 1360 10.)
2753 1289 2829 1344 Et
2863 1286 2974 1358 igni
3018 1286 3395 1349 comburetur;
3442 1281 3499 1339 id
3549 1289 3656 1351 est,
3708 1282 3835 1354 igne

2215 1386 2437 1436 aeterno.
2472 1380 2733 1446 Quoniam
2773 1376 2937 1449 fortis
2977 1381 3053 1431 est
3100 1373 3379 1442 Dominus,
3428 1372 3524 1444 qui
3556 1371 3839 1441 judicabit

2213 1471 2387 1528 illam.
2428 1472 2505 1528 Et
2546 1470 2759 1542 ﬂebunt,
2806 1475 2863 1556 et.
2884 1470 3139 1541 plangent
3183 1484 3236 1523 se
3278 1482 3442 1539 super
3484 1464 3645 1556 illam
3684 1482 3834 1538 reges

2217 1566 2388 1629 terrae,
2443 1561 2537 1631 qui
2583 1576 2701 1616 cum
2744 1555 2860 1616 illa,
2894 1557 3154 1626 fornicati
3199 1562 3344 1626 sunt,
3403 1562 3453 1612 et
3506 1555 3567 1611 in
3625 1556 3836 1613 deliciis

2212 1652 2486 1718 vixerunt,
2501 1667 2618 1706 cum
2641 1649 2872 1706 viderint
2889 1648 3099 1719 fumum
3117 1645 3345 1702 incendii
3359 1644 3492 1715 ejus,
3519 1645 3675 1717 longe
3691 1653 3832 1703 stan-

507 1741 581 1799 ad
597 1743 803 1811 calum,
833 1748 882 1798 et
908 1742 1223 1799 recordatus
1270 1748 1347 1798 est
1396 1743 1540 1798 Deus
1595 1738 1930 1810 iniquitatem
1983 1735 2117 1808 ejus,
2147 1751 2194 1812 Β
2225 1746 2295 1796 tes
2309 1747 2530 1813 propter
2553 1742 2792 1796 timorem
2813 1735 3603 1806 tormentorumejus,dieentes:
3631 1737 3835 1802 Vinea

507 1830 835 1903 Iniquitates
862 1830 1168 1903 Babylonis
1199 1829 1550 1903 omnipotens
1595 1830 1742 1885 Deus
1781 1842 1996 1899 semper
2026 1825 2107 1881 in-

508 1925 732 1987 tuetur;
764 1917 860 1975 sed
891 1935 1018 1977 cum
1048 1919 1354 1977 vindictam
1385 1934 1500 1975 non
1530 1918 1723 1991 exigit,
1746 1917 1969 1974 videtur
1994 1930 2107 1971 non

506 2008 697 2065 videre
725 2008 872 2082 quod
899 2008 1072 2065 videt.
1110 2008 1212 2066 Per
1245 2009 1354 2068 hoc
1382 2025 1510 2083 ergo
1568 2008 1715 2083 quod
1743 2008 1900 2078 dicit,
1962 2007 2108 2063 illud

506 2097 757 2170 designat
783 2098 902 2171 (59)
936 2105 1174 2172 tempus,
1209 2097 1270 2156 in
1302 2115 1411 2174 quo
1440 2115 1630 2157 omnes
1650 2098 1810 2171 impii
1848 2104 2110 2171 perpetua

506 2202 667 2259 pmna
694 2187 1024 2259 plectentur.

581 2274 764 2346 (Vers.
814 2274 895 2347 6.)
944 2274 1163 2331 Reddite
1190 2274 1313 2341 sibi,
1345 2276 1480 2330 sicut
1505 2275 1625 2347 ipsa
1660 2275 1894 2331 reddidit
1941 2275 2104 2331 vobis.

505 2362 830 2435 Pmcipitur
875 2363 1087 2429 electis,
1116 2370 1179 2419 ut
1214 2362 1447 2420 reddant
1475 2364 1772 2436 Babyloni,
1826 2363 1970 2420 sicut
2013 2363 2110 2419 illa

506 2451 642 2525 ipsis
671 2451 933 2521 reddidit,
965 2452 1082 2508 sive
1105 2470 1203 2525 pro
1233 2469 1297 2509 eo
1357 2452 1503 2527 quod
1535 2452 1709 2509 sancti
1747 2452 1850 2509 Dei
1904 2451 2106 2525 impios

506 2546 653 2604 566
675 2547 1028 2621 judicabunt,
1078 2549 1222 2607 sicut
1271 2549 1409 2606 dicit
1438 2550 1709 2607 Dominus
1739 2550 1798 2605 in
1846 2550 2109 2621 Evange-

509 2640 586 2696 lio
610 2658 622 2696 :
666 2663 685 2687 ι
714 2641 777 2695 In
807 2640 1219 2712 regeneratione
1256 2657 1383 2697 cum
1413 2640 1618 2697 sederit
1657 2639 1833 2696 Filius
1862 2639 2109 2696 hominis

508 2730 569 2786 in
598 2730 724 2787 sede
751 2728 1054 2802 majestatis
1082 2746 1215 2799 suae,
1248 2729 1506 2787 sedebitis
1540 2736 1594 2785 et
1624 2746 1724 2787 vos
1762 2747 1925 2804 super
1950 2729 2109 2786 sedes

509 2817 824 2886 duodecim,
852 2817 1168 2889 judicantes
1195 2816 1487 2875 duodecim
1507 2817 1686 2874 tribus
1703 2819 1865 2874 Israel
1891 2818 2107 2890 (Matth.

508 2925 631 2976 xrx,
664 2908 798 2979 28);
832 2932 851 2956 ι
909 2907 1028 2963 sive
1074 2923 1173 2979 pro
1216 2924 1282 2963 eo
1323 2907 1472 2980 quod
1515 2907 1623 2979 ipsi
1680 2910 1927 2965 membra
1977 2916 2110 2965 sunt

510 2997 629 3066 ejus
660 2995 751 3051 cui
773 2994 1065 3065 judicandi
1097 3001 1335 3065 potestas
1360 3011 1392 3051 a
1415 2997 1573 3051 Patre
1597 2997 1799 3054 tradita
1835 3007 1937 3055 est.
1968 2996 2107 3054 Red-

2215 1830 2402 1887 civitas
2419 1832 2521 1887 illa
2536 1830 2799 1902 Babylon,
2821 1828 3006 1884 civitas
3025 1827 3124 1883 illa
3140 1825 3302 1897 fortis
3316 1844 3331 1893 ;
3345 1825 3474 1896 quia
3488 1824 3548 1880 in
3564 1842 3677 1881 una
3700 1827 3830 1882 liora

2215 1921 2355 1978 venit
2370 1920 2638 1990 judicium
2669 1919 2856 1975 tuum!
2885 1915 3032 1984 Quid
3056 1916 3129 1974 sit
3155 1914 3452 1973 fornicatio
3479 1930 3681 1987 regum
3705 1932 3831 1972 cum

2217 2011 2502 2083 Babylone
2527 2009 2781 2082 superius
2809 2006 3055 2064 diximus
3090 2024 3103 2063 :
3136 2005 3232 2063 sed
3279 2004 3485 2061 mirum
3532 2004 3705 2062 valde
3750 2014 3835 2063 est

2218 2100 2365 2175 quod
2410 2101 2571 2172 longe
2615 2107 2759 2156 stare
2797 2098 3073 2166 dicantur,
3117 2112 3245 2153 cum
3289 2096 3348 2152 in
3396 2095 3607 2152 eisdem
3658 2096 3835 2169 poenis

2219 2198 2273 2248 et
2311 2189 2416 2262 ipsi
2462 2190 2574 2246 sint
2602 2188 2977 2260 demergendi,
3010 2188 3069 2243 in
3102 2186 3303 2260 quibus
3331 2193 3385 2243 et
3412 2187 3599 2242 caeteri
3647 2202 3835 2260 repro-

2217 2279 2295 2348 bi,
2323 2278 2417 2351 qui
2464 2293 2563 2350 per
2608 2277 2949 2349 Babylonem
2981 2276 3361 2349 designantur.
3390 2275 3634 2332 Stabunt
3666 2277 3837 2347 igitur

2218 2372 2399 2442 longe,
2431 2376 2613 2425 mente
2641 2376 2694 2424 et
2724 2369 3031 2437 voluntate,
3062 2385 3174 2425 non
3212 2384 3441 2441 corpore
3469 2386 3483 2437 ;
3539 2367 3835 2424 horrentes

2217 2461 2419 2520 scelera
2437 2477 2555 2529 sua,
2578 2477 2675 2533 pro
2695 2459 2896 2532 quibus
2922 2458 3255 2516 aeternaliter
3272 2458 3702 2515 cruciahuntur.
3723 2459 3835 2515 Sta-

2216 2549 2357 2606 bunt
2388 2551 2549 2622 longe
2578 2564 2675 2621 per
2699 2547 3059 2616 desiderium,
3081 2546 3234 2603 aliud
3256 2547 3662 2617 desiderantes,
3682 2547 3745 2603 id
3760 2555 3837 2603 est

2217 2639 2462 2711 requiem
2490 2656 2502 2705 ;
2535 2645 2589 2693 et
2615 2638 2767 2693 aliud
2798 2636 3090 2709 patientes,
3114 2636 3171 2692 id
3191 2642 3273 2692 est
3294 2643 3575 2692 tormenta
3599 2644 3836 2692 aeterna.

2292 2728 2472 2800 (Vers.
2499 2727 2613 2799 11.)
2636 2728 2710 2783 Ει
2728 2726 3073 2798 negotiatores
3104 2721 3272 2781 terra!
3284 2726 3480 2797 ﬂebunt
3504 2734 3557 2781 et
3584 2728 3845 2798 lugebant

2217 2836 2377 2891 super
2397 2820 2549 2876 illam
2572 2837 2583 2874 :
2608 2819 2860 2889 quoniam
2880 2818 3137 2873 mercedes
3164 2818 3281 2889 (60)
3309 2835 3491 2873 eorum
3517 2835 3681 2873 nemo
3708 2826 3843 2875 emet

2217 2909 2467 2980 amplius.
2499 2908 2640 2976 Quia
2668 2907 2921 2981 superius
2948 2924 3046 2980 per
3072 2916 3405 2965 mercatores
3430 2916 3591 2965 terrae
3623 2917 3839 2965 amato-

2217 3014 2303 3055 res
2345 2997 2532 3054 saaculi
2583 2997 2831 3054 diximus
2877 3013 2992 3054 esse
3039 2996 3371 3071 designatos,
3421 3015 3735 3071 possumus
3783 3001 3837 3057 in

511 3085 643 3141 dent
671 3085 856 3175 itaque
876 3083 1015 3155 justi
1033 3082 1232 3175 impiis
1259 3085 1406 3175 mala
1434 3100 1555 3158 quae
1574 3086 1642 3142 ab
1671 3086 1751 3142 eis
1778 3086 1923 3160 passi
1939 3094 2101 3157 sunt;
2140 3113 2183 3175 α
2215 3088 2321 3145 hoc
2351 3090 2470 3145 loco
2510 3104 2607 3160 per
2636 3087 3001 3160 negotiatores
3045 3103 3138 3144 eos
3167 3088 3435 3161 accipere,
3467 3089 3567 3161 qui
3610 3090 3836 3149 bonum

510 3191 637 3234 cum
669 3173 921 3233 Christus
952 3173 1047 3246 qui
1076 3180 1241 3246 caput
1266 3173 1490 3231 illorum
1516 3184 1615 3246 est,
1646 3182 1701 3231 et
1728 3175 1890 3248 cujus
1920 3193 2104 3233 mem-

510 3265 609 3323 bra
638 3264 744 3338 ipsi
772 3270 924 3334 sunt,
956 3280 1051 3321 eos
1074 3270 1336 3337 perpetua
1365 3280 1525 3337 paena
1560 3264 1864 3323 damnabit.
1895 3268 1970 3323 Et
1996 3267 2106 3321 du-

507 3355 707 3429 plicate
733 3353 972 3427 duplicia
1001 3353 1284 3410 secundum
1312 3369 1472 3424 opera
1505 3354 1641 3425 ejus.
1672 3355 1980 3427 Dupliciter
2005 3355 2104 3411 Ba-

509 3445 683 3518 bylon
714 3445 917 3502 electos
948 3444 1049 3502 Dei
1077 3451 1361 3517 persecuta
1383 3452 1486 3514 est,
1516 3445 1734 3518 quando
1781 3446 2107 3519 corporibus

511 3541 568 3589 et
600 3532 891 3589 animabus
918 3548 1111 3589 eorum
1142 3532 1318 3609 multa
1336 3532 1479 3589 mala
1514 3532 1768 3604 ingessit.
1791 3533 2108 3605 Dupliciter

511 3638 701 3696 poenas
730 3621 849 3693 ipsa
906 3621 1154 3693 recipiet,
1185 3619 1317 3694 quia
1370 3637 1497 3678 cum
1525 3621 1814 3679 animabus
1878 3639 2109 3697 corpora

512 3716 946 3785 cruciabuntur;
980 3716 1207 3789 ipsaque
1234 3715 1480 3788 duplicia
1495 3717 1954 3790 duplicahuntur;
1978 3719 2109 3792 quia

514 3821 614 3879 pro
634 3805 811 3878 poenis
838 3805 1239 3878 temporalibus
1267 3812 1431 3879 atque
1457 3805 1741 3877 brevibus,
1776 3808 1979 3882 quibus
2022 3808 2109 3881 ju-

514 3903 627 3953 stos
646 3894 845 3963 aﬂixit,
875 3910 1062 3968 pronas
1091 3902 1321 3952 aeternas
1354 3896 1611 3970 excipiet.
1646 3899 1712 3954 In
1744 3899 1938 3971 poculo
1965 3899 2108 3970 quod

502 3983 722 4055 miscuit
747 3984 913 4050 vobis,
950 3983 1154 4039 miscete
1179 3985 1227 4040 ei
1269 3984 1509 4057 duplum.
1542 3986 1645 4042 Per
1698 3987 1958 4060 poculum
2014 3989 2111 4045 tri-

511 4072 827 4131 bulationes
855 4088 991 4146 quas
1013 4072 1082 4130 ab
1132 4073 1340 4148 iniquis
1369 4075 1544 4132 sancti
1591 4076 1734 4149 passi
1782 4084 1940 4147 sunt,
1991 4093 2131 4150 poso,

515 4183 707 4224 sumus
727 4166 1054 4239 intelligere.

590 4262 773 4335 (Vere.
800 4262 874 4335 7.)
917 4263 1188 4330 Quantum
1221 4263 1544 4336 gloriﬁcaoit
1597 4280 1669 4335 se,
1701 4271 1747 4321 et
1782 4265 1841 4321 in
1905 4264 2112 4321 deliciis

515 4353 645 4427 fuit,
665 4359 868 4410 tantum
896 4353 1016 4409 date
1050 4353 1136 4410 illi
1182 4359 1500 4409 tormentum
1527 4361 1574 4410 et
1597 4356 1809 4411 luctum.
1832 4354 2110 4422 Quantum

2213 3177 2362 3252 quod
2388 3177 2565 3235 facere
2597 3177 2879 3246 videntur,
2908 3176 3179 3235 vendunt."
3207 3177 3347 3234 Sunt
3367 3193 3609 3252 namque
3642 3180 3834 3249 multi,

2214 3271 2413 3345 quibus
2463 3272 2645 3344 legum
2695 3269 3041 3327 saecularium
3097 3271 3329 3329 scientia
3382 3272 3511 3329 data
3566 3281 3683 3343 est,
3745 3272 3837 3347 qui

2214 3377 2403 3419 causas
2431 3376 2731 3434 pauperum
2762 3360 2821 3416 in
2847 3359 3079 3432 judiciis
3107 3370 3328 3435 portant
3361 3380 3374 3419 :
3400 3361 3499 3419 sed
3531 3362 3677 3436 quia
3727 3379 3835 3420 non

2216 3466 2315 3524 pro
2357 3465 2543 3505 amore
2571 3448 2692 3518 Dei,
2731 3448 2825 3505 sed
2854 3465 2955 3521 pro
2995 3449 3351 3522 praemiorum
3401 3451 3835 3523 acceptionibus

2216 3538 2324 3596 hoc
2363 3537 2596 3605 faciunt,
2647 3537 2955 3595 mercedem
3004 3555 3036 3594 a
3090 3540 3204 3596 Deo
3254 3556 3366 3597 non
3418 3541 3741 3614 recipiunt.
3779 3544 3835 3598 In

2215 3634 2431 3685 tantum
2461 3643 2595 3683 vero
2623 3627 2743 3685 haec
2770 3627 2995 3684 miseria
3024 3629 3331 3696 convaluit,
3352 3637 3413 3685 ut
3441 3630 3544 3685 vix
3574 3630 3839 3688 invenias

2217 3718 2457 3791 aliquem
2502 3734 2573 3774 ex
2614 3717 2705 3784 iis,
2738 3718 2834 3791 qui
2863 3719 3047 3776 locum
3091 3718 3297 3777 habent
3344 3719 3488 3793 apud
3520 3721 3834 3796 principes,

2219 3807 2315 3880 qui
2342 3807 2568 3880 aliquod
2592 3807 2824 3864 verbum
2854 3806 2925 3863 ad
2952 3807 3195 3881 proximi
3224 3808 3480 3882 pauperis
3527 3813 3842 3868 necessita-

2217 3901 2329 3952 tem
2364 3896 2781 3954 sustentandam
2818 3898 3058 3970 proferat
3088 3899 3208 3957 sine
3236 3898 3447 3972 praemii
3481 3901 3835 3972 acceptione.

2219 3987 2517 4044 Possumus
2547 3995 2602 4044 et
2631 4003 2729 4060 per
2753 3988 3122 4060 negotiatores
3149 3997 3332 4057 terras,
3362 4006 3456 4046 eos
3488 3989 3839 4064 intelligam,

2220 4078 2316 4152 qui
2345 4094 2415 4134 ex
2441 4078 2588 4134 bono
2625 4078 2774 4152 quod
2805 4078 3035 4149 faciunt,
3073 4080 3263 4137 laudes
3291 4080 3359 4136 ab
3388 4080 3733 4138 hominibus
3762 4098 3838 4137 re-

2220 4168 2473 4241 quirunt.
2504 4168 2802 4226 Possumus
2849 4169 3013 4225 etiam
3063 4178 3118 4226 et
3161 4186 3258 4243 per
3299 4169 3546 4235 eosdem,
3577 4170 3720 4227 illos
3746 4170 3838 4243 qui

2221 4259 2419 4332 gradus
2447 4259 2845 4317 ecclesiasticos
2874 4260 3126 4318 vendunt
3161 4260 3467 4333 intelligere
3498 4277 3513 4315 :
3550 4261 3715 4335 quod
3745 4260 3840 4316 di-

2219 4347 2351 4405 vina
2378 4348 2661 4421 Scriptura
2686 4347 2847 4404 valde
2874 4349 3225 4407 condemnat.
3258 4350 3330 4405 Et
3374 4348 3638 4422 quamvis
3672 4348 3839 4405 multi

517 4442 849 4515 gloriﬁcavit
878 4459 954 4512 se,
988 4441 1047 4498 id
1073 4452 1173 4511 est,
1208 4442 1267 4498 in
1297 4443 1613 4515 superbiam
1658 4443 1853 4513 erexit,
1911 4451 1966 4500 et
1994 4461 2109 4501 om-
2139 4472 2190 4532 Β
2222 4458 2292 4498 ex
2338 4442 2611 4515 episcopis
2661 4442 2729 4499 ab
2777 4442 2883 4500 hoc
2930 4443 3134 4501 scelere
3180 4441 3475 4499 videantur
3524 4440 3835 4507 immunes,

517 4531 682 4588 nibus
708 4531 864 4589 vitiis
888 4548 945 4589 se
964 4531 1296 4603 implicavit,
1322 4540 1478 4589 tanto
1498 4538 1553 4588 et
1583 4532 1854 4604 ampliora
1873 4538 2113 4590 tormen-

515 4625 575 4676 ta
602 4618 861 4692 excipiet.
894 4619 1031 4688 Quia
1060 4619 1119 4674 in
1147 4619 1301 4676 corde
1330 4637 1424 4676 suo
1458 4620 1586 4676 dicit
1609 4637 1626 4675 .'
1654 4621 1812 4678 Sedeo
1840 4623 2045 4694 regina,
2068 4627 2115 4677 et

515 4710 681 4766 vidua
701 4726 808 4766 non
844 4727 982 4777 sum,
1024 4716 1075 4767 et
1108 4712 1301 4769 luctum
1329 4727 1435 4767 non
1488 4710 1689 4767 videbo.
1741 4711 2002 4783 Reginam
2056 4726 2114 4768 se

516 4798 769 4873 Babylon
800 4799 1207 4874 quodammodo
1250 4810 1430 4872 vocat,
1478 4818 1605 4859 cum
1670 4802 1813 4858 sein
1842 4801 2115 4874 prosperis

518 4889 687 4962 hujus
716 4890 911 4948 mundi
940 4891 1182 4950 extollit.
1241 4892 1479 4952 Viduam
1509 4907 1623 4950 non
1679 4909 1737 4949 se
1765 4908 1880 4949 esse
1935 4891 2108 4960 dicit;

520 4980 651 5054 quia
677 4996 709 5037 a
737 4980 899 5037 bonis
943 4980 1360 5055 temporalibus,
1419 4980 1620 5055 quibus
1663 4981 1961 5053 conjuncta
2011 4987 2115 5050 est,

519 5076 576 5126 et
603 5086 673 5126 ex
703 5068 906 5144 quibus
934 5070 1215 5127 luxuriam
1269 5086 1425 5126 suam
1454 5070 1684 5139 enutrit,
1732 5085 1845 5125 non
1874 5085 1929 5126 se
1957 5085 2116 5142 posse

523 5159 766 5233 disjungi
795 5158 1048 5219 conlidit.
1080 5160 1315 5218 Luctum
1336 5172 1450 5217 non
1481 5175 1597 5217 esse
1632 5158 1879 5216 visuram
1937 5158 2113 5227 dicit;

523 5251 654 5324 quia
686 5251 863 5324 impii,
896 5250 1149 5324 quamvis
1203 5250 1380 5308 sciant
1406 5266 1463 5307 se
1490 5267 1589 5324 pro
1645 5249 1947 5307 sceleribus
2003 5249 2118 5307 suis

524 5354 641 5398 esse
670 5341 1003 5415 puniendos,
1033 5341 1251 5415 ﬁngunt
1277 5358 1333 5400 se
1362 5358 1474 5399 non
1502 5341 1693 5399 videre
1723 5341 1869 5415 quod
1898 5341 2116 5411 vident,

604 5486 721 5559 (59)
753 5485 992 5559 Edit.get
1021 5503 1126 5544 ms.
1158 5486 1313 5559 Beg.,
1345 5503 1453 5543 non
1480 5485 1648 5543 exerit
1667 5504 1689 5553 ;
1716 5495 1770 5544 et
1798 5486 1932 5544 edit.
1964 5488 2115 5557 solae,

527 5552 637 5613 Per
663 5552 758 5613 hoc
781 5557 1067 5635 quoddicit
1085 5552 1264 5615 aliam
1277 5552 1472 5635 uocem,
1494 5558 1635 5618 illud
1657 5552 1913 5635 designat,
1959 5566 2065 5619 etc.
2099 5552 2115 5628 ζ

531 5641 663 5686 mss.
693 5644 826 5686 vero
853 5631 1016 5690 nobis
1043 5631 1420 5690 consentiunt.

2220 4532 2465 4590 ministri
2496 4542 2677 4591 tamen
2706 4550 2896 4590 eorum
2931 4533 2989 4589 in
3018 4532 3123 4590 hoc
3153 4548 3294 4605 saepe
3323 4532 3669 4604 polluuntur
3698 4551 3712 4589 :
3746 4529 3839 4589 sed

2221 4623 2291 4679 ad
2340 4623 2634 4697 magistros
2679 4621 2921 4695 respicit,
2953 4621 3223 4696 quidquid
3256 4638 3287 4678 a
3316 4621 3613 4694 discipulis
3642 4622 3841 4680 delia-

2224 4712 2433 4785 quitur.
2466 4713 2566 4768 Est
2614 4721 2667 4769 et
2712 4711 2867 4768 aliud
2904 4712 3083 4768 scelus
3116 4709 3277 4766 valde
3319 4711 3650 4783 pessimum,
3688 4709 3838 4785 quod

2223 4803 2390 4862 abiis
2432 4803 2526 4876 qui
2573 4802 2947 4859 archidiaconi
2994 4802 3361 4875 appellantur,
3408 4803 3835 4867 committitur;

2225 4906 2352 4947 nam
2380 4889 2448 4945 ab
2477 4888 2740 4946 adulteris
2771 4888 3109 4961 presbyteris
3148 4888 3389 4960 pretium
3437 4887 3757 4960 accipiunt,
3786 4895 3838 4943 et

2222 4983 2455 5042 tacendo
2499 4982 2557 5039 in
2590 4983 2798 5040 malum
2840 4981 3217 5050 consentiunt,
3258 4979 3404 5054 quod
3450 4995 3550 5053 per
3592 4979 3837 5038 auctori-

2223 5084 2391 5134 tatem
2448 5092 2612 5150 quam
2668 5075 2736 5131 ab
2796 5074 3065 5147 episcopis
3127 5079 3475 5145 acceperunt,
3532 5071 3838 5128 emendare

2224 5174 2464 5240 possent.
2511 5165 2651 5222 Sunt
2678 5164 2844 5222 etiam
2885 5164 2981 5219 alii
3013 5179 3083 5221 ex
3111 5160 3432 5235 hujusmodi
3464 5161 3837 5235 presbyteris,

2226 5255 2323 5330 qui
2370 5254 2626 5311 timentes
2674 5270 2729 5311 se
2771 5252 3024 5312 damnari
3080 5269 3182 5326 pro
3232 5249 3530 5310 sceleribus
3586 5252 3731 5318 suis,
3779 5250 3839 5307 in

2227 5345 2468 5404 servitiis
2514 5343 3031 5403 archidiaconorum
3078 5344 3205 5416 plus
3254 5349 3385 5400 sunt
3416 5340 3627 5398 assidui
3655 5354 3836 5414 quam

2300 5487 2418 5560 (60)
2448 5489 2606 5546 Rom.
2638 5487 2795 5557 edit.,
2827 5490 3079 5559 quoniam
3106 5504 3301 5543 merces
3323 5503 3503 5543 eorum
3518 5503 3541 5552 ;
3568 5482 3662 5541 sed
3693 5499 3833 5560 mss.

2226 5556 2464 5634 ac'Gill.
2514 5559 2607 5617 hic
2642 5568 2698 5634 et
2742 5556 2876 5634 alibi
2915 5567 3237 5621 constanter
3283 5560 3493 5634 legunt,
3540 5556 3835 5625 mei'oeda,

2225 5632 2525 5702 mercedem,
2555 5640 2609 5691 et
2632 5632 2857 5691 similia.
