4060 6208
243 348 381 407 1005

1124 350 1584 410 BERENGAUDI
1622 352 1997 411 EXPOSITIO
2037 354 2103 411 IN
2149 355 2652 415 APOCALYPSIN.

3408 367 3547 441 1006

242 474 458 532 caeteri:
505 482 698 529 contra
737 490 874 547 quos
925 475 970 530 si
1010 476 1136 547 quis
1182 477 1405 550 aliquod
1436 478 1665 534 verbum
1711 495 1836 534 con-
1869 484 1918 543 A
1947 480 2238 536 ctitudinis
2259 490 2439 552 posset
2484 482 2705 541 ducere.
2750 484 2891 540 Justi
2933 485 3115 558 itaque
3165 488 3261 560 qui
3304 505 3401 562 per
3448 490 3548 547 hos

243 564 469 621 trarium
517 565 761 637 proferre
815 566 1071 635 voluerit,
1120 567 1493 625 defenduntur
1539 570 1607 625 ab
1635 570 1751 635 eis;
1783 579 1837 626 et

240 654 454 724 ﬁngunt
500 670 557 710 se
594 654 806 711 nescire
850 656 998 728 quod
1047 656 1251 726 sciunt,
1282 659 1831 733 condemnauturque

240 744 390 801 illius
406 745 725 817 prophetica
741 747 1161 821 sententia,quae
1183 748 1319 805 dicit
1349 768 1360 806 :
1411 775 1428 798 ι
1460 750 1558 806 Vae
1583 750 1675 822 qui
1693 749 1827 805 dici-

244 834 314 888 tis
343 834 549 889 malum
582 834 812 903 bonum,
845 841 899 891 et
926 834 1136 891 bonum
1165 837 1372 892 malum
1399 856 1411 905 ;
1444 845 1710 909 ponentes
1746 845 1839 893 te-

238 921 435 977 nebras
463 922 663 990 lucem,
694 930 747 977 et
778 923 957 979 lucem
988 924 1241 980 tenebras
1272 925 1397 997 (Iss.
1437 942 1490 994 v,
1524 926 1615 997 20)
1645 927 1656 981 l
1693 951 1711 975 ι
1750 926 1839 982 Ad

238 1019 291 1067 te
323 1026 452 1083 ergo
482 1013 700 1086 loquor,
730 1012 826 1085 qui
855 1012 983 1070 talis
1011 1030 1067 1070 es
1097 1032 1109 1070 :
1141 1030 1264 1071 ecce
1292 1014 1533 1070 animam
1564 1015 1826 1072 sacerdo—

240 1099 312 1155 tis
351 1099 572 1156 diabolo
604 1100 928 1158 vendidisti.
959 1102 1094 1170 Quis
1135 1102 1284 1158 enim
1314 1104 1489 1159 suasit
1514 1104 1836 1177 presbytero

237 1195 301 1244 ut
343 1187 730 1259 fornicaretur,
762 1191 871 1246 nisi
919 1191 1216 1248 diabolus?
1263 1190 1371 1258 Qui
1401 1209 1529 1265 ergo
1559 1193 1730 1247 suasit
1771 1202 1834 1250 ut

238 1276 630 1348 fornicaretur,
663 1278 776 1351 ipse
805 1280 977 1336 suasit
1006 1287 1067 1335 ut
1094 1280 1334 1351 pretium
1364 1281 1468 1337 tibi
1503 1281 1677 1350 daret,
1706 1299 1837 1355 qua-

239 1375 404 1423 tenus
460 1367 565 1425 hoc
616 1368 792 1425 scelus
847 1368 965 1424 sine
1017 1368 1215 1425 timore
1266 1377 1578 1442 perpetrare
1634 1377 1836 1442 posset.

236 1458 340 1514 Per
386 1476 610 1515 manum
667 1476 795 1531 ergo
845 1458 1152 1532 presbyteri
1209 1462 1449 1532 pretium
1506 1463 1841 1535 perditionis

238 1547 437 1603 animae
468 1548 640 1620 ipsius
678 1546 781 1603 tibi
809 1547 1064 1605 diabolus
1093 1548 1266 1606 dedit.
1308 1551 1451 1618 Ecce
1480 1551 1719 1624 pretium
1751 1538 1862 1610 ac?

235 1631 450 1705 cepisti,
484 1640 538 1690 et
557 1632 799 1689 animam
822 1633 1025 1690 fratris.
1067 1633 1276 1693 Christi
1309 1635 1573 1709 sanguine
1616 1636 1835 1693 redem-

237 1731 407 1796 ptam,
430 1723 611 1780 eidem
636 1722 856 1780 diabolo
878 1740 909 1780 a
928 1741 1036 1797 quo
1058 1724 1338 1797 redempta
1354 1732 1454 1794 est,
1474 1724 1842 1782 tradidisti.ln

1948 568 2194 641 quinque
2224 570 2473 643 corporis
2502 588 2694 628 sensus
2722 573 3025 630 secundum
3058 575 3291 633 rationis
3319 580 3547 636 rectitu-

1947 658 2135 714 dinem
2167 659 2420 717 incedere
2458 662 2811 731 studuerunt,
2844 663 3145 720 amicitiam
3174 666 3282 722 sibi
3310 669 3409 725 Dei
3435 687 3548 726 om-

1947 745 2251 818 nipotentis
2280 749 2660 821 acquisierunt
2684 769 2695 806 :
2732 750 2893 824 impii
2925 768 3056 807 vero
3076 751 3172 826 qui
3200 754 3429 811 rationis
3455 757 3548 813 bo-

1948 856 2082 896 num
2135 841 2193 896 in
2241 843 2447 898 malum
2502 850 2896 914 pervertentes,
2944 844 3047 900 hos
3075 846 3323 918 corporis
3363 864 3551 904 sensus

1952 931 2190 987 luxuriae
2218 939 2272 986 et
2299 931 2511 988 caeteris
2531 932 2688 987 vitiis
2718 933 2924 989 servire
2951 943 3269 1005 coegerunt,
3300 935 3438 992 iram
3468 937 3550 993 ni-

1949 1019 2256 1076 hilominus
2296 1020 2435 1092 justi
2481 1021 2688 1093 judicis
2736 1022 3107 1079 incurrerunt.
3164 1025 3338 1097 Igitur
3392 1025 3438 1080 si
3490 1042 3552 1082 ea

1949 1130 2068 1187 quae
2100 1115 2158 1170 in
2189 1117 2550 1189 sequentibus
2574 1117 2780 1188 scripta
2807 1125 2956 1185 sunt,
2993 1134 3183 1175 vocem
3222 1119 3433 1177 scilicet
3463 1119 3554 1176 ci-

1949 1204 2328 1262 tharoedorum
2378 1216 2433 1263 et
2479 1207 2840 1274 musicorum,
2890 1216 2943 1263 et
2986 1208 3122 1264 tibia
3153 1211 3469 1266 canentium
3500 1218 3553 1267 et

1950 1293 2103 1361 tuba,
2134 1312 2260 1350 cum
2297 1294 2367 1349 iis
2397 1295 2729 1367 conjungere
2763 1296 3042 1364 volueris;
3077 1298 3326 1354 invenies
3362 1314 3555 1355 omnes

1950 1382 2176 1439 divitias
2207 1382 2530 1456 Babylonis,
2553 1400 2672 1456 qua:
2701 1384 2794 1442 hic
2812 1385 3099 1458 descriptae
3128 1395 3277 1455 sunt,
3306 1387 3375 1443 ad
3395 1388 3551 1460 quiu-

1951 1486 2057 1544 que
2103 1471 2350 1545 corporis
2393 1489 2606 1542 sensus,
2640 1481 2703 1529 ut
2745 1490 2911 1546 supra
2955 1474 3223 1544 diximus,
3255 1476 3548 1548 pertinere.

1949 1561 2164 1615 Aurum
2214 1576 2472 1633 namque,
2522 1570 2577 1616 et
2618 1570 2926 1634 argentum,
2967 1571 3022 1619 et
3068 1562 3276 1636 lapides
3303 1563 3549 1636 pretiosi,

1951 1654 2007 1703 et
2054 1648 2380 1720 margaritae,
2427 1648 2497 1704 ad
2541 1649 2761 1705 visum:
2807 1648 3026 1723 byssus,
3075 1659 3129 1706 et
3182 1669 3444 1725 purpura,
3499 1660 3554 1710 et

1952 1750 2171 1804 coccus,
2196 1745 2250 1793 et
2278 1744 2493 1805 caetera,
2524 1736 2593 1793 ad
2615 1744 2825 1793 tactum
2855 1756 2867 1794 :
2890 1739 3328 1809 cinnamomum,
3350 1750 3403 1798 et
3423 1740 3550 1797 odo-

231 1812 376 1887 Lege
406 1813 673 1886 scriptum
801 1813 949 1886 quod
975 1813 1022 1869 si
1056 1814 1181 1887 quis
1222 1812 1507 1870 hominem
1547 1814 1644 1886 qui
1671 1813 1840 1871 frater
1868 1839 1915 1899 Β
1954 1832 2224 1894 ramenta,
2242 1833 2296 1882 et
2324 1832 2625 1897 unguenta,
2645 1832 2699 1880 et
2724 1824 2873 1894 thus,
2896 1825 2963 1882 ad
2980 1826 3270 1883 odoratum
3295 1846 3307 1884 :
3333 1828 3550 1902 vinum,

228 1902 343 1975 ejus
384 1911 545 1971 esset,
563 1901 920 1971 vendidisset,
944 1911 1120 1959 morte
1148 1912 1453 1960 moreretur
1477 1903 1684 1975 (Exod.
1715 1920 1838 1974 xxr,

233 1995 323 2069 16)
361 2013 381 2052 :
415 1996 464 2051 si
504 1995 676 2068 igitur
713 2012 839 2052 reus
885 2003 969 2052 est
1011 1996 1126 2064 ille,
1180 1996 1276 2069 qui
1307 1995 1591 2053 hominem
1621 1994 1837 2051 homini

234 2084 466 2152 vendit;
499 2093 705 2158 quanto
734 2086 908 2158 magis
936 2092 997 2141 tu
1021 2102 1145 2142 reus
1175 2086 1398 2143 exsistis
1427 2086 1524 2160 qui
1554 2084 1837 2141 hominem

235 2175 449 2233 Christi
477 2176 741 2249 sanguine
773 2177 1116 2249 redemptum
1150 2193 1264 2233 non
1304 2176 1541 2244 homini,
1572 2176 1668 2232 sed
1691 2174 1838 2246 quod

239 2265 610 2339 perniciosius
637 2274 742 2334 est,
771 2266 995 2323 diabolo
1023 2265 1356 2323 vendidisti!
1400 2267 1557 2322 Tales
1587 2282 1716 2339 ergo
1743 2281 1835 2321 ne-

239 2356 536 2427 gotiatores
564 2354 776 2411 ﬂebunt
805 2363 858 2411 et
888 2356 1154 2428 lugebunt
1182 2355 1242 2411 in
1289 2354 1531 2422 inferno,
1572 2354 1835 2428 quoniam

237 2443 519 2500 mercedes
579 2459 770 2499 eorum
826 2460 989 2499 nemo
1042 2452 1185 2501 emet
1234 2445 1520 2515 amplius;
1579 2444 1838 2500 amittent

236 2531 382 2588 enim
414 2532 562 2605 quod
586 2540 770 2588 tenere
800 2532 1150 2602 videbantur,
1183 2540 1237 2590 et
1267 2533 1514 2590 incident
1538 2533 1598 2589 in
1627 2534 1834 2589 malum

237 2622 381 2695 quod
411 2621 718 2694 praevidere
747 2624 1128 2694 neglexerunt.

308 2712 496 2783 (Vers.
530 2711 617 2780 12,
652 2710 740 2777 13,
774 2710 886 2783 14.)
919 2711 1206 2769 Mercedem
1244 2708 1391 2777 auri,
1442 2715 1491 2765 et
1535 2709 1761 2781 argenti,
1788 2714 1836 2764 et

244 2801 441 2874 lapidis
492 2801 735 2873 pretiosi,
787 2807 835 2857 et
860 2801 1189 2874 margaritis,
1219 2807 1269 2856 et
1294 2800 1455 2871 byssi,
1485 2806 1530 2855 et
1554 2816 1833 2871 purpura,

241 2897 287 2947 et
311 2892 494 2960 serici,
527 2898 574 2946 et
603 2892 756 2960 cocci,
811 2897 859 2946 et
898 2908 1047 2947 omne
1086 2892 1283 2963 lignum
1314 2890 1549 2959 thynum,
1585 2897 1631 2944 et
1656 2890 1833 2945 omnia

240 2993 303 3033 va
313 2996 371 3035 sa
392 2981 825 3049 eboris,etomnia
846 2997 973 3037 vasa
996 2982 1057 3035 de
1081 2980 1256 3051 lapide
1268 2981 1831 3050 pretioso,etceramen-

245 3071 315 3135 to,
337 3076 385 3124 et
410 3069 583 3142 ferro,
612 3078 659 3127 et
680 3087 964 3137 marmore,
986 3075 1033 3124 et
1072 3070 1424 3132 cinnamomo,
1451 3074 1499 3123 et
1523 3068 1833 3123 odoramen-

1951 1913 2161 1981 oleum,
2212 1912 2432 1982 similae,
2486 1912 2757 1983 triticum,
2808 1922 2861 1970 et
2914 1923 3131 1984 caetera,
3175 1916 3245 1972 ad
3292 1925 3547 1989 gustum:

1949 2017 2062 2057 vox
2105 1999 2559 2070 citharoedorum,
2614 2010 2668 2058 et
2699 2004 3057 2072 musicorum,
3090 2011 3145 2060 et
3180 2004 3314 2062 tibia
3341 2022 3553 2064 canen-

1949 2088 2115 2159 tium,
2165 2089 2232 2145 ad
2262 2089 2515 2145 auditum
2553 2091 2852 2162 pertinent.
2885 2092 3178 2149 Damnatio
3206 2110 3333 2166 ergo
3361 2095 3553 2168 Baby-

1948 2178 2113 2247 lonis,
2148 2177 2294 2235 sicut
2338 2177 2456 2235 haec
2488 2178 2771 2251 Scriptura
2814 2180 3176 2250 demonstrat,
3223 2183 3463 2240 maxime
3491 2184 3551 2241 in

1947 2268 2165 2324 divitiis
2194 2268 2489 2337 consistit;
2540 2286 2604 2325 eo
2644 2270 2791 2341 quod
2822 2270 3036 2326 divitiae
3073 2271 3414 2328 nutrimenta
3440 2274 3554 2331 sint

1946 2360 2235 2424 vitiorum,
2267 2366 2320 2414 et
2365 2375 2435 2414 ex
2473 2359 2676 2432 quibus
2715 2360 2968 2427 avaritia,
3001 2378 3122 2435 quas
3170 2361 3335 2418 modo
3364 2363 3553 2437 regina

1946 2448 2144 2505 mundi
2176 2448 2288 2505 dici
2314 2457 2513 2522 potest,
2546 2449 2827 2505 luxuriam
2858 2449 3030 2506 ﬁliam
3061 2466 3215 2508 suam
3246 2453 3367 2509 alit.

1986 2538 2200 2617 -(Vers.
2247 2544 2332 2614 15,
2369 2546 2453 2615 16,
2499 2546 2613 2617 17.)
2666 2547 2773 2614 Qui
2800 2547 2985 2602 divites
3029 2547 3159 2618 facti
3203 2554 3345 2614 sunt,
3392 2550 3459 2605 ab
3488 2567 3549 2606 ea

1948 2635 2096 2705 longe
2143 2636 2356 2690 stabunt
2404 2641 2626 2706 propter
2682 2636 2919 2690 timorem
2979 2642 3357 2691 tormentorum
3411 2637 3543 2707 ejus,

1942 2724 2121 2795 ﬂentes
2150 2728 2197 2776 et
2242 2723 2489 2792 lugentes,
2543 2727 2591 2775 et
2625 2721 2846 2777 dicentes
2878 2738 2891 2777 :
2948 2723 3049 2791 Vw,
3084 2741 3181 2793 vce,
3225 2723 3411 2779 civitas
3447 2724 3549 2780 illa

1942 2829 2137 2882 magna
2168 2829 2284 2882 qua:
2325 2810 2520 2866 amicta
2549 2818 2664 2866 erat
2693 2811 2863 2882 bysso,
2914 2817 2962 2866 et
2985 2829 3257 2884 purpura,
3297 2820 3345 2868 et
3380 2831 3547 2882 cocco,

1942 2907 1991 2956 et
2017 2902 2270 2957 inaurata
2313 2918 2470 2966 auro,
2505 2906 2553 2955 et
2598 2900 2773 2971 lapide
2813 2901 3066 2972 pretioso,
3104 2907 3153 2956 et
3197 2904 3543 2974 margaritis;

1942 2991 2196 3063 quoniam
2226 3008 2336 3046 una
2365 2992 2499 3045 hora
2524 2990 2780 3045 destitutae
2808 2996 2930 3045 sunt
2956 2997 3113 3046 tanta:
3132 2992 3370 3049 divitiae!
3390 2993 3549 3061 Quod

1941 3080 2145 3136 divites
2186 3077 2488 3152 Babylonis
2534 3078 2693 3151 longe
2737 3086 2879 3135 stare
2925 3079 3201 3151 dicantur,
3245 3082 3548 3141 secundum

238 3160 435 3229 torum,
468 3168 515 3216 et
542 3160 813 3233 unguenti,
843 3166 889 3214 et
921 3158 1112 3226 thuris,
1142 3164 1189 3213 et
1226 3157 1358 3226 vini,
1389 3162 1437 3211 et
1464 3158 1586 3226 olei,
1611 3164 1659 3212 et
1686 3156 1826 3212 simi-

1947 3185 2162 3226 sensum
2205 3167 2563 3241 superiorem,
2616 3183 2780 3241 quem
2810 3166 2877 3224 de
2909 3168 3130 3241 regibus
3160 3169 3425 3241 diximus,
3458 3171 3545 3229 in-

241 3245 321 3315 ιω,
358 3255 405 3303 et
454 3248 636 3319 tritici,
680 3256 727 3304 et
758 3249 1142 3319 jumentorum,
1184 3252 1232 3302 et
1258 3246 1457 3313 ovium,
1478 3252 1526 3303 et
1553 3263 1826 3317 equorum,

238 3342 285 3391 et
324 3339 634 3407 rhedarum,
664 3346 711 3393 et
757 3338 1170 3409 mancipiorum,
1217 3342 1266 3392 et
1309 3336 1617 3392 animarum
1659 3336 1837 3391 homi-

238 3441 367 3482 num
399 3445 416 3482 :
448 3436 496 3483 et
513 3444 675 3500 poma
716 3434 807 3484 tua
837 3426 1101 3484 desideria
1140 3428 1335 3483 anima:
1365 3432 1466 3482 tute
1492 3426 1839 3483 discesserunt

234 3531 270 3570 a
302 3522 368 3585 te,
399 3523 446 3572 et
482 3518 662 3573 omnia
702 3518 928 3590 pinguia
954 3524 1002 3573 et
1021 3519 1295 3589 prwclara
1314 3517 1593 3589 perierunt
1631 3535 1667 3572 a
1696 3522 1762 3583 te,
1790 3522 1839 3572 et

237 3609 473 3678 amplius
503 3610 603 3665 illa
630 3626 737 3665 non
764 3609 1027 3665 invenient
1056 3616 1364 3665 mercatores
1392 3610 1602 3664 horum.
1632 3610 1694 3664 In
1723 3625 1836 3664 om-

238 3694 407 3753 nibus
436 3715 556 3772 quae
586 3707 905 3756 enumerata
932 3708 1081 3769 sunt,
1104 3698 1337 3755 avaritia
1358 3696 1659 3770 Babylonis
1675 3705 1838 3770 atque

237 3786 467 3846 luxuria
509 3791 927 3848 condemnatur.
957 3791 1094 3847 Nam
1136 3798 1191 3847 et
1234 3790 1294 3846 in
1317 3788 1531 3862 judicio
1568 3789 1839 3846 Dominus

237 3888 349 3932 non
392 3878 540 3936 dicet
573 3879 820 3953 reprobis
853 3898 865 3937 :
907 3886 1053 3944 567
1096 3881 1199 3946 Ite,
1230 3878 1531 3947 maledicti,
1564 3877 1623 3933 in
1652 3878 1836 3950 ignem

238 3985 505 4036 aeternum
540 3999 554 4048 ;
592 3981 721 4053 quia
757 3979 1054 4038 homicidae
1084 3978 1290 4048 fuistis,
1322 3978 1565 4053 superbi,
1601 3978 1836 4034 fornica-

237 4071 402 4139 tores,
432 4069 705 4137 adulteri;
736 4069 831 4125 sed
860 4068 1008 4126 dicet
1036 4087 1047 4125 :
1098 4095 1117 4119 ι
1152 4069 1398 4137 Esurivi,
1430 4077 1485 4124 et
1519 4082 1632 4124 non
1661 4067 1830 4123 dedi-

236 4155 333 4212 stis
371 4160 513 4217 mihi
564 4155 895 4215 manducare
926 4175 941 4227 ;
986 4158 1163 4228 sitivi,
1195 4168 1249 4215 et
1291 4175 1402 4213 non
1433 4156 1663 4214 dedistis
1696 4155 1837 4214 mihi

234 4242 455 4318 bibere;
499 4275 519 4298 ι
581 4258 635 4306 et
678 4258 875 4306 caetera
912 4246 1305 4305 misericordiae
1353 4262 1537 4319 opera,
1574 4263 1607 4303 a
1636 4246 1837 4319 quibus

235 4338 466 4397 avaritia
513 4338 750 4395 retrahit
820 4338 1101 4409 reprobos,
1137 4353 1207 4393 ne
1267 4336 1661 4393 misericordes
1725 4336 1837 4391 sint

237 4439 361 4498 erga
390 4446 681 4502 pauperes.
715 4426 967 4484 Avaritia
1002 4426 1205 4500 quippe
1240 4425 1432 4481 nutrix
1451 4434 1535 4481 est
1561 4425 1835 4481 luxuriae:

238 4518 577 4576 nutrimenta
623 4526 805 4574 autem
853 4517 1088 4573 luxuriat
1136 4515 1196 4572 in
1244 4515 1353 4571 hoc
1398 4515 1519 4571 loco
1565 4514 1837 4587 descripta

238 4614 383 4674 sunt,
429 4608 636 4683 quibus
666 4607 734 4663 ab
780 4606 1015 4663 avaritia
1054 4606 1318 4662 nutritur.
1365 4605 1437 4660 Et
1466 4604 1509 4661 si
1540 4604 1835 4677 diligenter

238 4688 505 4765 inspicere
562 4697 921 4765 voluerimus,
981 4695 1328 4751 inveniemus
1382 4693 1566 4750 omnia
1616 4709 1735 4767 quae
1776 4692 1834 4747 in

238 4775 340 4838 hoc
376 4785 499 4843 loco
530 4786 598 4843 ad
627 4784 917 4842 avaritiam
949 4786 1066 4842 sive
1098 4785 1379 4841 luxuriam
1411 4783 1712 4858 Babylonis
1743 4782 1833 4839 de-

240 4877 652 4934 monstrandam
684 4881 1001 4931 enumerata
1025 4883 1174 4943 sunt,
1205 4877 1274 4931 ad
1312 4874 1558 4948 quinque
1588 4874 1835 4947 corporis

242 4969 429 5019 sensus
460 4965 755 5038 pertinere.
787 4964 1042 5034 Quinque
1066 4962 1216 5018 enim
1247 4970 1376 5018 sunt
1413 4963 1661 5034 corporis
1700 4979 1834 5019 sen-

242 5059 353 5119 sus,
399 5052 455 5111 id
500 5063 582 5112 est
611 5055 783 5122 visus,
833 5051 1074 5120 auditus,
1121 5060 1330 5125 gustus,
1364 5052 1624 5107 odoratus
1653 5060 1711 5107 et
1743 5060 1833 5107 ta-

243 5141 381 5206 ctus,
404 5158 542 5214 quos
562 5144 707 5201 Deus
736 5139 1058 5197 horninibus
1079 5150 1131 5198 et
1151 5140 1485 5196 animalibus
1500 5139 1652 5195 dedit
1673 5158 1686 5207 ;
1711 5140 1829 5194 ani-

245 5224 478 5287 malibus
507 5232 577 5289 ad
605 5233 775 5287 vitam
806 5222 961 5286 suam
995 5229 1377 5286 tantummodo
1404 5228 1688 5296 tuendam,
1724 5228 1834 5284 ho-

245 5312 487 5378 minibus
513 5331 697 5379 autem
728 5329 781 5378 et
810 5321 879 5378 ad
916 5319 1090 5377 vitam
1120 5319 1401 5389 tuendam,
1431 5328 1486 5377 et
1518 5327 1580 5375 ut
1620 5335 1717 5391 per
1742 5335 1834 5376 eos

247 5404 384 5464 ratio
409 5413 652 5471 animam
686 5428 807 5487 quae
838 5409 923 5468 illi
969 5411 1266 5471 commissa
1314 5417 1396 5467 est
1432 5425 1531 5484 per
1553 5409 1703 5467 viam
1738 5426 1835 5468 re-

1949 3257 2313 3331 telligendum
2344 3264 2449 3314 est.

2023 3357 2205 3429 (Vers.
2242 3355 2327 3425 18,
2362 3356 2476 3430 19.)
2508 3359 2583 3414 Et
2610 3357 2781 3414 omnis
2812 3355 3152 3429 gubernator,
3180 3362 3229 3412 et
3254 3372 3428 3412 omnes
3455 3358 3550 3428 qui

1948 3448 2006 3503 in
2032 3449 2204 3503 lacum
2227 3446 2481 3518 navigant
2514 3448 2653 3519 (61),
2686 3453 2735 3503 et
2756 3452 2934 3504 nauta:
2958 3446 3051 3518 qui
3078 3446 3136 3503 in
3157 3447 3300 3503 mari
3327 3463 3548 3519 operan-

1953 3545 2059 3606 tur,
2095 3539 2241 3609 longe
2286 3543 2559 3603 steterunt,
2608 3543 2657 3593 et
2703 3539 3083 3606 clamauerunt,
3124 3537 3352 3594 videntes
3379 3538 3549 3593 locum

1949 3626 2178 3682 incendii
2232 3625 2366 3696 ejus,
2422 3626 2685 3682 dicentes:
2749 3628 2876 3694 Ome
2932 3627 3122 3683 similis
3178 3626 3379 3683 civitati
3428 3627 3549 3683 huic

1948 3716 2197 3788 magnae?
2246 3716 2321 3772 Et
2372 3715 2631 3771 miserunt
2678 3717 2952 3787 pulverem
3002 3732 3162 3789 super
3209 3717 3386 3789 capita
3448 3734 3547 3775 sua

1947 3806 2124 3876 ﬂentes
2153 3810 2202 3860 et
2240 3805 2489 3876 lugentes,
2525 3809 2574 3859 et
2623 3804 2881 3860 dicentes:
2938 3805 3044 3873 Vw,
3096 3822 3192 3873 υω,
3234 3805 3419 3861 civitas
3445 3806 3546 3862 illa

1946 3911 2164 3966 magna,
2198 3894 2257 3949 in
2302 3912 2409 3965 qua
2439 3894 2623 3949 divites
2666 3894 2799 3964 facti
2839 3899 2962 3948 sunt
3001 3911 3197 3962 omnes,
3241 3895 3334 3964 qui
3360 3895 3547 3951 habent

1947 4002 2105 4040 naves
2127 3985 2186 4040 in
2210 3984 2353 4041 mari
2381 3985 2443 4039 de
2463 3983 2653 4055 pretiis
2680 3984 2795 4054 ejus
2813 4001 2835 4049 ,°
2867 3984 3119 4055 quoniam
3154 4001 3263 4039 una
3292 3987 3425 4042 hora
3453 3986 3545 4041 de-

1949 4076 2119 4130 solata
2146 4079 2219 4128 est
2247 4074 2266 4128 Ι
2316 4073 2611 4129 Possumus
2638 4088 2736 4144 per
2771 4088 2920 4128 mare
2953 4071 3060 4129 hoc
3098 4073 3362 4128 saeculum
3396 4093 3409 4130 :
3449 4089 3546 4146 per

1949 4163 2340 4237 gubernatores
2372 4178 2503 4217 vero
2530 4160 2807 4233 principes
2836 4160 3055 4232 iniquos
3084 4160 3389 4233 intelligere
3413 4179 3425 4218 :
3449 4177 3547 4233 per

1949 4245 2041 4308 eos
2078 4257 2261 4307 autem
2292 4249 2387 4322 qui
2428 4250 2495 4306 de
2544 4250 2664 4306 loco
2706 4248 2776 4304 ad
2818 4250 3003 4306 locum
3042 4248 3323 4320 navigant,
3359 4255 3415 4304 et
3449 4265 3547 4321 per

1947 4347 2143 4395 nautas
2172 4339 2269 4412 qui
2299 4338 2357 4393 in
2397 4338 2536 4393 mari
2565 4344 2880 4409 operantur,
2929 4352 3022 4392 eos
3050 4334 3145 4409 qui
3176 4336 3395 4392 diversa
3420 4336 3544 4394 oﬂi-

1948 4430 2034 4487 cia
2057 4430 2126 4486 ad
2157 4428 2589 4501 depraedationes
2618 4444 2943 4501 pauperum,
3003 4435 3057 4483 et
3103 4426 3168 4483 ad
3201 4435 3422 4500 peccata
3448 4443 3546 4485 sua

1865 4547 1916 4606 D
1948 4518 2197 4591 quotidie
2229 4517 2476 4590 augenda
2517 4516 2575 4572 in
2605 4515 2816 4572 mundo
2843 4523 3123 4573 exercent.
3163 4514 3417 4606 Istiergo
3445 4515 3543 4572 ﬂe-

1946 4608 2087 4665 bunt
2130 4617 2183 4664 et
2211 4608 2497 4681 lugebunt,
2518 4606 2793 4683 ‘videntes
2823 4606 3005 4662 locum
3036 4605 3280 4662 incendii
3311 4605 3543 4679 Babylo-

1946 4697 2034 4753 nis
2064 4716 2078 4765 ;
2114 4697 2216 4768 ipsi
2249 4712 2484 4769 namque
2512 4705 2674 4752 erunt
2692 4695 2961 4767 Babylon,
2993 4702 3048 4749 et
3072 4694 3176 4766 ipsi
3198 4695 3464 4767 lugehunt
3489 4702 3543 4752 et

1947 4785 2177 4842 flebunt.
2223 4785 2505 4843 Videbunt
2549 4792 2732 4840 autem
2762 4782 3019 4840 incendia
3051 4782 3371 4856 Babylonis,
3413 4782 3545 4857 quia

1946 4892 2044 4933 sua
2082 4873 2338 4931 incendia
2389 4874 2714 4946 perferendo
2761 4872 3052 4941 videbunt,
3094 4889 3213 4945 quae
3255 4879 3438 4928 mente
3482 4872 3541 4927 in

1944 4965 2145 5022 saeculo
2176 4962 2364 5036 positi,
2395 4962 2711 5036 conspicere
2759 4962 3143 5035 neglexerunt,
3174 4969 3237 5019 ut
3265 4978 3323 5019 se
3364 4961 3541 5020 corri-

1945 5060 2151 5126 gerent.
2190 5052 2296 5120 Qui
2327 5051 2491 5108 etiam
2521 5052 2760 5109 cinerem
2792 5068 2955 5125 super
2985 5052 3164 5124 capita
3192 5067 3290 5107 sua
3327 5050 3540 5107 misisse

1945 5141 2245 5209 dicuntur;
2296 5157 2421 5197 nam
2453 5158 2593 5214 saepe
2644 5158 2739 5214 per
2780 5151 2945 5216 caput
2978 5158 3153 5212 mens,
3202 5157 3298 5213 per
3329 5140 3539 5196 cineres

1944 5238 2166 5303 peccata
2210 5230 2590 5303 designantur.
2630 5229 2883 5287 Cmerem
2928 5230 3110 5303 itaque
3156 5245 3319 5303 super
3363 5227 3540 5300 capita

1943 5337 2041 5377 sua
2070 5328 2311 5394 ponent;
2363 5320 2493 5394 quia
2522 5320 2786 5378 memoria
2813 5330 3157 5395 peccatorum
3187 5336 3219 5376 a
3259 5317 3538 5376 mentibus

1941 5425 2132 5469 eorum
2162 5426 2445 5484 nunquam
2472 5407 2709 5468 recedet.

317 5621 432 5709 (δι)
477 5631 683 5695 Omnes
711 5632 871 5705 edit,
909 5635 1064 5709 quia
1119 5634 1264 5708 longe
1307 5631 1606 5708 navigant;
1659 5632 1833 5695 codex
1896 5646 2060 5707 gem.,
2104 5630 2197 5705 qui
2242 5633 2301 5690 in
2341 5633 2513 5691 locum
2552 5631 2845 5705 navigant:
2897 5630 3019 5704 Sag.
3071 5636 3126 5687 et
3155 5628 3310 5703 Reg,
3351 5625 3539 5702 quiin

251 5685 437 5771 lacum,
456 5685 565 5768 eici
