4026 6172
524 334 543 391 l
555 333 661 392 007

1532 327 1627 382 AD
1664 323 1899 381 OPERA
1936 322 1992 379 S.
2035 320 2369 379 AMBROSII
2406 319 2785 376 APPENDIX.

3679 312 3808 369 1008

592 456 775 529 (Vers.
810 453 926 526 20.)
968 453 1199 509 Exsulta
1250 466 1408 521 super
1451 465 1586 518 eam,
1615 450 1820 516 crtum,
1855 453 1903 503 et
1944 446 2110 502 sancti
2137 446 2191 507 A
2222 443 2279 500 in
2315 452 2637 516 perpetuum
2701 441 2973 515 segregari
3027 440 3259 496 nollent.
3291 439 3450 495 Tales
3488 453 3619 510 ergo
3672 441 3813 499 568

517 544 747 617 apostoli
779 548 828 597 et
853 541 1166 613 propheta);
1211 540 1339 609 quia
1376 537 1644 608 judicavit
1681 538 1822 593 Deus
1850 535 2116 605 judicium

518 641 749 689 vestrum
776 630 838 686 de
865 631 985 686 illa.
1017 629 1312 685 Possumus
1356 643 1454 701 per
1497 628 1699 684 caelum
1746 626 1985 698 angelos,
2020 640 2117 696 per

520 722 795 795 apostolos
842 720 976 776 novi
1028 716 1364 775 Testamenti
1420 723 1621 789 patres,
1680 732 1779 789 per
1822 714 2117 788 prophetas

525 819 709 867 autem
739 819 922 883 patres
952 807 1155 865 veteris
1184 806 1521 863 Testamenti
1551 805 1875 877 intelligere.
1903 803 2119 859 Exsul—

520 902 719 959 tabunt
762 901 951 975 igitur,
990 917 1116 958 cum
1164 899 1445 957 destructa
1486 897 1655 954 fuerit
1692 895 1873 952 omnis
1902 903 2119 953 caterva

520 992 819 1065 impiorum
851 1008 977 1048 cum
1017 991 1154 1063 ipsis
1182 988 1526 1047 demonibus
1555 988 1871 1045 auctoribus
1901 985 2119 1059 iniqui-

518 1083 1105 1143 tatum.Exsultahunt
1131 1083 1318 1152 etiam,
1350 1100 1413 1140 eo
1440 1082 1588 1155 quod
1617 1092 1751 1138 tunc
1776 1080 1942 1136 ﬁnem
1970 1096 2121 1136 acce-

519 1183 683 1250 ptura
709 1174 782 1232 sit
810 1175 992 1232 omnis
1032 1173 1245 1230 malitia
1289 1180 1343 1229 et
1370 1172 1674 1230 adducetur
1705 1170 1923 1244 justitia
1964 1185 2119 1226 sem-

520 1265 739 1339 piterna
765 1263 906 1336 (62).

598 1362 780 1436 (Vere.
812 1360 930 1433 21.)
984 1361 1059 1417 Et
1094 1358 1311 1416 sustulit
1347 1376 1482 1414 unus
1529 1358 1745 1431 angelus
1791 1356 1950 1429 fortis
1986 1356 2119 1428 lapi-

523 1453 639 1510 dem
666 1451 821 1524 quasi
852 1451 1106 1507 molarem
1151 1466 1421 1521 magnum,
1472 1455 1519 1504 et
1557 1448 1701 1504 misit
1743 1447 1801 1503 in
1827 1465 1994 1515 mare,
2028 1446 2122 1502 di-

523 1559 640 1600 cens
672 1558 690 1598 :
732 1542 842 1598 Hoc
873 1541 1069 1614 impetu
1095 1539 1333 1595 mittetur
1360 1538 1602 1607 Babylon
1638 1553 1853 1607 magna,
1900 1542 1949 1591 et
1974 1538 2123 1592 ultra

524 1649 632 1689 non
685 1631 1001 1688 invenietur.
1063 1630 1170 1685 Iste
1216 1628 1441 1701 angelus
1498 1624 1779 1682 Christum
1828 1624 2119 1696 signiﬁcat,

2221 543 2460 600 artiﬁces
2495 542 2555 597 in
2582 540 2864 613 Babylone
2892 554 3006 595 non
3038 537 3334 594 audientur
3362 535 3641 608 amplius;
3686 533 3815 607 quia

2223 649 2348 690 cum
2379 648 2440 688 ea
2468 632 2525 687 in
2555 639 2882 704 perpetuum
2911 627 3342 685 damnabantur.
3394 625 3533 694 Quia
3550 631 3817 680 mercato-

2223 740 2308 778 res
2334 722 2412 777 tui
2431 728 2585 777 erant
2609 720 2878 793 principes
2910 727 3086 776 terras.
3119 719 3295 775 Habet
3324 717 3574 783 Ecclesia
3601 731 3818 773 merca-

2226 819 2371 868 tores
2387 826 2536 879 suos,
2578 809 2743 866 habet
2767 817 2822 865 et
2862 808 3115 881 Babylon
3144 826 3156 863 :
3201 815 3535 863 mercatores
3563 804 3820 862 Ecclesiae

2225 900 2511 957 thesauros
2537 915 2666 955 suos
2710 899 2770 954 in
2813 899 2952 955 coelo
3003 896 3330 967 recondunt,
3362 896 3459 952 ubi
3512 896 3661 951 fures
3708 911 3819 950 non

2226 990 2496 1046 eﬁodiunt
2538 996 2591 1044 et
2639 988 2892 1044 furantur
2942 988 3156 1060 (Matth.
3202 1005 3282 1057 vr,
3313 985 3447 1057 20);
3489 993 3822 1041 mercatores

2227 1099 2358 1140 vero
2396 1081 2700 1155 Babylonis
2727 1081 3014 1137 thesauros
3042 1097 3169 1136 suos
3215 1078 3272 1134 in
3302 1089 3447 1136 terra
3493 1079 3820 1147 recondunt,

2225 1172 2324 1228 ubi
2354 1171 2503 1227 fures
2533 1170 2821 1240 eﬂ‘odiunt,
2845 1186 2947 1227 nec
2969 1170 3241 1226 furantur.
3265 1170 3340 1225 Et
3366 1168 3423 1223 in
3442 1167 3706 1240 veneficiis
3722 1167 3824 1223 tuis

2227 1267 2547 1316 erraverunt
2572 1277 2764 1317 omnes
2795 1268 3001 1334 gentes.
3036 1258 3319 1319 Veneﬁcia
3354 1256 3663 1330 Babylonis
3692 1264 3822 1313 sunt

2227 1350 2435 1408 diversi
2474 1367 2685 1408 errores
2737 1367 2834 1424 per
2890 1368 3026 1426 quos
3086 1367 3258 1425 genus
3309 1348 3616 1406 humanum
3654 1347 3825 1407 dece—

2229 1451 2385 1517 ptum
2421 1451 2521 1500 est.

2305 1534 2487 1605 (Vers.
2517 1532 2635 1605 24.)
2666 1534 2741 1589 Et
2769 1533 2825 1587 in
2867 1549 2928 1588 ea
2956 1531 3173 1603 sanguis
3207 1530 3591 1604 prophetarum
3613 1535 3664 1585 et
3690 1546 3826 1585 san-

2232 1631 2437 1681 ctorum
2460 1625 2701 1681 inventus
2739 1629 2831 1693 est,
2863 1631 2911 1680 et
2939 1623 3175 1678 omnium
3210 1623 3303 1694 qui
3335 1621 3597 1694 interfecti
3621 1627 3746 1676 sunt
3770 1621 3826 1677 in

525 1722 623 1797 qui
660 1720 819 1777 fortis
870 1734 986 1776 esse
1016 1716 1224 1773 dicitur
1250 1734 1264 1785 ;
1318 1715 1448 1789 quia
1488 1713 1872 1771 fortitudinem
1917 1712 2125 1785 Christi
2235 1722 2398 1770 terra.
2427 1713 2659 1787 Sanguis
2685 1722 3003 1770 sanctorum
3034 1712 3093 1769 in
3124 1728 3188 1768 ea
3213 1712 3475 1768 inventus
3501 1718 3605 1776 est,
3637 1709 3695 1766 id
3723 1718 3823 1781 est,

526 1816 731 1884 quanta
788 1807 881 1877 sit,
948 1807 1190 1863 humana
1255 1820 1410 1860 mens
1469 1803 1932 1877 comprehendere
2011 1819 2125 1859 non
2156 1812 2201 1874 Β
2231 1805 2410 1862 scelus
2439 1803 2840 1861 interfectionis
2863 1810 3201 1871 sanctorum,
3234 1801 3378 1859 sicut
3391 1801 3665 1858 Dominus
3691 1799 3824 1857 dicit

526 1904 745 1970 potest;
773 1911 871 1969 per
899 1894 1137 1967 lapidem
1166 1910 1299 1951 vero
1331 1894 1595 1950 molarem
1644 1909 1904 1967 magnum
1942 1892 2123 1948 omnis

525 1983 830 2042 multitudo
872 1984 1171 2058 impiorum
1218 1982 1581 2057 designatur:
1618 1999 1767 2040 mare
1813 1989 1996 2039 autem
2038 1982 2123 2038 in-

527 2072 743 2130 fernum
776 2072 1044 2147 designat,
1078 2073 1134 2129 in
1164 2088 1274 2145 quo
1304 2088 1496 2129 omnes
1525 2071 1685 2146 impii
1713 2071 2118 2145 demergentur.

524 2161 770 2236 Angelus
823 2163 996 2236 igitur
1034 2161 1273 2236 lapidem
1316 2162 1582 2219 molarem
1632 2162 1692 2218 in
1735 2178 1885 2218 mare
1929 2161 2117 2230 misit;

527 2256 658 2330 quia
683 2254 957 2312 Dominus
986 2263 1170 2313 noster
1196 2255 1350 2313 Jesus
1388 2254 1641 2312 Christus
1687 2253 1746 2310 in
1793 2254 1883 2311 die
1922 2252 2123 2326 judicii

527 2361 748 2403 omnem
798 2344 1098 2418 impiorum
1145 2342 1559 2401 multitudinem
1589 2359 1688 2401 suo
1725 2341 1877 2416 justo
1908 2341 2123 2416 judicio

528 2435 587 2492 in
624 2433 908 2491 infernum
935 2433 1234 2507 demerget.

600 2530 782 2606 (Vers.
814 2531 905 2601 22,
950 2531 1066 2605 23.)
1110 2533 1188 2589 Et
1216 2548 1321 2587 vos:
1349 2530 1779 2597 cithartedorum,
1815 2535 1862 2586 et
1890 2529 2123 2585 musico—

523 2639 666 2688 rum,
697 2627 747 2678 et
775 2621 904 2678 tibia
938 2622 1235 2677 canentium
1268 2626 1317 2677 et
1360 2620 1504 2690 tuba,
1543 2636 1651 2675 non
1690 2618 1941 2675 audietur
1984 2619 2043 2675 in
2080 2625 2125 2677 te

523 2712 775 2786 amplius.
810 2712 928 2770 Hoc
957 2711 1214 2785 superius
1260 2718 1751 2767 commemoratum
1782 2715 1882 2765 est.
1914 2710 1989 2765 Et
2016 2726 2123 2765 om-

522 2802 609 2858 nis
636 2801 862 2873 artifex,
889 2809 937 2858 et
950 2802 1119 2857 omnis
1147 2817 1240 2857 ars
1255 2817 1362 2857 non
1388 2798 1683 2856 invenietur
1700 2798 1767 2875 in
1794 2805 1839 2854 te
1867 2800 2121 2871 amplius,

522 2898 573 2948 et
621 2910 727 2949 vos:
775 2894 926 2949 molle
973 2911 1083 2949 non
1134 2892 1387 2949 audietur
1440 2893 1499 2948 in
1537 2898 1582 2947 te
1628 2891 1881 2963 amplius,
1925 2898 1972 2947 et
2028 2893 2123 2948 tua:

527 2984 750 3039 lucernae
776 2998 884 3037 non
915 2981 1098 3038 lucebit
1141 2981 1200 3036 in
1242 2986 1286 3036 te
1330 2980 1583 3053 amplius,
1615 2986 1663 3035 et
1705 2997 1811 3035 vos:
1854 2980 2033 3051 sponsi
2076 2986 2126 3036 et

523 3086 728 3144 sponsae
756 3088 863 3127 non
889 3071 1139 3127 audietur
1184 3070 1240 3126 in
1269 3077 1315 3127 te
1342 3070 1533 3127 adhuc.
1566 3069 1934 3138 Quaerendum
1961 3069 2123 3127 nobis

2232 1894 2420 1968 impiis
2442 1893 2647 1951 Iudaeis
2675 1894 2777 1950 sub
2820 1893 3109 1951 intellectu
3138 1893 3391 1950 omnium
3422 1891 3780 1965 reprohorum
3807 1910 3819 1947 :

2245 1984 2506 2054 «Veniet,
2548 1984 2750 2059 inquit,
2798 2000 2961 2058 super
3006 2000 3105 2041 vos
3144 1982 3325 2040 omnis
3375 1984 3599 2056 sanguis
3649 1981 3825 2055 justus

2232 2073 2328 2148 qui
2356 2074 2563 2131 eﬁ‘usus
2595 2082 2677 2132 est
2708 2091 2872 2148 super
2897 2083 3101 2131 terram
3132 2073 3347 2148 (Matth.
3380 2090 3546 2142 mn,
3576 2072 3697 2144 35).
3727 2094 3756 2124 ι»

2301 2163 2530 2220 CAPUT
2559 2165 2715 2221 XIX.
2740 2196 2812 2206 —
2840 2164 3022 2238 (Vers.
3054 2164 3205 2237 1-8.)
3234 2166 3309 2220 Et
3336 2164 3522 2219 audiui
3548 2163 3707 2234 quasi
3731 2181 3825 2219 oo-

2229 2271 2337 2311 cem
2364 2271 2607 2327 magnam
2638 2256 2885 2311 tubarum
2914 2256 3208 2312 multarum
3254 2254 3313 2309 in
3348 2255 3471 2310 creto
3498 2253 3779 2309 dicentium
3806 2271 3819 2310 ε

2230 2343 2488 2414 Alleluia,
2518 2346 2686 2413 salus,
2718 2350 2763 2399 et
2813 2343 3007 2416 gloria,
3050 2349 3098 2399 et
3137 2342 3311 2398 virtus
3359 2342 3467 2399 Deo
3518 2348 3704 2399 nostra
3734 2350 3820 2412 est,

2231 2442 2361 2512 quia
2386 2458 2513 2497 vera
2540 2447 2588 2495 et
2606 2438 2757 2510 justa
2788 2440 3001 2511 judicia
3040 2438 3155 2510 ejus
3198 2445 3359 2507 sunt;
3416 2438 3547 2509 quia
3566 2438 3823 2508 judicavit

2231 2531 2294 2585 de
2320 2528 2590 2585 meretrice
2621 2546 2835 2601 magna,
2865 2546 2981 2601 quae
3009 2528 3251 2601 corrupit
3298 2534 3499 2584 terram
3542 2528 3601 2583 in
3638 2529 3824 2599 prosti-

2234 2620 2430 2677 tutione
2468 2637 2587 2689 sua,
2619 2626 2668 2675 et
2695 2620 2985 2676 vindicavit
3026 2619 3332 2692 sanguinem
3358 2624 3670 2674 sanctorum
3700 2636 3827 2674 suo-

2232 2729 2355 2768 rum
2382 2712 2444 2768 de
2472 2727 2637 2767 manu
2662 2710 2795 2782 ejus.
2814 2712 2909 2788 .Et
2940 2710 3128 2767 iterum
3155 2710 3443 2767 dixerunt:
3472 2709 3760 2775 Alleluia;
3786 2717 3831 2765 et

2231 2803 2414 2876 fumus
2443 2800 2557 2873 ejus
2584 2801 2820 2859 ascendit
2847 2802 2905 2857 in
2946 2802 3140 2858 saecula
3176 2803 3513 2858 saeculorum.
3544 2802 3624 2857 Et
3648 2801 3832 2874 uiginti

2230 2901 2462 2966 quatuor
2488 2894 2717 2950 seniores
2745 2893 3038 2949 ceciderunt
3064 2894 3121 2948 in
3147 2892 3310 2964 facies
3337 2909 3484 2959 sitas,
3528 2899 3580 2950 et
3601 2900 3831 2965 quatuor

2230 2985 2513 3054 animalia,
2579 2991 2629 3040 et
2690 2983 3052 3041 adorauerunt
3124 2985 3296 3041 Deum
3347 2985 3603 3042 sedentem
3678 3001 3830 3056 super

2233 3076 2499 3140 thronum,
2550 3073 2820 3130 dicentes:
2863 3074 3053 3145 Amen,
3109 3075 3350 3132 alleluia.
3397 3076 3472 3131 Et
3501 3092 3610 3130 vos:
3642 3092 3829 3145 magna

523 3169 606 3219 est
633 3178 733 3218 cur
778 3168 941 3231 artes,
990 3168 1046 3219 et
1074 3178 1264 3220 vocem
1315 3160 1497 3230 molae,
1528 3169 1583 3218 et
1612 3161 1802 3217 lumen
1858 3161 2120 3229 lucernae,
2152 3185 2195 3246 ρ
2230 3163 2361 3218 exiit
2405 3163 2468 3219 de
2514 3162 2723 3231 throno,
2756 3161 2930 3218 dicens
2967 3181 2979 3220 :
3039 3163 3273 3220 Laudem
3302 3164 3455 3219 dicite
3482 3164 3597 3220 Deo
3628 3171 3826 3233 nostro,

523 3259 580 3308 et
606 3268 800 3309 vocem
838 3252 1025 3325 sponsi
1074 3259 1129 3309 et
1156 3268 1366 3326 sponsae
1416 3252 1562 3309 inter
1586 3252 1795 3310 scelera
1822 3250 2122 3326 Babylonis

522 3349 842 3415 computet;
898 3359 1026 3401 cum
1084 3343 1189 3400 ista
1243 3343 1431 3400 omnia
1490 3343 1609 3401 sine
1664 3342 1825 3415 culpa
1879 3340 2122 3399 exerceri

523 3433 757 3507 possint,
807 3440 862 3490 et
906 3433 1025 3490 sine
1072 3432 1194 3493 istis
1222 3435 1340 3491 vita
1380 3432 1626 3490 humana
1668 3432 1965 3489 subsistere
2008 3448 2121 3489 non

522 3521 716 3595 possit.
767 3522 1102 3594 Spiritaliter
1152 3525 1337 3596 itaque
1385 3523 1492 3580 ista
1537 3523 1724 3579 omnia
1765 3523 2122 3597 intelligenda

523 3618 672 3666 sunt.
720 3610 1020 3666 Possumus
1059 3627 1186 3683 ergo
1236 3628 1332 3683 per
1386 3619 1531 3668 artes
1578 3612 1901 3684 sapientiam
1955 3612 2122 3686 hujus

525 3696 737 3765 saeculi,
770 3712 891 3771 quas
921 3697 1160 3754 stultitia
1187 3707 1270 3755 est
1298 3698 1444 3772 apud
1466 3701 1639 3755 Deum
1657 3701 1722 3771 (Ι
1752 3701 1878 3757 Cor.
1897 3718 1981 3771 III,
2006 3702 2118 3775 19),

525 3784 853 3857 intelligere,
886 3801 1019 3860 quas
1047 3787 1285 3845 artiﬁces
1325 3788 1554 3861 maligni
1586 3795 1640 3844 et
1686 3787 1791 3845 ﬁlii
1820 3789 2122 3864 Babylonis

525 3874 596 3931 ad
652 3872 758 3931 hoc
814 3873 1054 3946 discunt,
1098 3885 1162 3935 ut
1214 3874 1275 3933 in
1316 3876 1531 3934 malitia
1574 3877 1876 3951 Babylonis
1911 3880 2123 3952 possint

525 3962 828 4039 proﬁcere;
882 3965 1155 4039 sapientes
1204 3966 1356 4023 enim
1400 3974 1530 4025 sunt
1582 3975 1647 4024 ut
1705 3968 1910 4025 faciant
1956 3971 2121 4039 mala,

523 4053 663 4112 bene
688 4064 872 4113 autem
922 4057 1100 4114 facere
1148 4059 1405 4115 nesciunt
1454 4059 1670 4132 (Jerem.
1724 4077 1799 4129 ιν,
1833 4059 1948 4133 22).
1980 4061 2124 4119 Mela

524 4160 657 4203 vero
687 4145 961 4220 quidquid
989 4147 1092 4206 sub
1119 4165 1176 4206 se
1216 4149 1510 4223 acceperit,
1545 4150 1782 4207 conterit
1812 4159 1866 4207 et
1896 4151 2124 4209 commi-

523 4236 680 4293 nuit:
729 4253 1021 4310 possumus
1061 4238 1233 4312 igitur
1276 4256 1373 4313 per
1418 4240 1622 4296 molam
1660 4239 1876 4312 judices
1921 4240 2123 4312 impios

525 4327 790 4401 accipere.
841 4327 1047 4387 Vocem
1103 4347 1232 4403 ergo
1284 4330 1433 4387 mola
1483 4330 1679 4396 mittit,
1736 4347 1864 4387 cum
1907 4329 2123 4402 judices

525 4411 686 4488 impii
738 4415 951 4488 judicia
1008 4417 1213 4492 injusta
1265 4419 1333 4478 ad
1390 4420 1755 4478 conterendos
1803 4420 2122 4479 innocentes

525 4504 835 4577 proferunt.
886 4507 990 4563 Per
1039 4507 1227 4565 lumen
1256 4525 1387 4567 vero
1440 4510 1697 4580 lucernas,
1732 4508 1898 4582 hujus
1934 4511 2122 4568 saeculi
2150 4552 2200 4611 D

527 4595 703 4670 gloria
730 4595 1048 4669 designatur
1076 4615 1088 4655 :
1122 4596 1189 4656 de
1236 4597 1340 4656 hac
1383 4600 1608 4657 lucerna
1635 4600 1772 4658 dicit
1799 4602 2117 4675 Scriptura:

540 4709 560 4735 ι
592 4686 838 4745 Lucerna
853 4688 1149 4761 impiorum
1171 4690 1552 4764 exstinguetur
1574 4691 1934 4765 (Prov.xx1v,
1957 4693 2074 4767 20).
2092 4717 2110 4743 ι

525 4776 777 4834 Lucerna
830 4777 1033 4852 quippe
1082 4779 1382 4853 impiorum
1422 4782 1815 4855 exstinguitur,
1865 4801 1993 4841 cum
2051 4781 2120 4839 ab

528 4865 635 4924 hac
661 4865 777 4923 vita
802 4867 1092 4937 subtracti,
1124 4868 1386 4942 gaudium
1415 4872 1714 4944 temporale
1752 4873 2038 4940 amittunt,
2071 4878 2126 4928 et

529 4963 789 5013 aeternam
823 4956 1108 5014 tristitiam
1156 4958 1465 5015 incurrunt.
1516 4960 1815 5019 Possumus
1841 4960 2124 5017 nihilomi-

528 5060 635 5104 nus
689 5063 785 5120 per
823 5062 1087 5120 sponsum
1138 5056 1410 5106 amatores
1456 5051 1664 5121 saeculi,
1721 5068 1818 5124 per
1868 5067 2122 5123 sponsam

466 5191 476 5201 ,
528 5151 661 5194 vero
698 5145 901 5194 terram
933 5136 1244 5211 intelligere
1275 5157 1290 5208 ;
1330 5140 1459 5213 quia
1497 5140 1638 5199 sicut
1676 5157 1832 5198 amor
1860 5156 2121 5214 sponsum

526 5233 582 5285 et
609 5242 865 5302 sponsam
914 5227 1070 5301 ligat,
1121 5238 1183 5287 ut
1237 5245 1348 5286 una
1385 5246 1511 5286 caro
1560 5230 1904 5288 efﬁciantur:
1964 5231 2042 5286 ita
2070 5237 2124 5287 et

526 5334 683 5376 amor
712 5318 902 5377 seculi
947 5328 1217 5377 amatores
1262 5337 1391 5378 suos
1418 5320 1499 5378 sic
1530 5327 1682 5377 terras
1724 5319 2031 5393 conjungit,
2061 5328 2124 5378 ut

525 5425 699 5470 unum
752 5429 878 5472 cum
933 5430 997 5472 ea
1024 5414 1355 5486 efﬁciantur,
1409 5430 1442 5471 a
1487 5430 1615 5489 qua,
1662 5414 1711 5471 si
1764 5412 1888 5470 ﬁeri
1918 5420 2117 5487 posset,

537 5616 548 5634 δ
602 5553 836 5634 “mlta
881 5571 1014 5634 11188.
1038 5598 1053 5626 ,
1094 5552 1230 5634 edit.
1279 5572 1310 5613 e
1344 5555 1642 5625 contrario,
1698 5562 1746 5613 et
1794 5556 2124 5614 adducentur

519 5626 660 5694 justi
685 5626 757 5681 ad
816 5628 984 5684 audia
1010 5629 1345 5702 sempiterna.

602 5694 722 5753 (63)
753 5644 905 5753 Eqdit.
925 5706 979 5753 et
993 5715 1124 5753 mss.
1146 5701 1303 5753 Rem.
1324 5716 1431 5753 esse
1441 5699 1667 5753 diuisam
1693 5718 1708 5753 ι
1731 5700 1816 5753 edi

602 5694 722 5769 (63)
753 5694 905 5756 Edit.
925 5706 979 5758 et
993 5694 1131 5760 mss:
1146 5701 1304 5776 Reg.,
1324 5716 1431 5760 esse
1441 5699 1667 5762 divisam
1693 5718 1708 5773 ;
1731 5700 1865 5764 edit.
1887 5701 2116 5762 addunt:

2231 3270 2404 3310 omnes
2452 3252 2621 3309 sancti
2674 3252 2809 3324 ejus,
2862 3259 2911 3309 et
2960 3253 3053 3326 qui
3114 3253 3303 3311 timetis
3356 3271 3495 3324 eum,
3550 3256 3748 3327 pusilli
3785 3261 3830 3312 et

2229 3343 2426 3415 magni.
2491 3344 2567 3399 Et
2619 3342 2806 3399 audivi
2850 3344 3006 3414 quasi
3059 3360 3233 3399 vocem
3300 3343 3438 3399 tuba:
3505 3362 3735 3417 magna,
3784 3350 3829 3400 et

2228 3430 2386 3502 quasi
2427 3446 2601 3485 vocem
2646 3447 2913 3501 aquarum
2974 3431 3290 3497 multarum,
3354 3436 3405 3485 et
3445 3448 3606 3501 quasi
3662 3449 3827 3488 uocent

2231 3520 2588 3575 tonitruorum
2636 3536 2970 3591 magnorum,
3019 3518 3345 3575 dicentium:
3386 3519 3656 3590 Alleluia,
3695 3539 3827 3593 quo-

2231 3608 2377 3664 niam
2429 3607 2670 3680 regnavit
2722 3607 2983 3665 Dominus
3036 3609 3179 3665 Deus
3228 3613 3405 3664 noster
3453 3610 3823 3681 omnipotens:

2227 3703 2571 3775 gaudeamus,
2628 3709 2675 3759 et
2728 3704 3070 3773 exsultemus,
3121 3708 3170 3759 et
3221 3702 3401 3759 demus
3452 3704 3695 3775 gloriam
3737 3704 3829 3765 ei;

2230 3796 2359 3869 quia
2386 3802 2640 3853 venerunt
2671 3797 2871 3869 nuptiae
2898 3796 3060 3869 Agni,
3105 3802 3153 3851 et
3180 3813 3322 3852 uxor
3349 3794 3462 3866 ejus
3496 3796 3831 3870 praeparavit

2230 3902 2301 3942 se.
2349 3888 2425 3943 Et
2447 3887 2631 3944 datum
2666 3893 2742 3944 est
2768 3886 2816 3942 ei
2849 3893 2910 3943 ut
2958 3886 3165 3959 aperiat
3195 3902 3248 3941 se
3295 3884 3508 3956 byssina
3532 3886 3831 3958 splendente

2230 3976 2503 4043 candido;
2555 3977 2825 4050 byssinum
2876 3976 3015 4035 enim
3057 3975 3470 4050 justiﬁcationes
3527 3984 3659 4033 sunt
3714 3992 3829 4033 saa-

2230 4071 2455 4122 ctorum.

2304 4154 2496 4211 Totam
2544 4154 2875 4212 sententiam
2930 4155 3110 4229 posui,
3168 4161 3231 4211 ut
3283 4146 3536 4228 undique
3581 4155 3829 4213 circum-

2231 4252 2415 4316 specta
2444 4242 2560 4315 ejus
2588 4244 2868 4301 subtilitas
2902 4244 3121 4302 facilius
3159 4242 3408 4316 indagari
3436 4248 3641 4317 possit.
3669 4246 3719 4301 Α
3742 4260 3830 4300 se-

2232 4342 2378 4407 ptem
2424 4352 2663 4410 namque
2692 4335 2925 4393 vocibus
2956 4335 3246 4410 quinquies
3285 4334 3513 4391 alleluia
3543 4335 3828 4393 decantata

2231 4440 2345 4480 esse
2388 4424 2592 4497 legitur
2633 4444 2646 4483 :
2697 4427 2877 4499 primo
2932 4435 2986 4483 et
3022 4425 3263 4482 secundo
3312 4442 3345 4481 a
3386 4441 3526 4481 voce
3573 4425 3822 4482 tubarum

2231 4515 2573 4585 multarum;
2618 4516 2783 4572 tertio
2829 4532 2861 4573 a
2892 4515 3093 4588 viginti
3125 4523 3361 4590 quatuor
3408 4514 3747 4585 senioribus,
3775 4520 3822 4569 et

2230 4611 2463 4676 quatuor
2491 4605 2821 4663 animalibus
2853 4624 2867 4675 ;
2899 4612 3094 4679 quarto
3125 4621 3157 4660 a
3189 4621 3325 4661 voce
3353 4603 3421 4660 de
3449 4604 3666 4662 throno
3690 4602 3819 4660 exiit

2232 4711 2343 4751 non
2360 4693 2474 4767 jam
2494 4695 2737 4765 alleluia,
2762 4695 2857 4753 sed
2877 4694 2995 4768 ejus
3018 4695 3398 4768 interpretatio
3410 4695 3703 4752 decantata
3722 4702 3817 4759 est,

2233 4785 2290 4841 id
2319 4794 2401 4841 est
2434 4803 2446 4842 ε
2478 4786 2712 4841 Laudem
2739 4787 2894 4842 dicite
2920 4787 3235 4853 Deonostro,
3264 4802 3443 4840 omnes
3474 4787 3652 4842 sancti
3677 4785 3818 4855 eius;

2233 4874 2454 4931 alleluia
2488 4876 2690 4949 quippe
2731 4875 2990 4933 «laudate
3019 4876 3319 4933 Dominum
3341 4902 3360 4925 ι
3406 4884 3588 4933 sonat.
3622 4876 3818 4944 Quinto

2232 4980 2364 5021 vero
2392 4981 2423 5021 a
2452 4966 2628 5023 tribus
2656 4966 2887 5024 vocibus
2937 4966 3105 5023 semel
3150 4964 3439 5023 decantata
3487 4975 3591 5035 est,
3642 4966 3696 5021 id
3720 4970 3816 5031 est,

2233 5071 2265 5111 a
2295 5072 2429 5113 voce
2449 5056 2593 5113 mine
2633 5073 2863 5129 magnae,
2897 5065 2950 5113 et
2977 5073 3007 5112 a
3039 5074 3173 5114 voce
3204 5072 3478 5130 aquarum
3504 5057 3817 5123 multarum,

2233 5155 2287 5204 et
2313 5164 2343 5203 a
2382 5164 2517 5204 voce
2554 5147 2928 5204 tonitruorum
2975 5163 3321 5220 magnorum.
3368 5145 3656 5218 Scriptura
3696 5140 3818 5200 libri

2233 5234 2400 5308 hujus
2441 5252 2580 5309 saepe
2606 5236 2946 5294 demonstrat
2975 5252 3196 5293 omnem
3223 5236 3530 5293 electorum
3562 5235 3821 5291 multitu-

2233 5325 2418 5382 dinem
2452 5324 2512 5381 in
2553 5333 2759 5399 septem
2797 5334 2978 5400 partes
3033 5342 3149 5383 esse
3190 5324 3554 5383 dividendam
3605 5319 3820 5399 (63),si

2232 5414 2350 5488 ejus
2377 5414 2744 5489 intelligentia
2767 5415 3028 5474 subtilius
3051 5424 3445 5491 perscrutetur.
3469 5415 3501 5471 Ι
3503 5415 3615 5473 usti
3639 5415 3822 5486 itaque

2230 5557 2279 5615 si
2321 5558 2433 5631 ejus
2478 5559 2744 5635 subtilitas
2772 5561 3244 5635 velintelligentia
3284 5565 3695 5635 perscrutatur;
3728 5554 3824 5615 alii

2230 5646 2363 5691 mss.
2397 5632 2619 5701 melius,
2649 5642 2713 5692 ut
2739 5649 2841 5692 nos
2865 5633 2926 5693 in
2946 5632 3123 5695 textu.
