4060 6208
293 367 431 425 1009

1189 362 1647 422 BERENGAUDI
1685 363 2060 423 EXPOSITIO
2098 365 2171 425 IN
2208 365 2712 427 APOCALYPSIN.

3461 371 3601 472 1010
3669 429 3678 432 .

284 495 379 571 qui
406 499 530 550 ante
557 491 838 551 diluvium
867 490 1115 560 fuerunt,
1148 491 1216 548 ad
1247 492 1482 565 primam
1514 498 1725 564 partem
1755 509 1766 548 :
1801 491 1890 548 illi
1922 493 1972 552 A
2069 492 2214 561 Quid
2256 503 2438 552 autem
2479 495 2602 552 istae
2641 501 2751 553 tres
2804 502 2985 570 partes
3026 495 3339 569 decanteut,
3388 499 3594 557 audia-

282 585 376 660 qui
406 590 528 657 post
557 582 838 639 diluvium
866 598 1154 656 usquequo
1174 582 1290 638 Lex
1318 581 1444 639 data
1472 589 1574 651 est,
1605 581 1673 638 ad
1703 598 1894 639 secun-

282 677 408 735 dam
459 677 759 750 pertinent,
805 676 948 732 sicut
1001 692 1141 748 saepe
1186 675 1302 748 jam
1357 675 1888 744 demonstravimus;

289 769 610 841 nullamque
639 766 803 822 aliam
836 767 1008 839 legem
1039 766 1370 836 habuerunt,
1412 768 1520 824 nisi
1561 768 1890 832 naturalem,

284 858 344 915 id
378 865 477 926 est,
511 856 867 914 dilectionem
897 855 995 911 Dei
1025 866 1076 912 et
1107 856 1371 928 proximi.
1405 856 1520 912 Scit
1548 858 1695 912 enim
1726 873 1891 912 unus-

280 949 514 1023 quisque
551 963 607 1002 se
647 945 843 1002 debere
889 945 1084 1001 timere
1121 954 1177 1002 et
1224 963 1386 1020 super
1431 946 1617 1002 omnia
1663 947 1891 1018 diligere

281 1056 405 1096 eum
433 1055 463 1093 a
511 1054 618 1112 quo
659 1043 875 1093 creatus
922 1046 1028 1102 est,
1073 1046 1126 1093 et
1171 1055 1202 1093 a
1248 1055 1356 1110 quo
1397 1037 1448 1093 ei
1498 1039 1614 1093 vita
1660 1045 1713 1092 et
1760 1039 1889 1094 vitae

279 1128 527 1186 subsidia
582 1128 1013 1184 ministrantur:
1067 1136 1120 1184 et
1168 1127 1310 1182 nulli
1356 1144 1412 1184 se
1465 1126 1661 1183 debere
1708 1126 1884 1184 facere

278 1219 427 1294 quod
456 1235 567 1275 non
598 1220 720 1274 vult
745 1219 812 1274 ab
842 1218 953 1273 alio
985 1218 1117 1289 pati.
1172 1219 1326 1274 Hanc
1365 1217 1540 1289 legem
1569 1218 1757 1274 nullus
1790 1218 1886 1290 qui

278 1325 425 1365 sanae
477 1309 676 1364 mentis
725 1317 827 1375 est,
880 1307 1130 1378 ignorare
1179 1309 1542 1379 permittitur.
1587 1310 1690 1364 Per
1725 1309 1886 1365 tubas

276 1397 449 1468 igitur
480 1396 679 1450 multas
706 1393 865 1450 electi
894 1395 986 1466 qui
1035 1403 1159 1450 ante
1209 1394 1483 1449 diluvium
1538 1395 1786 1464 fuerunt,
1831 1413 1884 1460 et

273 1486 367 1557 qui
399 1491 519 1556 post
547 1483 823 1538 diluvium
858 1499 1030 1555 usque
1057 1482 1125 1537 ad
1166 1483 1306 1538 illud
1356 1493 1571 1555 tempus
1613 1501 1722 1556 quo
1769 1486 1883 1540 Lex

273 1572 403 1629 data
429 1581 529 1640 est,
566 1571 942 1642 designantur.
978 1572 1183 1627 Vocem
1239 1572 1561 1640 emiserunt,
1609 1572 1736 1645 quia
1788 1590 1882 1645 per

273 1663 681 1738 praedicationis
737 1680 848 1718 suae
903 1663 1232 1731 doctrinam,
1288 1680 1642 1736 quoscunque
1693 1672 1879 1735 potue-

271 1761 421 1823 runt,
453 1771 484 1810 a
504 1753 619 1809 suis
649 1753 930 1809 erroribus
958 1760 1359 1808 revocaverunt
1385 1771 1396 1808 :
1429 1753 1654 1808 alleluia
1682 1753 1876 1810 decan-

2001 598 2160 639 mus:
2223 583 2482 652 Alleluia,
2541 585 2792 656 quoniam
2846 587 3088 658 regnavit
3142 589 3402 646 Dominus
3454 591 3599 648 Deus

2000 679 2176 728 noster
2198 674 2554 745 omnipotens;
2606 674 2664 730 id
2691 683 2793 743 est,
2846 675 3132 733 laudemus
3158 678 3483 750 Dominum,
3531 695 3597 738 eo

2001 763 2149 834 quod
2177 765 2455 820 destructo
2485 780 2650 837 regno
2680 765 2886 822 diaboli
2917 767 3213 839 perditoris
3247 770 3447 839 nostri,
3479 772 3596 844 ipse

2001 851 2061 907 in
2092 853 2249 908 nobis
2278 870 2501 926 regnare
2531 849 2810 925 dignatur,
2855 855 2950 928 qui
2981 865 3062 913 est
3085 857 3358 914 Dominus
3387 865 3440 914 et
3468 859 3595 916 Sal-

2001 948 2159 996 vator
2205 951 2409 999 noster.
2467 944 2800 999 Gaudeamus
2845 950 2892 998 et
2935 947 3276 1014 exsultemus,
3324 954 3372 1003 et
3415 949 3595 1007 demus

1997 1031 2226 1100 gloriam
2254 1032 2300 1085 ei
2316 1049 2336 1097 ;
2377 1032 2504 1102 quia
2531 1040 2785 1088 venerunt
2809 1034 3006 1106 παρήιε
3033 1034 3194 1106 Agni,
3239 1042 3286 1092 et
3312 1054 3454 1092 uxor
3480 1038 3594 1109 ejus

1991 1123 2324 1192 praeparavit
2351 1139 2420 1178 se.
2472 1123 2599 1179 Ideo
2644 1123 3000 1195 gaudeamus,
3050 1124 3174 1181 ideo
3229 1128 3588 1196 exsultemus,

1995 1227 2060 1266 eo
2093 1211 2239 1284 quod
2282 1211 2658 1268 misericordia
2696 1213 3002 1270 conditoris
3052 1215 3225 1271 nostri
3287 1217 3590 1276 Ecclesiam

1993 1317 2170 1369 suam,
2195 1318 2316 1373 quae
2342 1319 2533 1358 sumus
2560 1319 2679 1368 nos,
2705 1301 2780 1356 ita
2807 1302 2914 1358 sibi
2945 1303 3274 1376 conjungere
3303 1307 3376 1361 sit
3402 1306 3588 1379 digna-

1993 1395 2101 1458 tus,
2146 1398 2206 1446 ut
2235 1407 2433 1463 sponsa
2461 1391 2816 1465 conjungitur
2843 1409 3042 1465 sponso
3073 1409 3207 1461 suo;
3242 1400 3388 1458 569
3439 1412 3586 1469 qua-

1997 1496 2153 1545 tenus
2183 1490 2358 1546 simus
2387 1508 2513 1548 cum
2547 1493 2664 1564 ipso
2701 1509 2812 1548 una
2859 1508 3005 1560 caro,
3037 1492 3203 1564 gsicut
3249 1492 3388 1549 dicit
3430 1492 3590 1551 Scri-

1991 1585 2191 1650 ptura:
2265 1602 2284 1626 ‹
2330 1581 2511 1635 Erunt
2570 1581 2682 1636 duo
2724 1581 2782 1636 in
2830 1598 2992 1638 carne
3036 1597 3144 1637 una
3195 1582 3351 1654 (Gen.
3388 1600 3450 1652 ιι,
3482 1582 3584 1652 24;

1990 1669 2185 1739 Ephes.
2239 1685 2293 1736 v,
2344 1669 2534 1739 31);»
2596 1669 2743 1741 quod
2797 1670 3096 1742 Apostolus
3149 1669 3216 1725 de
3257 1670 3479 1729 Christo
3532 1679 3587 1728 et

1990 1757 2236 1814 Ecclesia
2264 1757 2688 1829 intelligendum
2718 1775 2832 1814 esse
2861 1758 3070 1815 docuit.
3106 1759 3257 1815 Uxor
3286 1759 3404 1832 ejus
3432 1777 3585 1832 pree-

269 1850 548 1913 taverunt,
593 1841 722 1914 quia
765 1839 1068 1897 secundum
1116 1840 1383 1896 naturalis
1438 1842 1571 1913 legis
1617 1843 1870 1898 notitiam
1907 1858 1954 1918 Β
1988 1847 2198 1919 paravit
2228 1863 2303 1915 se,
2337 1847 2394 1902 id
2425 1854 2526 1916 est,
2578 1847 2826 1904 Ecclesia
2857 1863 2977 1921 quae
3005 1863 3149 1903 uxor
3178 1849 3322 1920 Agni
3351 1849 3579 1920 dicitur,

269 1950 366 2007 per
411 1934 556 1988 bona
593 1947 758 2004 opera
795 1932 908 1986 Deo
953 1931 1164 2001 placere
1213 1930 1587 1988 studuerunt:
1632 1933 1871 1988 secundo

268 2023 491 2080 alleluia
519 2021 804 2088 dixerunt,
827 2019 954 2092 quia
977 2019 1036 2074 hi
1058 2019 1154 2092 qui
1181 2028 1304 2092 post
1325 2019 1600 2076 diluvium
1624 2021 1867 2091 fuerunt,

266 2111 568 2168 secundum
625 2110 872 2165 eamdem
933 2109 1104 2180 legem
1154 2109 1429 2178 viventes,
1482 2110 1714 2165 creatori
1770 2127 1870 2166 suo

259 2201 410 2274 juste
443 2201 694 2256 viventes
731 2198 1100 2254 adhaeserunt.
1145 2197 1249 2254 Sed
1301 2199 1659 2270 quaerendum
1710 2201 1870 2257 nobis

267 2297 373 2357 est,
405 2306 503 2346 cur
533 2289 589 2344 in
628 2287 1082 2360 pronuntiatione
1127 2287 1367 2344 secunda
1414 2289 1636 2344 alleluia
1682 2290 1869 2346 fumus

265 2378 567 2450 Babylonis
606 2377 664 2432 in
683 2378 902 2458 ‘szecula
933 2378 1260 2433 saeculorum
1291 2378 1599 2434 ascendisse
1629 2378 1863 2436 dicatur.

265 2469 450 2524 Potest
481 2483 575 2540 per
603 2467 819 2522 fumum
850 2467 996 2522 fama
1033 2465 1329 2538 designari.
1381 2468 1597 2523 Scimus
1631 2469 1761 2541 quia
1807 2470 1866 2525 in

264 2557 504 2614 secunda
518 2563 667 2628 parte
683 2557 796 2612 Noe
817 2563 869 2612 et
881 2555 982 2610 ﬁlii
996 2555 1112 2627 ejus
1129 2556 1294 2628 primi
1313 2566 1614 2628 ponuntur,
1629 2574 1862 2630 quorum

265 2648 604 2721 temporibus
647 2647 805 2720 aquis
842 2648 1043 2704 diluvii
1085 2647 1389 2702 humanum
1422 2663 1591 2720 genus
1620 2647 1863 2704 deletum

267 2746 367 2794 est.
397 2738 589 2793 Postea
632 2753 763 2792 vero
798 2737 1034 2793 Sodoma
1081 2744 1136 2792 et
1182 2736 1506 2804 Gomorrha,
1559 2745 1612 2792 et
1657 2746 1864 2793 caeteras

266 2831 519 2889 civitates
549 2848 668 2904 quae
700 2830 778 2887 eis
806 2829 1178 2899 adhaerebant,
1220 2830 1426 2886 caelesti
1459 2829 1583 2901 igne
1609 2846 1862 2888 consum-

265 2929 371 2994 ptae
401 2931 550 2978 sunt.
585 2923 792 2978 Fumus
825 2936 952 2992 ergo
975 2920 1278 2991 Babylonis
1307 2919 1364 2974 in
1394 2921 1593 2976 saecula
1622 2923 1862 2977 saeculo-

263 3027 389 3066 rum
420 3010 685 3079 ascendit,
726 3010 854 3084 quia
888 3010 1006 3066 haec
1034 3009 1180 3064 fama
1206 3008 1274 3064 ab
1302 3024 1396 3064 ore
1423 3009 1670 3066 ﬁdelium
1707 3026 1862 3066 nun-

267 3117 432 3174 quam
460 3101 694 3158 recedet.

333 3219 406 3275 At
434 3235 565 3274 vero
596 3234 691 3289 per
718 3216 917 3288 viginti
955 3225 1190 3288 quatuor
1232 3216 1492 3285 seniores,
1537 3225 1715 3290 patres
1764 3221 1857 3292 qui
1893 3216 1936 3277 C

263 3311 362 3367 sub
393 3310 535 3381 Lege
564 3308 790 3364 fuerunt
817 3307 1193 3379 designantur.
1214 3307 1429 3376 Quibus
1447 3307 1862 3381 conjunguntur

261 3409 496 3473 quatuor
533 3397 811 3465 animalia,
871 3414 968 3470 per
1019 3415 1138 3471 quae
1190 3415 1398 3454 novum
1447 3399 1857 3458 Testamentum

261 3490 564 3560 ﬁguratur;
624 3487 753 3559 quia
781 3485 838 3541 in
869 3487 1042 3542 veteri
1073 3487 1419 3544 Testamento
1463 3487 1508 3544 si
1537 3488 1860 3560 spiritaliter

261 3577 623 3648 intelligatur,
647 3593 854 3632 novum
887 3576 1221 3633 continetur.
1260 3575 1499 3632 Alleluia
1522 3576 1860 3634 decantave-

259 3674 409 3734 runt,
443 3664 572 3738 quia
606 3665 858 3721 mandata
908 3666 1101 3736 legalia
1153 3666 1523 3735 observantes,
1574 3683 1669 3738 per
1714 3667 1858 3723 bona

257 3770 421 3827 opera
448 3756 562 3809 Deo
592 3754 806 3825 placere
835 3753 1184 3810 studuerunt.
1235 3755 1337 3809 Per
1379 3755 1640 3810 thronum
1671 3765 1855 3812 autem

256 3843 536 3916 propheta).
564 3842 940 3915 designantur,
981 3859 1044 3898 eo
1095 3843 1242 3916 quod
1283 3844 1434 3900 sedes
1476 3844 1576 3900 Dei
1623 3844 1852 3912 fuerint,

256 3940 310 3989 et
338 3950 434 4004 per
462 3950 553 3988 eos
597 3949 695 3988 sua
733 3931 945 4003 judicia
990 3932 1340 4004 disposuerit.
1393 3934 1443 3989 Α
1492 3933 1695 3990 throno
1741 3951 1854 3990 vox

255 4023 394 4079 exiit
430 4040 442 4078 :
476 4021 604 4095 quia
631 4038 662 4076 a
690 4020 973 4093 prophetis
1003 4021 1321 4093 praedicatio
1349 4030 1535 4080 sancta
1564 4025 1847 4095 processit.

255 4111 496 4168 Laudem
544 4113 658 4167 Deo
705 4109 1137 4166 decantaverunt
1195 4111 1324 4183 quia
1374 4111 1425 4166 ei
1475 4119 1589 4168 tota
1646 4113 1851 4169 virtute

254 4202 462 4256 servire
517 4199 865 4256 studuerunt.
925 4199 1080 4255 Tuba
1137 4215 1267 4254 vero
1323 4217 1517 4271 magna
1568 4201 1848 4260 Christum

252 4287 564 4358 signiﬁcat:
593 4303 705 4342 vox
734 4285 880 4341 tubae
919 4286 1234 4358 praedicatio
1281 4295 1361 4343 est
1398 4288 1721 4360 Evangelii;
1755 4306 1850 4361 per

251 4397 442 4437 vocem
463 4390 643 4436 autem
673 4396 938 4452 aquarum
961 4380 1259 4435 multarum
1283 4382 1580 4438 multitudo
1603 4385 1845 4455 gentium

252 4468 533 4525 Christum
563 4467 946 4525 conﬁtentium
977 4467 1292 4540 designatur
1321 4487 1332 4524 :
1377 4485 1472 4541 per
1496 4487 1685 4527 vocem
1717 4489 1846 4528 vero

1981 1937 2152 1992 variis
2181 1936 2487 1994 virtutibus
2516 1938 2864 2011 semetipsam
2895 1937 3135 1994 ornavit.
3183 1941 3258 1994 Et
3295 1939 3477 1995 datum
3508 1948 3585 1997 est

1980 2027 2068 2081 illi
2105 2033 2163 2080 ut
2200 2026 2407 2098 aperiat
2454 2043 2506 2081 se
2553 2027 2758 2097 byssina
2800 2027 3093 2098 splendenti
3137 2027 3382 2084 candido.
3435 2029 3582 2097 Quid

1979 2115 2178 2188 byssus
2233 2114 2526 2185 signiﬁcet,
2592 2115 2708 2188 ipse
2761 2117 3030 2188 exponit:
3089 2117 3377 2188 Byssinum
3428 2117 3580 2176 enim

1969 2205 2374 2278 j-ustiﬁcationes
2401 2212 2526 2259 sunt
2553 2211 2875 2262 sanctorum.

2052 2305 2234 2377 (Vers.
2268 2303 2349 2376 9.)
2391 2307 2465 2361 Et
2501 2304 2644 2359 dixit
2688 2304 2861 2361 mihi:
2921 2304 3118 2373 Scribe,
3179 2305 3313 2362 beati
3362 2305 3458 2377 qui
3504 2308 3577 2363 ad

1977 2410 2174 2450 ccenam
2212 2395 2527 2466 nuptiarum
2554 2394 2697 2466 Agni
2725 2395 2893 2451 vocati
2922 2403 3062 2451 sunt.
3114 2395 3412 2452 Prandium
3456 2397 3578 2452 ele-

1977 2492 2190 2541 ctorum
2218 2501 2367 2542 nunc
2401 2492 2501 2554 est,
2535 2484 2754 2558 quando
2785 2485 2842 2541 in
2874 2486 3123 2543 Ecclesia
3151 2486 3386 2560 dapibus
3415 2503 3575 2543 evan-

1977 2575 2164 2646 gelicis
2205 2584 2544 2647 pascuntur:
2605 2591 2760 2631 caena
2810 2591 2942 2631 vero
2990 2585 3123 2633 tunc
3173 2577 3300 2645 erit,
3355 2575 3575 2648 quando

1974 2675 2095 2739 post
2122 2667 2579 2724 resurrectionem
2629 2667 2688 2721 in
2726 2667 2936 2723 caelesti
2983 2667 3328 2723 beatitudine
3372 2677 3577 2724 aeterna

1973 2759 2147 2832 gloria
2192 2759 2566 2831 perfruentur.
2621 2759 2694 2813 Et
2734 2758 2864 2831 quia
2901 2758 3194 2830 prandium
3239 2758 3387 2831 quod
3425 2775 3576 2816 nunc

1971 2849 2173 2921 agitur,
2224 2855 2278 2903 et
2300 2847 2475 2903 bonos
2504 2854 2558 2903 et
2587 2847 2758 2902 malos
2789 2847 3002 2919 recipit,
3055 2863 3167 2902 non
3199 2863 3390 2903 omnes
3419 2848 3572 2905 beati

1971 2944 2119 3002 sunt,
2152 2937 2248 3008 qui
2275 2937 2333 2990 in
2371 2952 2434 2991 eo
2463 2935 2722 2992 videntur
2746 2935 3099 2992 recumbere:
3126 2934 3210 2991 illi
3243 2944 3428 2992 autem
3459 2937 3565 2994 soli

1970 3025 2115 3082 beati
2145 3031 2298 3094 sunt,
2327 3025 2422 3097 qui
2456 3026 2514 3080 in
2543 3025 2640 3080 illa
2667 3041 2842 3094 omna,
2873 3041 2992 3098 quae
3022 3032 3143 3098 post
3173 3023 3342 3083 ﬁnem
3368 3025 3567 3084 mundi

1969 3114 2157 3172 futura
2186 3124 2284 3183 est,
2316 3116 2675 3188 recipientur.

2043 3214 2224 3284 (Vers.
2260 3214 2373 3286 10.)
2414 3216 2488 3270 Et
2527 3213 2668 3269 dia-it
2710 3213 2840 3268 mihi
2863 3229 2880 3268 :
2927 3214 3049 3270 Haec
3093 3214 3255 3270 verba
3300 3215 3400 3272 Dei
3441 3232 3569 3274 υενα

1970 3309 2111 3358 sunt.
2145 3305 2219 3359 Et
2251 3303 2408 3358 cecidi
2445 3309 2566 3358 ante
2609 3304 2765 3374 pedes
2809 3301 2942 3372 ejus,
2993 3308 3053 3358 ut
3095 3305 3380 3361 adorarem
3426 3321 3562 3362 eum.

1969 3395 2044 3449 Et
2078 3393 2219 3448 dixit
2245 3393 2401 3449 mihi:
2445 3394 2568 3452 Vide
2600 3410 2663 3448 ne
2690 3392 2907 3464 feceris;
2953 3409 3234 3448 conservus
3267 3401 3385 3449 tuus
3427 3411 3564 3464 sum,

1967 3489 2017 3538 et
2071 3482 2311 3554 fratrum
2363 3490 2576 3538 tuorum
2631 3481 2930 3538 habentium
2987 3481 3343 3537 testimonium
3398 3483 3560 3539 Iesu:

1965 3573 2134 3628 Deum
2162 3573 2352 3628 adora.
2385 3571 2708 3645 Redemptio
2737 3571 3019 3644 sanguinis
3050 3571 3256 3630 Christi
3283 3571 3390 3630 hoc
3417 3572 3567 3629 ﬁde-

1966 3661 2111 3717 libus
2140 3662 2395 3731 contulit,
2446 3670 2508 3718 ut
2539 3661 2642 3717 ﬁlii
2670 3661 2770 3718 Dei
2799 3661 3044 3733 sociique
3075 3661 3396 3733 angelorum
3435 3662 3564 3718 etii-

1964 3758 2255 3817 cerentur;
2311 3752 2542 3824 ideoque
2571 3750 2909 3824 pertimescit
2956 3751 3183 3824 angelus
3222 3749 3438 3808 adorari
3493 3751 3562 3809 ab

1964 3837 2209 3909 homine,
2255 3842 2348 3914 qui
2393 3845 2556 3913 super
2593 3857 2648 3896 se
2697 3839 2957 3897 adorabat
3005 3840 3288 3896 hominem
3341 3842 3556 3896 Deum:

1963 3938 2296 4002 quapropter
2352 3946 2680 3986 conservum
2731 3944 2788 3984 se
2844 3928 3070 3985 Joannis
3127 3936 3559 4002 czeterorumque

1962 4018 2210 4075 ﬁdelium
2239 4028 2417 4075 vocat.
2469 4017 2869 4075 Testimonium
2899 4018 3028 4073 Jesu
3066 4024 3147 4073 est
3176 4017 3404 4088 spiritus
3434 4035 3555 4089 pro-

1960 4109 2202 4181 phetize;
2253 4119 2434 4181 patres
2468 4117 2649 4164 autem
2683 4108 2884 4164 veteris
2922 4107 3277 4174 Testamenti,
3325 4107 3420 4177 qui
3464 4107 3554 4163 ad-

1959 4206 2187 4253 ventum
2219 4197 2448 4267 Christi,
2499 4197 2809 4269 passionem
2857 4204 2911 4252 et
2942 4196 3398 4252 resurrectionem
3438 4195 3556 4269 ejus

1957 4288 2354 4360 praedixerunt,
2405 4289 2658 4362 spiritum
2689 4287 2990 4360 prophetiae
3020 4286 3278 4342 habuisse
3316 4287 3554 4343 certissi-

1957 4394 2106 4433 mum
2141 4385 2243 4446 est,
2295 4378 2440 4435 unde
2486 4388 2539 4436 et
2583 4377 2860 4450 prophetae
2889 4383 3178 4434 vocantur.
3222 4375 3548 4450 Quicunque

1957 4483 2083 4539 ergo
2112 4467 2493 4524 testimonium
2543 4466 2766 4525 Christo
2797 4465 3072 4538 perhibet,
3125 4464 3382 4538 spiritum
3414 4482 3554 4538 pro-

251 4557 623 4615 tonitruorum
673 4574 994 4630 magnorum
1041 4558 1200 4616 electi
1249 4559 1342 4633 qui
1396 4560 1456 4615 in
1499 4560 1609 4617 ﬁne
1651 4564 1846 4620 mundi
1875 4579 1924 4639 D
1955 4556 2156 4629 phetite
2190 4556 2376 4613 habet.

249 4647 516 4703 nascituri
545 4655 696 4715 sunt,
731 4647 1156 4719 intelliguntur:
1199 4657 1253 4705 et
1282 4649 1406 4720 jure
1445 4667 1541 4722 per
1582 4652 1845 4723 tonitrua,

249 4736 380 4807 quia
408 4745 670 4792 terrorem
703 4735 812 4790 diei
837 4735 1040 4806 judicii
1078 4739 1505 4796 annuntiabunt.
1549 4740 1678 4796 Tres
1719 4757 1847 4813 ergo

248 4841 412 4882 voces
471 4825 636 4880 semel
697 4825 919 4879 alleluia
968 4826 1449 4895 decantaverunt;
1505 4830 1635 4902 quia
1680 4830 1846 4886 ﬁdem

249 4921 450 4969 sanctae
498 4912 785 4968 Trinitatis
826 4912 1242 4985 doctrinamque
1292 4916 1602 4988 Evangelii,
1653 4937 1772 4991 quae
1816 4937 1848 4974 a

248 5017 445 5072 magna
478 5001 630 5068 tuba,
664 4999 721 5056 id
759 5008 859 5067 est,
909 5015 941 5054 a
987 4999 1206 5056 Christo
1248 5004 1531 5073 processit,
1582 5022 1847 5064 servave—

250 5100 401 5159 runt,
433 5099 487 5146 et
516 5091 816 5146 servabunt
844 5105 1018 5162 usque
1046 5088 1105 5146 in
1136 5091 1321 5146 ﬁnem.
1354 5095 1486 5149 Duae
1516 5095 1686 5166 igitur
1713 5115 1847 5169 par-

246 5187 348 5247 tes,
380 5178 437 5234 id
467 5186 566 5246 est,
610 5179 789 5249 prima
815 5185 869 5232 et
893 5176 1152 5245 secunda,
1184 5178 1251 5234 ad
1278 5177 1447 5250 legem
1481 5198 1642 5253 quam
1674 5194 1847 5241 natu-

246 5271 415 5325 ralem
444 5284 560 5323 esse
580 5267 850 5334 diximus,
873 5267 1148 5338 pertinent
1173 5285 1184 5323 :
1217 5267 1338 5324 duae
1367 5286 1487 5341 quae
1517 5283 1841 5343 sequuntur,

247 5357 304 5415 id
336 5365 440 5424 est,
471 5356 633 5413 tertia
661 5363 714 5412 et
744 5363 960 5428 quarta,
1003 5356 1072 5412 ad
1105 5358 1277 5430 legem
1317 5374 1438 5431 quae
1477 5377 1572 5432 per
1617 5363 1843 5435 Moysen

247 5447 373 5505 data
400 5455 514 5504 est:
566 5453 676 5502 tres
702 5453 884 5502 autem
915 5461 1035 5518 quae
1065 5454 1296 5516 restant,
1332 5448 1390 5504 id
1421 5458 1522 5520 est,
1567 5452 1761 5526 quinta
1789 5462 1844 5510 et

249 5545 420 5606 sexta,
450 5544 503 5592 et
531 5535 787 5609 septima,
819 5536 888 5592 ad
919 5537 1093 5609 legem
1129 5539 1455 5612 Evangelii;
1498 5549 1558 5598 ut
1595 5541 1844 5602 indicent

247 5643 338 5684 eos
368 5628 425 5682 in
452 5626 560 5683 ﬁde
589 5632 790 5683 sancta:
819 5624 1107 5684 Trinitatis
1134 5644 1305 5701 usque
1334 5628 1402 5686 ad
1440 5629 1607 5689 ﬁnem
1647 5633 1839 5690 mundi

247 5735 562 5791 permanere
591 5717 804 5776 debere.

2029 4654 2212 4725 (Vers.
2247 4654 2359 4725 11.)
2414 4656 2489 4711 Et
2513 4653 2627 4710 vidi
2653 4654 2836 4709 calum
2865 4659 3131 4724 apertum,
3184 4657 3234 4707 et
3259 4668 3364 4707 ecce
3391 4670 3552 4724 equus

1955 4745 2131 4812 albus,
2179 4751 2227 4799 et
2279 4743 2372 4813 qui
2407 4745 2613 4800 sedebat
2661 4760 2820 4815 super
2875 4759 2992 4798 eum
3037 4741 3324 4798 vocabatur
3381 4743 3552 4815 ﬁdelis

1956 4839 2004 4888 et
2030 4849 2214 4888 verum.
2263 4833 2428 4888 Nullo
2459 4831 2623 4888 modo
2652 4832 2926 4889 aestimare
2965 4830 3226 4888 debemus
3267 4831 3414 4905 quod
3445 4831 3553 4890 hoc

1957 4921 2258 4994 capitulum
2289 4921 2357 4977 ad
2381 4921 2679 4976 adventum
2707 4920 2912 4979 Christi
2943 4921 3235 4993 pertineat,
3258 4921 3315 4977 in
3345 4937 3454 4994 quo
3483 4921 3552 4978 ad

1949 5013 2224 5085 judicium
2255 5022 2522 5070 venturus
2547 5023 2660 5081 est;
2711 5013 2806 5070 sed
2837 5012 3019 5085 potius
3067 5013 3136 5068 ad
3184 5014 3404 5083 electos,
3455 5015 3548 5087 qui

1956 5105 2012 5159 in
2058 5103 2167 5160 ﬁne
2215 5104 2408 5161 mundi
2453 5103 2717 5161 nascituri
2761 5111 2926 5170 sunt;
2981 5103 3090 5160 ﬁne
3119 5105 3324 5160 etenim
3359 5103 3551 5160 mundi

1955 5193 2211 5264 instante,
2245 5196 2432 5251 veniet
2458 5196 2730 5252 Dominus
2760 5196 2819 5252 in
2842 5198 3049 5254 sanctis
3074 5197 3209 5266 suis,
3259 5203 3320 5252 ut
3348 5205 3552 5269 pugnet

1953 5299 2049 5354 per
2097 5284 2243 5356 ipsos
2288 5291 2483 5340 contra
2527 5284 2932 5341 Antichristum
2977 5292 3031 5342 et
3079 5284 3364 5340 ministros
3410 5283 3547 5355 ejus.

1952 5374 2022 5429 Et
2049 5373 2226 5446 qualis
2257 5389 2288 5428 a
2315 5373 2519 5430 sanctis
2548 5374 2662 5430 illis
2690 5374 3103 5447 praedicabitur,
3127 5373 3255 5429 talis
3284 5379 3338 5429 et
3370 5373 3550 5429 forma

1952 5461 2071 5534 ejus
2097 5461 2156 5517 in
2187 5462 2293 5518 hoc
2321 5462 2442 5519 loco
2473 5461 2840 5530 describitur;
2864 5477 2992 5518 nam
3023 5476 3119 5532 per
3145 5460 3345 5517 ccelum
3367 5461 3554 5518 Eccle-

1953 5551 2032 5607 sia
2083 5551 2438 5624 designatur:
2485 5569 2582 5626 per
2637 5568 2840 5625 equum
2897 5549 3086 5607 album
3143 5549 3334 5619 homo,
3388 5566 3550 5624 quem

1952 5640 2128 5697 Filius
2155 5641 2255 5698 Dei
2281 5643 2594 5715 assumpsit,
2646 5657 2810 5714 super
2847 5655 3011 5714 quem
3056 5645 3112 5695 et
3139 5637 3346 5696 sedisse
3401 5639 3553 5695 visus

1951 5733 2051 5783 est.
2105 5726 2211 5797 Qui
2241 5728 2405 5787 etiam
2434 5728 2614 5787 ﬁdelis
2641 5735 2696 5786 et
2724 5743 2894 5786 verax
2924 5726 3112 5786 vocari
3145 5725 3372 5786 dicitur.
3424 5725 3553 5786 Haec
