4060 6208
476 378 613 438 1011

1502 376 1597 433 ΑΙ)
1638 374 1872 433 OPERA
1909 372 1964 430 S.
2007 369 2340 429 AMBROSII
2377 366 2757 427 APPENDIX.

3662 362 3801 423 1012

476 509 588 567 duo
615 509 862 579 nomina,
911 508 968 566 id
997 516 1078 568 est
1107 507 1287 566 ﬁdelis
1316 517 1370 566 et
1401 522 1591 575 verax,
1642 522 1817 563 unum
1847 520 2070 561 sensum
2100 505 2152 565 Α
2180 502 2413 570 Christi,
2446 517 2567 574 quae
2586 516 2657 556 ex
2686 496 2899 571 angelis
2919 504 2973 554 et
2989 493 3195 552 sanctis
3215 491 3540 550 hominibus
3560 498 3804 565 constat,

479 599 685 657 habent
716 601 774 656 in
796 600 902 656 hoc
925 600 1069 656 loco.
1098 600 1265 657 Recte
1294 598 1471 654 Filius
1503 596 1619 670 (61s)
1643 594 1743 653 Dei
1773 592 1958 652 ﬁdelis
1990 608 2081 648 vo-

480 699 658 760 catur,
710 691 778 747 de
834 706 942 764 quo
997 690 1134 747 dicit
1190 688 1519 745 Psalmista:
1584 712 1602 736 ι
1645 685 1853 743 Fidelis
1895 681 2081 740 Domi-

480 797 586 837 nus
618 780 675 834 in
705 779 963 836 omnibus
991 777 1177 834 verbis
1205 777 1339 847 suis,
1388 784 1442 833 et
1473 782 1697 833 sanctus
1736 774 1793 829 in
1825 770 2084 829 omnibus

482 869 740 943 operibus
786 868 897 924 suis
942 868 1117 939 (Psal.
1166 884 1354 935 cxuv,
1408 866 1521 937 13).
1556 890 1574 913 ι
1636 865 1900 921 Veracem
1950 876 2083 915 vero

482 959 720 1031 seipsum
770 958 828 1012 in
879 956 1182 1029 Evangelio
1229 962 1410 1023 vocat,
1471 954 1696 1010 dicens:
1769 976 1787 999 ε
1817 949 1932 1022 Ego
1961 964 2084 1004 sum

482 1050 592 1117 via,
642 1057 694 1105 et
722 1046 946 1115 veritas,
993 1054 1046 1103 et
1076 1046 1193 1101 vita
1223 1044 1403 1117 (Joan.
1436 1060 1554 1111 xxv,
1588 1042 1668 1113 6).
1703 1066 1721 1089 ι
1782 1040 2078 1112 Sequitur:

482 1141 697 1196 Etcum
719 1137 941 1206 justitia
960 1136 1173 1205 judicat
1200 1141 1245 1189 et
1270 1140 1491 1205 pugnat.
1551 1132 1675 1187 Non
1721 1129 1889 1186 armis
1940 1128 2087 1183 Deus

484 1228 542 1284 in
591 1229 680 1284 die
721 1225 922 1299 judicii
969 1233 1161 1280 contra
1200 1223 1398 1295 impios
1442 1220 1806 1277 dimicaturus
1840 1224 1942 1285 est,
1991 1214 2086 1271 sed

484 1318 602 1390 ejus
627 1314 845 1388 justitia
874 1314 1340 1387 expugnabuntur
1379 1319 1433 1368 et
1462 1318 1848 1376 conterentur;
1901 1306 2089 1362 omnia

485 1408 633 1464 enim
665 1412 885 1477 peccata
916 1404 1215 1477 impiorum
1252 1411 1414 1475 atque
1454 1401 1661 1457 scelera
1703 1399 1759 1453 in
1792 1403 2091 1468 conspectu

486 1513 677 1553 eorum
725 1494 961 1551 adducet
1006 1493 1297 1561 Dominus,
1345 1500 1408 1548 ut
1449 1491 1626 1548 sciant
1673 1505 1730 1545 se
1779 1486 2089 1560 justissimo

486 1586 586 1643 Dei
610 1584 825 1657 judicio
855 1600 971 1641 esse
997 1582 1306 1639 damnatos.

562 1727 743 1800 (Vers.
780 1726 894 1797 12.)
947 1724 1103 1781 Oculi
1138 1723 1252 1793 ejus
1294 1724 1428 1778 sicut
1474 1725 1692 1793 flamma
1736 1720 1898 1792 ignis,
1944 1724 1991 1773 et
2036 1716 2091 1771 in

487 1816 654 1887 capite
717 1831 811 1869 suo
868 1814 1175 1870 diademata
1219 1811 1410 1866 multa.
1468 1810 1570 1866 Per
1617 1807 1809 1865 oculos
1862 1803 2088 1863 Domini

489 1906 727 1978 Spiritus
755 1902 855 1959 Dei
903 1902 1019 1975 (65)
1065 1900 1400 1973 designatur,
1428 1900 1571 1956 sicut
1599 1899 1658 1955 in
1684 1897 1848 1955 tertia
1876 1897 2091 1953 visione

490 2000 681 2052 auctor
711 1990 879 2063 hujus
910 1990 1042 2047 libri
1069 1989 1334 2063 exponit:
1370 1989 1625 2057 Habebat,
1672 1988 1874 2062 inquit,
1906 1988 2093 2059 Agnus

491 2083 669 2141 oculos
698 2085 907 2151 septem,
961 2080 1055 2152 qui
1103 2087 1229 2136 sunt
1262 2085 1451 2151 septem
1497 2078 1721 2151 spiritus
1769 2077 1891 2143 Dei,
1944 2076 2093 2132 missi

493 2172 551 2228 in
578 2186 779 2226 omnem
812 2174 1029 2225 terram.
1052 2169 1123 2224 Et
1154 2168 1282 2241 quia
1313 2168 1533 2224 ﬂamma
1562 2167 1675 2223 urit
1700 2174 1755 2222 et
1786 2164 2087 2234 illuminat,

492 2279 607 2319 non
638 2258 1093 2318 inconvenienter
1133 2258 1372 2331 Spiritus
1402 2264 1623 2314 sanctus
1654 2256 1939 2312 ﬂammeus
1978 2270 2094 2311 esse

494 2350 735 2417 dicitur;
788 2366 852 2406 eo
882 2347 1031 2421 quod
1057 2345 1503 2405 corda'ﬁdelium
1533 2352 1586 2401 et
1616 2343 1898 2399 illuminat
1928 2351 1981 2399 et
2012 2341 2093 2396 in-

495 2440 693 2499 cendat
720 2440 780 2495 in
810 2454 1053 2495 amorem
1082 2438 1204 2493 Dei.
1252 2438 1327 2492 Et
1355 2434 1413 2489 in
1442 2436 1608 2507 capite
1647 2434 1762 2504 ejus
1792 2434 2095 2489 diademata

498 2532 686 2587 multa.
708 2530 811 2585 Per
830 2528 1141 2585 diademata
1158 2528 1334 2582 multa
1360 2524 1659 2583 multitudo
1674 2532 1988 2581 sanctorum
2004 2540 2094 2579 ex-

496 2620 776 2695 primitur.
827 2618 1035 2675 Habens
1064 2634 1248 2672 nomen
1276 2616 1553 2688 scriptum,
1583 2614 1723 2685 quod
1749 2631 1897 2669 nemo
1928 2613 2094 2680 novit,

495 2709 602 2765 nisi
628 2709 755 2780 ipse.
780 2707 916 2765 Cum
936 2706 1187 2779 superius
1207 2705 1355 2762 dicat
1375 2704 1506 2777 quia
1524 2702 1825 2759 vocabatur
1844 2700 2023 2757 ﬁdelis
2044 2708 2098 2757 et

496 2814 688 2867 verax,
711 2807 764 2855 et
786 2797 951 2870 paulo
980 2803 1103 2868 post
1131 2794 1261 2867 quia
1281 2792 1580 2850 vocabatur
1604 2808 1806 2848 nomen
1826 2789 1943 2862 ejus
1965 2790 2096 2848 Ver-

496 2889 629 2946 bum
652 2888 752 2945 Dei
772 2906 785 2956 ;
805 2886 939 2960 quid
970 2894 1052 2941 est
1082 2884 1230 2958 quod
1251 2884 1387 2940 dicit
1417 2882 1566 2956 quod
1586 2900 1749 2939 nemo
1770 2882 1874 2939 scit
1896 2896 2098 2937 nomen

496 2977 634 3050 ejus,
657 2976 764 3032 nisi
784 2975 930 3046 ipse?
947 2974 1141 3030 Sciunt
1159 2974 1380 3046 quidem
1403 2972 1577 3028 sancti
1600 2972 1700 3028 Dei
1719 2987 1926 3028 nomen
1939 2969 2095 3027 Chri-

498 3067 592 3134 sti,
619 3065 767 3138 quod
797 3074 879 3120 est
898 3062 1076 3119 Filius
1095 3063 1216 3131 Dei,
1236 3070 1289 3118 et
1312 3061 1584 3119 nesciunt.
1604 3060 1692 3115 Ex
1720 3069 1873 3133 parte
1894 3061 2098 3135 quippe

498 3153 704 3221 sciunt,
736 3160 790 3209 et
818 3168 883 3207 ex
914 3159 1069 3224 parte
1097 3152 1388 3219 nesciunt;
1414 3151 1472 3207 in
1499 3151 1758 3208 omnibus
1780 3152 1925 3207 enim
1949 3168 2093 3208 crea-

499 3243 640 3301 turis
668 3259 788 3316 quaa
815 3241 1049 3316 gignunt
1076 3250 1130 3300 et
1152 3243 1472 3317 gignuntur,
1496 3242 1684 3297 nullus
1704 3240 1856 3297 ﬁlius
1878 3258 2098 3298 coaevus

498 3341 677 3407 potest
708 3348 823 3389 esse
853 3332 994 3406 patri
1020 3352 1033 3402 ;
1066 3333 1195 3407 quia
1224 3348 1444 3390 necesse
1473 3341 1554 3389 est
1586 3339 1647 3387 ut
1676 3330 1960 3389 antecedat
2000 3330 2096 3404 qui

499 3429 739 3495 generat,
790 3428 846 3477 et
894 3421 1261 3495 subsequatur
1316 3422 1411 3495 qui
1460 3427 1779 3493 generatur:
1840 3420 1933 3477 sed
1985 3436 2097 3477 non

499 3512 627 3568 talis
663 3520 745 3569 est
773 3522 971 3569 natura
1012 3512 1140 3569 Filii
1190 3512 1328 3579 Dei;
1365 3528 1491 3567 nam
1546 3519 1600 3567 et
1633 3511 2097 3583 quemadmodum

498 3598 658 3654 Pater
687 3606 769 3653 est
796 3599 916 3654 sine
945 3598 1130 3665 initio,
1176 3599 1257 3654 sic
1287 3607 1339 3654 et
1366 3598 1561 3655 Filius.
1610 3599 1682 3653 Et
1712 3598 1965 3670 quamvis
1994 3598 2100 3655 hoc

501 3684 777 3759 quomodo
823 3685 944 3741 ﬁeri
993 3685 1187 3756 possit,
1248 3685 1593 3740 considerare
1628 3701 1741 3739 non
1783 3685 2094 3757 possimus;

502 3777 561 3834 in
590 3775 823 3832 veritate
864 3780 1048 3830 tamen
1091 3774 1367 3831 credimus
1409 3784 1463 3833 et
1513 3774 1843 3831 conﬁtemur
1890 3776 2098 3833 Filium

501 3882 599 3939 per
627 3864 818 3920 omnia
846 3864 1115 3936 aequalem
1148 3870 1204 3919 et
1229 3880 1477 3921 coaevum
1508 3879 1622 3920 esse
1652 3862 1818 3920 Patri.
1868 3865 1947 3921 De
1997 3865 2101 3923 hac

501 3953 619 4027 ejus
652 3954 1003 4027 generatione
1032 3952 1298 4024 propheta
1338 3952 1585 4026 loquitur
1612 3951 1802 4009 dicens
1831 3969 1842 4009 :
1907 3975 1927 3999 ι
1980 3951 2098 4010 Ge-

498 4044 844 4101 nerationem
876 4042 994 4116 ejus
1023 4042 1149 4117 quis
1176 4041 1457 4099 enarrabit
1489 4041 1625 4115 (Isa.
1660 4058 1787 4113 Lm,
1820 4042 1930 4116 8)?
1957 4068 1976 4091 ι

573 4183 756 4257 (Vera.
803 4183 918 4255 13.)
968 4185 1043 4240 Ει
1072 4183 1286 4239 vestitus
1313 4188 1427 4237 erat
1453 4188 1587 4237 veste
1623 4198 1844 4253 aspersa
1889 4180 2098 4253 sangui-

497 4289 596 4329 ne:
648 4278 698 4328 et
738 4273 1032 4328 vocabatur
1074 4289 1263 4327 nomen
1302 4271 1417 4342 ejus
1467 4273 1688 4330 Verbum
1733 4273 1851 4329 Dei.
1910 4274 2100 4330 Possu-

500 4377 624 4418 mus
671 4377 771 4433 per
813 4368 1020 4417 vestem
1076 4376 1276 4432 corpus
1330 4358 1569 4417 Christi:
1630 4376 1727 4433 per
1778 4364 2100 4433 sanguinem

500 4468 633 4509 vero
662 4462 880 4523 peccata
908 4458 1116 4520 nostra,
1167 4467 1267 4525 pro
1304 4450 1507 4524 quibus
1538 4460 1790 4510 mortuus
1836 4462 1919 4511 est
1960 4453 2097 4526 ipse,

2191 593 2249 648 in
2280 593 2378 647 illa
2406 590 2615 647 coelesti
2658 588 3004 645 beatitudine
3032 601 3131 643 suo
3163 584 3454 657 splendore
3499 590 3805 638 exornant.

2264 684 2447 753 (Vers.
2484 682 2598 753 14.)
2631 684 2707 738 Et
2724 681 2985 736 exercitus
3022 678 3116 750 qui
3150 683 3275 733 sunt
3318 676 3376 731 in
3418 676 3564 735 caelo.
3617 690 3815 745 seque-

2193 772 2390 827 bantur
2409 788 2526 826 eum
2556 770 2609 824 in
2638 769 2785 841 equis
2805 768 2964 836 albis,
2994 767 3169 823 vestiti
3192 765 3401 835 byssina
3430 765 3552 821 albo
3584 764 3809 819 mundo.

2191 861 2450 917 Diximus
2480 860 2734 934 superius
2772 859 2903 932 quia
2944 857 3126 932 qualis
3162 857 3417 915 Christus
3443 872 3475 911 a
3504 856 3715 912 sanctis
3750 855 3813 910 in

2193 950 2302 1007 ﬁne
2332 949 2527 1005 mundi
2575 948 2985 1021 praedicabitur,
3018 945 3145 1002 talis
3173 954 3227 1002 et
3254 945 3431 1016 ﬁgura
3456 944 3581 1017 ejus
3613 944 3721 1001 hoc
3750 941 3813 997 in

2194 1046 2315 1102 loco
2346 1043 2697 1101 describitur.
2728 1043 2832 1099 Per
2858 1042 3060 1099 omium
3083 1056 3212 1112 ergo
3237 1038 3294 1093 in
3326 1036 3434 1093 hoc
3462 1036 3589 1092 loco
3620 1036 3816 1092 Eccle-

2194 1134 2309 1190 sia:
2343 1150 2440 1205 per
2468 1132 2747 1190 exercitus
2776 1132 2871 1206 qui
2898 1131 2964 1187 de
2993 1131 3135 1187 coelo
3158 1126 3487 1202 processisse
3518 1123 3818 1181 Christum

2194 1231 2483 1294 sequentes
2514 1222 2619 1277 visi
2654 1229 2805 1290 sunt,
2837 1219 3014 1277 sancti
3044 1217 3138 1291 qui
3187 1217 3245 1271 in
3290 1215 3401 1271 ﬁne
3445 1214 3646 1270 mundi
3693 1229 3820 1269 nas-

2194 1311 2382 1377 cituri,
2413 1320 2467 1367 et
2488 1321 2679 1367 contra
2698 1310 3106 1368 Antichristum
3135 1305 3431 1380 pugnaturi
3459 1312 3616 1375 sunt,
3646 1307 3819 1361 intel-

2196 1402 2481 1474 ligantur:
2523 1417 2620 1474 per
2658 1416 2826 1474 equos
2867 1409 3049 1457 autem
3098 1412 3364 1469 corpora:
3419 1411 3517 1467 per
3570 1411 3821 1452 sessores

2197 1510 2328 1550 vero
2354 1510 2619 1566 equorum
2642 1494 2840 1549 anima:
2856 1491 3237 1565 designantur.
3253 1484 3424 1542 Albos
3444 1484 3619 1559 igitur
3638 1503 3822 1560 equos

2197 1581 2453 1639 habuisse
2501 1582 2608 1639 visi
2656 1590 2808 1651 sunt,
2840 1581 2969 1655 quia
2999 1597 3057 1637 se
3086 1578 3325 1635 mundos
3367 1584 3422 1633 et
3468 1576 3705 1644 nitidos,
3754 1578 3818 1633 in

2199 1680 2464 1746 quantum
2516 1670 2761 1727 humana
2807 1670 3076 1743 fragilitas
3124 1666 3419 1740 permittit,
3463 1664 3819 1723 exhibebunt

2200 1761 2257 1817 in
2284 1769 2585 1833 conspectu
2612 1760 2732 1817 Dei.
2767 1759 2915 1828 Quid
2941 1758 3014 1815 sit
3043 1772 3174 1812 vero
3209 1755 3528 1829 byssinum,
3559 1756 3816 1828 superius

2120 1863 2167 1923 Β
2199 1851 2467 1922 exponit:
2511 1850 2815 1922 Bgssinum,
2850 1847 3055 1922 inquit,
3075 1844 3486 1919 justiﬁcationes
3520 1851 3651 1901 sunt
3677 1862 3815 1900 san-

2199 1947 2400 1996 ctorum
2424 1940 2564 2013 (66).

2274 2031 2456 2102 (Vers.
2492 2030 2604 2103 16.)
2635 2031 2710 2086 Et
2737 2029 2953 2085 habebat
2980 2027 3039 2083 in
3065 2027 3364 2083 vestimento
3402 2033 3453 2082 et
3502 2026 3562 2082 in
3616 2025 3821 2097 femore

2202 2137 2296 2176 suo
2324 2120 2607 2191 scriptum:
2654 2120 2769 2176 Rex
2797 2134 2996 2190 regum,
3030 2123 3079 2171 et
3113 2116 3373 2172 Dominus
3401 2116 3819 2172 dominantium.

2201 2207 2303 2263 Per
2334 2207 2752 2275 vestimentum,
2782 2206 2925 2263 sicut
2965 2205 3219 2278 superius
3262 2202 3536 2272 diximus,
3589 2205 3774 2259 sancti
3809 2221 3820 2257 :

2201 2312 2298 2369 per
2339 2295 2520 2351 femur
2549 2301 2730 2374 autem
2763 2310 2832 2349 ex
2879 2310 2989 2366 quo
3021 2293 3264 2349 humana
3313 2295 3470 2365 origo
3516 2292 3823 2364 procedere

2202 2385 2428 2450 dicitur,
2458 2384 2626 2441 homo
2656 2399 2819 2457 quem
2845 2383 3100 2442 Christus
3120 2382 3436 2455 assumpsit,
3465 2381 3821 2454 designatur.

2205 2477 2267 2532 In
2301 2475 2627 2532 vestimento
2656 2474 2841 2547 itaque
2870 2489 2972 2531 suo
3000 2472 3148 2547 quod
3178 2472 3294 2545 ipse
3334 2472 3408 2528 sit
3441 2471 3564 2527 Rex
3604 2488 3822 2545 regum,

2203 2572 2471 2645 scriptum
2502 2571 2737 2628 habebat
2772 2589 2783 2628 :
2838 2572 2968 2646 quia
3006 2571 3065 2627 in
3118 2570 3378 2643 operibus
3421 2566 3571 2623 570
3604 2576 3826 2626 sancto-

2204 2679 2327 2718 rum
2360 2662 2679 2735 agnoscitur
2707 2660 2857 2719 hunc
2896 2677 3011 2717 esse
3050 2677 3244 2717 verum
3289 2661 3485 2725 Deum,
3538 2658 3641 2731 qui
3696 2659 3830 2713 tales

2204 2767 2393 2807 servos
2422 2750 2685 2824 possidet.
2717 2750 2891 2806 Habet
2917 2758 2972 2805 et
3026 2749 3084 2805 in
3133 2749 3342 2805 femore
3385 2764 3488 2803 suo
3544 2746 3829 2819 scriptum

2206 2840 2352 2914 quod
2419 2842 2532 2913 ipse
2584 2840 2657 2897 sit
2700 2842 2816 2898 Rex
2862 2856 3051 2913 regum
3098 2849 3153 2897 et
3199 2837 3471 2895 Dominus
3513 2836 3832 2893 dominan-

2205 2930 2377 2998 tium;
2412 2930 2542 3004 quia
2570 2929 2627 2986 in
2656 2929 2913 3003 operibus
2951 2946 3072 3003 quae
3101 2930 3161 2985 in
3190 2945 3353 2985 carne
3384 2928 3598 3001 positus
3633 2927 3828 3000 gessit,

2207 3020 2490 3093 cognitum
2530 3027 2611 3077 est
2650 3019 2800 3077 hunc
2823 3036 2937 3077 esse
2966 3036 3157 3076 verum
3190 3020 3288 3075 Dei
3330 3018 3561 3076 Filium.
3607 3017 3832 3074 Possu-

2208 3126 2330 3167 mus
2375 3110 2543 3167 etiam
2584 3127 2681 3183 per
2706 3109 2889 3166 femur
2917 3118 3096 3183 patres
3124 3107 3328 3165 veteris
3354 3108 3733 3174 Testamenti,
3764 3124 3829 3164 ex

2129 3216 2172 3277 ο
2207 3216 2441 3273 quorum
2468 3200 2638 3271 stirpe
2666 3199 2922 3257 Christus
2953 3199 3223 3272 originem
3254 3197 3440 3264 duxit,
3471 3196 3823 3270 intelligere:

2208 3288 2303 3361 qui
2331 3296 2386 3345 et
2415 3288 2595 3360 ipsum
2627 3288 3136 3360 praeﬁguraverunt,
3165 3296 3220 3344 et
3247 3286 3396 3360 quod
3436 3286 3554 3357 ipse
3593 3285 3826 3341 futurus

2207 3386 2348 3435 esset
2374 3380 2489 3436 Rex
2512 3395 2701 3451 regum
2746 3387 2801 3436 et
2845 3378 3114 3435 Dominus
3142 3375 3579 3444 dominantium,
3611 3376 3827 3448 apertis

2206 3467 2437 3524 vocibus
2465 3468 2860 3539 praedixerunt.

2282 3557 2465 3628 (Vers.
2502 3558 2615 3630 15.)
2662 3560 2738 3615 Et
2761 3558 2823 3614 de
2860 3575 2950 3613 ore
2990 3556 3103 3628 ejus
3152 3555 3364 3627 gladius
3390 3559 3580 3610 acutus
3615 3555 3821 3609 exibat.

2209 3646 2504 3703 Possumus
2537 3664 2633 3720 per
2660 3664 2722 3705 os
2748 3646 2975 3704 Domini
3021 3644 3239 3702 eosdem
3288 3644 3711 3716 praedicatores,
3762 3643 3824 3699 de

2209 3735 2412 3807 quibus
2440 3736 2706 3806 diximus,
2745 3738 2840 3811 qui
2871 3735 2930 3792 in
2968 3735 3077 3791 ﬁne
3124 3732 3320 3790 mundi
3364 3731 3635 3789 nascituri
3668 3739 3823 3799 sunt,

2208 3825 2473 3896 accipere,
2505 3843 2601 3898 per
2636 3842 2873 3899 quorum
2903 3841 2963 3881 os
2991 3824 3250 3897 loquetur
3288 3824 3456 3890 Deus,
3505 3821 3659 3878 sicut
3712 3823 3825 3894 ipse

2207 3913 2354 3972 dixit
2381 3914 2440 3971 in
2467 3917 2801 3991 Evangelio:
2850 3940 2869 3963 ι
2896 3916 3017 3972 Non
3057 3913 3207 3970 enim
3256 3929 3357 3969 vos
3398 3911 3530 3969 estis
3579 3914 3686 3985 qui
3741 3916 3826 3969 lo—

2208 4003 2467 4076 quimini,
2524 4005 2618 4062 sed
2678 4004 2918 4077 Spiritus
2966 4003 3143 4059 Patris
3187 4002 3358 4059 vestri
3412 3999 3509 4074 qui
3568 4001 3825 4074 loquitur

2209 4091 2268 4148 in
2296 4093 2455 4150 vobis
2486 4094 2701 4167 (Matth.
2733 4110 2790 4163 x,
2816 4093 2934 4166 20).
2964 4117 2983 4140 ›
3026 4093 3100 4149 Et
3133 4092 3248 4165 ipse
3277 4090 3415 4149 dicit
3443 4106 3541 4164 per
3566 4092 3823 4164 prophe-

2207 4192 2361 4241 tam:
2418 4209 2436 4233 ι
2476 4185 2533 4241 Si
2581 4182 2919 4257 separaveris
2964 4180 3265 4257 pretiosum
3295 4197 3328 4237 a
3372 4182 3498 4248 vili,
3549 4183 3722 4255 quasi
3767 4198 3823 4237 os

2210 4288 2394 4329 meum
2441 4273 2550 4330 eris
2599 4275 2817 4346 (Jerem.
2864 4291 2960 4341 xv,
3009 4272 3122 4343 19).
3168 4296 3187 4321 ι
3237 4272 3339 4328 Per
3387 4271 3634 4344 gladium
3689 4288 3821 4328 vero

2210 4363 2457 4420 divinam
2487 4364 2849 4438 Scripturam,
2879 4363 3024 4421 sicut
3064 4363 3317 4436 superius
3345 4361 3615 4429 diximus,
3658 4361 3824 4419 intelo

2211 4453 2378 4525 ligere
2402 4453 2684 4525 debemus,
2715 4454 2859 4510 sicut
2885 4452 3025 4510 dicit
3069 4452 3350 4524 apostolus
3390 4451 3634 4507 Paulus:
3690 4477 3711 4499 ι
3756 4452 3819 4507 Et

500 4544 619 4637 sive
647 4544 1089 4637 ipsammortem
1119 4560 1284 4615 quam
1313 4544 1541 4637 pertulit
1581 4560 1682 4615 pro
1711 4545 1892 4613 nobis,
1943 4544 2099 4601 intel-
2132 4579 2180 4637 D
2211 4542 2450 4615 gladium
2510 4544 2758 4616 spiritus,
2817 4542 2964 4616 quod
3020 4551 3103 4599 est
3148 4540 3379 4597 verbum
3434 4540 3533 4597 Dei
3587 4542 3815 4613 (Epha.

500 4632 687 4704 ligare.
742 4631 848 4687 Sed
886 4632 1017 4704 quia
1072 4640 1294 4703 peccata
1347 4632 1648 4689 electorum
1701 4649 1929 4689 suorum
1987 4650 2101 4689 mo-

500 4720 695 4777 riendo
725 4720 953 4785 delevit,
996 4726 1050 4775 et
1078 4719 1253 4791 ipsam
1281 4727 1516 4775 mortem
1545 4721 1881 4793 resurgendo
1923 4723 2094 4778 calca-

500 4812 605 4880 vit,
638 4810 783 4867 sicut
815 4810 953 4867 dicit
980 4809 1259 4883 apostolus
1287 4808 1520 4866 Paulus:
1589 4834 1608 4857 ι
1637 4808 1889 4866 Christus
1919 4827 2093 4866 resur-

500 4916 632 4973 gens
668 4918 700 4959 a
728 4902 963 4958 mortuis
1000 4901 1116 4973 jam
1160 4917 1272 4955 non
1323 4902 1577 4968 moritur,
1630 4918 1781 4957 mors
1819 4902 1911 4957 illi.
1950 4902 2096 4957 ultra

500 5006 615 5047 non
642 4989 1024 5047 dominabitur
1046 4990 1221 5051 (Rom.
1256 5004 1335 5055 γι,
1362 4989 1420 5060 9)
1447 5006 1460 5055 ;
1495 5013 1513 5037 ι
1549 4989 1748 5045 melius
1776 4988 1917 5044 mihi
1945 4987 2095 5044 vide-

498 5087 592 5137 tur
619 5087 681 5136 ut
709 5095 806 5152 per
836 5087 1044 5135 vestem
1075 5076 1281 5134 Christi
1317 5077 1736 5134 multitudinem
1778 5086 2092 5135 sanctorum

498 5171 892 5245 intelligamus,
940 5167 1036 5240 qui
1091 5176 1221 5223 sunt
1262 5167 1508 5224 membra
1558 5167 1719 5240 ejus:
1772 5185 1868 5240 per
1916 5177 2096 5241 guttas

497 5274 681 5323 autem
709 5262 1015 5336 sanguinis,
1045 5260 1248 5335 quibus
1276 5260 1449 5318 vestis
1476 5278 1693 5333 aspersa
1721 5276 1836 5317 esse
1869 5260 2088 5331 legitur,

497 5364 768 5429 martyres
792 5353 1175 5426 designantur,
1224 5349 1321 5422 qui
1360 5365 1459 5422 pro
1503 5366 1690 5407 amore
1719 5349 1926 5408 Christi
1976 5366 2096 5405 san-

497 5445 720 5517 guinem
750 5443 981 5500 fundere
1007 5456 1119 5497 non
1148 5436 1548 5495 dubitaverunt
1573 5456 1586 5505 ;
1624 5439 1859 5511 ideoque
1890 5447 2094 5497 vestem

570 5542 686 5679 ἕϐἔξ)
728 5542 906 5623 Filius
931 5538 1031 5595 Dei
1055 5537 1116 5593 in
1143 5536 1278 5593 edit.
1310 5534 1675 5616 desideratur.

595 5614 687 5679 65)
729 5613 879 5668 Edit.
911 5618 965 5666 et
994 5627 1097 5666 ms.
1129 5609 1284 5679 Reg.,
1338 5607 1575 5679 Spiritus
1604 5625 1675 5665 sai

595 5606 687 5683 65)
729 5613 879 5668 Edit.
911 5618 965 5666 et
994 5627 1097 5666 ms.
1129 5609 1284 5681 Reg.,
1338 5606 1575 5679 Spiritus
1604 5612 1858 5676 sanctus;
1910 5608 2097 5666 caeteri

497 5699 625 5753 mss.
640 5725 653 5748 ,
685 5684 917 5753 Spiritus
944 5683 1062 5738 Dei.

571 5752 689 5824 (66)
721 5751 811 5812 illa
840 5770 972 5811 mss.
1005 5772 1018 5823 ;
1052 5752 1186 5812 edit.
1220 5769 1374 5821 vero,
1414 5751 1660 5825 superius
1685 5752 1980 5824 expositum
2000 5757 2092 5810 est.

2211 4651 2290 4703 vr,
2329 4634 2442 4707 17).
2474 4659 2493 4682 ι
2535 4633 2641 4701 Qui
2684 4639 2877 4689 acutus
2912 4647 3028 4687 esse
3064 4630 3298 4695 dicitur;
3349 4629 3485 4702 quia
3537 4629 3609 4685 ad
3654 4646 3817 4686 rese-

2202 4723 2380 4781 canda
2410 4722 2566 4790 vitia,
2601 4721 2793 4777 divina
2820 4720 3105 4792 Scriptura
3142 4718 3458 4777 acutissima
3495 4725 3599 4773 est.
3657 4719 3731 4775 Ut
3762 4717 3815 4770 in

2200 4812 2318 4884 ipso
2340 4812 2609 4883 percutiat
2635 4816 2824 4882 gentes.
2866 4808 3142 4865 Percutiet
3183 4808 3437 4865 Christus
3483 4805 3671 4878 gladio
3718 4819 3815 4862 suo

2205 4912 2414 4975 gentes,
2463 4901 2684 4975 quando
2729 4916 2827 4973 per
2866 4898 3174 4956 doctrinam
3221 4907 3535 4955 sanctorum
3583 4912 3811 4953 suorum

2203 4992 2492 5048 hominum
2510 4993 2808 5049 stultorum
2828 4990 2945 5061 (67)
2961 5004 3172 5045 errores
3191 4987 3536 5044 destruet.Et
3550 4985 3665 5058 ipse
3678 4990 3813 5056 reget

2202 5097 2290 5138 eas
2308 5083 2367 5137 in
2397 5083 2551 5154 virga
2583 5083 2764 5154 ferrea
2788 5098 2806 5135 :
2843 5086 2890 5135 et
2926 5086 3180 5150 tanquam
3225 5093 3318 5133 vas
3363 5077 3515 5149 ﬁguli
3561 5075 3811 5146 confrin-

2203 5178 2404 5243 gentur.
2469 5173 2571 5228 Per
2611 5172 2824 5244 virgam
2866 5168 3101 5225 ferream
3149 5166 3516 5237 Evangelium
3559 5163 3809 5220 diximus

2204 5260 2373 5318 fuisse
2415 5261 2808 5333 designatum;
2856 5266 3006 5330 reget
3053 5273 3182 5330 ergo
3229 5255 3483 5313 Christus
3512 5260 3703 5326 gentes
3749 5249 3805 5304 in

2204 5351 2359 5424 virga
2399 5351 2593 5419 ferrea,
2637 5350 2858 5425 quando
2903 5367 3000 5423 per
3040 5346 3351 5406 doctrinam
3402 5351 3717 5403 sanctorum
3750 5348 3805 5396 et

2203 5438 2421 5496 Iudaeos
2448 5440 2517 5496 ad
2544 5439 2709 5497 ﬁdem
2741 5455 2896 5497 suam
2924 5444 3231 5505 convertet,
3273 5443 3330 5492 et
3363 5436 3568 5492 electos
3614 5431 3680 5488 ab
3720 5443 3804 5486 er-

2206 5537 2491 5611 Byssinum
2523 5537 2690 5609 igitur
2710 5537 3135 5611 justiﬁcationes,
3164 5545 3271 5611 etc.

2279 5610 2396 5680 (67)
2444 5607 2647 5665 Omnes
2690 5607 2857 5677 edit,
2902 5610 3173 5666 hominum
3230 5607 3572 5679 inﬁdelium;
3613 5615 3799 5660 omnes

2206 5696 2360 5751 mss,
2398 5681 2668 5737 hominum
2697 5684 3005 5741 stultorum.
