4026 6172
230 341 366 401 1013

1109 344 1567 404 BERENGAUDI
1601 344 1976 404 EXPOSITIO
2013 343 2085 402 IN
2121 342 2624 404 APOCALYPSIN.

3408 341 3543 403 1014

229 467 448 525 roribus
474 467 812 528 Antichristi
841 467 1116 527 defendet.
1159 471 1234 527 Et
1264 475 1520 542 tanquam
1548 486 1641 527 vas
1666 471 1827 543 ﬁctile
1854 474 1906 535 Α
1938 471 2198 528 exercitus
2234 488 2416 528 eorum
2444 475 2778 544 congregatos
2830 470 2904 528 ad
2956 469 3259 544 faciendum
3294 472 3545 544 prndium

227 556 651 630 confringentur.
707 558 965 628 Quandiu
1020 559 1252 633 quilibet
1298 560 1359 616 in
1401 559 1639 632 peccatis
1662 559 1830 633 jacet,

229 656 372 705 recte
399 662 498 704 vas
526 646 697 705 ﬁctile
727 657 959 706 vocatur
992 666 1003 705 :
1032 665 1159 706 cum
1206 657 1390 706 autem
1426 667 1523 723 per
1553 651 1836 723 poeniten-

228 738 361 794 tiam
392 744 448 794 et
481 738 754 811 lacrymas
783 736 851 794 ad
897 738 1042 795 bona
1088 756 1251 812 opera
1296 741 1507 813 agenda
1538 757 1836 799 conversus

227 825 418 893 fuerit,
440 826 815 899 confringitur
844 843 939 883 vas
967 826 1158 898 ﬁctile,
1180 836 1237 884 et
1256 845 1326 885 ex
1347 845 1415 885 va
1443 847 1500 886 se
1535 829 1695 887 ﬁctili
1725 830 1835 887 eili-

227 918 374 974 citur
401 932 499 973 vas
544 915 785 973 solidum
829 922 883 971 et
911 916 1156 986 ﬁrmum,
1198 926 1251 975 et
1297 917 1365 974 ad
1410 918 1554 976 ictus
1585 920 1835 976 tentatio—

228 1023 361 1063 num
402 1007 721 1063 daemonum
752 1004 1137 1062 fortissimum.
1170 1007 1244 1062 Et
1276 1006 1386 1079 ipse
1415 1007 1835 1087 calcabittorcu-

119 1085 131 1094 ’
230 1100 316 1156 lar
334 1099 448 1155 vini
475 1099 687 1170 furoris
717 1099 815 1154 ira:
844 1098 942 1154 Dei
972 1098 1353 1171 omnipotentis.
1396 1099 1566 1155 Isaias
1613 1084 1737 1155 cuin
1768 1084 1837 1155 de

228 1188 481 1262 passione
509 1188 736 1246 Domini
794 1188 1112 1263 loqueretur
1164 1187 1495 1260 interposuit
1535 1189 1836 1246 Dominum

228 1276 537 1334 dicentem:
610 1301 629 1326 ι
659 1278 927 1334 Torcular
954 1276 1163 1334 calcavi
1218 1278 1403 1346 solus;
1459 1285 1512 1334 et
1544 1277 1612 1334 de
1655 1277 1832 1350 genti-

227 1368 328 1425 bus
356 1384 468 1424 non
498 1376 581 1425 est
622 1368 712 1424 vir
758 1384 973 1424 mecum
1006 1367 1142 1440 (Isa.
1178 1384 1341 1436 LXIII,
1389 1366 1474 1439 3).
1528 1391 1546 1415 ι
1609 1367 1714 1423 Sed
1755 1363 1834 1422 ibi

228 1475 321 1532 per
348 1458 593 1515 torcular
619 1474 761 1515 crux
789 1454 1013 1513 Domini
1044 1456 1381 1529 intelligitur
1405 1474 1419 1523 ;
1452 1455 1545 1512 hic
1565 1472 1697 1511 vero
1722 1471 1833 1511 non

225 1565 383 1617 crux,
417 1547 511 1604 sed
543 1548 698 1603 locus
726 1563 1038 1619 pmnarum,
1060 1546 1119 1603 in
1140 1562 1303 1620 quem
1325 1545 1825 1620 impiiretrudendi

225 1647 377 1709 sunt,
439 1637 777 1710 designatur.
834 1636 1100 1692 Eamdem
1132 1636 1332 1715 quippe
1372 1636 1828 1709 signiﬁcationem

225 1726 391 1784 habet
418 1726 664 1783 torcular
692 1725 750 1781 in
781 1725 887 1783 hoc
914 1726 1057 1794 loco,
1085 1742 1250 1799 quam
1279 1733 1333 1783 et
1364 1727 1545 1782 lacum
1575 1725 1829 1797 superius

1947 578 2062 617 cum
2100 561 2218 630 illo,
2248 561 2341 632 qui
2367 561 2573 618 sedebat
2617 561 2675 616 in
2714 577 2865 632 equo,
2914 566 2963 616 et
3003 577 3119 617 cum
3146 559 3380 617 exercitu
3408 560 3540 630 ejus.

1948 650 2051 708 Hic
2078 651 2417 707 demonstrat
2442 666 2553 706 non
2574 649 2643 705 ad
2663 650 2960 707 adventum
2982 648 3208 707 Domini
3237 649 3544 708 secundum

1948 755 2029 809 ea,
2060 756 2182 812 quae
2214 738 2468 812 superius
2504 738 2654 795 dicta
2699 747 2829 795 sunt
2871 737 3169 812 pertinere,
3217 738 3312 795 sed
3358 738 3545 811 potius

1949 829 2017 885 ad
2048 829 2191 886 illud
2237 838 2473 902 tempus,
2530 828 2585 885 in
2633 845 2741 902 quo
2789 844 2885 901 per
2928 834 3144 885 sanctos
3186 842 3315 883 suos
3350 833 3546 883 contra

1948 918 2354 976 Antichristum
2406 918 2752 992 praeliaturus
2789 927 2890 987 est,
2931 917 3077 974 sicut
3109 915 3225 989 jam
3273 916 3541 976 diximus.

1950 1007 2435 1083 Congregabuntur
2470 1024 2708 1081 namque
2736 1007 2946 1077 bestiae,
2991 1012 3046 1062 et
3083 1021 3234 1077 reges
3270 1012 3445 1075 terras,
3487 1012 3543 1062 et

1930 1076 2224 1157 Exercitus
2271 1115 2481 1168 eorum,
2531 1107 2593 1154 ut
2617 1076 2874 1171 pugnent
2915 1104 3107 1155 contra
3152 1076 3436 1155 Christum
3486 1103 3541 1153 et

1948 1197 2165 1245 sanctos
2197 1188 2352 1260 ejus;
2387 1183 3023 1262 quando'Antichristus
3064 1194 3118 1242 et
3155 1185 3542 1243 innumerabi—

1949 1278 2019 1334 lis
2068 1278 2369 1335 multitudo
2402 1278 2647 1351 gentium
2691 1294 2812 1350 quae
2854 1277 2921 1333 ab
2959 1293 3023 1333 eo
3066 1276 3430 1349 decipientur,
3470 1275 3540 1332 ad

1948 1383 2046 1440 per
2064 1367 2394 1441 sequendam
2420 1367 2724 1424 Ecclesium
2749 1367 2848 1423 Dei
2878 1373 3212 1438 exsurgent;
3245 1373 3308 1423 ut
3336 1381 3539 1423 nomen

1948 1457 2157 1515 Christi
2185 1457 2251 1515 de
2278 1459 2485 1515 mundo
2515 1458 2768 1515 funditus
2795 1457 3169 1530 exstinguant.

2021 1546 2202 1619 (Vers.
2236 1548 2324 1618 20,
2357 1548 2472 1619 21.)
2512 1550 2588 1606 Et
2629 1548 2954 1620 apprehensa
2985 1553 3060 1603 est
3087 1546 3270 1616 bestia,
3300 1552 3348 1601 et
3369 1563 3539 1619 pseu—

1944 1634 2286 1707 dopropheta,
2314 1638 2407 1708 qui
2436 1636 2559 1706 fecit
2585 1637 2737 1709 signa
2763 1655 2942 1694 coram
2969 1638 3107 1709 ipsa,
3140 1637 3329 1708 quibus
3375 1638 3539 1693 sedu-

1941 1725 2026 1780 xit
2054 1744 2156 1796 eos,
2207 1727 2300 1798 qui
2353 1735 2662 1798 acceperunt
2715 1728 3068 1787 characterem
3122 1728 3311 1796 bestiae,
3351 1734 3400 1783 et
3448 1730 3542 1798 qui

226 1815 473 1874 diximus
505 1815 783 1885 habuisse,
823 1815 880 1871 in
911 1814 1073 1889 quem
1101 1815 1250 1872 botri
1304 1814 1481 1871 vinem
1514 1822 1691 1882 terrae,
1732 1830 1829 1886 per
1863 1838 1910 1898 B
1941 1815 2304 1872 adoraverunt
2325 1817 2606 1888 imaginem
2642 1815 2755 1886 ejus
2796 1834 2814 1871 :
2852 1816 2962 1870 vivi
3003 1815 3153 1871 missi
3179 1822 3303 1870 sunt
3350 1815 3392 1870 ii
3436 1817 3540 1872 duo

226 1921 363 1979 quos
383 1903 541 1978 impii
562 1904 941 1978 designantur,
966 1904 1199 1961 demersi
1226 1904 1396 1962 fuisse
1418 1905 1695 1977 leguntur.
1724 1903 1829 1959 Sed

225 2000 281 2049 et
312 1993 429 2066 ipsa
461 1993 692 2049 calcatio
738 1993 1030 2050 toreularis
1077 1993 1324 2050 eamdem
1368 1991 1828 2066 signiﬁcationem

225 2088 411 2157 habet,
436 2104 597 2161 quam
621 2097 674 2145 et
700 2088 817 2147 illic
836 2090 1202 2147 calcationem
1220 2091 1369 2147 lacus
1390 2089 1651 2146 habuisse
1680 2090 1827 2146 dixi-

226 2194 385 2245 mus;
415 2177 691 2250 signiﬁcat
735 2195 974 2253 namque
1005 2180 1258 2236 ultimam
1298 2179 1696 2237 demersionem
1728 2179 1827 2236 im-

225 2270 445 2342 piorum
471 2268 530 2325 in
557 2269 861 2327 infernum.
887 2271 1032 2339 Quid
1054 2288 1184 2327 vero
1203 2271 1277 2327 sit
1298 2271 1490 2327 vinum
1511 2270 1717 2328 furoris
1734 2271 1828 2326 ira;

225 2359 324 2416 Dei
337 2357 751 2431 omnipotentis,
767 2360 1020 2432 superius
1032 2359 1693 2433 diximus(cap.xrv,vers.
1710 2360 1824 2433 10).

299 2457 480 2529 (Vere.
523 2457 638 2529 17.)
665 2458 742 2515 Et
766 2459 879 2515 vidi
933 2460 1100 2514 alium
1129 2461 1372 2529 angelum
1401 2465 1622 2515 stantem
1664 2462 1717 2514 in
1746 2476 1826 2515 so-

227 2547 294 2615 le,
348 2553 395 2601 et
445 2546 699 2603 clamavit
752 2564 870 2603 voce
921 2565 1117 2619 magna
1170 2548 1414 2603 omnibus
1463 2547 1671 2616 auibus,
1712 2564 1829 2619 quce

222 2635 474 2691 volabant
497 2652 597 2707 per
624 2636 853 2692 medium
880 2639 1084 2693 ccelum.
1108 2638 1217 2693 Iste
1246 2638 1480 2709 angelus
1508 2635 1825 2708 praedicato-

224 2740 311 2780 res
340 2723 433 2797 qui
480 2723 541 2780 in
569 2724 679 2781 ﬁne
730 2725 925 2782 mundi
979 2725 1155 2782 futuri
1192 2733 1339 2794 sunt,
1372 2724 1647 2798 signiﬁcat
1680 2744 1693 2782 :
1733 2723 1829 2798 qui

225 2813 391 2869 etiam
422 2821 477 2869 et
507 2828 602 2886 per
631 2813 840 2886 equites
876 2814 1039 2886 paulo
1069 2813 1321 2886 superius
1346 2812 1616 2886 designati
1647 2821 1778 2870 sunt
1810 2831 1822 2868 :

224 2918 321 2976 per
348 2903 518 2959 solem
550 2919 681 2958 vero
710 2901 990 2960 Christum
1034 2902 1339 2975 intelligere
1379 2901 1664 2961 debemus.
1714 2904 1826 2959 An-

223 2994 378 3066 gelus
415 2992 586 3064 igitur
614 2991 671 3047 in
696 2994 811 3049 sole
839 2991 993 3048 stetit
1030 3010 1044 3060 ;
1076 2992 1203 3064 quia
1232 2991 1620 3063 praedicatores
1649 2992 1828 3048 sancti

222 3082 284 3136 in
315 3080 534 3138 Christo
565 3081 641 3137 ita
685 3081 1091 3148 solidabuntur,
1138 3087 1200 3135 ut
1248 3079 1317 3135 ab
1364 3078 1483 3152 ejus
1532 3079 1642 3136 ﬁde
1672 3081 1826 3137 nulla

224 3169 283 3226 vi
330 3170 775 3242 persecutionum
810 3170 975 3225 avelli
1014 3169 1246 3241 possint.
1302 3169 1404 3224 Per
1458 3185 1586 3225 aves
1640 3178 1825 3226 autem
1865 3193 1908 3254 ο

222 3258 415 3315 ﬁdeles
441 3275 651 3326 omnes,
711 3258 806 3331 qui
847 3274 911 3314 eo
958 3266 1204 3329 tempore
1259 3256 1435 3313 futuri
1484 3265 1633 3326 sunt,
1684 3257 1827 3313 desi-

221 3358 466 3421 gnantur
496 3367 506 3405 :
536 3365 631 3421 per
659 3348 856 3406 cmlum
890 3346 1180 3414 volabunt,
1231 3347 1360 3419 quia
1389 3346 1446 3402 in
1474 3346 1640 3403 terris
1680 3347 1824 3419 posi-

219 3438 293 3506 ti,
340 3441 543 3494 imente
604 3439 663 3493 in
718 3435 1032 3494 coelestibus
1113 3434 1463 3492 habitabunt.
1532 3436 1829 3492 Possumus

220 3526 596 3584 nihilominus
642 3543 739 3600 per
766 3526 967 3584 omium
1017 3525 1321 3582 Ecclesiam
1366 3525 1696 3598 intelligere.
1728 3526 1830 3581 Per

219 3617 425 3673 coelum
457 3618 635 3675 sancti
664 3617 853 3673 volant
883 3635 896 3684 ;
951 3617 1087 3690 quia
1114 3615 1251 3672 duas
1293 3602 1405 3672 alas
1458 3615 1740 3684 habentes,
1770 3615 1829 3672 id

220 3715 329 3775 est,
358 3708 468 3765 duo
498 3716 769 3781 praecepta
812 3704 1119 3775 charitatis,
1156 3705 1586 3780 circumquaque
1614 3706 1828 3774 volant,

220 3798 558 3871 quibusdam
615 3797 1050 3855 misericordiam
1106 3797 1499 3873 impendendo,
1558 3797 1829 3870 quosdam

221 3884 297 3942 ab
327 3887 720 3961 iniquitatibus
753 3888 1079 3945 revocando.

301 3986 485 4055 (Vers.
521 3985 635 4055 18.)
707 3988 900 4054 Venite,
947 3989 1333 4060 congregamini
1373 3989 1447 4044 ad
1485 4004 1683 4045 orenam
1717 4005 1829 4044 ma-

216 4090 382 4149 gnam
412 4073 511 4129 Dei
537 4074 922 4144 omnipotentis,
956 4083 1015 4130 ut
1048 4079 1373 4132 manducetis
1400 4094 1584 4133 carnes
1626 4094 1829 4149 regum,

218 4171 274 4222 et
301 4179 486 4219 carnes
516 4161 880 4231 tribunorum,
937 4171 986 4220 et
1034 4181 1218 4220 carnes
1263 4165 1508 4236 fortium,
1559 4173 1607 4222 et
1639 4183 1828 4223 carnes

219 4267 503 4323 equorum,
563 4255 611 4304 et
664 4249 957 4305 sedentium
1010 4251 1070 4306 in
1135 4252 1288 4322 ipsis,
1342 4260 1389 4307 et
1448 4271 1631 4310 carnes
1697 4255 1833 4311 libe-

222 4358 416 4397 rorum
475 4346 524 4395 et
584 4355 879 4409 servorum,
937 4345 985 4394 et
1029 4340 1353 4412 pusillorum
1408 4348 1457 4396 et
1497 4360 1828 4415 magnorum.

221 4429 335 4500 Qui
384 4429 744 4501 designantur
791 4443 887 4500 per
935 4444 1087 4501 reges
1118 4436 1172 4483 et
1218 4427 1519 4502 principes,
1550 4430 1751 4488 liberos
1779 4439 1833 4489 et

223 4536 437 4586 servos,
509 4526 865 4592 caaterosque,
939 4516 1045 4591 ipsi
1120 4534 1216 4590 per
1278 4533 1472 4591 equos,
1528 4535 1830 4594 eorumque
1860 4549 1907 4608 D

222 4626 562 4673 ascensores,
607 4608 886 4681 principes
928 4609 1143 4666 scilicet
1194 4617 1374 4678 terrae,
1411 4625 1475 4666 ac
1501 4610 1697 4683 populi
1728 4612 1825 4684 qui

223 4700 306 4756 eis
335 4697 721 4769 subjicientur.
752 4698 920 4755 Coena
944 4715 1074 4754 vero
1104 4697 1203 4754 Dei
1233 4698 1367 4772 quid
1395 4698 1549 4755 aliud
1575 4708 1675 4768 est,
1718 4699 1829 4756 nisi

221 4786 618 4844 exterminatio
649 4784 946 4857 impiorum
977 4786 1006 4842 ‘l
1053 4786 1254 4844 Carnes
1300 4795 1483 4843 autem
1527 4786 1827 4861 impiorum

212 4876 358 4951 justi
390 4874 825 4943 manducabunt,
864 4892 991 4932 cum
1040 4876 1343 4933 vindictam
1397 4894 1467 4933 ex
1515 4877 1677 4933 malis
1710 4894 1829 4950 quae

217 4967 306 5023 eis
354 4965 684 5032 intulerunt,
739 4963 1039 5036 excipient.
1097 4966 1169 5021 Et
1216 4965 1345 5038 quia
1387 4964 1525 5036 justi
1572 4966 1830 5025 videntes

217 5072 445 5130 prunam
493 5054 814 5126 impiorum,
870 5055 927 5110 in
982 5054 1143 5111 bonis
1199 5055 1459 5126 operibus
1509 5058 1829 5129 proﬁciunt,

216 5146 373 5203 sicut
429 5143 567 5201 dicit
608 5143 899 5200 Psalmista
949 5162 962 5199 :
1036 5166 1054 5189 ε
1108 5143 1409 5200 Laetabitur
1448 5145 1654 5216 justus,
1704 5164 1829 5204 cum

222 5236 435 5293 viderit
470 5233 801 5303 vindictam,
835 5250 1030 5290 manus
1056 5250 1184 5291 suas
1208 5234 1419 5292 lavabit
1461 5238 1521 5294 in
1566 5239 1831 5311 sanguine

218 5323 536 5401 peccatoris
566 5323 742 5396 (Psal.
775 5340 910 5391 LVII,
941 5323 1054 5395 11).
1083 5348 1102 5371 ›

300 5416 490 5489 (Vers.
528 5414 641 5487 19.)
691 5415 770 5472 Ει
819 5414 949 5472 vidit
1000 5413 1238 5484 bestiam,
1287 5419 1337 5470 et
1362 5430 1506 5487 reges
1562 5424 1736 5488 teme,
1785 5424 1833 5475 et

1937 1904 1996 1960 in
2022 1910 2264 1976 stagnum
2291 1906 2427 1976 ignis
2453 1905 2690 1961 ardentis
2726 1905 3002 1976 sulphure,
3054 1909 3103 1958 et
3156 1904 3330 1960 ueteri
3384 1906 3540 1961 occisi

1939 1999 2062 2047 sunt
2090 1993 2146 2047 in
2171 1993 2351 2065 gladio
2381 1993 2603 2050 sedentis
2649 2010 2808 2066 super
2853 2008 3065 2064 equum,
3096 1992 3191 2063 qui
3229 1994 3541 2065 procedebat

1939 2084 2001 2140 de
2029 2102 2120 2140 ore
2143 2085 2330 2157 ipsius,
2368 2092 2416 2141 et
2443 2102 2616 2141 omnes
2645 2101 2763 2140 oves
2790 2089 3049 2139 saturata:
3091 2089 3214 2139 sunt
3253 2083 3315 2139 de
3350 2083 3542 2140 carni-

1939 2176 2035 2232 bus
2064 2172 2770 2247 eorum.Apprehendentur
2790 2171 2966 2230 bestia
2986 2180 3040 2229 et
3065 2171 3539 2247 pseudopropheta

1939 2262 2080 2335 ejus,
2113 2262 2334 2337 quando
2362 2263 2505 2320 illud
2530 2261 2875 2334 implebitur,
2903 2262 3052 2335 quod
3081 2262 3360 2334 apostolus
3388 2262 3542 2319 Pau-

1939 2352 2027 2408 lus
2056 2351 2133 2406 ait
2180 2369 2192 2408 :
2256 2373 2274 2398 ι
2306 2349 2480 2418 Quem
2508 2350 2780 2408 Dominus
2811 2350 2966 2407 Jesus
3010 2349 3307 2408 interﬁciet
3340 2351 3541 2426 spiritu

1938 2441 2052 2498 oris
2107 2440 2215 2510 sui,
2270 2448 2325 2496 et
2381 2440 2628 2498 destruet
2686 2440 3056 2499 illustratione
3122 2441 3395 2499 adventus
3453 2441 3540 2498 sui

1941 2532 2031 2603 (II
2063 2532 2242 2587 Thess.
2280 2548 2340 2600 ιι,
2391 2529 2472 2603 8).
2506 2556 2524 2579 ι
2568 2530 2625 2587 Si
2652 2530 3031 2588 Antichristus
3060 2532 3261 2603 spiritu
3290 2531 3402 2588 oris
3434 2535 3540 2589 Do-

1939 2620 2079 2676 mini
2119 2618 2535 2676 interﬁciendus
2580 2625 2681 2686 est,
2723 2617 3002 2691 quomodo
3061 2618 3178 2690 ipse
3215 2626 3270 2675 et
3309 2619 3535 2691 pseudo-

1937 2708 2203 2783 propheta
2227 2708 2347 2780 ejus
2375 2708 2433 2762 in
2462 2714 2713 2780 stagnum
2744 2706 2891 2778 ignis
2920 2704 3033 2761 vivi
3064 2705 3323 2762 mittendi
3359 2709 3537 2765 sunt?

1937 2799 2037 2854 Est
2061 2799 2179 2855 vita
2200 2796 2503 2869 justorum,
2550 2805 2631 2853 est
2662 2803 2715 2853 et
2753 2795 3071 2869 impiorum.
3120 2798 3200 2853 De
3228 2797 3346 2854 vita
3362 2797 3536 2871 justo-

1938 2904 2061 2943 rum
2097 2887 2233 2943 dicit
2264 2885 2549 2959 propheta,
2583 2885 2714 2959 quia
2753 2908 2771 2932 ι
2795 2884 2983 2958 justus
3009 2883 3068 2940 in
3099 2884 3207 2941 ﬁde
3248 2903 3347 2942 sua
3387 2887 3541 2945 vivet

1940 2976 2166 3048 (Hahae.
2201 2993 2261 3044 ιι,
2290 2974 2349 3048 li)
2384 2993 2398 3043 ;
2440 2995 2459 3024 δ
2502 2974 2569 3032 de
2599 2974 2769 3031 vidua
2803 2990 2933 3032 vero
2976 2975 3120 3032 mala
3147 2975 3285 3034 dicit
3313 2976 3537 3048 Paulus,

1938 3065 2068 3140 quia
2103 3088 2121 3113 ‹
2153 3065 2349 3122 vivens
2394 3073 2609 3122 mortua
2644 3074 2726 3123 est
2758 3066 2875 3140 (68)
2910 3066 2970 3138 (Ι
3000 3066 3137 3123 Tim.
3168 3084 3227 3138 v,
3268 3067 3347 3141 6).
3379 3091 3397 3116 ι
3442 3068 3538 3127 Vi-

1937 3163 2049 3213 tam
2078 3173 2313 3231 namque
2340 3156 2636 3229 impiorum
2662 3156 2801 3229 justi
2828 3174 2941 3214 non
2969 3158 3271 3231 incongrue
3300 3167 3537 3218 mortem

1939 3254 2140 3302 vocant
2174 3263 2185 3301 :
2222 3244 2481 3301 similiter
2506 3252 2560 3301 et
2587 3245 2746 3317 impii
2788 3245 2960 3302 vitam
2994 3245 3270 3319 justorum
3304 3255 3537 3305 mortem

1939 3334 2237 3402 aestimant,
2268 3333 2411 3389 sicut
2439 3334 2498 3388 in
2530 3332 2744 3405 judicio
2786 3331 2991 3391 dicturi
3021 3343 3151 3391 sunt
3182 3353 3195 3392 :
3241 3360 3261 3385 ι
3295 3337 3363 3393 Hi
3407 3344 3539 3394 sunt

1939 3439 2076 3497 quos
2102 3420 2400 3495 aliquando
2429 3420 2725 3479 habuimus
2765 3421 2825 3477 in
2869 3421 3135 3491 derisum,
3167 3431 3223 3481 et
3251 3424 3311 3480 in
3339 3424 3534 3481 simili-

1937 3517 2183 3574 tudinem
2218 3513 2536 3588 improperii
2578 3532 2589 3570 :
2632 3530 2734 3571 nos
2779 3512 3044 3570 insensati
3086 3515 3257 3572 vitam
3310 3516 3537 3574 illorum

1938 3608 2345 3666 aestimabamus
2385 3606 2681 3672 insaniam,
2713 3614 2768 3663 et
2800 3604 2965 3661 ﬁnem
3015 3605 3239 3663 illorum
3278 3607 3397 3664 sine
3443 3607 3540 3665 ho-

1938 3714 2071 3754 nore
2105 3698 2260 3770 (Sap.
2294 3714 2350 3766 v,
2381 3695 2434 3765 3,
2466 3695 2545 3769 4).
2578 3718 2597 3743 ι
2654 3693 3034 3752 Antichristus
3061 3711 3191 3769 ergo
3221 3704 3280 3752 et
3309 3696 3536 3769 pseudo-

1939 3788 2206 3862 propheta
2229 3786 2347 3859 ejus
2378 3785 2497 3842 vivi
2543 3784 2698 3842 missi
2728 3793 2860 3842 sunt
2896 3786 2953 3841 in
2990 3793 3245 3859 stagnum
3280 3787 3444 3859 ignis,
3480 3786 3538 3844 id

1940 3884 2042 3946 est,
2072 3877 2130 3933 in
2162 3876 2374 3932 malitia
2412 3891 2511 3932 sua
2554 3873 2694 3944 vivi,
2745 3874 2805 3929 in
2854 3890 2917 3930 ea
2960 3874 3220 3931 videlicet
3256 3892 3431 3948 usque
3476 3875 3538 3932 in

1939 3964 2106 4021 ﬁnem
2154 3964 2283 4020 vitae
2326 3980 2437 4019 suae
2486 3969 2915 4037 perseverantes.
2966 3962 3124 4030 Quod
3169 3972 3352 4019 autem
3402 3964 3540 4022 dicit

1940 4056 2072 4130 quia
2123 4055 2311 4112 caeteri
2363 4055 2532 4112 occisi
2580 4062 2708 4111 sunt
2758 4054 2818 4109 in
2862 4052 3043 4125 gladio
3089 4053 3332 4109 sedentis
3374 4070 3539 4127 super

1940 4162 2168 4220 equum,
2200 4144 2639 4201 interfectionem
2664 4143 2823 4200 istam
2854 4158 2953 4215 pro
2972 4141 3295 4198 confusione
3315 4141 3534 4216 posuit;

1941 4250 2071 4292 nam
2128 4239 2268 4298 571
2323 4234 2524 4303 sancti,
2575 4249 2810 4307 quorum
2858 4230 3112 4287 doctrina
3152 4246 3250 4303 per
3293 4229 3537 4303 gladium

1941 4332 2053 4388 oris
2104 4330 2330 4388 Domini
2387 4328 2722 4403 designatur,
2800 4325 3092 4384 interfecto
3164 4325 3534 4398 Antichristo,

1941 4420 2288 4477 insultabunt
2316 4417 2657 4487 inﬁdelibus,
2686 4433 2750 4473 eo
2780 4415 2926 4489 quod
2956 4413 3236 4471 hominem
3277 4414 3536 4489 impiissi-

1941 4527 2116 4578 mum,
2148 4518 2309 4583 atque
2336 4507 2597 4564 omnibus
2643 4505 2971 4564 hominibus
3018 4504 3348 4562 deteriorem
3377 4506 3535 4562 Anti-

1936 4600 2231 4668 christum,
2300 4597 2668 4655 immortalem
2734 4595 3007 4669 deumque
3071 4594 3533 4665 existimaverint,

1937 4705 2101 4763 quem
2133 4689 2405 4746 constabit
2436 4687 2669 4762 pessima
2698 4694 2875 4744 morte
2920 4693 3265 4759 peremptum
3298 4704 3311 4743 :
3356 4694 3412 4743 at
3451 4687 3535 4744 illi

1939 4778 2351 4838 confundantur
2404 4787 2457 4834 et
2513 4778 2795 4835 tabescent
2846 4775 2906 4832 in
2956 4774 3344 4849 iniquitatibus
3399 4777 3534 4834 suis.

1940 4869 2145 4925 Omnes
2173 4884 2301 4941 ergo
2330 4884 2458 4923 aves
2484 4875 2741 4926 saturata:
2769 4872 2899 4922 sunt
2927 4863 2994 4921 de
3021 4864 3283 4923 carnibus
3307 4880 3531 4932 eorum;

1939 4958 2070 5032 quia
2117 4957 2382 5014 subverso
2416 4957 2783 5024 Antichristo,
2818 4969 3009 5012 omnes
3054 4953 3215 5012 electi
3262 4953 3537 5010 inenarra-

1939 5047 2130 5104 biliter
2174 5046 2495 5121 gaudebunt
2536 5053 2591 5103 et
2626 5042 3007 5113 exsultabunt,
3054 5059 3120 5100 eo
3166 5042 3313 5117 quod
3356 5059 3387 5098 a
3421 5049 3535 5097 tam

1941 5135 2183 5210 pessimo
2214 5135 2370 5192 hoste
2418 5133 2795 5191 misericordia
2836 5132 3030 5190 divina
3074 5148 3166 5189 eos
3196 5130 3532 5197 liberaverit,

1940 5240 2240 5298 omnesque
2296 5223 2391 5297 qui
2445 5239 2537 5281 eos
2585 5219 3082 5298 persequebantur,
3137 5220 3294 5277 velut
3347 5218 3536 5274 fumus

1941 5313 2285 5372 evanuerint.

2010 5413 2240 5474 CAPUT
2267 5413 2396 5473 XX.
2417 5445 2488 5460 —
2508 5411 2691 5488 (Vers.
2717 5410 2796 5486 1.)
2819 5413 2893 5470 Et
2917 5410 3031 5468 vidi
3048 5408 3293 5482 angelum
3317 5404 3535 5463 descen-

301 5631 422 5705 (68)
476 5631 566 5690 Sic
606 5648 799 5689 omnes
838 5647 965 5705 mss.
999 5650 1013 5699 ;
1054 5638 1108 5705 at
1140 5631 1275 5705 edit.
1326 5648 1356 5688 e
1407 5630 1707 5701 contrario,
1740 5631 1869 5689 dicit
1905 5630 2184 5705 propheta,
2214 5630 2345 5702 quia
2362 5627 2544 5700 justus
2572 5626 2632 5683 in
2657 5624 2760 5699 ﬁde
2786 5622 2921 5680 vivit
2938 5637 2960 5688 ;
2992 5622 3057 5679 de
3083 5620 3196 5678 vita
3220 5636 3344 5677 vero
3371 5619 3522 5677 mala

219 5702 357 5760 dicit
382 5705 616 5775 Paulus,
647 5704 775 5779 quia
796 5702 957 5762 vidua
984 5704 1120 5762 male
1148 5704 1322 5762 vivens
1350 5711 1565 5763 mortua
1593 5709 1686 5762 est.
