4060 6208
526 342 669 400 1015

1542 343 1641 401 AD
1678 298 1914 401 OPEitA
1949 343 2006 400 s.
2045 342 2380 403 AMBROSH
2415 343 2797 404 APPENDIX.

3694 346 3838 405 £016

526 466 727 525 dentem
761 468 825 525 de
859 468 1002 537 calo,
1042 468 1309 526 habentem
1343 470 1540 528 clavem
1565 470 1761 543 abyssi,
1802 476 1851 526 et
1884 476 2127 528 catenam
2157 477 2209 539 Α
2231 483 2313 532 est
2337 483 2399 533 ut
2428 476 2600 548 gloria
2632 475 2702 532 ad
2733 491 2899 551 quam
2945 490 3138 533 eorum
3182 474 3379 533 animai
3420 473 3677 549 quotidie
3720 492 3844 549 per.

525 577 773 633 mgnum
800 560 858 616 in
889 577 1054 617 manu
1073 578 1193 619 sua.
1224 562 1645 620 Damnationem
1669 561 1877 620 diaboli
1907 578 2130 620 narrare

525 650 738 719 volens,
769 648 839 706 ad
867 649 1166 708 adventum
1195 650 1403 709 Christi
1447 650 1768 708 revertitur.
1819 651 1951 707 Tres
1977 667 2129 708 nam-

527 756 631 813 que
659 748 789 797 sunt
817 740 1198 797 damnationes
1226 740 1434 797 diaboli
1464 759 1476 798 :
1508 741 1799 798 damnatus
1820 751 1901 798 est
1924 742 2125 814 primo,

526 829 745 903 quando
774 830 840 887 de
880 830 1088 888 coelesti
1119 830 1462 888 beatitudine
1506 840 1727 905 propter
1775 831 2126 905 iniquitatem

524 924 678 979 suam
724 930 807 979 est
837 921 1079 995 dejectus
1112 941 1125 980 :
1158 923 1397 980 secunda
1442 921 1725 978 damnatio
1755 920 1874 993 ejus
1903 921 2030 989 fuit,
2060 920 2127 977 de

525 1027 633 1085 qua
658 1019 850 1069 auctor
878 1011 1009 1067 libri
1040 1010 1209 1085 hujus
1234 1011 1387 1084 loqui
1426 1011 1591 1067 modo
1624 1010 1820 1083 incipit
1848 1027 1862 1077 ;
1905 1010 2125 1083 quando

524 1117 623 1173 per
672 1109 905 1158 mortem
955 1100 1161 1158 Christi
1211 1118 1382 1175 genus
1419 1100 1723 1156 humanum
1758 1099 1826 1155 de
1858 1106 2122 1171 potestate

523 1189 641 1262 ejus
686 1197 935 1263 ereptum
965 1200 1066 1260 est,
1115 1199 1170 1247 et
1217 1190 1353 1263 ipse,
1404 1190 1545 1247 sicut
1576 1204 1813 1261 praesens
1850 1187 2125 1261 scriptura

523 1278 881 1347 demonstrat,
914 1278 973 1334 in
1013 1278 1273 1351 abyssum
1320 1286 1402 1335 est
1451 1276 1711 1350 religatus
1743 1276 1859 1350 (69)
1905 1294 1917 1333 :
1960 1276 2122 1333 tertia

521 1365 805 1423 damnatio
815 1366 931 1440 ejus
946 1369 1072 1438 erit,
1091 1366 1309 1443 quando
1329 1366 1387 1423 in
1408 1366 1689 1424 infernum
1709 1383 1837 1423 cum
1862 1365 2119 1422 omnibus

520 1453 708 1528 impiis
733 1456 792 1512 in
817 1465 1082 1515 aeternum
1118 1458 1448 1516 cruciandus
1480 1457 1843 1531 demergetur.
1875 1456 2118 1529 Angelus

519 1544 704 1619 itaque
740 1544 845 1604 iste
891 1546 1175 1607 Christum
1217 1547 1494 1622 signiﬁcat
1535 1564 1547 1603 :
1593 1545 1875 1602 descensio
1905 1543 2021 1616 ejus
2048 1545 2117 1601 de

518 1636 656 1692 coelo
684 1646 766 1695 est
795 1637 1101 1695 incarnatio
1139 1636 1274 1710 ejus.
1309 1636 1532 1696 Clavem
1560 1634 1770 1707 abyssi,
1797 1634 1855 1691 id
1884 1641 1986 1703 est,
2016 1634 2116 1691 in-

519 1726 685 1798 ferni,
736 1730 852 1802 ipse
895 1730 1137 1803 possidet
1168 1746 1184 1797 ;
1235 1727 1365 1801 quia
1408 1727 1476 1782 ab
1521 1726 1770 1799 ingressu
1810 1724 1927 1798 ejus
1976 1741 2113 1799 quos

2238 567 2537 636 ducuntur,
2568 566 2948 633 describatur;
3001 582 3098 640 per
3127 565 3280 624 sedes
3311 582 3551 640 namque
3602 568 3847 625 omlestis

2238 656 2433 728 patria,
2469 673 2564 729 per
2593 656 2843 713 sedentes
2881 673 3014 714 vero
3052 673 3217 730 super
3242 672 3332 714 eas
3376 666 3700 714 sanctorum
3726 658 3843 715 ani-

2238 761 2339 801 mae
2363 745 2722 819 designantur
2754 764 2766 805 :
2810 746 2959 821 quod
3005 755 3189 804 autem
3227 745 3508 819 judicium
3543 746 3741 804 datum
3770 750 3845 806 sit

2235 836 2459 905 sanctis,
2500 853 2735 910 quorum
2781 837 2979 893 animai
3009 837 3069 893 in
3095 836 3307 893 caelesti
3356 835 3712 894 beatitudine
3763 855 3843 895 re-

2235 925 2570 998 quiescunt;
2617 926 2676 982 in
2715 925 2821 983 hoc
2873 925 3158 984 advertere
3212 942 3528 1000 possumus,
3592 942 3726 982 cum
3773 926 3842 982 ad

2234 1031 2425 1071 eorum
2482 1016 2735 1087 sepulcra
2789 1014 3062 1072 daemonia
3115 1014 3185 1071 ab
3228 1014 3463 1071 obsessis
3507 1015 3843 1088 corporibus

2232 1102 2457 1174 expelli,
2488 1101 2730 1175 perjuria
2764 1119 2902 1176 saepe
2952 1103 3153 1177 detegi,
3184 1111 3348 1177 atque
3396 1105 3578 1160 multa
3606 1104 3843 1161 miracu-

2231 1190 2285 1245 la
2324 1190 2445 1246 ﬁeri
2502 1190 2772 1248 videmus.
2832 1194 2906 1248 Et
2956 1191 3165 1248 animas
3193 1192 3593 1263 interfectorum
3615 1200 3845 1266 propter

2227 1279 2441 1334 verbum
2476 1280 2595 1349 Dei,
2626 1287 2676 1336 et
2703 1280 3053 1337 testimonium
3081 1281 3206 1337 Jesu
3222 1299 3245 1348 ;
3272 1286 3323 1338 et
3350 1282 3443 1354 qui
3485 1300 3599 1338 non
3646 1284 3843 1340 adora-

2226 1376 2420 1426 verunt
2468 1370 2684 1428 bestiam
2754 1377 2804 1427 et
2849 1372 3131 1444 imaginem
3189 1371 3327 1443 ejus,
3383 1390 3473 1430 nec
3525 1384 3849 1448 acceperunt

2226 1461 2578 1517 characterem
2628 1461 2744 1532 ejus
2796 1462 2854 1517 in
2897 1462 3168 1534 frontibus
3195 1470 3292 1519 aut
3332 1462 3388 1519 in
3415 1464 3671 1521 manibus
3709 1467 3842 1554 suis,

2222 1549 2472 1607 vixerunt
2521 1557 2569 1607 et
2620 1559 2974 1624 regnaverunt
3017 1569 3136 1608 cum
3186 1554 3397 1611 Christo
3444 1555 3597 1611 mille
3650 1549 3840 1615 annis;

2223 1639 2327 1696 Per
2355 1640 2566 1697 animas
2594 1639 3015 1700 interfectorum
3065 1650 3293 1716 propter
3333 1642 3568 1700 verbum
3618 1645 3745 1714 Dei,
3786 1655 3840 1704 et

2225 1730 2607 1788 testimonium
2635 1732 2763 1789 Jesu
2815 1741 3086 1806 martyres
3142 1734 3239 1808 qui
3278 1733 3512 1803 diversis
3572 1738 3838 1809 tempori-

517 1818 663 1885 vult,
703 1818 972 1886 retrahit;
1005 1826 1060 1874 et
1089 1832 1224 1891 quos
1265 1815 1410 1886 vult,
1449 1815 1510 1870 in
1539 1812 1657 1886 ejus
1702 1814 2110 1872 damnationem
2149 1842 2194 1903 B
2226 1822 2330 1879 bus
2384 1822 2661 1881 interfecti
2718 1831 2868 1893 sunt,
2915 1838 3209 1896 possumus
3261 1824 3506 1897 accipere
3541 1844 3555 1882 :
3588 1842 3691 1898 per
3741 1843 3827 1883 eas

516 1906 709 1964 cadere
753 1906 902 1979 juste
948 1904 1242 1979 permittit.
1286 1904 1389 1962 Per
1429 1911 1677 1963 catenam
1704 1921 1836 1962 vero
1866 1921 2120 1979 magnam

518 1996 636 2068 ejus
663 2003 900 2068 potestas
928 1994 1266 2068 designatur.

591 2086 773 2158 (Vers.
823 2087 905 2159 2.)
958 2088 1034 2143 Et
1086 2084 1431 2157 apprehendit
1472 2084 1774 2154 draconem,
1821 2090 2111 2158 serpentem

515 2176 816 2248 antiquum,
849 2175 943 2248 qui
987 2181 1208 2232 vocatur
1236 2174 1482 2231 diabolus
1530 2182 1579 2231 et
1621 2181 1861 2244 satanas,
1893 2181 1942 2230 et
1967 2175 2108 2231 reli-

513 2266 659 2338 gavit
703 2282 821 2323 eum
858 2283 958 2339 per
1017 2282 1188 2323 annos
1233 2264 1401 2323 mille.
1443 2262 1828 2337 Apprehendit
1867 2263 2119 2322 Christus

515 2362 824 2428 serpentem
854 2354 1167 2428 antiquum,
1198 2354 1257 2411 id
1293 2363 1395 2423 est,
1427 2353 1735 2420 diabolum,
1767 2352 1987 2427 quando
2018 2369 2115 2426 per

516 2457 749 2507 mortem
778 2465 933 2507 suam
962 2447 1081 2522 ejus
1125 2446 1403 2505 destruxit
1448 2446 1747 2519 imperium
1774 2463 1787 2502 :
1820 2463 1918 2520 per
1945 2463 2118 2506 annos

513 2547 696 2596 autem
728 2538 881 2596 mille
910 2555 1073 2595 omne
1100 2545 1318 2612 tempus
1344 2535 1413 2593 ab
1440 2535 1682 2592 adventu
1712 2534 1925 2615 Christi,
1946 2553 2119 2611 usque

513 2628 584 2685 ad
624 2628 793 2686 ﬁnem
842 2628 1037 2686 mundi
1083 2626 1345 2684 debemus
1386 2625 1650 2699 accipere.
1684 2626 1958 2700 Religavit
1989 2642 2118 2700 ergo

514 2718 768 2778 Christus
798 2718 1081 2777 diabolum
1129 2733 1243 2774 non
1270 2716 1514 2775 vinculis
1543 2710 1843 2788 corporeis,
1874 2715 1970 2773 sed
1998 2717 2117 2773 vin-

515 2814 660 2872 culis
693 2813 977 2887 potestatis
1017 2830 1130 2871 suae
1173 2813 1455 2870 immensae
1488 2827 1502 2879 ;
1552 2810 1682 2885 quia
1709 2827 1836 2868 eum
1866 2828 1898 2867 a
1924 2810 2120 2870 cordi-

515 2905 621 2963 bus
657 2905 957 2964 electorum
1001 2921 1228 2963 suorum
1276 2905 1577 2978 expellens,
1623 2903 1691 2960 ab
1733 2919 1927 2960 eorum
1965 2903 2117 2962 dece-

516 2994 705 3068 ptione
732 2993 925 3050 divina
951 3011 1049 3051 sua
1076 2994 1285 3050 virtute
1313 2993 1601 3049 exclusum
1628 2998 1800 3048 tenet.

590 3084 774 3157 (Vers.
801 3082 884 3157 3.)
913 3086 988 3141 Et
1013 3082 1159 3139 misit
1184 3099 1299 3139 eum
1327 3083 1387 3139 in
1413 3082 1679 3154 abyssum,
1719 3088 1767 3136 et
1811 3081 2021 3153 clausit,
2071 3087 2120 3138 et

514 3172 743 3245 signavit
767 3189 926 3245 super
952 3189 1067 3230 eum
1095 3190 1118 3240 ;
1153 3178 1213 3229 ut
1251 3188 1359 3227 non
1398 3171 1608 3227 seducat
1651 3170 1884 3243 amplius
1923 3176 2114 3243 gentes,
2145 3209 2189 3271 Ο

512 3264 673 3321 donec
719 3271 1144 3323 consummentur
1187 3263 1334 3320 mille
1373 3260 1506 3319 anni
1541 3279 1553 3318 :
1599 3268 1723 3335 post
1766 3261 1874 3317 haec
1917 3267 2119 3333 oportet

510 3361 668 3418 illum
719 3362 856 3420 solvi
911 3362 1115 3420 modico
1160 3367 1406 3433 tempore.
1465 3357 1857 3432 Alligationem
1908 3356 2116 3414 diaboli

509 3449 690 3509 tribus
719 3450 900 3509 modis
928 3466 1221 3524 possumus
1251 3448 1561 3521 intelligere
1588 3466 1603 3516 ;
1647 3463 1937 3519 possumus
1965 3462 2115 3502 nam-

509 3554 615 3612 que
644 3538 751 3596 hoc
778 3539 1107 3612 simpliciter
1149 3538 1482 3610 intelligere,
1518 3546 1580 3592 ut
1608 3536 1816 3591 virtute
1857 3534 1957 3592 Dei
1986 3551 2118 3590 om-

508 3627 814 3699 nipotentis
861 3629 921 3683 in
963 3629 1162 3702 abysso
1208 3629 1471 3701 religatus
1514 3633 1766 3683 teneatur
1815 3642 1990 3699 usque
2046 3625 2115 3683 ad

511 3724 729 3788 tempus
754 3715 1092 3788 prmﬁnitum
1126 3733 1138 3773 :
1178 3731 1470 3788 possumus
1510 3714 1679 3770 etiam
1711 3729 1810 3786 per
1852 3715 2112 3786 abyssum

510 3803 678 3863 corda
698 3803 998 3878 impiorum
1026 3803 1355 3876 intelligere,
1379 3810 1442 3859 ut
1470 3818 1501 3859 a
1531 3801 1791 3860 cordibus
1811 3802 2111 3861 electorum

512 3894 795 3964 exclusus,
829 3894 974 3951 intra
1006 3893 1287 3968 angustias
1316 3892 1566 3952 sordium
1597 3891 1955 3965 reproborum
1985 3909 2113 3951 con-

508 3985 736 4044 strictus
761 3992 817 4041 et
845 3984 1102 4057 alligatus
1128 3991 1380 4041 teneatur
1411 4001 1424 4040 :
1464 3998 1754 4056 possumus
1790 3991 1844 4040 et
1872 3981 1979 4040 hoc
2005 3990 2111 4039 ter-

506 4080 588 4138 tio
617 4080 783 4138 modo
807 4078 1136 4153 intelligere,
1163 4077 1430 4135 Diabolus
1458 4077 1603 4134 nihil
1629 4077 1783 4135 aliud
1814 4077 2106 4150 desiderat,

506 4186 669 4244 quam
701 4168 1082 4242 deceptionem
1130 4167 1422 4225 hominum
1456 4184 1468 4223 :
1500 4175 1555 4223 et
1601 4166 1739 4223 dum
1780 4183 1877 4240 per
1916 4175 2111 4225 custo-

505 4257 655 4315 diam
683 4258 784 4316 Dei
804 4257 1222 4331 omnipotentis,
1247 4258 1343 4332 qui
1372 4257 1573 4315 electos
1602 4273 1729 4314 suos
1758 4257 2036 4315 custodire
2056 4267 2109 4316 et

506 4346 801 4405 defendere
847 4362 960 4403 non
994 4346 1231 4417 desistit,
1278 4346 1346 4403 ab
1393 4362 1583 4403 eorum
1616 4346 1937 4419 deceptione
1964 4363 2107 4405 arce-

507 4443 619 4506 tur,
651 4437 807 4510 quasi
836 4436 1164 4510 quibusdam
1207 4437 1450 4495 vinculis
1487 4436 1606 4510 ejus
1653 4436 1984 4510 impiissima
2016 4456 2109 4496 vo-

507 4527 693 4586 luntas
719 4524 946 4599 religata
977 4531 1216 4582 tenetur.
1256 4525 1360 4581 Per
1389 4532 1577 4599 gentes
1606 4542 1739 4583 vero
1772 4543 1907 4600 quas
1935 4528 2107 4585 sedu—

506 4633 631 4676 cere
657 4632 771 4673 non
801 4614 1163 4689 permittitur,
1193 4615 1339 4672 solos
1367 4612 1569 4672 electos
1597 4616 1859 4674 debemus
1886 4617 2108 4674 intelli-

474 4739 487 4751 -
508 4724 633 4782 gere
667 4725 679 4764 :
708 4715 925 4781 tempus
954 4705 1257 4777 modicum,
1311 4721 1419 4780 quo
1464 4714 1589 4780 post
1618 4706 1773 4763 mille
1800 4723 1975 4764 annos
2004 4709 2108 4765 sol-

507 4797 721 4856 vendus
749 4813 865 4855 esse
912 4796 1137 4868 dicitur,
1181 4804 1399 4871 tempus
1444 4794 1779 4854 Antichristi
1809 4805 1931 4868 est;
1975 4806 2109 4856 tunc

505 4888 657 4946 enim
685 4888 924 4962 peccatis
951 4887 1245 4945 hominum
1290 4887 1646 4957 facientibus,
1694 4887 1919 4945 dabitur
1958 4896 2106 4963 pote-

504 4986 617 5036 stas
647 4976 869 5035 diabolo
897 4984 1013 5037 tota
1035 4977 1245 5037 virtute
1274 4984 1466 5036 contra
1495 4993 1665 5052 genus
1686 4975 1993 5037 humanum
2025 4976 2106 5034 di-

504 5067 772 5127 micandi.

576 5158 761 5231 (Vers.
801 5157 884 5231 4.)
912 5159 990 5217 Et
1014 5158 1127 5216 vidi
1152 5159 1295 5217 sedes
1321 5175 1336 5228 ;
1367 5164 1417 5215 et
1445 5157 1693 5216 sederunt
1721 5172 1880 5231 super
1909 5172 2016 5226 eas,
2059 5165 2108 5215 et

490 5247 763 5319 judicium
804 5249 986 5306 datum
1030 5255 1104 5306 est
1158 5250 1289 5308 illis.
1339 5249 1481 5319 Quia
1526 5248 1779 5321 superius
1834 5246 2100 5319 narravit,

499 5352 610 5410 quo
640 5338 835 5396 ordine
860 5338 1241 5398 misericordia
1266 5338 1460 5397 divina
1480 5337 1728 5412 quotidie
1748 5339 1953 5396 electos
1974 5354 2100 5395 suos

497 5423 567 5481 ab
605 5425 1009 5485 immanissimo
1050 5427 1206 5486 hoste
1253 5427 1475 5485 diabolo
1510 5427 1727 5497 liberet,
1760 5443 2100 5502 consequens

571 5570 688 5650 (69)
720 5570 827 5650 Prp
856 5569 1119 5650 religatus
1165 5568 1390 5650 quidam
1430 5569 1648 5650 codices
1688 5568 1938 5627 scribunt
1968 5571 2097 5627 rele-

494 5645 686 5767 gatis;
717 5640 814 5700 sed
856 5640 942 5699 hae
969 5639 1111 5700 'duo
1157 5639 1320 5703 voces
1363 5642 1525 5703 facile
1560 5640 1620 5700 in
1664 5657 1795 5701 mss.
1829 5659 2091 5702 commu-

554 5725 592 5765 n
620 5727 704 5769 ur.

2136 4577 2185 4637 D

2228 1928 2358 1969 vero
2389 1930 2510 1987 qua).
2562 1930 2675 1969 non
2718 1913 3106 1970 adoraverumt
3152 1913 3383 1971 bestiam
3434 1922 3489 1971 et
3535 1915 3837 1989 imaginem

2227 2001 2365 2075 ejus,
2395 2020 2489 2060 eos
2507 2004 2604 2076 qui
2624 2002 2691 2059 ab
2719 2002 3066 2060 Antichristo
3103 2003 3473 2061 interﬁciendi
3503 2016 3660 2074 sunt,
3699 2017 3831 2080 puto

2227 2111 2342 2151 esse
2369 2092 2782 2166 intelligendos.
2814 2093 2913 2149 Isti
2953 2109 3082 2167 ergo
3121 2095 3374 2152 vixerunt
3400 2103 3450 2152 et
3477 2108 3840 2169 regnaverunt

2226 2201 2343 2238 cum
2377 2182 2588 2239 Christo
2615 2182 2762 2239 mille
2787 2184 2947 2241 annis
2970 2202 2992 2251 ;
3015 2184 3146 2258 quia
3171 2185 3428 2259 quamvis
3459 2204 3696 2261 corpore
3726 2190 3840 2247 sint

2225 2272 2520 2340 interfecti,
2587 2272 2889 2330 secundum
2945 2274 3189 2330 animam
3218 2282 3404 2332 tamen
3448 2278 3659 2335 vivunt
3707 2296 3834 2337 cum

2228 2363 2449 2423 Christo
2477 2363 2537 2419 in
2561 2363 2770 2422 omlesti
2814 2362 3179 2423 beatitudine.
3211 2365 3316 2422 Sed
3346 2368 3713 2439 quaerendum
3744 2387 3839 2427 no-

2225 2454 2312 2511 bis
2340 2462 2421 2510 est
2449 2453 2727 2528 quomodo
2756 2454 2917 2511 electi
2949 2454 3046 2528 qui
3074 2455 3313 2511 instante
3342 2455 3453 2513 fine
3506 2460 3714 2515 mundi
3743 2478 3839 2516 na.

2227 2543 2419 2601 scituri
2446 2551 2595 2613 sunt,
2627 2560 2753 2601 cum
2777 2543 3000 2602 Christo
3031 2543 3184 2601 mille
3215 2545 3377 2601 annis
3392 2562 3623 2619 regnare
3644 2549 3841 2606 dican-

2227 2643 2338 2706 tur,
2366 2653 2493 2694 cum
2541 2645 2757 2710 tempus
2806 2637 2963 2695 mille
3010 2654 3284 2695 annorum
3313 2655 3428 2696 non
3458 2640 3525 2697 ad
3577 2642 3838 2701 futurum

2224 2734 2461 2799 tempus,
2494 2728 2644 2801 quod
2673 2728 2792 2783 sine
2823 2726 2933 2784 ﬁne
2989 2735 3091 2798 est,
3142 2728 3237 2785 sed
3266 2730 3335 2786 ad
3364 2747 3604 2803 praesens
3645 2734 3840 2805 potius

2225 2817 2516 2889 pertineat,
2548 2816 2696 2890 quod
2726 2816 2786 2874 in
2815 2817 2923 2874 ﬁne
2943 2817 3139 2874 mundi
3161 2819 3663 2889 consummabitur,
3688 2830 3749 2879 et
3779 2823 3841 2881 in

2226 2922 2335 2980 quo
2360 2905 2496 2964 ﬁdes
2533 2906 2823 2980 Evangelii
2852 2923 2948 2980 per
2975 2908 3301 2965 universum
3350 2909 3541 2967 orbem
3598 2911 3834 2983 ﬂorens,

2226 2996 2428 3052 electos
2465 2995 2712 3070 quotidie
2765 2997 2833 3054 ad
2880 2996 3049 3054 vitam
3090 3005 3360 3065 mmmam
3410 3000 3839 3074 percipiendam

2226 3082 2436 3157 dirigit.
2490 3085 2648 3154 Quod
2704 3086 2783 3143 ita
2845 3086 3176 3143 solvendum
3241 3097 3394 3160 puto.
3457 3089 3709 3162 Tempus
3766 3093 3836 3149 ab

2225 3175 2546 3233 ascensione
2577 3175 2786 3233 Christi
2816 3194 2990 3251 usque
3011 3178 3079 3235 ad
3104 3178 3270 3234 ﬁnem
3298 3178 3515 3249 mundi,
3549 3182 3707 3254 quod
3740 3199 3837 3255 per

2227 3263 2380 3320 mille
2407 3281 2581 3321 annos
2600 3262 2936 3338 designatur,
2970 3266 3229 3323 omnibus
3266 3266 3456 3325 electis
3486 3268 3827 3341 deputatum

2225 3360 2328 3422 est,
2358 3359 2421 3409 ut
2450 3354 2508 3409 in
2535 3370 2599 3410 eo
2628 3353 2747 3411 sine
2770 3354 3093 3427 corporibus
3122 3356 3295 3428 gloria
3310 3357 3521 3414 ccelesti
3563 3375 3699 3416 cum
3728 3362 3831 3418 Do-

2226 3442 2378 3498 mino
2428 3443 2818 3515 perfruantur:
2871 3451 2926 3500 et
2985 3444 3189 3501 scimus
3245 3446 3375 3520 quia
3418 3464 3615 3505 omnes
3666 3450 3833 3507 electi

2224 3530 2470 3587 membra
2499 3530 2704 3590 Christi
2733 3540 2882 3601 sunt,
2914 3540 2969 3590 et
2998 3549 3068 3589 ex
3096 3534 3288 3593 multis
3335 3536 3604 3593 membris
3647 3555 3831 3595 unum

2222 3634 2421 3692 corpus
2449 3620 2686 3677 efﬁcitur
2714 3639 2727 3689 ;
2759 3629 2814 3678 et
2847 3622 2895 3678 si
2933 3622 3204 3696 gloriatur
3251 3641 3426 3682 unum
3482 3626 3831 3698 membrum,

2221 3707 2565 3781 congaudent
2594 3710 2784 3768 omnia
2812 3711 3077 3769 membra.
3102 3713 3380 3770 Gaudium
3412 3714 3589 3786 igitur
3617 3732 3830 3789 praece-

2220 3793 2473 3855 dentium
2501 3806 2840 3869 sanctorum,
2886 3799 3110 3858 illorum
3153 3802 3525 3862 nihilominus
3563 3806 3698 3875 erit,
3736 3809 3829 3880 qui

2219 3886 2279 3943 in
2308 3887 2418 3944 ﬁne
2466 3888 2662 3946 mundi
2711 3888 2977 3947 nascituri
3032 3900 3180 3963 sunt,
3216 3893 3345 3966 quia
3392 3909 3568 3949 unum
3622 3912 3833 3969 corpus

2219 3975 2526 4034 afﬁcientur
2578 3995 2704 4037 cum
2755 3980 2853 4050 eis,
2902 3987 2957 4036 et
3002 3978 3063 4036 in
3107 3980 3233 4037 aliis
3273 3980 3643 4054 possidebunt
3669 3985 3829 4058 quod

2219 4064 2354 4139 ipsis
2376 4066 2573 4125 deerit.

2291 4156 2473 4229 (Vere.
2503 4156 2585 4230 5.)
2621 4157 2813 4220 Crateri
2856 4176 2981 4216 vero
3027 4176 3136 4215 non
3162 4160 3437 4230 vixerunt,
3493 4160 3657 4217 donec
3704 4179 3827 4217 cou-

2216 4253 2542 4304 summentur
2588 4248 2736 4306 mille
2786 4249 2936 4307 anni.
2992 4248 3186 4308 Caeteri
3238 4257 3442 4321 autem,
3493 4251 3552 4308 id
3599 4259 3686 4308 est
3741 4270 3823 4310 re-

2216 4336 2394 4410 probi,
2452 4354 2566 4395 non
2612 4339 2889 4409 vixerunt,
2942 4339 3072 4414 quia
3119 4348 3241 4413 post
3282 4349 3517 4398 mortem
3572 4358 3695 4398 non
3757 4343 3826 4401 ad

2217 4427 2712 4498 vitam'ducuntur,
2746 4446 2866 4503 quae
2906 4429 2966 4487 in
2993 4431 3307 4489 coelestibus
3348 4439 3677 4489 sanctorum
3703 4434 3824 4490 ani-

2215 4519 2408 4578 mabus
2452 4521 2633 4593 datur,
2664 4522 2758 4579 sed
2787 4522 2847 4578 in
2896 4522 3176 4580 infernum
3219 4523 3640 4598 demerguntur,
3696 4542 3824 4601 qua:

2215 4608 2274 4665 in
2302 4608 2407 4668 hoc
2431 4610 2575 4668 libro
2608 4629 2755 4668 mors
2782 4613 2960 4685 prima
2988 4621 3217 4671 vocatur
3246 4614 3388 4687 (70).

2290 4700 2473 4773 (Vers.
2493 4701 2574 4774 6.)
2603 4703 2725 4758 Haec
2751 4708 2824 4758 est
2873 4705 3188 4760 resurrectio
3212 4704 3414 4776 prima.
3468 4705 3675 4762 Beatus
3715 4709 3815 4779 qui

2215 4791 2367 4847 habet
2384 4797 2592 4863 partem
2620 4792 2678 4847 in
2724 4794 3103 4851 resurrectione
3144 4795 3348 4867 prima,
3388 4794 3449 4851 in
3481 4796 3552 4851 iis
3579 4798 3820 4853 secunda

2213 4896 2358 4935 mors
2384 4896 2492 4936 non
2516 4880 2669 4937 habet
2711 4888 3034 4954 potestatem.
3090 4882 3458 4952 Quaerendum
3496 4884 3660 4942 nobis
3710 4895 3815 4957 est,

2214 4986 2336 5044 qua:
2362 4969 2436 5027 sit
2461 4971 2788 5031 resurrectio
2835 4973 3051 5045 prima;
3107 4991 3234 5032 nam
3282 4977 3517 5049 primam
3568 4993 3819 5035 resurre-

2212 5059 2450 5119 ctionem
2482 5078 2595 5119 non
2624 5062 2851 5134 diceret,
2882 5064 2991 5121 nisi
3018 5073 3159 5123 esset
3192 5073 3247 5122 et
3275 5066 3517 5123 secunda
3550 5085 3562 5123 :
3602 5085 3706 5126 nec
3735 5084 3815 5125 sco

2212 5149 2449 5207 cundam
2502 5159 2754 5222 mortem,
2801 5152 2910 5209 nisi
2957 5148 3097 5211 esset
3122 5163 3176 5212 et
3202 5155 3405 5228 prima.
3449 5155 3814 5231 Resurgimus

2211 5239 2395 5316 itaque
2422 5242 2602 5315 primo
2644 5258 2742 5315 per
2779 5241 3116 5316 baptismum
3169 5261 3201 5301 a
3228 5253 3405 5303 morte
3433 5246 3675 5304 animas:
3714 5247 3812 5304 sed

2210 5331 2340 5405 quia
2380 5330 2517 5389 dicit
2557 5332 2745 5390 beatos
2788 5350 2903 5392 esse
2956 5351 3048 5392 eos
3094 5336 3190 5410 qui
3234 5335 3441 5395 habent
3477 5345 3691 5411 partem
3750 5338 3809 5393 in

2208 5425 2604 5483 resurrectione
2645 5426 2841 5499 prima,
2901 5444 3013 5486 non
3059 5428 3202 5486 mihi
3255 5430 3323 5487 de
3370 5431 3647 5505 baptismo
3700 5430 3809 5490 hoc

2280 5567 2395 5641 (70)
2418 5569 2576 5645 130m.
2609 5569 2741 5627 edit.
2774 5579 2829 5627 et
2855 5572 2984 5645 Reg.
3018 5588 3144 5641 ms.,
3194 5591 3337 5631 mors
3381 5577 3609 5634 secunda
3640 5593 3803 5632 caca-

2207 5640 2384 5699 tur....
2415 5640 2611 5700 Beatus
2648 5649 2697 5699 et
2721 5640 2960 5715 sanctus;
2983 5644 3077 5718 qui
3103 5640 3273 5718 habet,
3304 5654 3409 5707 etc.
