4060 6208
297 385 434 444 1017

1182 379 1640 438 BERENGAUDI
1677 377 2051 437 EXPOSITIO
2089 378 2158 435 IN
2198 378 2699 437 APOCALYPSIN.

3454 376 3589 434 1018

294 512 505 571 dictum
533 509 789 578 videtur;
821 525 887 566 eo
916 507 1064 582 quod
1092 523 1203 565 non
1229 525 1421 567 omnes
1470 508 1616 566 beati
1645 508 1757 565 sint
1785 508 1881 581 qui
1913 510 1965 571 Α
1989 509 2192 565 electos
2228 507 2683 579 comprehendit;
2715 521 2907 563 omnes
2936 522 3172 579 namque
3199 505 3384 577 electi,
3416 522 3589 565 sacer-

295 618 392 675 per
416 600 754 674 baptismum
788 605 1008 655 amorte
1036 598 1233 656 animae
1260 613 1543 672 resurgere
1572 598 1836 654 videntur
1866 614 1880 664 ;

296 707 360 749 eo
412 690 561 764 quod
608 689 867 746 nonnulli
898 693 1043 752 572
1091 697 1215 762 post
1250 689 1587 763 baptismum
1636 688 1740 760 ipsi
1782 686 1888 743 sibi

294 785 570 860 peccando
616 793 846 842 mortem
877 786 1184 855 attrahunt,
1244 784 1562 841 mentiendo
1590 800 1710 858 quae
1739 783 1797 839 in
1826 799 1890 839 eo

296 875 689 949 promiserunt,
746 883 909 949 atque
967 874 1026 931 in
1078 874 1193 931 suis
1246 876 1408 931 malis
1468 872 1885 947 perseverando.

296 966 437 1022 Sunt
466 966 629 1021 etiam
661 966 919 1022 nonnulli
963 966 1058 1038 qui
1106 973 1231 1037 post
1277 964 1735 1038 perpetrationem
1764 979 1889 1020 sce—

293 1054 498 1119 lerum,
518 1054 721 1127 quibus
749 1053 856 1110 sibi
886 1061 1119 1109 mortem
1154 1054 1483 1121 intulerunt,
1512 1052 1581 1108 ad
1602 1052 1771 1107 vitam
1796 1067 1892 1124 per

296 1143 699 1216 paenitentiam,
738 1150 793 1199 et
843 1144 1137 1216 lacrymas,
1189 1150 1491 1216 cmteraque
1538 1142 1683 1198 bona
1727 1157 1891 1213 opera

297 1233 551 1301 redeunt,
609 1232 677 1288 de
730 1232 932 1305 quibus
988 1232 1284 1304 Apostolus
1334 1231 1598 1302 loquitur,
1652 1231 1885 1288 dicens:

312 1346 331 1367 ι
374 1320 565 1392 Surge,
594 1321 690 1393 qui
720 1320 948 1387 dormis,
978 1328 1032 1375 et
1060 1335 1293 1390 exsurge
1320 1336 1351 1374 a
1398 1320 1653 1387 mortuis,
1684 1327 1739 1375 et
1766 1319 1890 1375 illu-

298 1408 533 1464 minabit
563 1417 616 1465 te
659 1409 914 1465 Christus
942 1410 1161 1479 (Ephes.
1185 1424 1242 1475 v,
1268 1406 1381 1478 14).
1404 1431 1423 1456 ι
1465 1406 1570 1462 Sed
1598 1424 1699 1466 nec
1727 1408 1889 1463 istam

296 1497 528 1568 primam
570 1497 1028 1554 resurrectionem
1076 1496 1258 1552 dicere
1293 1512 1616 1569 possumus;
1650 1512 1714 1553 eo
1743 1496 1891 1569 quod

296 1588 477 1660 primo
525 1603 621 1659 per
670 1586 1027 1658 baptismum,
1069 1586 1314 1643 secundo
1361 1603 1457 1658 per
1508 1586 1891 1659 paenitentiam

295 1686 348 1733 et
390 1677 663 1749 lacrymas
712 1676 912 1733 animae
964 1683 1163 1732 nostra:
1218 1676 1289 1732 ad
1316 1676 1488 1732 vitam
1540 1682 1888 1732 revocentur.

293 1765 520 1822 Necesse
548 1773 630 1821 est
650 1782 778 1839 ergo
811 1774 874 1822 ut
905 1764 1324 1837 investigemus,
1358 1780 1520 1838 quam
1545 1772 1703 1822 vocet
1718 1780 1892 1821 resur-

295 1855 594 1914 rectionem
624 1856 883 1929 primam.

367 1945 614 2013 Quatuor
642 1953 770 2000 sunt
787 1945 918 2000 vitae
947 1943 1197 2001 ﬁdelium
1221 1962 1233 1999 :
1258 1943 1435 2016 prima
1464 1942 1627 2011 mala,
1654 1941 1894 1999 secunda

294 2033 440 2089 bona
466 2040 520 2088 et
551 2033 715 2101 mala,
747 2034 923 2089 tertiae
953 2050 1084 2090 vero
1111 2043 1166 2089 et
1194 2040 1401 2106 quartae
1435 2032 1651 2087 nullum
1685 2032 1891 2087 malum

296 2121 575 2178 adhaerere
618 2128 814 2194 potest.
848 2121 1034 2177 Prima
1081 2131 1162 2179 est
1205 2130 1330 2177 ante
1366 2120 1724 2193 baptismum,
1772 2136 1893 2194 quae

297 2218 411 2267 tota
441 2212 585 2266 mala
628 2220 709 2268 est
754 2228 766 2266 :
816 2211 1057 2268 secunda
1102 2218 1227 2284 post
1262 2210 1619 2284 baptismum,
1672 2227 1792 2283 quae
1840 2218 1895 2266 et

296 2301 439 2357 bona
464 2309 518 2357 et
538 2301 682 2357 mala
710 2300 823 2357 dici
850 2309 1030 2375 potest
1054 2319 1069 2369 ;
1094 2301 1283 2357 nullus
1311 2301 1458 2357 enim
1485 2300 1734 2356 ﬁdelium
1758 2308 1892 2357 tem-

298 2409 399 2466 pus
426 2392 557 2449 vitae
586 2391 874 2464 prmaentis
919 2391 1038 2447 sine
1084 2391 1363 2464 aliquibus
1388 2392 1628 2464 peccatis
1657 2392 1894 2449 transire

297 2488 493 2554 potest,
526 2481 670 2537 sicut
699 2482 801 2537 iste
830 2481 1066 2536 Joannes
1110 2480 1355 2554 loquitur
1383 2480 1572 2537 dicens
1604 2499 1615 2537 :
1666 2505 1685 2529 ι
1722 2480 1777 2537 Si
1810 2480 1892 2537 di-

297 2569 544 2625 xerimus
573 2568 704 2643 quia
749 2578 1033 2641 peccatum
1062 2585 1175 2624 non
1205 2568 1491 2638 habemus,
1527 2569 1894 2642 nosmetipsos

296 2658 631 2727 seducimus,
680 2666 734 2715 et
782 2658 985 2715 veritas
1014 2658 1074 2715 in
1113 2659 1273 2715 nobis
1302 2676 1415 2716 non
1445 2668 1527 2716 est
1568 2660 1622 2733 (1
1658 2660 1817 2716 Joan.
1850 2677 1889 2729 1,

296 2747 376 2819 8).
408 2772 427 2795 ι
472 2748 655 2805 Tertia
682 2755 783 2817 est,
815 2764 936 2820 quae
966 2755 1081 2804 tota
1107 2748 1252 2805 bona
1279 2756 1381 2818 est,
1416 2756 1469 2804 et
1510 2748 1579 2805 ad
1619 2764 1782 2821 quam
1812 2763 1893 2804 se-

297 2836 405 2893 ries
452 2836 620 2910 hujus
664 2835 917 2893 lectionis
946 2837 1215 2910 pertinet,
1246 2854 1367 2910 quae
1397 2854 1428 2893 a
1453 2837 1705 2910 passione
1735 2835 1892 2895 Chri—

295 2927 365 2983 sti
394 2944 567 3002 usque
598 2927 667 2983 ad
696 2927 864 2985 ﬁnem
890 2928 1088 2984 mundi
1117 2929 1455 2998 extenditur,
1487 2928 1547 2984 in
1575 2944 1683 3002 qua
1718 2927 1895 2983 sancti

297 3017 417 3073 sine
454 3017 777 3090 corporibus
805 3033 933 3073 cum
962 3016 1201 3073 Domino
1229 3018 1345 3073 vita
1373 3027 1575 3075 aeterna
1604 3018 1893 3090 perfruun-

296 3113 434 3162 tur:
487 3123 649 3181 quam
705 3107 872 3164 etiam
915 3105 1150 3178 primam
1203 3108 1665 3165 resurrectionem
1712 3117 1894 3176 vocat,

294 3214 419 3256 cum
455 3196 633 3254 dicit:
666 3198 789 3253 Hcec
835 3202 911 3251 est
935 3197 1251 3252 resurrectio
1288 3198 1489 3269 prima.
1524 3198 1761 3270 Tempus
1789 3198 1894 3255 ita-

296 3302 402 3359 que
422 3302 455 3341 a
482 3284 735 3358 passione
756 3285 964 3343 Christi
995 3301 1169 3359 usque
1188 3285 1256 3343 ad
1286 3285 1453 3342 ﬁnem
1476 3287 1671 3344 mundi
1702 3305 1895 3345 resur—

294 3374 468 3431 rectio
496 3373 675 3445 prima
704 3381 952 3431 vocatur.
1007 3373 1213 3442 Quarta
1260 3374 1379 3431 vita
1425 3383 1742 3432 sanctorum
1789 3377 1896 3434 erit

299 3470 422 3536 post
450 3462 816 3537 receptionem
863 3481 1178 3538 corporum,
1209 3480 1330 3538 quae
1360 3466 1517 3522 nullo
1563 3464 1673 3522 ﬁne
1707 3465 1893 3522 termi-

295 3552 543 3609 nabitur.
593 3552 768 3624 Igitur
814 3553 944 3627 quia
973 3554 1091 3611 vita
1128 3571 1369 3627 praesens
1397 3554 1457 3610 in
1484 3556 1895 3628 comparatione

298 3642 428 3699 vitae
458 3643 696 3701 caelestis
725 3660 874 3701 mors
902 3654 1047 3703 recte
1080 3645 1192 3704 dici
1245 3655 1446 3721 potest,
1489 3647 1665 3705 sancti
1715 3650 1894 3721 prima

295 3732 696 3789 resurrectione
724 3741 858 3793 tunc
888 3743 1202 3809 resurgunt,
1253 3752 1379 3794 cum
1426 3737 1495 3794 ab
1541 3736 1645 3793 hac
1691 3737 1892 3793 misera

295 3821 413 3878 vita
437 3821 727 3892 subtracti,
759 3822 819 3880 in
844 3824 1053 3882 caalesti
1103 3823 1450 3884 beatitudine
1496 3843 1622 3885 cum
1653 3828 1892 3884 Domino

293 3914 653 3973 collocantur.

365 4012 437 4068 Et
468 4013 613 4070 sicut
637 4018 719 4068 est
746 4010 865 4069 haec
894 4012 1072 4085 prima
1098 4016 1425 4074 resurrectio
1460 4025 1801 4089 sanctorum,
1818 4019 1896 4076 ita

295 4107 377 4156 est
425 4108 479 4157 et
524 4101 701 4173 prima
742 4116 893 4157 mors
922 4102 1256 4175 impiorum;
1316 4104 1536 4178 quando
1568 4116 1892 4179 praesentem

294 4188 466 4246 vitam
494 4189 772 4257 deserunt,
823 4196 877 4245 et
915 4189 975 4245 in
1022 4191 1199 4264 poenis
1230 4191 1626 4267 demerguntur
1658 4213 1670 4251 :
1704 4212 1893 4253 secun-

295 4277 366 4335 da
416 4295 548 4336 vero
590 4295 739 4335 mors
788 4278 985 4336 ultima
1013 4280 1297 4338 damnatio
1344 4282 1479 4353 erit,
1536 4285 1680 4340 sicut
1716 4285 1775 4341 in
1816 4303 1895 4342 se-

300 4369 595 4441 quentibus
657 4369 906 4442 exponit.
962 4371 1118 4427 Beati
1169 4387 1296 4444 ergo
1348 4381 1512 4430 erunt
1552 4376 1648 4448 qui
1690 4376 1897 4434 habent

295 4466 504 4530 partem
552 4460 612 4515 in
645 4460 1046 4518 resurrectione
1077 4461 1277 4534 prima,
1321 4470 1376 4518 et
1423 4463 1481 4518 in
1527 4464 1598 4522 iis
1652 4467 1897 4524 secunda

1997 600 2152 656 dotes
2180 604 2467 665 vocantur,
2499 597 2617 652 sive
2663 596 2811 670 quod
2849 595 2961 653 sint
2989 596 3233 652 membra
3262 596 3465 653 summi
3494 613 3592 653 sa-

1996 688 2254 757 cerdotis,
2285 687 2401 744 sive
2452 687 2600 761 quod
2640 687 2747 759 ipsi
2792 685 3111 759 semetipsos
3139 686 3333 743 offerre
3357 688 3471 744 Deo
3495 702 3593 760 per

1997 781 2143 837 bona
2170 796 2333 852 opera
2361 796 2474 836 non
2513 778 2797 836 desistant.

2072 869 2255 941 (Vers.
2290 869 2367 941 7.)
2398 869 2473 925 Et
2516 886 2633 923 cum
2669 867 3015 924 consummati
3043 866 3247 937 fuerint
3270 866 3415 921 mitte
3439 865 3590 934 anni,

1999 959 2228 1015 solvetur
2274 964 2492 1014 satanas
2527 958 2590 1013 de
2637 974 2845 1013 carcere
2889 974 3006 1025 suo,
3042 963 3092 1012 et
3131 955 3312 1022 exibit,
3339 961 3387 1010 et
3431 954 3595 1009 sedu—

1998 1056 2073 1105 cet
2121 1055 2310 1121 gentes,
2342 1066 2459 1120 qua:
2496 1055 2622 1103 sunt
2671 1065 2829 1119 super
2873 1053 3103 1118 quatuor
3147 1046 3369 1117 angulos
3415 1050 3591 1113 terrae,

2004 1140 2112 1210 Gog
2159 1145 2208 1193 et
2251 1139 2458 1209 Magog.
2491 1136 2650 1206 Quod
2686 1137 2779 1195 hic
2825 1153 3029 1203 carcer,
3064 1135 3317 1208 superius
3365 1132 3596 1205 abyssus

1998 1239 2246 1287 vocatur.
2309 1228 2415 1285 Sed
2470 1228 2691 1284 interim
2748 1227 2981 1300 quaestio
3038 1224 3217 1281 oritur
3276 1243 3287 1280 :
3344 1222 3596 1297 superius

1999 1321 2200 1394 quippe
2216 1318 2580 1393 quorumdam
2596 1317 2913 1391 opinionem
2931 1332 3183 1390 sequens,
3196 1314 3316 1371 dixi
3328 1329 3424 1386 per
3437 1312 3597 1384 abys-

2000 1427 2120 1465 sum
2153 1409 2319 1466 corda
2348 1409 2645 1481 impiorum
2677 1423 2833 1480 posse
2861 1405 3157 1478 designari,
3184 1405 3242 1460 in
3266 1403 3468 1477 quibus
3482 1401 3596 1457 dia-

1998 1497 2161 1554 bolus
2190 1514 2221 1552 a
2248 1495 2508 1553 cordibus
2536 1496 2784 1552 ﬁdelium
2812 1496 3095 1569 expulsus,
3128 1494 3389 1564 religatus
3415 1500 3596 1548 tenea-

1999 1595 2092 1643 tur
2124 1605 2135 1644 :
2170 1587 2216 1643 si
2258 1603 2385 1658 ergo
2423 1601 2521 1659 per
2566 1586 2826 1659 abyssum
2874 1585 3040 1643 corda
3084 1583 3442 1658 reproborum
3490 1580 3598 1637 de—

2000 1676 2306 1749 signantur,
2337 1675 2614 1748 quomodo
2651 1675 2719 1731 de
2762 1675 2979 1749 abysso,
3012 1675 3070 1731 id
3099 1682 3201 1741 est,
3235 1674 3302 1731 de
3332 1670 3598 1729 cordibus

2001 1766 2361 1839 reproborum
2405 1764 2558 1821 exire
2596 1764 2822 1834 dicitur,
2854 1782 2989 1838 quos
3021 1780 3305 1837 nunquam
3346 1762 3617 1820 derelin-‘

1923 1872 1970 1932 Β
2002 1864 2133 1929 quot
2151 1857 2179 1912 ‘I
2208 1855 2481 1929 numquid
2509 1854 2769 1928 reprobos
2811 1854 3174 1911 derelicturus
3202 1861 3305 1923 est,
3336 1861 3390 1909 et
3428 1853 3597 1909 inva-

2002 1959 2164 1999 surus
2190 1943 2431 2000 electos?
2458 1943 2625 2000 Nullo
2653 1942 2837 1999 modo.
2868 1940 3261 2014 Alligationem
3301 1957 3432 2013 ergo
3469 1940 3601 1996 dia—

2002 2031 2115 2086 boli
2162 2032 2463 2088 secundum
2505 2033 2744 2088 litteram
2788 2030 3202 2104 intelligendam
3247 2038 3401 2103 puto,
3437 2037 3500 2086 ut
3536 2029 3596 2085 in

2003 2120 2188 2193 aliquo
2216 2120 2401 2193 abyssi
2432 2121 2553 2177 loco
2583 2121 2789 2177 virtute
2820 2120 3013 2177 divina
3040 2120 3297 2194 religatus
3328 2128 3597 2189 teneatur,

2002 2209 2091 2264 vel
2120 2216 2265 2265 certe
2286 2208 2347 2264 in
2375 2208 2594 2265 inferno
2619 2225 2792 2282 usque
2821 2209 2889 2265 ad
2914 2209 3061 2292 diem
3085 2208 3450 2266 absolutionis
3464 2224 3598 2264 suae.

2005 2300 2220 2356 Seducet
2245 2308 2427 2357 autem
2465 2306 2635 2372 gentes
2670 2317 2788 2372 qua:
2814 2306 2936 2355 sunt
2976 2318 3134 2373 super
3161 2306 3394 2371 quatuor
3420 2315 3602 2378 angu-

2005 2391 2081 2446 los
2112 2395 2302 2458 terrw;
2333 2390 2463 2463 quia
2496 2389 2781 2445 universas
2810 2396 2997 2462 gentes
3034 2407 3155 2464 quae
3195 2389 3339 2446 infra
3367 2396 3602 2463 quatuor

2001 2480 2185 2553 plagas
2226 2480 2420 2537 mundi
2466 2480 2843 2549 continentur,
2892 2480 3224 2538 Antichristi
3269 2477 3602 2551 impiissima

2004 2570 2256 2627 doctrina
2284 2568 2639 2642 perlustrabit
2669 2586 2681 2624 :
2714 2570 3002 2643 nullasque
3027 2569 3162 2626 alias
3202 2577 3390 2641 gentes
3418 2566 3593 2623 sedu-

2001 2668 2109 2729 cet,
2136 2660 2246 2715 nisi
2288 2676 2409 2733 quae
2457 2659 2781 2731 spiritaliter
2808 2659 2924 2731 Gog
2975 2668 3030 2715 et
3064 2660 3259 2731 Magog
3287 2664 3557 2714 vocantur
3584 2674 3598 2723 ;

2003 2749 2120 2822 Gog
2164 2767 2404 2823 namque
2452 2750 2847 2822 interpretatur
2888 2757 3113 2819 tectum,
3154 2751 3345 2822 Magog
3390 2748 3457 2804 de
3508 2754 3601 2803 te-

2002 2848 2091 2898 cto
2123 2841 2262 2912 (71).
2298 2841 2402 2897 Per
2439 2840 2555 2913 Gog
2584 2840 2773 2912 igitur,
2803 2840 2898 2914 qui
2938 2840 3329 2913 interpretatur
3369 2845 3599 2905 tectum,

2004 2932 2046 2988 ii
2074 2933 2433 3005 designantur
2480 2932 2576 3006 qui
2609 2932 2875 2989 malitiam
2915 2948 3070 2989 suam
3117 2933 3173 2989 in
3209 2931 3372 2990 corde
3400 2939 3601 3005 tegen-

2003 3030 2104 3091 tes,
2130 3021 2270 3095 justi
2299 3022 2367 3079 ab
2396 3021 2719 3080 hominibus
2747 3021 3105 3093 videbuntur,
3128 3040 3254 3079 cum
3289 3022 3462 3079 futuri
3489 3022 3603 3079 sint

2005 3120 2188 3170 mente
2235 3114 2454 3187 reprobi
2492 3115 2725 3189 :Magog
2764 3130 2918 3184 vero,
2963 3114 3057 3189 qui
3098 3114 3491 3187 interpretatur
3535 3112 3601 3169 de

1923 3227 1974 3293 ρ
2003 3210 2283 3293 tecto,eos
2308 3202 2557 3293 designat
2586 3205 2680 3277 qui
2706 3203 2775 3261 de
2802 3213 2948 3262 tecto
2975 3204 3158 3261 cordis
3188 3203 3275 3260 sui
3304 3204 3364 3259 in
3387 3211 3601 3293 apertas

2004 3291 2254 3347 miserias
2282 3292 2398 3365 (72)
2422 3302 2865 3367 prorumpentes,
2895 3293 3153 3349 omnibus
3182 3309 3237 3349 se
3268 3291 3468 3366 impios
3487 3308 3603 3348 esse

2003 3379 2481 3439 demonstrabant.
2509 3382 2666 3438 Tales
2698 3382 2883 3457 itaque
2916 3382 3170 3440 diabolus
3205 3398 3301 3456 per
3319 3380 3600 3440 Antichri-

2006 3486 2151 3533 stum
2183 3477 2345 3536 facile
2377 3478 2638 3552 decipiet.

2077 3568 2259 3639 (Vers.
2288 3568 2369 3640 8.)
2401 3571 2475 3626 Et
2513 3571 2843 3643 congregabit
2867 3587 2951 3626 eos
2992 3571 3051 3627 in
3073 3571 3342 3644 prcelium,
3375 3586 3605 3643 quorum

2000 3673 2252 3712 numerus
2306 3665 2382 3714 est
2428 3660 2563 3715 sicut
2618 3678 2786 3717 arena
2840 3661 3027 3718 maris.
3085 3662 3149 3717 In
3202 3660 3455 3734 praelium
3512 3677 3605 3717 eos

2002 3746 2397 3819 congregabit;
2438 3749 2567 3823 quia
2604 3749 2674 3805 ad
2712 3751 3017 3809 Ecclesiam
3046 3752 3144 3810 Dei
3174 3749 3604 3825 persequendam

2002 3850 2095 3891 eos
2122 3835 2381 3892 armabit.
2412 3837 2487 3893 Et
2532 3840 2879 3895 ascenderunt
2923 3858 3082 3913 super
3132 3841 3463 3897 latitudinem
3490 3847 3607 3895 ter—

2001 3940 2098 3993 rae,
2138 3930 2188 3979 et
2236 3925 2691 3983 circumdederunt
2734 3936 2910 3986 castra
2950 3937 3273 3999 sanctorum,
3318 3935 3365 3985 et
3407 3929 3605 3984 civita-

2006 4019 2102 4068 tem
2132 4013 2393 4071 dilectam.
2426 4017 2685 4075 Diximus
2712 4020 2963 4092 superius
2993 4020 3295 4094 discipulos
3323 4018 3603 4076 Antichri-

2003 4101 2077 4158 sti
2108 4102 2419 4161 laudatores
2452 4106 2569 4163 fore
2598 4108 2887 4179 vitiorum,
2921 4117 2975 4165 et
3003 4109 3189 4165 omnia
3217 4124 3338 4182 qua:
3367 4108 3437 4164 ad
3462 4107 3604 4163 dele-

2004 4192 2275 4249 ctationes
2322 4194 2568 4252 carnales
2613 4196 2912 4269 pertinent,
2942 4198 3157 4255 docere.
3188 4197 3363 4268 Super
3405 4197 3606 4254 latitu-

2006 4281 2191 4338 dinem
2241 4298 2370 4355 ergo
2405 4292 2564 4341 terrae
2606 4286 3001 4354 ascenderunt;
3035 4286 3165 4359 quia
3207 4292 3389 4341 vastas
3438 4285 3606 4358 hujus

2005 4370 2193 4427 saeculi
2243 4372 2362 4429 vias
2408 4373 2809 4447 ingredientur,
2838 4393 2958 4451 quae
2990 4375 3201 4433 ducunt
3230 4374 3300 4431 ad
3346 4383 3602 4434 mortem.

2007 4461 2198 4519 Castra
2264 4479 2396 4520 vero
2451 4473 2766 4523 sanctorum
2821 4476 2875 4524 et
2929 4465 3128 4524 civitas
3175 4464 3395 4536 dilecta,
3436 4481 3605 4523 unam

294 4564 443 4658 anors
482 4564 593 4606 non
644 4547 808 4605 habet
839 4556 1198 4650 potestatem;
1240 4550 1369 4658 quia
1396 4552 1483 4608 illi
1512 4555 1896 4658 tantummodo
1930 4599 1979 4658 Β
2008 4551 2467 4658 signiﬁcationem
2524 4556 2729 4614 habent
2762 4576 2773 4615 :
2806 4557 3120 4631 signiﬁcant
3144 4556 3361 4630 .quippe
3403 4557 3606 4614 Eccle-

295 4634 443 4692 beati
488 4645 617 4694 sunt
646 4645 701 4693 et
730 4646 914 4707 erunt,
946 4640 1042 4714 qui
1071 4648 1196 4698 ante
1238 4640 1405 4698 ﬁnem
1447 4643 1641 4699 mundi
1682 4645 1739 4700 in
1769 4663 1895 4703 con-

299 4725 471 4781 sortio
499 4736 812 4786 sanctorum
844 4730 1045 4788 ascribi
1071 4731 1454 4789 merebuntur.
1485 4733 1691 4790 Multos
1722 4736 1895 4806 enim,

295 4813 406 4872 ﬁne
453 4816 648 4873 mundi
704 4817 962 4888 instante,
1020 4821 1162 4893 ignis
1220 4823 1572 4896 purgatorius
1612 4824 1898 4898 purgando

296 4905 584 4977 cremabit,
629 4908 725 4965 sed
753 4918 880 4966 ante
906 4909 1181 4983 judicium
1217 4912 1456 4970 absoluti
1486 4915 1544 4971 in
1574 4924 1890 4973 sanctorum

295 4996 530 5070 collegio
565 4998 904 5073 recipientur
937 5018 949 5056 :
981 5008 1142 5074 atque
1171 5002 1231 5057 in
1262 5003 1330 5058 iis
1359 5005 1599 5061 secunda
1630 5024 1797 5076 mors,
1841 5007 1896 5065 id

296 5092 399 5155 est,
434 5085 716 5145 damnatio
747 5089 947 5146 ultima
976 5106 1088 5146 non
1119 5090 1343 5149 habebit
1367 5100 1693 5165 potestatem
1726 5114 1739 5162 ;
1768 5096 1900 5169 quia

293 5172 411 5246 jam
452 5191 566 5232 non
593 5193 719 5233 cum
763 5176 937 5234 haedis
964 5178 1025 5234 in
1052 5178 1313 5248 sinistris,
1345 5180 1440 5237 sed
1467 5198 1592 5237 cum
1625 5182 1824 5240 ovibus
1839 5184 1898 5240 in

301 5263 548 5320 dexteris
609 5273 885 5338 ponentur
952 5267 1166 5341 (Matth.
1232 5285 1392 5339 xxv,
1453 5270 1569 5342 33).
1638 5272 1902 5329 Sedet-unt

298 5353 589 5410 sacerdotes
640 5355 860 5412 Domini
903 5363 951 5413 et
1009 5359 1230 5429 Christi,
1287 5366 1336 5415 et
1388 5367 1741 5432 regnaverunt
1782 5378 1900 5418 cum

304 5443 517 5499 Christo
572 5445 718 5501 mille
774 5447 951 5503 annis.
1008 5446 1244 5505 Nomine
1305 5450 1651 5508 sacerdotum
1705 5468 1898 5509 omnes

378 5669 495 5743 (Zl)
526 5670 714 5743 Magog
743 5670 805 5725 de
832 5676 979 5743 tecto,
1012 5672 1071 5726 in
1101 5672 1519 5730 edit.omissum
1539 5684 1673 5733 erat.

375 5741 494 5813 (72)
529 5742 612 5799 Ita
638 5759 769 5801 mss.
801 5758 866 5803 ac
888 5742 1022 5802 Gill.
1045 5743 1105 5803 in
1125 5761 1351 5820 corpore
1384 5762 1397 5804 :
1430 5746 1578 5807 idem
1607 5764 1738 5807 vero
1759 5749 1894 5808 Gill.

2007 4642 2165 4698 siam.
2201 4642 2391 4701 Castra
2438 4645 2609 4719 igitur
2636 4656 2953 4705 sanctorum
2986 4645 3448 4716 circumdabunt;
3479 4645 3607 4720 quia

2006 4732 2309 4789 Ecclesiam
2347 4736 2447 4791 Dei
2483 4743 2598 4792 tota
2631 4736 2839 4794 virtute
2868 4745 3283 4811 persequentur,
3313 4745 3377 4795 ut
3404 4752 3604 4794 nomen

2008 4821 2218 4880 Christi
2246 4824 2313 4881 de
2342 4826 2551 4883 mundo
2583 4827 2834 4885 funditus
2862 4829 3233 4902 exstinguant.

2081 4912 2262 4985 (Vers.
2294 4914 2374 4987 9.)
2403 4918 2478 4972 Et
2513 4917 2677 4973 exivit
2712 4917 2849 4989 ignis
2893 4919 2955 4974 de
2982 4919 3109 4974 caelo
3148 4936 3181 4973 a
3213 4918 3342 4983 Deo,
3371 4924 3419 4973 et
3440 4917 3605 4973 devo-

2006 5004 2152 5060 ravit
2174 5022 2276 5061 eos.
2310 5006 2458 5078 Ignis
2494 5006 2561 5063 de
2586 5008 2725 5065 cmlo
2754 5010 2938 5077 exiet;
2973 5007 3103 5083 quia
3134 5009 3388 5066 veniente
3417 5005 3601 5065 Domi-

2006 5110 2081 5149 no
2110 5093 2178 5150 ad
2202 5093 2499 5166 judicium,
2523 5097 2668 5169 ignis
2686 5107 2812 5155 ante
2841 5098 3023 5171 ipsum
3049 5097 3338 5170 praecedet,
3366 5095 3462 5169 qui
3490 5110 3602 5151 non

2008 5184 2188 5240 solum
2236 5201 2457 5241 omnem
2501 5195 2776 5244 catervam
2825 5188 3146 5262 impiorum,
3186 5186 3280 5243 sed
3327 5192 3380 5241 et
3422 5185 3601 5257 ipsum

2008 5274 2280 5331 mundum
2338 5281 2663 5349 con’sumet,
2735 5280 2879 5337 sicut
2935 5280 2993 5335 in
3046 5276 3400 5351 nonagesimo
3448 5281 3604 5331 sexto

2008 5365 2218 5436 psalmo
2266 5366 2443 5423 David
2474 5368 2722 5440 loquitur
2748 5368 2938 5425 dicens
2972 5388 2983 5425 :
3030 5392 3047 5415 ι
3074 5366 3226 5438 Ignis
3249 5374 3375 5421 ante
3422 5363 3602 5435 ipsum

2007 5456 2294 5525 praecedet,
2325 5463 2379 5511 et
2430 5456 2798 5514 inﬂammabit
2826 5457 2885 5513 in
2924 5455 3165 5513 circuitu
3194 5453 3453 5510 inimicos
3484 5451 3603 5525 ejus

2008 5679 2065 5734 in
2099 5681 2382 5808 ltitiarginc,
2428 5691 2482 5740 et
2528 5685 2686 5742 Rom.
2725 5680 2858 5738 edit.
2893 5679 2951 5736 in
2998 5695 3244 5754 corpore,
3286 5679 3343 5741 in
3389 5685 3603 5757 apertas

2008 5768 2262 5808 manas.

2008 5768 2243 5810 τηαιιιιαδ
2251 5796 2262 5809 .
