4060 6208
483 331 620 391 1019

1486 333 1583 389 AD
1620 331 1854 389 OPERA
1890 331 1945 388 S.
1990 331 2321 391 AMBROSII
2360 332 2738 393 APPENDIX.

3646 334 3783 394 1020

480 458 654 529 (Psal.
696 473 849 523 xcvr,
884 456 963 529 3).
1002 482 1019 506 ι
1072 456 1309 530 Reprobi
1361 473 1597 531 namque
1641 460 1895 532 quamvis
1948 475 2076 515 cum
2106 461 2156 521 A
2184 460 2467 519 advenerit
2508 479 2524 529 ;
2583 476 2710 520 cum
2776 458 3005 517 irruerit
3051 458 3337 532 repentina
3370 458 3681 529 calamitas,
3730 467 3789 517 et

477 548 664 604 electis
708 555 1123 615 conversentur,
1166 548 1225 602 in
1266 548 1508 605 circuitu
1556 556 1721 616 sunt;
1754 549 1883 622 quia
1931 549 2074 607 sicut

476 636 661 695 hostes
709 638 993 695 civitatem
1041 638 1280 711 aliquam
1335 638 1685 713 impugnant,
1732 648 1794 696 ut
1854 640 2074 713 capiant

477 742 594 782 eam
629 743 640 781 :
676 725 754 782 ita
781 734 835 782 et
862 728 1109 784 Ecclesia
1138 745 1168 783 a
1198 728 1445 800 reprobis
1475 728 1852 801 impugnatur.
1886 728 1992 784 Sed
2021 736 2074 784 et

476 814 534 871 in
570 817 780 888 psalmo
811 816 1225 889 quadragesimo
1258 834 1404 873 nono
1431 816 1579 873 idem
1608 818 1787 874 David
1826 818 2075 891 loquitur

475 904 665 961 dicens
699 923 709 960 :
755 929 773 951 ι
804 905 951 977 Ignis
982 906 1039 961 in
1072 914 1369 979 conspectu
1404 906 1523 977 ejus
1562 907 1899 976 exardescet,
1933 915 1987 963 et
2015 907 2073 963 in

473 993 714 1050 circuitu
762 994 880 1065 ejus
930 1003 1223 1067 tempestas
1269 996 1456 1051 valida
1503 998 1676 1069 (Psal.
1726 1013 1880 1063 xmx,
1928 996 2007 1067 3).
2041 1021 2061 1045 ν

474 1082 709 1151 Quidam
736 1082 886 1140 hunc
912 1101 1134 1141 versum
1165 1085 1241 1141 ita
1273 1094 1582 1157 exponunt,
1616 1086 1763 1160 quod
1803 1094 1925 1158 post
1953 1104 2073 1144 suc-

474 1172 776 1229 cessionem
835 1173 1234 1229 elementorum
1309 1173 1499 1245 pluvia
1554 1173 1892 1243 descendet,
1950 1192 2072 1247 quae

474 1261 874 1319 combustionis
918 1262 1130 1319 cineres
1184 1263 1372 1319 abluat
1417 1282 1428 1319 :
1476 1263 1570 1319 sed
1615 1263 1743 1320 talis
1797 1265 2072 1336 expositio

473 1349 870 1407 absurdissima
912 1351 1048 1407 mihi
1097 1352 1354 1421 videtur;
1390 1353 1595 1409 scimus
1623 1353 1773 1409 enim
1824 1354 2072 1426 pluviam

474 1454 507 1494 a
551 1439 690 1494 mari
740 1447 904 1512 atque
943 1457 975 1496 a
1018 1450 1159 1497 terra
1204 1441 1323 1498 sive
1369 1458 1466 1514 per
1517 1443 1798 1511 nebulam,
1832 1443 1948 1497 sive
1978 1459 2073 1514 per

474 1528 900 1586 exsiccationem
943 1531 1075 1587 solis
1119 1547 1434 1603 exsurgere.
1464 1532 1536 1586 Et
1566 1531 1709 1588 sicut
1758 1547 1899 1604 aqua
1930 1532 2075 1588 levia

473 1637 704 1695 quaeque
753 1638 784 1678 a
825 1621 999 1678 fundo
1045 1621 1113 1678 ad
1164 1622 1449 1694 superiora
1495 1623 1707 1689 elevat;
1752 1622 1829 1677 ita
1884 1631 1937 1679 et
1982 1638 2075 1678 aer

473 1725 671 1782 aquam
699 1718 794 1766 aut
822 1709 880 1765 in
910 1709 1170 1765 nebulam
1198 1725 1544 1776 conversam,
1574 1716 1669 1763 aut
1696 1725 1792 1780 per
1820 1709 2072 1766 ardorem

473 1799 606 1854 solis
654 1798 711 1853 in
756 1798 1143 1853 tenuissimum
1194 1796 1432 1865 fumum,
1464 1805 1518 1852 et
1546 1812 1684 1868 pene
1731 1798 2071 1855 invisibilem
2102 1830 2148 1889 B

473 1885 770 1953 redactam,
802 1902 973 1957 usque
1019 1887 1088 1942 ad
1135 1900 1197 1940 ea
1244 1887 1363 1942 loca
1393 1885 1490 1942 ubi
1520 1888 1926 1943 consummatio
1956 1887 2074 1959 ejus

473 1982 575 2041 est,
624 1975 849 2030 elevat:
883 1974 1072 2046 ibique
1118 1975 1463 2047 conglobata,
1510 1975 1691 2046 primo
1740 1975 1797 2031 in
1845 1975 2071 2033 densam

473 2062 754 2131 nebulam,
768 2079 927 2135 quam
949 2064 1120 2120 nubes
1141 2081 1423 2132 vocamus,
1438 2068 1786 2120 convertitur
1811 2083 1822 2120 :
1851 2066 2069 2134 deinde,

474 2158 640 2208 vento
681 2152 942 2225 agitante,
992 2154 1380 2210 minutissimas
1438 2162 1604 2226 guttae
1655 2156 1823 2211 simul
1871 2155 2068 2225 mistaa,

473 2248 635 2316 atque
687 2260 787 2299 sua
835 2244 1195 2316 permistione
1256 2260 1447 2316 graves
1492 2245 1719 2312 effectae,
1771 2244 1841 2301 ad
1898 2253 2071 2300 terras

472 2340 777 2411 decidunt,
835 2342 1193 2415 pluviamque
1247 2342 1477 2400 faciunt.
1523 2340 1668 2397 573
1710 2345 1853 2401 Ecce
1903 2351 2069 2413 terra,

472 2447 597 2489 ecce
652 2448 780 2502 aer,
839 2449 962 2490 ecce
1019 2449 1201 2500 mare,
1256 2442 1562 2506 caeteraque
1616 2434 1887 2489 elementa
1947 2434 2072 2506 igne

472 2531 869 2579 consumentur
896 2541 908 2578 :
942 2522 1090 2578 unde
1138 2540 1264 2595 ergo
1293 2522 1484 2595 pluvia
1521 2531 1797 2593 exsurget,
1830 2524 2071 2580 maxime

472 2628 597 2668 cum
637 2612 939 2669 secundum
969 2614 1299 2685 Apostolum
1338 2621 1475 2670 tunc
1513 2623 1763 2670 creatura
1809 2613 2071 2670 liberetur

472 2716 505 2756 a
537 2701 804 2758 servitute
834 2703 1207 2775 corruptionis
1236 2703 1295 2758 in
1339 2703 1649 2759 libertatem
1691 2702 1880 2775 glorias
1915 2702 2073 2757 ﬁlio-

475 2806 600 2845 rum
625 2789 725 2846 Dei
757 2793 934 2860 (Rom.
966 2809 1091 2861 vm,
1123 2791 1214 2863 21)
1240 2792 1268 2848 ?
1296 2790 1577 2864 Numquid
1605 2793 1752 2847 Deus
1772 2791 1865 2864 qui
1887 2790 2072 2846 omnia

472 2898 542 2937 ex
590 2882 768 2938 nihilo
797 2883 1026 2948 creavit,
1058 2900 1170 2939 non
1210 2883 1411 2954 poterit
1450 2883 1717 2939 mundare
1764 2890 2070 2939 creaturam

473 2987 627 3027 suam
678 2972 797 3027 sine
835 2972 1110 3043 adjutorio
1157 2973 1408 3043 pluvias?
1437 2973 1738 3044 praesertim
1780 2989 1904 3029 cum
1940 2972 2071 3043 -ipse

473 3061 715 3117 mundus
743 3062 801 3118 in
837 3062 1119 3117 meliorem
1152 3070 1377 3130 statum,
1400 3070 1564 3134 atque
1584 3063 1760 3118 multo
1790 3061 2069 3134 pulchrio-

471 3166 588 3206 rem
632 3157 915 3223 reparetur
961 3158 1084 3223 post
1141 3151 1343 3223 ignem.
1394 3151 1507 3207 Aut
1553 3151 1689 3224 quid
1735 3158 1866 3207 sunt
1916 3149 2068 3206 aliud
2102 3186 2146 3247 Ο

467 3238 701 3307 cineres,
729 3238 839 3295 nisi
868 3248 1013 3296 terra
1043 3240 1288 3297 munda?
1316 3241 1451 3296 Nam
1492 3255 1846 3312 quascunque
1877 3238 2064 3295 sordes

468 3327 610 3400 ignis
665 3328 1053 3402 absumpserit,
1104 3329 1162 3385 in
1217 3329 1428 3386 cineres
1486 3328 1721 3386 mundos
1767 3326 2062 3384 convertit.

465 3419 747 3493 Numquid
778 3439 889 3478 non
932 3422 1135 3494 poterit
1160 3423 1306 3478 Deus
1349 3420 1586 3476 mundos
1617 3420 1829 3476 cineres
1857 3418 1914 3474 in
1946 3434 2064 3473 me-

464 3507 660 3565 liorem
709 3518 914 3567 statum
961 3528 1087 3567 cum
1139 3511 1309 3565 altera
1354 3517 1500 3565 terra
1548 3525 1820 3580 reparare,
1851 3517 1913 3565 ut
1955 3526 2066 3564 ne-

465 3600 699 3655 cessaria
737 3617 846 3655 non
878 3600 950 3655 sit
977 3602 1026 3656 ei
1061 3600 1363 3656 ablutionis
1402 3598 1640 3671 pluvia?

536 3687 795 3743 Dicamus
825 3688 986 3742 aliter
1018 3707 1029 3743 :
1063 3688 1327 3744 Omnium
1359 3687 1606 3743 sordium
1636 3685 1945 3742 ablutiones
1970 3696 2064 3744 aut

466 3782 612 3831 terra
653 3774 847 3844 ebibit,
881 3782 976 3831 aut
1003 3775 1060 3831 in
1088 3776 1321 3831 ﬂumina
1349 3775 1671 3843 decurrunt,
1702 3784 1756 3832 et
1779 3792 1902 3832 cum
1944 3777 2059 3833 ﬂu-

466 3863 710 3920 minibus
753 3864 811 3920 in
859 3880 1027 3921 mare.
1061 3867 1132 3921 Et
1161 3864 1437 3939 quomodo
1468 3873 1635 3934 terra,
1668 3873 1954 3939 postquam
1994 3865 2062 3922 ab

465 3954 589 4027 igne
618 3952 932 4010 examinata
964 3953 1151 4023 fuerit,
1172 3955 1359 4011 sordes
1391 3970 1516 4010 suas
1534 3954 1739 4023 ebibet,
1773 3962 1834 4010 ut
1860 3954 2061 4010 iterum

462 4042 789 4100 sordescat?
837 4051 932 4098 aut
985 4041 1263 4117 quomodo
1313 4044 1371 4099 in
1427 4042 1659 4099 ﬂumina
1702 4043 1955 4100 decurret
2008 4051 2063 4100 et

460 4148 587 4189 cum
632 4131 958 4188 ﬂuminibus
1002 4132 1059 4187 in
1108 4147 1275 4198 mare,
1304 4148 1433 4188 cum
1468 4147 1616 4187 mare
1651 4130 1763 4203 jam
1807 4147 1917 4187 non
1966 4129 2059 4197 sit,

460 4222 606 4278 sicut
644 4221 931 4295 sequentia
976 4218 1143 4292 hujus
1191 4219 1319 4275 libri
1370 4219 1631 4275 videntur
1661 4219 1869 4275 fateri?
1901 4219 2061 4286 Quod

460 4311 508 4368 si
552 4329 699 4368 mare
743 4312 801 4368 in
851 4311 1136 4368 meliorem
1165 4320 1367 4369 statum
1396 4311 1740 4385 reparabitur
1769 4311 1912 4367 sicut
1941 4328 2063 4368 coe-

461 4400 576 4456 lum
606 4408 879 4474 terraque,
908 4418 939 4457 a
985 4409 1143 4457 terra}
1192 4400 1450 4458 sordibus
1489 4400 1766 4473 quomodo
1807 4401 2060 4473 inquina-

460 4488 611 4545 bitur
629 4490 658 4545 ‘l
682 4489 840 4557 Quod
870 4490 916 4546 si
945 4490 1068 4562 quis
1095 4490 1304 4547 dixerit
1331 4498 1457 4546 ante
1478 4490 1889 4547 innovationem
1919 4490 2062 4547 hanc

463 4578 581 4650 (73)
630 4594 920 4649 passurum
968 4595 1083 4635 esse
1124 4579 1588 4651 inquinationem,
1627 4587 1789 4651 atque
1836 4579 1895 4634 in
1943 4596 2059 4651 per-

459 4667 767 4724 mutatione
813 4666 932 4739 ejus
972 4667 1040 4723 ad
1090 4666 1331 4724 nihilum
1382 4684 1499 4724 esse
1544 4666 1909 4739 redigendas:
1952 4686 2065 4725 non

460 4758 663 4830 poterit
690 4759 836 4814 Deus
863 4757 1007 4814 sicut
1036 4758 1095 4814 in
1139 4774 1299 4831 aqua,
1332 4758 1410 4813 ita
1456 4766 1510 4814 et
1562 4757 1622 4813 in
1664 4767 1811 4814 terra
1847 4759 2064 4816 easdem

458 4845 646 4902 sordes
692 4846 761 4903 ad
814 4845 1056 4902 nihilum
1108 4846 1374 4918 redigere,
1417 4854 1477 4902 ut
1534 4863 1649 4902 non
1709 4845 1783 4904 sit
1842 4863 2063 4904 necesse

457 4944 522 4993 ut
580 4936 639 5009 in
697 4952 846 4992 mare
911 4936 1207 4993 deﬂuant?
1272 4938 1373 4993 Per
1443 4944 1821 5009 tempestatem
1894 4937 2065 5008 igitur

458 5008 697 5082 validam
741 5025 1002 5083 ultimum
1053 5025 1345 5083 interitum
1402 5008 1708 5098 impiorum
1766 5041 2059 5098 possumus

459 5115 800 5189 intelligere,
856 5132 1020 5189 quem
1100 5115 1381 5189 Sapientia
1446 5132 1543 5188 per
1597 5115 1946 5171 Salomonem
2004 5116 2062 5170 in

456 5203 658 5262 ultimo
733 5205 990 5262 examine
1062 5205 1250 5278 impiis
1326 5222 1383 5263 se
1456 5205 1737 5261 illaturam
1813 5220 1930 5261 esse
1984 5212 2061 5260 te-

457 5302 655 5365 statur,
714 5294 904 5352 dicens
948 5312 959 5351 :
1024 5318 1043 5342 ι
1072 5296 1188 5368 Ego
1235 5312 1453 5369 quoque
1499 5296 1555 5350 in
1603 5294 1832 5351 interitu
1878 5300 2061 5349 vestro

458 5385 671 5455 ridebo,
702 5394 758 5442 et
804 5386 1175 5456 subsannabo,
1206 5403 1334 5444 cum
1383 5386 1545 5443 vobis
1582 5386 1733 5460 quod
1778 5386 2062 5442 timebatis

531 5609 657 5678 (73)
678 5609 944 5736 lgonnulli
966 5626 1122 5679 mss.,
1144 5614 1264 5667 ante
1292 5608 1676 5668 invocationem
1693 5611 1847 5677 hanc,
1872 5609 2057 5666 minus

531 5697 683 5736 llllllO
725 5698 777 5736 e.

459 5697 753 5738 001111110110
767 5725 777 5737 .

2089 4543 2136 4601 D

2182 549 2440 607 interitus
2492 549 2650 625 quasi
2714 556 3015 623 tempestas
3060 547 3330 621 ingruerit
3387 547 3577 619 (Prov.
3608 565 3653 618 ι,
3690 548 3788 618 26,

2184 638 2342 712 27).-

2254 730 2327 785 Et
2354 728 2599 785 diabolus
2645 728 2740 800 qui
2784 728 3057 785 seducebat
3107 745 3214 797 eos,
3244 726 3438 784 missus
3466 732 3545 784 est
3588 726 3649 782 in
3676 732 3789 784 sta-

2182 835 2341 891 gnum
2370 819 2506 891 iguis
2535 825 2582 873 et
2609 818 2902 891 sulphuris,
2938 818 3028 873 ubi
3072 824 3147 873 est
3199 818 3361 874 bestia
3388 823 3436 872 et
3456 816 3794 890 pseudopro-

2177 910 2356 981 pheta.
2382 910 2496 965 Hoc
2522 916 2655 965 tunc
2684 908 3027 982 implebitur,
3055 907 3274 982 quando
3293 907 3569 964 Dominus
3597 906 3789 964 dicet:

2197 1022 2215 1046 ‹
2242 1000 2341 1067 Ite,
2376 999 2677 1067 maledicti,
2711 998 2769 1054 in
2799 999 2982 1072 ignem
3013 1007 3278 1055 aeternum
3312 998 3408 1070 qui
3445 1004 3796 1070 praeparatus

2182 1096 2263 1145 est
2310 1088 2531 1145 diabolo
2568 1098 2623 1146 et
2660 1090 2869 1162 angelis
2897 1088 3015 1162 ejus
3045 1089 3161 1161 (74)
3191 1089 3404 1161 (Matth.
3436 1106 3579 1158 xxv,
3603 1088 3727 1161 41).
3760 1110 3781 1134 ι

2255 1178 2437 1250 (Vers.
2474 1179 2586 1250 10.)
2636 1180 2711 1235 Et
2746 1178 3132 1234 cruciabuntur
3177 1179 3262 1234 die
3318 1196 3382 1234 ac
3422 1185 3573 1234 nocte
3602 1178 3664 1232 in
3694 1193 3795 1233 εω-

2181 1273 2303 1327 cula
2354 1273 2688 1328 saeculorum.
2739 1273 2787 1327 A
2825 1288 2934 1345 quo
2967 1272 3218 1329 cruciatu
3270 1271 3658 1329 misericordia
3691 1273 3797 1330 Re-

2182 1361 2486 1432 demptoris
2543 1361 2718 1417 nostri
2757 1378 2857 1416 nos
2913 1362 3144 1419 liberare
3192 1361 3472 1434 dignetur,
3517 1361 3619 1435 qui
3662 1378 3795 1417 cum

2182 1451 2339 1506 Patre
2390 1459 2443 1507 et
2485 1451 2695 1524 Spiritu
2743 1461 2933 1510 sancto
2962 1452 3106 1509 vivit
3142 1459 3197 1508 et
3245 1459 3435 1524 regnat
3477 1452 3541 1509 in
3588 1451 3796 1508 saecula

2184 1542 2533 1613 saeculorum,
2566 1558 2750 1599 amen.

2616 1673 2712 1728 DE
2751 1670 3042 1758 VISIONn
3075 1671 3332 1730 SEXTA.

2253 1776 2477 1833 Domini
2506 1778 2681 1835 nostri
2710 1779 2840 1834 Jesu
2882 1778 3090 1836 Christi
3135 1777 3524 1835 misericordia
3553 1778 3788 1850 largien-

2182 1872 2256 1934 te,
2287 1864 2355 1921 ad
2384 1874 2595 1923 sextam
2629 1866 2903 1924 visionem
2946 1868 3334 1939 pervenimus,
3384 1883 3510 1940 quas
3558 1866 3783 1923 brevior

2182 1960 2263 2009 est
2291 1956 2536 2024 caeteris;
2587 1973 2651 2011 eo
2681 1956 2827 2029 quod
2878 1956 2938 2012 in
2977 1972 3041 2011 eo
3099 1956 3369 2028 generalis
3419 1956 3785 2024 resurrectio,

2181 2041 2462 2099 damnatio
2499 2044 2822 2117 impiorum,
2859 2044 3186 2116 gloriﬁcatio
3230 2044 3510 2117 justorum
3546 2053 3788 2101 tantum-

2181 2141 2345 2196 modo
2375 2142 2617 2198 breviter
2661 2143 3025 2200 describatur.
3067 2144 3137 2198 Et
3181 2150 3329 2199 recte
3375 2144 3436 2199 in
3474 2151 3639 2198 sexto
3672 2144 3790 2200 loco

2180 2233 2508 2289 resurrectio
2538 2233 2735 2289 ultima
2765 2233 3030 2305 ponitur;
3063 2232 3196 2306 quia
3231 2232 3483 2288 senarius
3512 2248 3789 2289 numerus

2180 2320 2455 2394 perfectus
2502 2331 2605 2391 est,
2657 2330 2710 2377 et
2766 2322 3042 2396 quidquid
3071 2322 3275 2379 sanctis
3306 2320 3649 2395 promissum
3680 2329 3784 2390 est,

2181 2414 2240 2468 in
2271 2413 2671 2469 resurrectione
2692 2413 3027 2486 perficietur.

2253 2502 2436 2569 (Vers.
2472 2502 2586 2575 11.)
2606 2504 2679 2558 Et
2708 2502 2817 2557 vidi
2845 2503 3094 2557 thronum
3120 2518 3369 2573 magnum
3398 2507 3449 2556 et
3475 2501 3785 2569 candidum,

2179 2598 2227 2646 et
2254 2591 2507 2645 sedentem
2531 2608 2691 2663 super
2718 2608 2854 2646 eum.
2887 2590 3145 2647 Thronus
3172 2589 3275 2646 iste
3304 2589 3403 2646 Dei
3435 2606 3549 2646 non
3579 2607 3718 2646 auro
3736 2598 3793 2646 et

2162 2681 2413 2754 gemmis
2469 2680 2780 2748 ornabitur,
2834 2679 2931 2735 sed
2973 2679 3296 2736 hominibus
3317 2678 3483 2751 justis
3516 2698 3531 2748 ;
3566 2680 3674 2736 iste
3709 2688 3792 2737 est

2180 2793 2414 2850 namque
2433 2776 2688 2844 thronus,
2720 2776 2789 2832 de
2817 2793 2926 2848 quo
2946 2775 3237 2831 Psalmista
3271 2774 3409 2833 dicit
3434 2790 3445 2828 :
3481 2800 3501 2821 ι
3522 2774 3789 2831 Thronus

2177 2875 2327 2935 tuus,
2354 2869 2521 2935 Deus,
2545 2867 2601 2923 in
2622 2868 2885 2922 saeculum
2906 2866 3092 2922 saeculi
3119 2884 3133 2933 ;
3161 2866 3316 2938 virga
3327 2866 3607 2938 aequitatis
3627 2867 3785 2937 virga

2178 2956 2332 3026 regni
2362 2956 2445 3011 tui
2479 2956 2654 3026 (Psal.
2687 2971 2840 3022 xLiv,
2875 2956 2953 3025 7).
2995 2978 3013 3002 ›
3058 2953 3314 3010 Thronus
3348 2954 3523 3026 igitur
3572 2954 3677 3009 Dei
3708 2964 3785 3008 est

2179 3045 2360 3101 omnis
2415 3044 2716 3100 multitudo
2771 3043 3091 3116 angelorum
3132 3050 3297 3116 atque
3342 3049 3687 3099 sanctorum.
3737 3042 3780 3099 Α

2177 3135 2328 3205 cujus
2384 3142 2658 3208 conspectu
2704 3134 2844 3206 fugit
2888 3142 3031 3190 terra
3078 3142 3124 3191 et
3169 3137 3371 3204 cwlum,
3424 3141 3473 3190 et
3503 3136 3651 3190 locus
3682 3152 3780 3190 non

2175 3232 2250 3281 est
2300 3225 2539 3281 inventus
2584 3226 2679 3282 eis.
2731 3224 3205 3293 Quemadmodum
3249 3242 3282 3281 a
3325 3233 3628 3297 conspectu
3688 3243 3779 3281 se-

2176 3321 2359 3378 dentis
2396 3338 2562 3393 super
2592 3321 2853 3378 thronum
2896 3322 3097 3378 coelum
3128 3330 3183 3379 et
3211 3331 3358 3378 terra
3384 3320 3586 3394 fugiat,
3614 3321 3775 3378 Psal-

2180 3411 2347 3467 mista
2385 3411 2650 3482 ostendit,
2699 3410 2844 3468 sicut
2881 3412 3135 3484 superius
3178 3411 3296 3483 jam
3354 3411 3626 3481 diximus,
3686 3413 3778 3485 qui

2176 3500 2351 3556 dicit:
2396 3526 2413 3548 ι
2443 3500 2589 3574 Ignis
2633 3500 2690 3556 in
2728 3509 3026 3573 conspectu
3066 3500 3186 3572 ejus
3236 3500 3558 3558 exardescet
3601 3502 3775 3572 (Psal.

2174 3605 2329 3656 xmx,
2362 3589 2419 3661 3)
2452 3605 2464 3644 :
2499 3613 2518 3638 ι
2578 3595 2631 3644 et
2663 3588 2861 3644 iterum
2902 3605 2913 3643 :
2961 3613 2981 3637 ι
3016 3588 3165 3662 Ignis
3200 3596 3327 3646 ante
3358 3588 3541 3662 ipsum
3573 3606 3778 3662 praece-

2174 3678 2268 3735 det
2298 3679 2473 3744 (Psal.
2499 3694 2652 3745 xcvr,
2688 3677 2767 3748 3).
2792 3702 2811 3728 ι
2853 3677 3051 3751 Fugiet
3076 3686 3260 3735 autem
3288 3686 3433 3735 terra
3468 3688 3525 3736 et
3553 3680 3778 3747 caelum,

2174 3768 2233 3823 id
2261 3775 2362 3833 est,
2391 3767 2600 3839 species
2628 3774 2787 3823 terras
2838 3774 2893 3823 et
2937 3767 3062 3824 coeli
3089 3786 3102 3836 ;
3142 3768 3237 3840 qui
3281 3785 3377 3841 per
3405 3769 3591 3842 ignem
3622 3786 3657 3825 a
3684 3786 3781 3826 sua

2174 3858 2352 3931 specie
2392 3858 2907 3926 commutabuntur,
2955 3865 3019 3913 ut
3064 3858 3277 3930 possint
3323 3859 3383 3915 in
3413 3860 3577 3916 aliam
3611 3860 3780 3916 refor-

2174 3948 2313 4003 mari
2358 3949 2535 4004 multo
2579 3948 2864 4005 meliorem
2918 3955 2973 4005 et
3009 3948 3406 4021 pulchriorem.
3452 3950 3613 4018 Quod
3650 3968 3782 4007 vero

2172 4037 2336 4094 dicit:
2370 4038 2539 4093 Locus
2577 4054 2684 4092 non
2736 4044 2812 4093 est
2855 4036 3097 4093 inventus
3135 4037 3235 4103 eis;
3272 4054 3384 4093 non
3437 4036 3563 4095 ideo
3615 4038 3780 4107 dicit,

2170 4134 2234 4183 ut
2267 4128 2450 4184 locum
2475 4127 2770 4199 pristinum
2808 4127 3089 4197 amittant,
3121 4128 3216 4186 sed
3246 4129 3505 4201 speciem.

2246 4216 2431 4284 (Vers.
2473 4215 2586 4287 13.)
2641 4218 2715 4272 Et
2744 4217 2858 4272 vidi
2904 4222 3140 4273 mortuos
3186 4235 3399 4290 magnos
3446 4224 3493 4273 et
3520 4219 3779 4289 pusillos,

2170 4311 2366 4360 stantes
2413 4306 2472 4360 in
2512 4312 2785 4376 conspectu
2846 4306 3043 4361 throni.
3090 4306 3193 4362 Per
3249 4315 3497 4363 mortuos
3545 4324 3780 4381 magnos

2170 4402 2225 4451 et
2255 4394 2485 4467 pusillos
2536 4394 2639 4450 soli
2686 4394 2907 4466 reprobi
2958 4394 3334 4469 designantur,
3365 4395 3545 4469 quiin
3578 4396 3672 4453 die
3704 4412 3782 4453 re-

2172 4484 2535 4541 surrectionis
2580 4484 2787 4540 mortui
2831 4483 3091 4540 astabant
3129 4485 3187 4541 in
3237 4492 3535 4556 conspectu
3562 4486 3687 4553 Dei,
3722 4502 3783 4542 ea

2172 4579 2437 4635 videlicet
2465 4584 2641 4634 morte
2694 4594 2858 4650 quam
2888 4578 3125 4650 primam
3178 4594 3293 4636 esse
3332 4578 3603 4645 diximus,
3655 4587 3779 4652 post

2173 4668 2458 4740 paululum
2504 4667 2562 4722 in
2615 4674 2849 4723 mortem
2908 4666 3203 4724 secundam
3259 4666 3559 4740 dejiciendi
3602 4685 3615 4723 :
3677 4685 3775 4740 per

2173 4766 2421 4812 mortuos
2464 4771 2594 4810 vero
2628 4771 2852 4827 magnos
2910 4772 3003 4811 eos
3050 4756 3323 4829 designari
3354 4766 3508 4830 puto,
3556 4755 3652 4830 qui
3684 4766 3781 4813 aut

2172 4846 2406 4917 majores
2453 4844 2685 4901 fuerunt
2732 4845 2790 4900 in
2847 4845 3165 4914 sceleribus,
3197 4856 3291 4903 aut
3320 4847 3543 4904 altiores
3596 4846 3653 4901 in
3683 4864 3782 4902 sa-

2169 4936 2284 4992 culi
2313 4933 2678 5007 dignitatibus
2707 4952 2718 4989 :
2769 4951 2866 5007 per
2898 4935 3128 5007 pusillos
3168 4944 3352 4992 autem
3388 4936 3426 4991 ii
3472 4935 3772 5008 designan-

2169 5034 2281 5093 tur,
2340 5024 2436 5098 qui
2494 5024 2573 5080 eis
2627 5021 2861 5095 subjecti
2910 5025 3155 5093 fuerunt,
3220 5026 3307 5080 vel
3367 5031 3513 5081 certe
3567 5023 3608 5079 ii
3666 5024 3775 5096 qui

2170 5117 2355 5173 minus
2407 5123 2790 5189 peccaverunt.
2833 5117 2908 5172 Et
2956 5116 3082 5171 libri
3118 5115 3293 5187 aperti
3342 5124 3510 5171 sunt:
3539 5121 3592 5170 et
3633 5117 3781 5170 alius

2171 5206 2304 5263 liber
2353 5211 2568 5278 apertus
2622 5212 2716 5271 est,
2768 5205 2862 5276 qui
2913 5212 2990 5261 est
3051 5205 3191 5262 citae.
3258 5204 3412 5262 Libri
3479 5204 3644 5260 multi
3697 5205 3770 5262 ad

2168 5298 2434 5370 reprobos
2487 5315 2498 5352 :
2556 5313 2702 5353 unus
2757 5297 2853 5370 qui
2911 5305 2993 5353 est
3045 5297 3196 5364 vitae,
3256 5295 3325 5352 ad
3382 5296 3586 5353 electos
3652 5312 3772 5368 per-

2166 5386 2350 5443 tinet.
2422 5385 2658 5459 Reprobi
2722 5387 2927 5443 multos
2987 5385 3162 5442 libros
3226 5385 3452 5453 habent,
3512 5384 3643 5458 quia
3710 5386 3770 5442 in

2238 5611 2354 5682 (74)
2386 5609 3039 5683 Edit._praetermiserant,
3071 5609 3166 5681 qui
3187 5615 3533 5683 praeparatus
3550 5613 3630 5663 est
3658 5608 3780 5665 dia-

2164 5683 2281 5740 bolo
2308 5680 2357 5739 εἰ
2383 5680 2582 5755 angelis
2612 5680 2743 5751 ejus.
