  <div class='ocr_page' id='page_1' title='image "/cluster/home/n/w/nwhite01/storage/ocr_20150623/17/hvd.32044096580436/516.png"; bbox 0 0 4060 6208; ppageno 0'>
   <div class='ocr_carea' id='block_1_1' title="bbox 293 376 426 435">
    <p class='ocr_par' dir='ltr' id='par_1_1' title="bbox 293 376 426 435">
     <span class='ocr_line' id='line_1_1' title="bbox 293 376 426 435; baseline 0.023 -3"><span class='ocrx_word' id='word_1_1' title='bbox 293 376 426 435; x_wconf 88' lang='grc'>1021</span> 
     </span>
    </p>
   </div>
   <div class='ocr_carea' id='block_1_2' title="bbox 292 497 1407 567">
    <p class='ocr_par' dir='ltr' id='par_1_2' title="bbox 292 497 1407 567">
     <span class='ocr_line' id='line_1_2' title="bbox 292 497 1407 567; baseline -0.004 -8"><span class='ocrx_word' id='word_1_2' title='bbox 292 503 484 560; x_wconf 91' lang='lat' dir='ltr'>multis</span> <span class='ocrx_word' id='word_1_3' title='bbox 572 500 855 557; x_wconf 86' lang='lat' dir='ltr'>erroribus</span> <span class='ocrx_word' id='word_1_4' title='bbox 926 507 1056 556; x_wconf 91' lang='lat' dir='ltr'>sunt</span> <span class='ocrx_word' id='word_1_5' title='bbox 1120 497 1407 567; x_wconf 81' lang='lat' dir='ltr'>devoluti;</span> 
     </span>
    </p>
   </div>
   <div class='ocr_carea' id='block_1_3' title="bbox 290 585 1887 658">
    <p class='ocr_par' dir='ltr' id='par_1_3' title="bbox 290 585 1887 658">
     <span class='ocr_line' id='line_1_3' title="bbox 290 585 1887 658; baseline -0.004 -11"><span class='ocrx_word' id='word_1_6' title='bbox 290 593 492 647; x_wconf 91' lang='lat' dir='ltr'>multos</span> <span class='ocrx_word' id='word_1_7' title='bbox 522 590 654 646; x_wconf 86' lang='lat' dir='ltr'>deos</span> <span class='ocrx_word' id='word_1_8' title='bbox 682 591 997 658; x_wconf 89' lang='lat' dir='ltr'>coluerunt,</span> <span class='ocrx_word' id='word_1_9' title='bbox 1037 595 1093 643; x_wconf 92' lang='lat' dir='ltr'>et</span> <span class='ocrx_word' id='word_1_10' title='bbox 1139 587 1199 643; x_wconf 90' lang='lat' dir='ltr'>in</span> <span class='ocrx_word' id='word_1_11' title='bbox 1234 586 1429 643; x_wconf 89' lang='lat' dir='ltr'>multis</span> <span class='ocrx_word' id='word_1_12' title='bbox 1483 585 1763 642; x_wconf 89' lang='lat' dir='ltr'>erroribus</span> <span class='ocrx_word' id='word_1_13' title='bbox 1790 602 1887 642; x_wconf 89' lang='lat' dir='ltr'>se-</span> 
     </span>
    </p>
   </div>
   <div class='ocr_carea' id='block_1_4' title="bbox 288 675 1889 753">
    <p class='ocr_par' dir='ltr' id='par_1_4' title="bbox 288 675 1889 753">
     <span class='ocr_line' id='line_1_4' title="bbox 288 675 1889 753; baseline -0.004 -17"><span class='ocrx_word' id='word_1_14' title='bbox 288 680 550 753; x_wconf 88' lang='lat' dir='ltr'>metipsos</span> <span class='ocrx_word' id='word_1_15' title='bbox 580 678 938 750; x_wconf 88' lang='lat' dir='ltr'>dejecerunt:</span> <span class='ocrx_word' id='word_1_16' title='bbox 995 676 1254 734; x_wconf 74' lang='lat' dir='ltr'>similiter</span> <span class='ocrx_word' id='word_1_17' title='bbox 1309 684 1364 732; x_wconf 91' lang='lat' dir='ltr'>et</span> <span class='ocrx_word' id='word_1_18' title='bbox 1411 675 1658 732; x_wconf 66' lang='lat' dir='ltr'>haeretici</span> <span class='ocrx_word' id='word_1_19' title='bbox 1712 676 1889 731; x_wconf 90' lang='lat' dir='ltr'>multa</span> 
     </span>
    </p>
   </div>
   <div class='ocr_carea' id='block_1_5' title="bbox 288 763 1888 842">
    <p class='ocr_par' dir='ltr' id='par_1_5' title="bbox 288 763 1888 842">
     <span class='ocr_line' id='line_1_5' title="bbox 288 763 1888 842; baseline -0.004 -17"><span class='ocrx_word' id='word_1_20' title='bbox 288 769 546 841; x_wconf 83' lang='lat' dir='ltr'>dogmata</span> <span class='ocrx_word' id='word_1_21' title='bbox 593 784 761 842; x_wconf 89' lang='lat' dir='ltr'>prava</span> <span class='ocrx_word' id='word_1_22' title='bbox 817 776 870 824; x_wconf 92' lang='lat' dir='ltr'>et</span> <span class='ocrx_word' id='word_1_23' title='bbox 925 769 1042 824; x_wconf 91' lang='lat' dir='ltr'>Deo</span> <span class='ocrx_word' id='word_1_24' title='bbox 1083 766 1316 824; x_wconf 90' lang='lat' dir='ltr'>odibilia</span> <span class='ocrx_word' id='word_1_25' title='bbox 1345 766 1700 831; x_wconf 89' lang='lat' dir='ltr'>invenerunt;</span> <span class='ocrx_word' id='word_1_26' title='bbox 1760 763 1888 820; x_wconf 85' lang='lat' dir='ltr'>falsi</span> 
     </span>
    </p>
   </div>
   <div class='ocr_carea' id='block_1_6' title="bbox 285 854 1888 927">
    <p class='ocr_par' dir='ltr' id='par_1_6' title="bbox 285 854 1888 927">
     <span class='ocr_line' id='line_1_6' title="bbox 285 854 1888 927; baseline -0.004 -13"><span class='ocrx_word' id='word_1_27' title='bbox 285 860 451 914; x_wconf 89' lang='lat' dir='ltr'>etiam</span> <span class='ocrx_word' id='word_1_28' title='bbox 482 858 787 916; x_wconf 85' lang='lat' dir='ltr'>Christiani</span> <span class='ocrx_word' id='word_1_29' title='bbox 820 857 877 913; x_wconf 88' lang='lat' dir='ltr'>in</span> <span class='ocrx_word' id='word_1_30' title='bbox 922 856 1115 913; x_wconf 88' lang='lat' dir='ltr'>multis</span> <span class='ocrx_word' id='word_1_31' title='bbox 1161 856 1463 912; x_wconf 81' lang='lat' dir='ltr'>sceleribus</span> <span class='ocrx_word' id='word_1_32' title='bbox 1501 854 1748 927; x_wconf 78' lang='lat' dir='ltr'>quotidie</span> <span class='ocrx_word' id='word_1_33' title='bbox 1790 854 1888 909; x_wconf 91' lang='lat' dir='ltr'>in-</span> 
     </span>
    </p>
   </div>
   <div class='ocr_carea' id='block_1_7' title="bbox 285 942 1886 1019">
    <p class='ocr_par' dir='ltr' id='par_1_7' title="bbox 285 942 1886 1019">
     <span class='ocr_line' id='line_1_7' title="bbox 285 942 1886 1019; baseline -0.002 -16"><span class='ocrx_word' id='word_1_34' title='bbox 285 950 612 1004; x_wconf 91' lang='lat' dir='ltr'>volvuntur.</span> <span class='ocrx_word' id='word_1_35' title='bbox 668 948 872 1003; x_wconf 87' lang='lat' dir='ltr'>Multos</span> <span class='ocrx_word' id='word_1_36' title='bbox 928 962 1058 1019; x_wconf 89' lang='lat' dir='ltr'>ergo</span> <span class='ocrx_word' id='word_1_37' title='bbox 1120 945 1291 1001; x_wconf 91' lang='lat' dir='ltr'>libros</span> <span class='ocrx_word' id='word_1_38' title='bbox 1338 944 1554 1016; x_wconf 83' lang='lat' dir='ltr'>reprobi</span> <span class='ocrx_word' id='word_1_39' title='bbox 1585 942 1886 1015; x_wconf 78' lang='lat' dir='ltr'>possident,</span> 
     </span>
    </p>
   </div>
   <div class='ocr_carea' id='block_1_8' title="bbox 285 1034 1887 1111">
    <p class='ocr_par' dir='ltr' id='par_1_8' title="bbox 285 1034 1887 1111">
     <span class='ocr_line' id='line_1_8' title="bbox 285 1034 1887 1111; baseline -0.004 -17"><span class='ocrx_word' id='word_1_40' title='bbox 285 1038 417 1111; x_wconf 87' lang='lat' dir='ltr'>quia</span> <span class='ocrx_word' id='word_1_41' title='bbox 474 1037 666 1093; x_wconf 89' lang='lat' dir='ltr'>multis</span> <span class='ocrx_word' id='word_1_42' title='bbox 715 1036 896 1093; x_wconf 82' lang='lat' dir='ltr'>modis</span> <span class='ocrx_word' id='word_1_43' title='bbox 950 1037 1124 1091; x_wconf 90' lang='lat' dir='ltr'>Deum</span> <span class='ocrx_word' id='word_1_44' title='bbox 1182 1034 1499 1101; x_wconf 74' lang='lat' dir='ltr'>offendunt;</span> <span class='ocrx_word' id='word_1_45' title='bbox 1557 1034 1717 1089; x_wconf 90' lang='lat' dir='ltr'>electi</span> <span class='ocrx_word' id='word_1_46' title='bbox 1757 1048 1887 1087; x_wconf 91' lang='lat' dir='ltr'>vero</span> 
     </span>
    </p>
   </div>
   <div class='ocr_carea' id='block_1_9' title="bbox 285 1123 1884 1200">
    <p class='ocr_par' dir='ltr' id='par_1_9' title="bbox 285 1123 1884 1200">
     <span class='ocr_line' id='line_1_9' title="bbox 285 1123 1884 1200; baseline -0.004 -15"><span class='ocrx_word' id='word_1_47' title='bbox 285 1145 456 1185; x_wconf 90' lang='lat' dir='ltr'>unum</span> <span class='ocrx_word' id='word_1_48' title='bbox 516 1128 720 1184; x_wconf 91' lang='lat' dir='ltr'>librum</span> <span class='ocrx_word' id='word_1_49' title='bbox 782 1127 1007 1194; x_wconf 82' lang='lat' dir='ltr'>habent,</span> <span class='ocrx_word' id='word_1_50' title='bbox 1061 1125 1191 1200; x_wconf 94' lang='lat' dir='ltr'>quia</span> <span class='ocrx_word' id='word_1_51' title='bbox 1246 1142 1420 1180; x_wconf 92' lang='lat' dir='ltr'>unum</span> <span class='ocrx_word' id='word_1_52' title='bbox 1469 1127 1644 1181; x_wconf 90' lang='lat' dir='ltr'>Deum</span> <span class='ocrx_word' id='word_1_53' title='bbox 1674 1123 1884 1190; x_wconf 89' lang='lat' dir='ltr'>colunt,</span> 
     </span>
    </p>
   </div>
   <div class='ocr_carea' id='block_1_10' title="bbox 286 1215 1888 1283">
    <p class='ocr_par' dir='ltr' id='par_1_10' title="bbox 286 1215 1888 1283">
     <span class='ocr_line' id='line_1_10' title="bbox 286 1215 1888 1283; baseline -0.003 -8"><span class='ocrx_word' id='word_1_54' title='bbox 286 1236 453 1275; x_wconf 90' lang='lat' dir='ltr'>unam</span> <span class='ocrx_word' id='word_1_55' title='bbox 503 1218 670 1274; x_wconf 86' lang='lat' dir='ltr'>ﬁdem</span> <span class='ocrx_word' id='word_1_56' title='bbox 713 1217 1041 1275; x_wconf 83' lang='lat' dir='ltr'>catholicam</span> <span class='ocrx_word' id='word_1_57' title='bbox 1090 1215 1444 1283; x_wconf 87' lang='lat' dir='ltr'>conﬁtentur,</span> <span class='ocrx_word' id='word_1_58' title='bbox 1495 1231 1608 1270; x_wconf 93' lang='lat' dir='ltr'>uno</span> <span class='ocrx_word' id='word_1_59' title='bbox 1661 1215 1888 1270; x_wconf 91' lang='lat' dir='ltr'>vinculo</span> 
     </span>
    </p>
   </div>
   <div class='ocr_carea' id='block_1_11' title="bbox 284 1306 1889 1379">
    <p class='ocr_par' dir='ltr' id='par_1_11' title="bbox 284 1306 1889 1379">
     <span class='ocr_line' id='line_1_11' title="bbox 284 1306 1889 1379; baseline -0.002 -13"><span class='ocrx_word' id='word_1_60' title='bbox 284 1310 574 1367; x_wconf 87' lang='lat' dir='ltr'>charitatis</span> <span class='ocrx_word' id='word_1_61' title='bbox 651 1316 1077 1366; x_wconf 86' lang='lat' dir='ltr'>connectuntur.</span> <span class='ocrx_word' id='word_1_62' title='bbox 1157 1306 1265 1363; x_wconf 89' lang='lat' dir='ltr'>Sed</span> <span class='ocrx_word' id='word_1_63' title='bbox 1316 1306 1671 1379; x_wconf 72' lang='lat' dir='ltr'>quzerendum</span> <span class='ocrx_word' id='word_1_64' title='bbox 1728 1307 1889 1364; x_wconf 90' lang='lat' dir='ltr'>nobis</span> 
     </span>
    </p>
   </div>
   <div class='ocr_carea' id='block_1_12' title="bbox 284 1394 1888 1472">
    <p class='ocr_par' dir='ltr' id='par_1_12' title="bbox 284 1394 1888 1472">
     <span class='ocr_line' id='line_1_12' title="bbox 284 1394 1888 1472; baseline -0.003 -16"><span class='ocrx_word' id='word_1_65' title='bbox 284 1408 387 1467; x_wconf 80' lang='lat' dir='ltr'>est,</span> <span class='ocrx_word' id='word_1_66' title='bbox 419 1400 514 1472; x_wconf 91' lang='lat' dir='ltr'>qui</span> <span class='ocrx_word' id='word_1_67' title='bbox 573 1400 689 1455; x_wconf 90' lang='lat' dir='ltr'>sint</span> <span class='ocrx_word' id='word_1_68' title='bbox 740 1397 868 1453; x_wconf 89' lang='lat' dir='ltr'>libri</span> <span class='ocrx_word' id='word_1_69' title='bbox 909 1396 1036 1451; x_wconf 87' lang='lat' dir='ltr'>isti:</span> <span class='ocrx_word' id='word_1_70' title='bbox 1083 1394 1357 1467; x_wconf 90' lang='lat' dir='ltr'>numquid</span> <span class='ocrx_word' id='word_1_71' title='bbox 1411 1411 1476 1450; x_wconf 86' lang='lat' dir='ltr'>ex</span> <span class='ocrx_word' id='word_1_72' title='bbox 1527 1395 1714 1468; x_wconf 90' lang='lat' dir='ltr'>aliqua</span> <span class='ocrx_word' id='word_1_73' title='bbox 1761 1412 1888 1451; x_wconf 87' lang='lat' dir='ltr'>ma-</span> 
     </span>
    </p>
   </div>
   <div class='ocr_carea' id='block_1_13' title="bbox 284 1483 1887 1557">
    <p class='ocr_par' dir='ltr' id='par_1_13' title="bbox 284 1483 1887 1557">
     <span class='ocr_line' id='line_1_13' title="bbox 284 1483 1887 1557; baseline -0.003 -12"><span class='ocrx_word' id='word_1_74' title='bbox 284 1488 421 1545; x_wconf 83' lang='lat' dir='ltr'>teria</span> <span class='ocrx_word' id='word_1_75' title='bbox 446 1487 683 1554; x_wconf 89' lang='lat' dir='ltr'>visibili,</span> <span class='ocrx_word' id='word_1_76' title='bbox 746 1493 841 1540; x_wconf 83' lang='lat' dir='ltr'>aut</span> <span class='ocrx_word' id='word_1_77' title='bbox 896 1483 1193 1550; x_wconf 88' lang='lat' dir='ltr'>invisibili,</span> <span class='ocrx_word' id='word_1_78' title='bbox 1254 1483 1390 1539; x_wconf 80' lang='lat' dir='ltr'>fient</span> <span class='ocrx_word' id='word_1_79' title='bbox 1447 1483 1599 1551; x_wconf 88' lang='lat' dir='ltr'>libri,</span> <span class='ocrx_word' id='word_1_80' title='bbox 1663 1484 1722 1540; x_wconf 90' lang='lat' dir='ltr'>in</span> <span class='ocrx_word' id='word_1_81' title='bbox 1752 1484 1887 1557; x_wconf 90' lang='lat' dir='ltr'>qui—</span> 
     </span>
    </p>
   </div>
   <div class='ocr_carea' id='block_1_14' title="bbox 282 1572 1888 1648">
    <p class='ocr_par' dir='ltr' id='par_1_14' title="bbox 282 1572 1888 1648">
     <span class='ocr_line' id='line_1_14' title="bbox 282 1572 1888 1648; baseline -0.003 -14"><span class='ocrx_word' id='word_1_82' title='bbox 282 1578 386 1635; x_wconf 91' lang='lat' dir='ltr'>bus</span> <span class='ocrx_word' id='word_1_83' title='bbox 430 1577 775 1648; x_wconf 87' lang='lat' dir='ltr'>singulorum</span> <span class='ocrx_word' id='word_1_84' title='bbox 825 1574 970 1631; x_wconf 84' lang='lat' dir='ltr'>facta</span> <span class='ocrx_word' id='word_1_85' title='bbox 1022 1572 1456 1630; x_wconf 83' lang='lat' dir='ltr'>describantur?</span> <span class='ocrx_word' id='word_1_86' title='bbox 1513 1572 1667 1629; x_wconf 92' lang='lat' dir='ltr'>Libri</span> <span class='ocrx_word' id='word_1_87' title='bbox 1718 1573 1888 1646; x_wconf 78' lang='lat' dir='ltr'>igitur</span> 
     </span>
    </p>
   </div>
   <div class='ocr_carea' id='block_1_15' title="bbox 282 1663 1887 1737">
    <p class='ocr_par' dir='ltr' id='par_1_15' title="bbox 282 1663 1887 1737">
     <span class='ocr_line' id='line_1_15' title="bbox 282 1663 1887 1737; baseline -0.002 -14"><span class='ocrx_word' id='word_1_88' title='bbox 282 1666 442 1723; x_wconf 91' lang='lat' dir='ltr'>multi</span> <span class='ocrx_word' id='word_1_89' title='bbox 476 1673 605 1723; x_wconf 90' lang='lat' dir='ltr'>sunt</span> <span class='ocrx_word' id='word_1_90' title='bbox 632 1666 779 1721; x_wconf 86' lang='lat' dir='ltr'>facta</span> <span class='ocrx_word' id='word_1_91' title='bbox 807 1664 1200 1737; x_wconf 89' lang='lat' dir='ltr'>reproborum:</span> <span class='ocrx_word' id='word_1_92' title='bbox 1259 1663 1389 1719; x_wconf 88' lang='lat' dir='ltr'>libri</span> <span class='ocrx_word' id='word_1_93' title='bbox 1433 1664 1595 1719; x_wconf 91' lang='lat' dir='ltr'>multi</span> <span class='ocrx_word' id='word_1_94' title='bbox 1625 1664 1887 1737; x_wconf 91' lang='lat' dir='ltr'>aperien-</span> 
     </span>
    </p>
   </div>
   <div class='ocr_carea' id='block_1_16' title="bbox 281 1750 1886 1823">
    <p class='ocr_par' dir='ltr' id='par_1_16' title="bbox 281 1750 1886 1823">
     <span class='ocr_line' id='line_1_16' title="bbox 281 1750 1886 1823; baseline -0.002 -11"><span class='ocrx_word' id='word_1_95' title='bbox 281 1765 391 1823; x_wconf 91' lang='lat' dir='ltr'>tur,</span> <span class='ocrx_word' id='word_1_96' title='bbox 435 1771 562 1811; x_wconf 91' lang='lat' dir='ltr'>cum</span> <span class='ocrx_word' id='word_1_97' title='bbox 617 1755 823 1811; x_wconf 88' lang='lat' dir='ltr'>scelera</span> <span class='ocrx_word' id='word_1_98' title='bbox 880 1750 1237 1823; x_wconf 90' lang='lat' dir='ltr'>reproborum</span> <span class='ocrx_word' id='word_1_99' title='bbox 1268 1750 1527 1808; x_wconf 91' lang='lat' dir='ltr'>omnibus</span> <span class='ocrx_word' id='word_1_100' title='bbox 1574 1751 1886 1808; x_wconf 85' lang='lat' dir='ltr'>manifesta-</span> 
     </span>
    </p>
   </div>
   <div class='ocr_carea' id='block_1_17' title="bbox 1168 369 2683 430">
    <p class='ocr_par' dir='ltr' id='par_1_17' title="bbox 1168 369 2683 430">
     <span class='ocr_line' id='line_1_17' title="bbox 1168 369 2683 430; baseline -0.001 -1"><span class='ocrx_word' id='word_1_101' title='bbox 1168 370 1624 430; x_wconf 85' lang='lat' dir='ltr'>BERENGAUDI</span> <span class='ocrx_word' id='word_1_102' title='bbox 1661 369 2035 428; x_wconf 78' lang='lat' dir='ltr'>EXPOSITIO</span> <span class='ocrx_word' id='word_1_103' title='bbox 2074 370 2145 427; x_wconf 89' lang='lat' dir='ltr'>IN</span> <span class='ocrx_word' id='word_1_104' title='bbox 2183 369 2683 428; x_wconf 83' lang='lat' dir='ltr'>APOCALYPSIN.</span> 
     </span>
    </p>
   </div>
   <div class='ocr_carea' id='block_1_18' title="bbox 1497 495 3603 574">
    <p class='ocr_par' dir='ltr' id='par_1_18' title="bbox 1497 495 3603 574">
     <span class='ocr_line' id='line_1_18' title="bbox 1497 495 3603 574; baseline 0.002 -21"><span class='ocrx_word' id='word_1_105' title='bbox 1497 513 1624 554; x_wconf 90' lang='lat' dir='ltr'>nam</span> <span class='ocrx_word' id='word_1_106' title='bbox 1690 497 1884 571; x_wconf 84' lang='lat' dir='ltr'>pagani</span> <span class='ocrx_word' id='word_1_107' title='bbox 1912 496 1963 557; x_wconf 86' lang='lat' dir='ltr'><strong>A</strong></span> <span class='ocrx_word' id='word_1_108' title='bbox 1991 495 2121 569; x_wconf 87' lang='lat' dir='ltr'>quia</span> <span class='ocrx_word' id='word_1_109' title='bbox 2159 496 2228 553; x_wconf 89' lang='lat' dir='ltr'>ad</span> <span class='ocrx_word' id='word_1_110' title='bbox 2258 495 2363 551; x_wconf 90' lang='lat' dir='ltr'>hoc</span> <span class='ocrx_word' id='word_1_111' title='bbox 2392 505 2692 569; x_wconf 86' lang='lat' dir='ltr'>resurgent,</span> <span class='ocrx_word' id='word_1_112' title='bbox 2738 506 2799 555; x_wconf 90' lang='lat' dir='ltr'>ut</span> <span class='ocrx_word' id='word_1_113' title='bbox 2829 497 2885 552; x_wconf 88' lang='lat' dir='ltr'>in</span> <span class='ocrx_word' id='word_1_114' title='bbox 2914 498 3235 570; x_wconf 85' lang='lat' dir='ltr'>corporibus</span> <span class='ocrx_word' id='word_1_115' title='bbox 3278 500 3335 556; x_wconf 93' lang='lat' dir='ltr'>in</span> <span class='ocrx_word' id='word_1_116' title='bbox 3394 498 3603 574; x_wconf 85' lang='lat' dir='ltr'>quibus</span> 
     </span>
    </p>
   </div>
   <div class='ocr_carea' id='block_1_19' title="bbox 3467 374 3603 434">
    <p class='ocr_par' dir='ltr' id='par_1_19' title="bbox 3467 374 3603 434">
     <span class='ocr_line' id='line_1_19' title="bbox 3467 374 3603 434; baseline -0.007 -1"><span class='ocrx_word' id='word_1_117' title='bbox 3467 374 3603 434; x_wconf 88' lang='grc'>1022</span> 
     </span>
    </p>
   </div>
   <div class='ocr_carea' id='block_1_20' title="bbox 1995 584 3600 662">
    <p class='ocr_par' dir='ltr' id='par_1_20' title="bbox 1995 584 3600 662">
     <span class='ocr_line' id='line_1_20' title="bbox 1995 584 3600 662; baseline 0.002 -22"><span class='ocrx_word' id='word_1_118' title='bbox 1995 585 2194 641; x_wconf 64' lang='lat' dir='ltr'>animm</span> <span class='ocrx_word' id='word_1_119' title='bbox 2225 594 2611 657; x_wconf 89' lang='lat' dir='ltr'>peccaverunt,</span> <span class='ocrx_word' id='word_1_120' title='bbox 2643 585 2701 642; x_wconf 90' lang='lat' dir='ltr'>in</span> <span class='ocrx_word' id='word_1_121' title='bbox 2732 584 2867 659; x_wconf 88' lang='lat' dir='ltr'>ipsis</span> <span class='ocrx_word' id='word_1_122' title='bbox 2891 594 2945 641; x_wconf 90' lang='lat' dir='ltr'>et</span> <span class='ocrx_word' id='word_1_123' title='bbox 2969 585 3293 657; x_wconf 91' lang='lat' dir='ltr'>judicentur</span> <span class='ocrx_word' id='word_1_124' title='bbox 3322 606 3337 656; x_wconf 90' lang='lat'>;</span> <span class='ocrx_word' id='word_1_125' title='bbox 3368 597 3431 645; x_wconf 91' lang='lat' dir='ltr'>ut</span> <span class='ocrx_word' id='word_1_126' title='bbox 3461 605 3600 662; x_wconf 89' lang='lat' dir='ltr'>quos</span> 
     </span>
    </p>
   </div>
   <div class='ocr_carea' id='block_1_21' title="bbox 1996 673 3599 750">
    <p class='ocr_par' dir='ltr' id='par_1_21' title="bbox 1996 673 3599 750">
     <span class='ocr_line' id='line_1_21' title="bbox 1996 673 3599 750; baseline 0.001 -20"><span class='ocrx_word' id='word_1_127' title='bbox 1996 674 2312 730; x_wconf 90' lang='lat' dir='ltr'>habuerunt</span> <span class='ocrx_word' id='word_1_128' title='bbox 2353 674 2532 730; x_wconf 91' lang='lat' dir='ltr'>socios</span> <span class='ocrx_word' id='word_1_129' title='bbox 2578 674 2638 730; x_wconf 92' lang='lat' dir='ltr'>in</span> <span class='ocrx_word' id='word_1_130' title='bbox 2692 673 3101 746; x_wconf 86' lang='lat' dir='ltr'>iniquitatibus,</span> <span class='ocrx_word' id='word_1_131' title='bbox 3150 674 3388 733; x_wconf 84' lang='lat' dir='ltr'>habeant</span> <span class='ocrx_word' id='word_1_132' title='bbox 3434 678 3599 750; x_wconf 89' lang='lat' dir='ltr'>parti-</span> 
     </span>
    </p>
   </div>
   <div class='ocr_carea' id='block_1_22' title="bbox 1997 763 3598 839">
    <p class='ocr_par' dir='ltr' id='par_1_22' title="bbox 1997 763 3598 839">
     <span class='ocr_line' id='line_1_22' title="bbox 1997 763 3598 839; baseline 0.002 -20"><span class='ocrx_word' id='word_1_133' title='bbox 1997 763 2150 835; x_wconf 88' lang='lat' dir='ltr'>cipes</span> <span class='ocrx_word' id='word_1_134' title='bbox 2198 764 2257 820; x_wconf 92' lang='lat' dir='ltr'>in</span> <span class='ocrx_word' id='word_1_135' title='bbox 2304 763 2619 820; x_wconf 88' lang='lat' dir='ltr'>tormentis.</span> <span class='ocrx_word' id='word_1_136' title='bbox 2668 765 2913 821; x_wconf 84' lang='lat' dir='ltr'>Praesens</span> <span class='ocrx_word' id='word_1_137' title='bbox 2961 774 3179 837; x_wconf 86' lang='lat' dir='ltr'>quoque</span> <span class='ocrx_word' id='word_1_138' title='bbox 3228 765 3394 822; x_wconf 87' lang='lat' dir='ltr'>lectio</span> <span class='ocrx_word' id='word_1_139' title='bbox 3454 765 3598 839; x_wconf 89' lang='lat' dir='ltr'>quod</span> 
     </span>
    </p>
   </div>
   <div class='ocr_carea' id='block_1_23' title="bbox 1996 850 3597 923">
    <p class='ocr_par' dir='ltr' id='par_1_23' title="bbox 1996 850 3597 923">
     <span class='ocr_line' id='line_1_23' title="bbox 1996 850 3597 923; baseline 0.002 -16"><span class='ocrx_word' id='word_1_140' title='bbox 1996 858 2123 908; x_wconf 90' lang='lat' dir='ltr'>ante</span> <span class='ocrx_word' id='word_1_141' title='bbox 2166 850 2442 923; x_wconf 91' lang='lat' dir='ltr'>judicium</span> <span class='ocrx_word' id='word_1_142' title='bbox 2512 852 2700 908; x_wconf 88' lang='lat' dir='ltr'>futura</span> <span class='ocrx_word' id='word_1_143' title='bbox 2755 852 2827 909; x_wconf 88' lang='lat' dir='ltr'>sit</span> <span class='ocrx_word' id='word_1_144' title='bbox 2878 854 3207 910; x_wconf 89' lang='lat' dir='ltr'>resurrectio</span> <span class='ocrx_word' id='word_1_145' title='bbox 3247 896 3265 919; x_wconf 89' lang='lat'>,</span> <span class='ocrx_word' id='word_1_146' title='bbox 3333 854 3597 922; x_wconf 90' lang='lat' dir='ltr'>ostendit,</span> 
     </span>
    </p>
   </div>
   <div class='ocr_carea' id='block_1_24' title="bbox 1998 940 3597 1016">
    <p class='ocr_par' dir='ltr' id='par_1_24' title="bbox 1998 940 3597 1016">
     <span class='ocr_line' id='line_1_24' title="bbox 1998 940 3597 1016; baseline 0.001 -19"><span class='ocrx_word' id='word_1_147' title='bbox 1998 956 2123 997; x_wconf 89' lang='lat' dir='ltr'>cum</span> <span class='ocrx_word' id='word_1_148' title='bbox 2181 949 2304 1012; x_wconf 89' lang='lat' dir='ltr'>post</span> <span class='ocrx_word' id='word_1_149' title='bbox 2370 940 2737 997; x_wconf 84' lang='lat' dir='ltr'>redditionem</span> <span class='ocrx_word' id='word_1_150' title='bbox 2796 950 3164 1010; x_wconf 90' lang='lat' dir='ltr'>mortuorum,</span> <span class='ocrx_word' id='word_1_151' title='bbox 3228 958 3366 1016; x_wconf 89' lang='lat' dir='ltr'>quos</span> <span class='ocrx_word' id='word_1_152' title='bbox 3424 960 3597 1013; x_wconf 89' lang='lat' dir='ltr'>mare,</span> 
     </span>
    </p>
   </div>
   <div class='ocr_carea' id='block_1_25' title="bbox 1997 1028 3599 1105">
    <p class='ocr_par' dir='ltr' id='par_1_25' title="bbox 1997 1028 3599 1105">
     <span class='ocr_line' id='line_1_25' title="bbox 1997 1028 3599 1105; baseline 0.003 -22"><span class='ocrx_word' id='word_1_153' title='bbox 1997 1037 2233 1085; x_wconf 90' lang='lat' dir='ltr'>mortem</span> <span class='ocrx_word' id='word_1_154' title='bbox 2262 1037 2317 1085; x_wconf 93' lang='lat' dir='ltr'>et</span> <span class='ocrx_word' id='word_1_155' title='bbox 2369 1028 2649 1086; x_wconf 83' lang='lat' dir='ltr'>infernum</span> <span class='ocrx_word' id='word_1_156' title='bbox 2704 1029 3008 1087; x_wconf 87' lang='lat' dir='ltr'>reddidisse</span> <span class='ocrx_word' id='word_1_157' title='bbox 3037 1030 3194 1098; x_wconf 89' lang='lat' dir='ltr'>dicit,</span> <span class='ocrx_word' id='word_1_158' title='bbox 3254 1031 3455 1105; x_wconf 90' lang='lat' dir='ltr'>impios</span> <span class='ocrx_word' id='word_1_159' title='bbox 3483 1048 3599 1088; x_wconf 90' lang='lat' dir='ltr'>esse</span> 
     </span>
    </p>
   </div>
   <div class='ocr_carea' id='block_1_26' title="bbox 1991 1117 3589 1194">
    <p class='ocr_par' dir='ltr' id='par_1_26' title="bbox 1991 1117 3589 1194">
     <span class='ocr_line' id='line_1_26' title="bbox 1991 1117 3589 1194; baseline 0.002 -21"><span class='ocrx_word' id='word_1_160' title='bbox 1991 1117 2322 1189; x_wconf 89' lang='lat' dir='ltr'>judicandos</span> <span class='ocrx_word' id='word_1_161' title='bbox 2376 1128 2579 1174; x_wconf 87' lang='lat' dir='ltr'>narrat.</span> <span class='ocrx_word' id='word_1_162' title='bbox 2640 1120 2745 1175; x_wconf 88' lang='lat' dir='ltr'>Sed</span> <span class='ocrx_word' id='word_1_163' title='bbox 2798 1127 2853 1175; x_wconf 92' lang='lat' dir='ltr'>et</span> <span class='ocrx_word' id='word_1_164' title='bbox 2907 1120 3042 1176; x_wconf 88' lang='lat' dir='ltr'>ﬁdes</span> <span class='ocrx_word' id='word_1_165' title='bbox 3096 1120 3369 1178; x_wconf 90' lang='lat' dir='ltr'>catholica</span> <span class='ocrx_word' id='word_1_166' title='bbox 3425 1137 3589 1194; x_wconf 89' lang='lat' dir='ltr'>quam</span> 
     </span>
    </p>
   </div>
   <div class='ocr_carea' id='block_1_27' title="bbox 1997 1206 3594 1279">
    <p class='ocr_par' dir='ltr' id='par_1_27' title="bbox 1997 1206 3594 1279">
     <span class='ocr_line' id='line_1_27' title="bbox 1997 1206 3594 1279; baseline 0.003 -18"><span class='ocrx_word' id='word_1_167' title='bbox 1997 1206 2313 1279; x_wconf 85' lang='lat' dir='ltr'>frequenter</span> <span class='ocrx_word' id='word_1_168' title='bbox 2389 1208 2765 1276; x_wconf 89' lang='lat' dir='ltr'>decantamus,</span> <span class='ocrx_word' id='word_1_169' title='bbox 2827 1207 2932 1265; x_wconf 91' lang='lat' dir='ltr'>hoc</span> <span class='ocrx_word' id='word_1_170' title='bbox 3009 1208 3351 1265; x_wconf 88' lang='lat' dir='ltr'>demonstrat</span> <span class='ocrx_word' id='word_1_171' title='bbox 3398 1228 3412 1276; x_wconf 91' lang='lat'>;</span> <span class='ocrx_word' id='word_1_172' title='bbox 3470 1226 3594 1266; x_wconf 90' lang='lat' dir='ltr'>cum</span> 
     </span>
    </p>
   </div>
   <div class='ocr_carea' id='block_1_28' title="bbox 1997 1296 3596 1368">
    <p class='ocr_par' dir='ltr' id='par_1_28' title="bbox 1997 1296 3596 1368">
     <span class='ocr_line' id='line_1_28' title="bbox 1997 1296 3596 1368; baseline 0.001 -15"><span class='ocrx_word' id='word_1_173' title='bbox 1997 1296 2135 1353; x_wconf 89' lang='lat' dir='ltr'>dicit</span> <span class='ocrx_word' id='word_1_174' title='bbox 2163 1297 2230 1353; x_wconf 92' lang='lat' dir='ltr'>de</span> <span class='ocrx_word' id='word_1_175' title='bbox 2257 1297 2496 1353; x_wconf 92' lang='lat' dir='ltr'>Domino</span> <span class='ocrx_word' id='word_1_176' title='bbox 2520 1314 2532 1352; x_wconf 89' lang='lat'>:</span> <span class='ocrx_word' id='word_1_177' title='bbox 2565 1296 2653 1352; x_wconf 84' lang='lat' dir='ltr'>Ad</span> <span class='ocrx_word' id='word_1_178' title='bbox 2680 1296 2837 1368; x_wconf 89' lang='lat' dir='ltr'>cujus</span> <span class='ocrx_word' id='word_1_179' title='bbox 2865 1296 3163 1352; x_wconf 88' lang='lat' dir='ltr'>adventum</span> <span class='ocrx_word' id='word_1_180' title='bbox 3194 1312 3387 1353; x_wconf 86' lang='lat' dir='ltr'>omnes</span> <span class='ocrx_word' id='word_1_181' title='bbox 3418 1298 3596 1354; x_wconf 86' lang='lat' dir='ltr'>homi-</span> 
     </span>
    </p>
   </div>
   <div class='ocr_carea' id='block_1_29' title="bbox 1996 1385 3597 1459">
    <p class='ocr_par' dir='ltr' id='par_1_29' title="bbox 1996 1385 3597 1459">
     <span class='ocr_line' id='line_1_29' title="bbox 1996 1385 3597 1459; baseline 0.001 -19"><span class='ocrx_word' id='word_1_182' title='bbox 1996 1401 2093 1441; x_wconf 89' lang='lat' dir='ltr'>nes</span> <span class='ocrx_word' id='word_1_183' title='bbox 2122 1402 2401 1459; x_wconf 80' lang='lat' dir='ltr'>resurgere</span> <span class='ocrx_word' id='word_1_184' title='bbox 2450 1385 2653 1442; x_wconf 90' lang='lat' dir='ltr'>habent</span> <span class='ocrx_word' id='word_1_185' title='bbox 2680 1401 2806 1442; x_wconf 92' lang='lat' dir='ltr'>cum</span> <span class='ocrx_word' id='word_1_186' title='bbox 2852 1385 3176 1457; x_wconf 89' lang='lat' dir='ltr'>corporibus</span> <span class='ocrx_word' id='word_1_187' title='bbox 3228 1385 3363 1453; x_wconf 89' lang='lat' dir='ltr'>suis,</span> <span class='ocrx_word' id='word_1_188' title='bbox 3396 1394 3450 1441; x_wconf 90' lang='lat' dir='ltr'>et</span> <span class='ocrx_word' id='word_1_189' title='bbox 3480 1385 3597 1442; x_wconf 89' lang='lat' dir='ltr'>red-</span> 
     </span>
    </p>
   </div>
   <div class='ocr_carea' id='block_1_30' title="bbox 1996 1472 3595 1548">
    <p class='ocr_par' dir='ltr' id='par_1_30' title="bbox 1996 1472 3595 1548">
     <span class='ocr_line' id='line_1_30' title="bbox 1996 1472 3595 1548; baseline 0.003 -19"><span class='ocrx_word' id='word_1_190' title='bbox 1996 1472 2169 1529; x_wconf 92' lang='lat' dir='ltr'>dituri</span> <span class='ocrx_word' id='word_1_191' title='bbox 2222 1482 2352 1530; x_wconf 90' lang='lat' dir='ltr'>sunt</span> <span class='ocrx_word' id='word_1_192' title='bbox 2413 1473 2481 1530; x_wconf 90' lang='lat' dir='ltr'>de</span> <span class='ocrx_word' id='word_1_193' title='bbox 2534 1473 2694 1530; x_wconf 87' lang='lat' dir='ltr'>factis</span> <span class='ocrx_word' id='word_1_194' title='bbox 2747 1474 2985 1547; x_wconf 90' lang='lat' dir='ltr'>propriis</span> <span class='ocrx_word' id='word_1_195' title='bbox 3042 1473 3312 1531; x_wconf 87' lang='lat' dir='ltr'>rationem</span> <span class='ocrx_word' id='word_1_196' title='bbox 3369 1475 3595 1548; x_wconf 81' lang='lat' dir='ltr'>(Athan.</span> 
     </span>
    </p>
   </div>
   <div class='ocr_carea' id='block_1_31' title="bbox 1999 1562 2226 1634">
    <p class='ocr_par' dir='ltr' id='par_1_31' title="bbox 1999 1562 2226 1634">
     <span class='ocr_line' id='line_1_31' title="bbox 1999 1562 2226 1634; baseline 0.009 -18"><span class='ocrx_word' id='word_1_197' title='bbox 1999 1562 2226 1634; x_wconf 82' lang='lat' dir='ltr'>Symb.).</span> 
     </span>
    </p>
   </div>
   <div class='ocr_carea' id='block_1_32' title="bbox 2068 1659 3599 1737">
    <p class='ocr_par' dir='ltr' id='par_1_32' title="bbox 2068 1659 3599 1737">
     <span class='ocr_line' id='line_1_32' title="bbox 2068 1659 3599 1737; baseline 0.005 -21"><span class='ocrx_word' id='word_1_198' title='bbox 2068 1659 2275 1716; x_wconf 85' lang='lat' dir='ltr'>Verum</span> <span class='ocrx_word' id='word_1_199' title='bbox 2330 1661 2687 1733; x_wconf 84' lang='lat' dir='ltr'>quaerendum</span> <span class='ocrx_word' id='word_1_200' title='bbox 2740 1662 2901 1719; x_wconf 89' lang='lat' dir='ltr'>nobis</span> <span class='ocrx_word' id='word_1_201' title='bbox 2956 1672 3058 1734; x_wconf 90' lang='lat' dir='ltr'>est,</span> <span class='ocrx_word' id='word_1_202' title='bbox 3119 1663 3252 1737; x_wconf 92' lang='lat' dir='ltr'>quid</span> <span class='ocrx_word' id='word_1_203' title='bbox 3281 1663 3599 1736; x_wconf 83' lang='lat' dir='ltr'>significent</span> 
     </span>
    </p>
   </div>
   <div class='ocr_carea' id='block_1_33' title="bbox 1996 1757 3598 1832">
    <p class='ocr_par' dir='ltr' id='par_1_33' title="bbox 1996 1757 3598 1832">
     <span class='ocr_line' id='line_1_33' title="bbox 1996 1757 3598 1832; baseline 0.005 -24"><span class='ocrx_word' id='word_1_204' title='bbox 1996 1768 2164 1821; x_wconf 90' lang='lat' dir='ltr'>mors,</span> <span class='ocrx_word' id='word_1_205' title='bbox 2210 1770 2377 1824; x_wconf 90' lang='lat' dir='ltr'>mare,</span> <span class='ocrx_word' id='word_1_206' title='bbox 2410 1763 2464 1811; x_wconf 90' lang='lat' dir='ltr'>et</span> <span class='ocrx_word' id='word_1_207' title='bbox 2513 1757 2782 1814; x_wconf 88' lang='lat' dir='ltr'>infernus.</span> <span class='ocrx_word' id='word_1_208' title='bbox 2833 1758 3048 1816; x_wconf 90' lang='lat' dir='ltr'>Scimus</span> <span class='ocrx_word' id='word_1_209' title='bbox 3084 1759 3287 1832; x_wconf 90' lang='lat' dir='ltr'>quippe</span> <span class='ocrx_word' id='word_1_210' title='bbox 3330 1776 3499 1832; x_wconf 86' lang='lat' dir='ltr'>aquas</span> <span class='ocrx_word' id='word_1_211' title='bbox 3528 1760 3598 1817; x_wconf 88' lang='lat' dir='ltr'>ad</span> 
     </span>
    </p>
   </div>
   <div class='ocr_carea' id='block_1_34' title="bbox 282 1838 3597 1916">
    <p class='ocr_par' dir='ltr' id='par_1_34' title="bbox 282 1838 3597 1916">
     <span class='ocr_line' id='line_1_34' title="bbox 282 1838 3597 1916; baseline 0.002 -16"><span class='ocrx_word' id='word_1_212' title='bbox 282 1844 512 1901; x_wconf 92' lang='lat' dir='ltr'>buntur.</span> <span class='ocrx_word' id='word_1_213' title='bbox 550 1842 653 1898; x_wconf 91' lang='lat' dir='ltr'>Per</span> <span class='ocrx_word' id='word_1_214' title='bbox 701 1841 905 1897; x_wconf 92' lang='lat' dir='ltr'>librum</span> <span class='ocrx_word' id='word_1_215' title='bbox 951 1846 1135 1895; x_wconf 90' lang='lat' dir='ltr'>autem</span> <span class='ocrx_word' id='word_1_216' title='bbox 1185 1839 1314 1894; x_wconf 63' lang='lat' dir='ltr'>vita:</span> <span class='ocrx_word' id='word_1_217' title='bbox 1346 1838 1882 1911; x_wconf 82' lang='lat' dir='ltr'>praedestinationem</span> <span class='ocrx_word' id='word_1_218' title='bbox 1919 1851 1964 1911; x_wconf 84' lang='grc' dir='ltr'>Β</span> <span class='ocrx_word' id='word_1_219' title='bbox 1995 1840 2336 1899; x_wconf 90' lang='lat' dir='ltr'>ablutionem</span> <span class='ocrx_word' id='word_1_220' title='bbox 2382 1853 2728 1916; x_wconf 89' lang='lat' dir='ltr'>peccatorum</span> <span class='ocrx_word' id='word_1_221' title='bbox 2778 1854 3095 1904; x_wconf 91' lang='lat' dir='ltr'>nostrorum</span> <span class='ocrx_word' id='word_1_222' title='bbox 3145 1863 3261 1903; x_wconf 89' lang='lat' dir='ltr'>esse</span> <span class='ocrx_word' id='word_1_223' title='bbox 3312 1864 3597 1905; x_wconf 85' lang='lat' dir='ltr'>consecra-</span> 
     </span>
    </p>
   </div>
   <div class='ocr_carea' id='block_1_35' title="bbox 279 1927 1885 2004">
    <p class='ocr_par' dir='ltr' id='par_1_35' title="bbox 279 1927 1885 2004">
     <span class='ocr_line' id='line_1_35' title="bbox 279 1927 1885 2004; baseline -0.002 -14"><span class='ocrx_word' id='word_1_224' title='bbox 279 1934 381 1991; x_wconf 91' lang='lat' dir='ltr'>Dei</span> <span class='ocrx_word' id='word_1_225' title='bbox 414 1930 815 2004; x_wconf 88' lang='lat' dir='ltr'>omnipotentis</span> <span class='ocrx_word' id='word_1_226' title='bbox 841 1944 1134 2002; x_wconf 88' lang='lat' dir='ltr'>possumus</span> <span class='ocrx_word' id='word_1_227' title='bbox 1162 1927 1493 2000; x_wconf 81' lang='lat' dir='ltr'>intelligere.</span> <span class='ocrx_word' id='word_1_228' title='bbox 1521 1931 1583 1984; x_wconf 90' lang='lat' dir='ltr'>In</span> <span class='ocrx_word' id='word_1_229' title='bbox 1617 1928 1719 1986; x_wconf 88' lang='lat' dir='ltr'>hoc</span> <span class='ocrx_word' id='word_1_230' title='bbox 1742 1930 1885 1986; x_wconf 91' lang='lat' dir='ltr'>libro</span> 
     </span>
    </p>
   </div>
   <div class='ocr_carea' id='block_1_36' title="bbox 281 2010 1886 2093">
    <p class='ocr_par' dir='ltr' id='par_1_36' title="bbox 281 2010 1886 2093">
     <span class='ocr_line' id='line_1_36' title="bbox 281 2010 1886 2093; baseline -0.002 -15"><span class='ocrx_word' id='word_1_231' title='bbox 281 2022 509 2078; x_wconf 90' lang='lat' dir='ltr'>nomina</span> <span class='ocrx_word' id='word_1_232' title='bbox 537 2021 940 2093; x_wconf 90' lang='lat' dir='ltr'>discipulorum</span> <span class='ocrx_word' id='word_1_233' title='bbox 996 2034 1113 2074; x_wconf 86' lang='lat' dir='ltr'>esse</span> <span class='ocrx_word' id='word_1_234' title='bbox 1167 2017 1481 2089; x_wconf 88' lang='lat' dir='ltr'>conscripta</span> <span class='ocrx_word' id='word_1_235' title='bbox 1518 2010 1790 2074; x_wconf 86' lang='lat' dir='ltr'>Dominus</span> <span class='ocrx_word' id='word_1_236' title='bbox 1829 2019 1886 2074; x_wconf 92' lang='lat' dir='ltr'>in</span> 
     </span>
    </p>
   </div>
   <div class='ocr_carea' id='block_1_37' title="bbox 280 2106 1887 2184">
    <p class='ocr_par' dir='ltr' id='par_1_37' title="bbox 280 2106 1887 2184">
     <span class='ocr_line' id='line_1_37' title="bbox 280 2106 1887 2184; baseline -0.002 -18"><span class='ocrx_word' id='word_1_237' title='bbox 280 2109 587 2184; x_wconf 85' lang='lat' dir='ltr'>Evangelio</span> <span class='ocrx_word' id='word_1_238' title='bbox 634 2109 975 2173; x_wconf 75' lang='lat' dir='ltr'>manifestat,</span> <span class='ocrx_word' id='word_1_239' title='bbox 1027 2122 1156 2164; x_wconf 92' lang='lat' dir='ltr'>cum</span> <span class='ocrx_word' id='word_1_240' title='bbox 1197 2106 1369 2162; x_wconf 87' lang='lat' dir='ltr'>dicit:</span> <span class='ocrx_word' id='word_1_241' title='bbox 1417 2130 1435 2152; x_wconf 75' lang='grc' dir='ltr'>ι</span> <span class='ocrx_word' id='word_1_242' title='bbox 1468 2106 1733 2174; x_wconf 90' lang='lat' dir='ltr'>Gaudete,</span> <span class='ocrx_word' id='word_1_243' title='bbox 1757 2106 1887 2178; x_wconf 90' lang='lat' dir='ltr'>quia</span> 
     </span>
    </p>
   </div>
   <div class='ocr_carea' id='block_1_38' title="bbox 280 2197 1885 2272">
    <p class='ocr_par' dir='ltr' id='par_1_38' title="bbox 280 2197 1885 2272">
     <span class='ocr_line' id='line_1_38' title="bbox 280 2197 1885 2272; baseline -0.004 -12"><span class='ocrx_word' id='word_1_244' title='bbox 280 2206 507 2261; x_wconf 88' lang='lat' dir='ltr'>nomina</span> <span class='ocrx_word' id='word_1_245' title='bbox 526 2209 708 2259; x_wconf 89' lang='lat' dir='ltr'>vestra</span> <span class='ocrx_word' id='word_1_246' title='bbox 722 2202 926 2272; x_wconf 88' lang='lat' dir='ltr'>scripta</span> <span class='ocrx_word' id='word_1_247' title='bbox 946 2206 1077 2255; x_wconf 90' lang='lat' dir='ltr'>sunt</span> <span class='ocrx_word' id='word_1_248' title='bbox 1098 2198 1155 2254; x_wconf 93' lang='lat' dir='ltr'>in</span> <span class='ocrx_word' id='word_1_249' title='bbox 1171 2199 1327 2255; x_wconf 77' lang='lat' dir='ltr'>cmlis</span> <span class='ocrx_word' id='word_1_250' title='bbox 1350 2201 1501 2268; x_wconf 88' lang='lat' dir='ltr'>(Luc.</span> <span class='ocrx_word' id='word_1_251' title='bbox 1518 2214 1576 2265; x_wconf 67' lang='grc' dir='ltr'>ι,</span> <span class='ocrx_word' id='word_1_252' title='bbox 1591 2197 1708 2269; x_wconf 88' lang='grc'>20).</span> <span class='ocrx_word' id='word_1_253' title='bbox 1743 2222 1761 2245; x_wconf 76' lang='grc' dir='ltr'><strong><em>ι</em></strong></span> <span class='ocrx_word' id='word_1_254' title='bbox 1807 2200 1885 2253; x_wconf 92' lang='lat' dir='ltr'>De</span> 
     </span>
    </p>
   </div>
   <div class='ocr_carea' id='block_1_39' title="bbox 280 2289 1885 2365">
    <p class='ocr_par' dir='ltr' id='par_1_39' title="bbox 280 2289 1885 2365">
     <span class='ocr_line' id='line_1_39' title="bbox 280 2289 1885 2365; baseline -0.002 -16"><span class='ocrx_word' id='word_1_255' title='bbox 280 2293 387 2349; x_wconf 90' lang='lat' dir='ltr'>hoc</span> <span class='ocrx_word' id='word_1_256' title='bbox 415 2292 558 2349; x_wconf 90' lang='lat' dir='ltr'>libro</span> <span class='ocrx_word' id='word_1_257' title='bbox 586 2292 868 2365; x_wconf 88' lang='lat' dir='ltr'>apostolus</span> <span class='ocrx_word' id='word_1_258' title='bbox 894 2292 1098 2347; x_wconf 89' lang='lat' dir='ltr'>Paulus</span> <span class='ocrx_word' id='word_1_259' title='bbox 1141 2290 1389 2363; x_wconf 89' lang='lat' dir='ltr'>loquitur</span> <span class='ocrx_word' id='word_1_260' title='bbox 1417 2290 1605 2348; x_wconf 90' lang='lat' dir='ltr'>dicens</span> <span class='ocrx_word' id='word_1_261' title='bbox 1632 2309 1643 2346; x_wconf 91' lang='lat'>:</span> <span class='ocrx_word' id='word_1_262' title='bbox 1689 2314 1707 2337; x_wconf 82' lang='grc' dir='ltr'>ι</span> <span class='ocrx_word' id='word_1_263' title='bbox 1737 2289 1885 2357; x_wconf 90' lang='lat' dir='ltr'>Quos</span> 
     </span>
    </p>
   </div>
   <div class='ocr_carea' id='block_1_40' title="bbox 281 2380 1884 2456">
    <p class='ocr_par' dir='ltr' id='par_1_40' title="bbox 281 2380 1884 2456">
     <span class='ocr_line' id='line_1_40' title="bbox 281 2380 1884 2456; baseline -0.002 -17"><span class='ocrx_word' id='word_1_264' title='bbox 281 2391 459 2440; x_wconf 90' lang='lat' dir='ltr'>autem</span> <span class='ocrx_word' id='word_1_265' title='bbox 509 2384 810 2456; x_wconf 82' lang='lat' dir='ltr'>praescivit,</span> <span class='ocrx_word' id='word_1_266' title='bbox 870 2383 972 2438; x_wconf 88' lang='lat' dir='ltr'>hos</span> <span class='ocrx_word' id='word_1_267' title='bbox 1016 2389 1071 2437; x_wconf 92' lang='lat' dir='ltr'>et</span> <span class='ocrx_word' id='word_1_268' title='bbox 1126 2380 1574 2453; x_wconf 82' lang='lat' dir='ltr'>praedestinavit:</span> <span class='ocrx_word' id='word_1_269' title='bbox 1638 2386 1694 2436; x_wconf 92' lang='lat' dir='ltr'>et</span> <span class='ocrx_word' id='word_1_270' title='bbox 1747 2396 1884 2452; x_wconf 91' lang='lat' dir='ltr'>quos</span> 
     </span>
    </p>
   </div>
   <div class='ocr_carea' id='block_1_41' title="bbox 282 2465 1881 2548">
    <p class='ocr_par' dir='ltr' id='par_1_41' title="bbox 282 2465 1881 2548">
     <span class='ocr_line' id='line_1_41' title="bbox 282 2465 1881 2548; baseline 0.001 -17"><span class='ocrx_word' id='word_1_271' title='bbox 282 2465 714 2548; x_wconf 75' lang='lat' dir='ltr'>praedestinavit,</span> <span class='ocrx_word' id='word_1_272' title='bbox 749 2475 849 2531; x_wconf 91' lang='lat' dir='ltr'>hos</span> <span class='ocrx_word' id='word_1_273' title='bbox 869 2474 1162 2531; x_wconf 73' lang='lat' dir='ltr'>etvocavit</span> <span class='ocrx_word' id='word_1_274' title='bbox 1186 2491 1198 2529; x_wconf 94' lang='lat'><strong>:</strong></span> <span class='ocrx_word' id='word_1_275' title='bbox 1231 2481 1286 2530; x_wconf 91' lang='lat' dir='ltr'>et</span> <span class='ocrx_word' id='word_1_276' title='bbox 1309 2489 1447 2546; x_wconf 90' lang='lat' dir='ltr'>quos</span> <span class='ocrx_word' id='word_1_277' title='bbox 1476 2474 1727 2544; x_wconf 88' lang='lat' dir='ltr'>vocavit,</span> <span class='ocrx_word' id='word_1_278' title='bbox 1755 2475 1881 2533; x_wconf 90' lang='lat' dir='ltr'>illos</span> 
     </span>
    </p>
   </div>
   <div class='ocr_carea' id='block_1_42' title="bbox 283 2563 1248 2637">
    <p class='ocr_par' dir='ltr' id='par_1_42' title="bbox 283 2563 1248 2637">
     <span class='ocr_line' id='line_1_42' title="bbox 283 2563 1248 2637; baseline -0.002 -17"><span class='ocrx_word' id='word_1_279' title='bbox 283 2572 335 2620; x_wconf 80' lang='lat' dir='ltr'>et</span> <span class='ocrx_word' id='word_1_280' title='bbox 365 2564 695 2637; x_wconf 81' lang='lat' dir='ltr'>glorificavit</span> <span class='ocrx_word' id='word_1_281' title='bbox 715 2566 893 2637; x_wconf 86' lang='lat' dir='ltr'>(Rom.</span> <span class='ocrx_word' id='word_1_282' title='bbox 925 2582 1050 2633; x_wconf 80' lang='lat' dir='ltr'><strong>VIII,</strong></span> <span class='ocrx_word' id='word_1_283' title='bbox 1078 2563 1197 2635; x_wconf 88' lang='lat'>30).</span> <span class='ocrx_word' id='word_1_284' title='bbox 1231 2588 1248 2611; x_wconf 76' lang='grc' dir='ltr'>ι</span> 
     </span>
    </p>
   </div>
   <div class='ocr_carea' id='block_1_43' title="bbox 358 2666 1882 2741">
    <p class='ocr_par' dir='ltr' id='par_1_43' title="bbox 358 2666 1882 2741">
     <span class='ocr_line' id='line_1_43' title="bbox 358 2666 1882 2741; baseline -0.002 -17"><span class='ocrx_word' id='word_1_285' title='bbox 358 2668 539 2741; x_wconf 88' lang='lat' dir='ltr'>(Vers.</span> <span class='ocrx_word' id='word_1_286' title='bbox 576 2668 689 2740; x_wconf 87' lang='grc'>13.)</span> <span class='ocrx_word' id='word_1_287' title='bbox 711 2670 786 2725; x_wconf 87' lang='lat' dir='ltr'>Et</span> <span class='ocrx_word' id='word_1_288' title='bbox 804 2667 1039 2738; x_wconf 79' lang='lat' dir='ltr'>judicati</span> <span class='ocrx_word' id='word_1_289' title='bbox 1098 2673 1222 2721; x_wconf 86' lang='lat' dir='ltr'>sunt</span> <span class='ocrx_word' id='word_1_290' title='bbox 1274 2666 1474 2722; x_wconf 80' lang='lat' dir='ltr'>mortui</span> <span class='ocrx_word' id='word_1_291' title='bbox 1510 2666 1793 2722; x_wconf 84' lang='lat' dir='ltr'>secundum</span> <span class='ocrx_word' id='word_1_292' title='bbox 1820 2682 1882 2722; x_wconf 88' lang='lat' dir='ltr'>ea</span> 
     </span>
    </p>
   </div>
   <div class='ocr_carea' id='block_1_44' title="bbox 284 2754 1881 2829">
    <p class='ocr_par' dir='ltr' id='par_1_44' title="bbox 284 2754 1881 2829">
     <span class='ocr_line' id='line_1_44' title="bbox 284 2754 1881 2829; baseline -0.002 -17"><span class='ocrx_word' id='word_1_293' title='bbox 284 2774 399 2828; x_wconf 72' lang='lat' dir='ltr'>qua:</span> <span class='ocrx_word' id='word_1_294' title='bbox 425 2757 625 2829; x_wconf 85' lang='lat' dir='ltr'>scripta</span> <span class='ocrx_word' id='word_1_295' title='bbox 678 2762 831 2813; x_wconf 87' lang='lat' dir='ltr'>era-nt</span> <span class='ocrx_word' id='word_1_296' title='bbox 859 2757 917 2812; x_wconf 85' lang='lat' dir='ltr'>in</span> <span class='ocrx_word' id='word_1_297' title='bbox 979 2755 1150 2821; x_wconf 79' lang='lat' dir='ltr'>libris,</span> <span class='ocrx_word' id='word_1_298' title='bbox 1191 2756 1474 2811; x_wconf 83' lang='lat' dir='ltr'>secundum</span> <span class='ocrx_word' id='word_1_299' title='bbox 1528 2771 1689 2827; x_wconf 85' lang='lat' dir='ltr'>opera</span> <span class='ocrx_word' id='word_1_300' title='bbox 1743 2754 1881 2827; x_wconf 84' lang='lat' dir='ltr'>ipso-</span> 
     </span>
    </p>
   </div>
   <div class='ocr_carea' id='block_1_45' title="bbox 283 2847 1881 2917">
    <p class='ocr_par' dir='ltr' id='par_1_45' title="bbox 283 2847 1881 2917">
     <span class='ocr_line' id='line_1_45' title="bbox 283 2847 1881 2917; baseline -0.001 -14"><span class='ocrx_word' id='word_1_301' title='bbox 283 2863 424 2906; x_wconf 86' lang='lat' dir='ltr'>rum.</span> <span class='ocrx_word' id='word_1_302' title='bbox 453 2849 689 2904; x_wconf 85' lang='lat' dir='ltr'>Judicati</span> <span class='ocrx_word' id='word_1_303' title='bbox 744 2854 867 2903; x_wconf 86' lang='lat' dir='ltr'>sunt</span> <span class='ocrx_word' id='word_1_304' title='bbox 894 2847 1093 2902; x_wconf 80' lang='lat' dir='ltr'>mortui</span> <span class='ocrx_word' id='word_1_305' title='bbox 1118 2847 1400 2902; x_wconf 87' lang='lat' dir='ltr'>secundum</span> <span class='ocrx_word' id='word_1_306' title='bbox 1428 2863 1489 2901; x_wconf 88' lang='lat' dir='ltr'>ea</span> <span class='ocrx_word' id='word_1_307' title='bbox 1537 2863 1655 2917; x_wconf 65' lang='lat' dir='ltr'>qum</span> <span class='ocrx_word' id='word_1_308' title='bbox 1681 2847 1881 2917; x_wconf 84' lang='lat' dir='ltr'>scripta</span> 
     </span>
    </p>
   </div>
   <div class='ocr_carea' id='block_1_46' title="bbox 280 2935 1881 3010">
    <p class='ocr_par' dir='ltr' id='par_1_46' title="bbox 280 2935 1881 3010">
     <span class='ocr_line' id='line_1_46' title="bbox 280 2935 1881 3010; baseline 0 -18"><span class='ocrx_word' id='word_1_309' title='bbox 280 2945 433 2993; x_wconf 84' lang='lat' dir='ltr'>erant</span> <span class='ocrx_word' id='word_1_310' title='bbox 462 2939 517 2993; x_wconf 87' lang='lat' dir='ltr'>in</span> <span class='ocrx_word' id='word_1_311' title='bbox 548 2939 699 2993; x_wconf 79' lang='lat' dir='ltr'>libris</span> <span class='ocrx_word' id='word_1_312' title='bbox 731 2938 849 3010; x_wconf 72' lang='lat'>(75)</span> <span class='ocrx_word' id='word_1_313' title='bbox 874 2955 888 3005; x_wconf 92' lang='lat'>;</span> <span class='ocrx_word' id='word_1_314' title='bbox 914 2937 1042 3010; x_wconf 89' lang='lat' dir='ltr'>quia</span> <span class='ocrx_word' id='word_1_315' title='bbox 1061 2936 1367 2993; x_wconf 90' lang='lat' dir='ltr'>secundum</span> <span class='ocrx_word' id='word_1_316' title='bbox 1390 2951 1603 2991; x_wconf 90' lang='lat' dir='ltr'>errores</span> <span class='ocrx_word' id='word_1_317' title='bbox 1631 2935 1881 3007; x_wconf 89' lang='lat' dir='ltr'>proprios</span> 
     </span>
    </p>
   </div>
   <div class='ocr_carea' id='block_1_47' title="bbox 280 3023 1878 3101">
    <p class='ocr_par' dir='ltr' id='par_1_47' title="bbox 280 3023 1878 3101">
     <span class='ocr_line' id='line_1_47' title="bbox 280 3023 1878 3101; baseline -0.003 -18"><span class='ocrx_word' id='word_1_318' title='bbox 280 3034 335 3083; x_wconf 88' lang='lat' dir='ltr'>et</span> <span class='ocrx_word' id='word_1_319' title='bbox 357 3025 519 3099; x_wconf 83' lang='lat' dir='ltr'>juxta</span> <span class='ocrx_word' id='word_1_320' title='bbox 552 3028 868 3101; x_wconf 88' lang='lat' dir='ltr'>qualitatem</span> <span class='ocrx_word' id='word_1_321' title='bbox 901 3028 1171 3083; x_wconf 91' lang='lat' dir='ltr'>scelerum</span> <span class='ocrx_word' id='word_1_322' title='bbox 1220 3041 1447 3081; x_wconf 90' lang='lat' dir='ltr'>suorum</span> <span class='ocrx_word' id='word_1_323' title='bbox 1494 3025 1700 3097; x_wconf 86' lang='lat' dir='ltr'>singuli</span> <span class='ocrx_word' id='word_1_324' title='bbox 1730 3023 1878 3096; x_wconf 89' lang='lat' dir='ltr'>judi-</span> 
     </span>
    </p>
   </div>
   <div class='ocr_carea' id='block_1_48' title="bbox 279 3114 1880 3185">
    <p class='ocr_par' dir='ltr' id='par_1_48' title="bbox 279 3114 1880 3185">
     <span class='ocr_line' id='line_1_48' title="bbox 279 3114 1880 3185; baseline 0 -13"><span class='ocrx_word' id='word_1_325' title='bbox 279 3115 552 3173; x_wconf 86' lang='lat' dir='ltr'>cabuntur</span> <span class='ocrx_word' id='word_1_326' title='bbox 576 3135 590 3184; x_wconf 91' lang='lat'>;</span> <span class='ocrx_word' id='word_1_327' title='bbox 614 3117 775 3172; x_wconf 87' lang='lat' dir='ltr'>aliter</span> <span class='ocrx_word' id='word_1_328' title='bbox 806 3115 953 3171; x_wconf 90' lang='lat' dir='ltr'>enim</span> <span class='ocrx_word' id='word_1_329' title='bbox 978 3114 1383 3185; x_wconf 89' lang='lat' dir='ltr'>judicabuntur</span> <span class='ocrx_word' id='word_1_330' title='bbox 1419 3114 1689 3183; x_wconf 69' lang='lat' dir='ltr'>haeretici,</span> <span class='ocrx_word' id='word_1_331' title='bbox 1718 3116 1880 3172; x_wconf 90' lang='lat' dir='ltr'>aliter</span> 
     </span>
    </p>
   </div>
   <div class='ocr_carea' id='block_1_49' title="bbox 278 3204 1950 3278">
    <p class='ocr_par' dir='ltr' id='par_1_49' title="bbox 278 3204 1950 3278">
     <span class='ocr_line' id='line_1_49' title="bbox 278 3204 1950 3278; baseline 0.001 -17"><span class='ocrx_word' id='word_1_332' title='bbox 278 3205 495 3278; x_wconf 86' lang='lat' dir='ltr'>pagani,</span> <span class='ocrx_word' id='word_1_333' title='bbox 545 3207 706 3263; x_wconf 88' lang='lat' dir='ltr'>aliter</span> <span class='ocrx_word' id='word_1_334' title='bbox 769 3204 894 3262; x_wconf 87' lang='lat' dir='ltr'>falsi</span> <span class='ocrx_word' id='word_1_335' title='bbox 957 3204 1282 3262; x_wconf 89' lang='lat' dir='ltr'>christiani:</span> <span class='ocrx_word' id='word_1_336' title='bbox 1343 3204 1440 3261; x_wconf 90' lang='lat' dir='ltr'>sed</span> <span class='ocrx_word' id='word_1_337' title='bbox 1494 3204 1874 3278; x_wconf 85' lang='lat' dir='ltr'>unusquisque</span> <span class='ocrx_word' id='word_1_338' title='bbox 1905 3208 1950 3270; x_wconf 83' lang='lat' dir='ltr'>C.</span> 
     </span>
    </p>
   </div>
   <div class='ocr_carea' id='block_1_50' title="bbox 276 3292 1874 3366">
    <p class='ocr_par' dir='ltr' id='par_1_50' title="bbox 276 3292 1874 3366">
     <span class='ocr_line' id='line_1_50' title="bbox 276 3292 1874 3366; baseline 0.001 -17"><span class='ocrx_word' id='word_1_339' title='bbox 276 3293 523 3366; x_wconf 88' lang='lat' dir='ltr'>ipsorum</span> <span class='ocrx_word' id='word_1_340' title='bbox 577 3301 782 3366; x_wconf 84' lang='lat' dir='ltr'>quanto</span> <span class='ocrx_word' id='word_1_341' title='bbox 834 3293 1075 3351; x_wconf 90' lang='lat' dir='ltr'>deterior</span> <span class='ocrx_word' id='word_1_342' title='bbox 1134 3292 1305 3349; x_wconf 88' lang='lat' dir='ltr'>fuerit</span> <span class='ocrx_word' id='word_1_343' title='bbox 1383 3293 1443 3350; x_wconf 91' lang='lat' dir='ltr'>in</span> <span class='ocrx_word' id='word_1_344' title='bbox 1498 3294 1722 3366; x_wconf 91' lang='lat' dir='ltr'>proprio</span> <span class='ocrx_word' id='word_1_345' title='bbox 1777 3310 1874 3350; x_wconf 83' lang='lat' dir='ltr'>er-</span> 
     </span>
    </p>
   </div>
   <div class='ocr_carea' id='block_1_51' title="bbox 275 3381 1286 3455">
    <p class='ocr_par' dir='ltr' id='par_1_51' title="bbox 275 3381 1286 3455">
     <span class='ocr_line' id='line_1_51' title="bbox 275 3381 1286 3455; baseline 0.001 -18"><span class='ocrx_word' id='word_1_346' title='bbox 275 3398 419 3444; x_wconf 87' lang='lat' dir='ltr'>rore,</span> <span class='ocrx_word' id='word_1_347' title='bbox 444 3389 599 3437; x_wconf 90' lang='lat' dir='ltr'>tanto</span> <span class='ocrx_word' id='word_1_348' title='bbox 629 3390 684 3439; x_wconf 93' lang='lat' dir='ltr'>et</span> <span class='ocrx_word' id='word_1_349' title='bbox 710 3382 893 3439; x_wconf 88' lang='lat' dir='ltr'>acrius</span> <span class='ocrx_word' id='word_1_350' title='bbox 919 3381 1286 3455; x_wconf 90' lang='lat' dir='ltr'>judicabitur.</span> 
     </span>
    </p>
   </div>
   <div class='ocr_carea' id='block_1_52' title="bbox 347 3469 1873 3541">
    <p class='ocr_par' dir='ltr' id='par_1_52' title="bbox 347 3469 1873 3541">
     <span class='ocr_line' id='line_1_52' title="bbox 347 3469 1873 3541; baseline 0 -14"><span class='ocrx_word' id='word_1_351' title='bbox 347 3474 422 3527; x_wconf 90' lang='lat' dir='ltr'>Et</span> <span class='ocrx_word' id='word_1_352' title='bbox 471 3471 615 3526; x_wconf 83' lang='lat' dir='ltr'>dedit</span> <span class='ocrx_word' id='word_1_353' title='bbox 669 3489 817 3527; x_wconf 88' lang='lat' dir='ltr'>mare</span> <span class='ocrx_word' id='word_1_354' title='bbox 842 3478 1081 3528; x_wconf 88' lang='lat' dir='ltr'>mortuos</span> <span class='ocrx_word' id='word_1_355' title='bbox 1134 3488 1278 3538; x_wconf 87' lang='lat' dir='ltr'>suos,</span> <span class='ocrx_word' id='word_1_356' title='bbox 1308 3476 1356 3526; x_wconf 88' lang='lat' dir='ltr'>et</span> <span class='ocrx_word' id='word_1_357' title='bbox 1382 3487 1525 3525; x_wconf 87' lang='lat' dir='ltr'>mors</span> <span class='ocrx_word' id='word_1_358' title='bbox 1554 3475 1601 3525; x_wconf 86' lang='lat' dir='ltr'>et</span> <span class='ocrx_word' id='word_1_359' title='bbox 1630 3469 1873 3541; x_wconf 84' lang='lat' dir='ltr'>infernus</span> 
     </span>
    </p>
   </div>
   <div class='ocr_carea' id='block_1_53' title="bbox 275 3558 1873 3634">
    <p class='ocr_par' dir='ltr' id='par_1_53' title="bbox 275 3558 1873 3634">
     <span class='ocr_line' id='line_1_53' title="bbox 275 3558 1873 3634; baseline 0 -18"><span class='ocrx_word' id='word_1_360' title='bbox 275 3560 532 3616; x_wconf 82' lang='lat' dir='ltr'>dederunt</span> <span class='ocrx_word' id='word_1_361' title='bbox 553 3568 790 3619; x_wconf 87' lang='lat' dir='ltr'>mortuos</span> <span class='ocrx_word' id='word_1_362' title='bbox 818 3562 910 3634; x_wconf 87' lang='lat' dir='ltr'>qui</span> <span class='ocrx_word' id='word_1_363' title='bbox 957 3561 1016 3616; x_wconf 88' lang='lat' dir='ltr'>in</span> <span class='ocrx_word' id='word_1_364' title='bbox 1068 3562 1222 3634; x_wconf 81' lang='lat' dir='ltr'>ipsis,</span> <span class='ocrx_word' id='word_1_365' title='bbox 1280 3567 1432 3616; x_wconf 88' lang='lat' dir='ltr'>erant</span> <span class='ocrx_word' id='word_1_366' title='bbox 1461 3578 1473 3616; x_wconf 90' lang='lat'>:</span> <span class='ocrx_word' id='word_1_367' title='bbox 1504 3566 1553 3615; x_wconf 90' lang='lat' dir='ltr'>et</span> <span class='ocrx_word' id='word_1_368' title='bbox 1570 3558 1873 3629; x_wconf 83' lang='lat' dir='ltr'>judicatum</span> 
     </span>
    </p>
   </div>
   <div class='ocr_carea' id='block_1_54' title="bbox 275 3650 1872 3725">
    <p class='ocr_par' dir='ltr' id='par_1_54' title="bbox 275 3650 1872 3725">
     <span class='ocr_line' id='line_1_54' title="bbox 275 3650 1872 3725; baseline 0.002 -20"><span class='ocrx_word' id='word_1_369' title='bbox 275 3656 350 3705; x_wconf 84' lang='lat' dir='ltr'>est</span> <span class='ocrx_word' id='word_1_370' title='bbox 376 3650 439 3706; x_wconf 88' lang='lat' dir='ltr'>de</span> <span class='ocrx_word' id='word_1_371' title='bbox 468 3652 695 3724; x_wconf 76' lang='lat' dir='ltr'>singulis</span> <span class='ocrx_word' id='word_1_372' title='bbox 739 3653 1024 3708; x_wconf 85' lang='lat' dir='ltr'>secundum</span> <span class='ocrx_word' id='word_1_373' title='bbox 1071 3670 1232 3725; x_wconf 80' lang='lat' dir='ltr'>opera</span> <span class='ocrx_word' id='word_1_374' title='bbox 1264 3668 1464 3707; x_wconf 85' lang='lat' dir='ltr'>eorum.</span> <span class='ocrx_word' id='word_1_375' title='bbox 1518 3651 1678 3708; x_wconf 88' lang='lat' dir='ltr'>Nunc</span> <span class='ocrx_word' id='word_1_376' title='bbox 1707 3650 1775 3707; x_wconf 89' lang='lat' dir='ltr'>ad</span> <span class='ocrx_word' id='word_1_377' title='bbox 1810 3667 1872 3708; x_wconf 90' lang='lat' dir='ltr'>ea</span> 
     </span>
    </p>
   </div>
   <div class='ocr_carea' id='block_1_55' title="bbox 273 3740 1871 3813">
    <p class='ocr_par' dir='ltr' id='par_1_55' title="bbox 273 3740 1871 3813">
     <span class='ocr_line' id='line_1_55' title="bbox 273 3740 1871 3813; baseline 0.002 -19"><span class='ocrx_word' id='word_1_378' title='bbox 273 3754 395 3811; x_wconf 79' lang='lat' dir='ltr'>quae</span> <span class='ocrx_word' id='word_1_379' title='bbox 422 3741 865 3811; x_wconf 71' lang='lat' dir='ltr'>praetermiserat,</span> <span class='ocrx_word' id='word_1_380' title='bbox 898 3741 1227 3808; x_wconf 89' lang='lat' dir='ltr'>revertitur;</span> <span class='ocrx_word' id='word_1_381' title='bbox 1260 3740 1412 3813; x_wconf 90' lang='lat' dir='ltr'>prius</span> <span class='ocrx_word' id='word_1_382' title='bbox 1442 3740 1645 3813; x_wconf 90' lang='lat' dir='ltr'>quippe</span> <span class='ocrx_word' id='word_1_383' title='bbox 1679 3758 1871 3797; x_wconf 90' lang='lat' dir='ltr'>resur-</span> 
     </span>
    </p>
   </div>
   <div class='ocr_carea' id='block_1_56' title="bbox 272 3832 1870 3909">
    <p class='ocr_par' dir='ltr' id='par_1_56' title="bbox 272 3832 1870 3909">
     <span class='ocr_line' id='line_1_56' title="bbox 272 3832 1870 3909; baseline 0.004 -23"><span class='ocrx_word' id='word_1_384' title='bbox 272 3832 444 3889; x_wconf 90' lang='lat' dir='ltr'>rectio</span> <span class='ocrx_word' id='word_1_385' title='bbox 465 3834 737 3905; x_wconf 88' lang='lat' dir='ltr'>generalis</span> <span class='ocrx_word' id='word_1_386' title='bbox 766 3834 883 3906; x_wconf 85' lang='lat' dir='ltr'>ﬁet,</span> <span class='ocrx_word' id='word_1_387' title='bbox 932 3844 986 3893; x_wconf 91' lang='lat' dir='ltr'>et</span> <span class='ocrx_word' id='word_1_388' title='bbox 1035 3844 1224 3909; x_wconf 90' lang='lat' dir='ltr'>postea</span> <span class='ocrx_word' id='word_1_389' title='bbox 1271 3834 1547 3907; x_wconf 87' lang='lat' dir='ltr'>judicium</span> <span class='ocrx_word' id='word_1_390' title='bbox 1578 3837 1870 3893; x_wconf 85' lang='lat' dir='ltr'>exercebi—</span> 
     </span>
    </p>
   </div>
   <div class='ocr_carea' id='block_1_57' title="bbox 275 3923 1869 4001">
    <p class='ocr_par' dir='ltr' id='par_1_57' title="bbox 275 3923 1869 4001">
     <span class='ocr_line' id='line_1_57' title="bbox 275 3923 1869 4001; baseline 0.004 -23"><span class='ocrx_word' id='word_1_391' title='bbox 275 3930 380 3980; x_wconf 91' lang='lat' dir='ltr'>tur.</span> <span class='ocrx_word' id='word_1_392' title='bbox 414 3923 573 3993; x_wconf 91' lang='lat' dir='ltr'>Quod</span> <span class='ocrx_word' id='word_1_393' title='bbox 602 3925 680 3984; x_wconf 91' lang='lat' dir='ltr'>ita</span> <span class='ocrx_word' id='word_1_394' title='bbox 706 3942 822 3984; x_wconf 88' lang='lat' dir='ltr'>esse</span> <span class='ocrx_word' id='word_1_395' title='bbox 877 3928 1148 3985; x_wconf 90' lang='lat' dir='ltr'>Dominus</span> <span class='ocrx_word' id='word_1_396' title='bbox 1177 3929 1235 3985; x_wconf 91' lang='lat' dir='ltr'>in</span> <span class='ocrx_word' id='word_1_397' title='bbox 1288 3928 1596 4001; x_wconf 82' lang='lat' dir='ltr'>Evangelia</span> <span class='ocrx_word' id='word_1_398' title='bbox 1624 3928 1869 3985; x_wconf 90' lang='lat' dir='ltr'>manife-</span> 
     </span>
    </p>
   </div>
   <div class='ocr_carea' id='block_1_58' title="bbox 270 4013 1870 4089">
    <p class='ocr_par' dir='ltr' id='par_1_58' title="bbox 270 4013 1870 4089">
     <span class='ocr_line' id='line_1_58' title="bbox 270 4013 1870 4089; baseline 0.004 -22"><span class='ocrx_word' id='word_1_399' title='bbox 270 4019 397 4083; x_wconf 90' lang='lat' dir='ltr'>stat,</span> <span class='ocrx_word' id='word_1_400' title='bbox 427 4013 618 4070; x_wconf 89' lang='lat' dir='ltr'>dicens</span> <span class='ocrx_word' id='word_1_401' title='bbox 644 4014 936 4087; x_wconf 89' lang='lat' dir='ltr'>discipulis</span> <span class='ocrx_word' id='word_1_402' title='bbox 961 4034 973 4072; x_wconf 93' lang='lat'><strong>:</strong></span> <span class='ocrx_word' id='word_1_403' title='bbox 1022 4041 1041 4067; x_wconf 74' lang='grc' dir='ltr'>ι</span> <span class='ocrx_word' id='word_1_404' title='bbox 1070 4018 1133 4073; x_wconf 91' lang='lat' dir='ltr'>In</span> <span class='ocrx_word' id='word_1_405' title='bbox 1178 4017 1589 4089; x_wconf 89' lang='lat' dir='ltr'>regeneratione</span> <span class='ocrx_word' id='word_1_406' title='bbox 1616 4033 1744 4073; x_wconf 91' lang='lat' dir='ltr'>cum</span> <span class='ocrx_word' id='word_1_407' title='bbox 1774 4034 1870 4073; x_wconf 88' lang='lat' dir='ltr'>se-</span> 
     </span>
    </p>
   </div>
   <div class='ocr_carea' id='block_1_59' title="bbox 271 4099 1869 4178">
    <p class='ocr_par' dir='ltr' id='par_1_59' title="bbox 271 4099 1869 4178">
     <span class='ocr_line' id='line_1_59' title="bbox 271 4099 1869 4178; baseline 0.004 -22"><span class='ocrx_word' id='word_1_408' title='bbox 271 4099 414 4157; x_wconf 89' lang='lat' dir='ltr'>derit</span> <span class='ocrx_word' id='word_1_409' title='bbox 441 4104 618 4161; x_wconf 88' lang='lat' dir='ltr'>Filius</span> <span class='ocrx_word' id='word_1_410' title='bbox 652 4104 898 4161; x_wconf 91' lang='lat' dir='ltr'>hominis</span> <span class='ocrx_word' id='word_1_411' title='bbox 926 4106 985 4161; x_wconf 90' lang='lat' dir='ltr'>in</span> <span class='ocrx_word' id='word_1_412' title='bbox 1031 4107 1159 4162; x_wconf 90' lang='lat' dir='ltr'>sede</span> <span class='ocrx_word' id='word_1_413' title='bbox 1201 4106 1508 4178; x_wconf 90' lang='lat' dir='ltr'>majestatis</span> <span class='ocrx_word' id='word_1_414' title='bbox 1551 4122 1683 4174; x_wconf 70' lang='lat' dir='ltr'>sum,</span> <span class='ocrx_word' id='word_1_415' title='bbox 1720 4107 1869 4163; x_wconf 86' lang='lat' dir='ltr'>sede-</span> 
     </span>
    </p>
   </div>
   <div class='ocr_carea' id='block_1_60' title="bbox 269 4190 1871 4268">
    <p class='ocr_par' dir='ltr' id='par_1_60' title="bbox 269 4190 1871 4268">
     <span class='ocr_line' id='line_1_60' title="bbox 269 4190 1871 4268; baseline 0.005 -22"><span class='ocrx_word' id='word_1_416' title='bbox 269 4190 401 4249; x_wconf 88' lang='lat' dir='ltr'>bitis</span> <span class='ocrx_word' id='word_1_417' title='bbox 429 4201 482 4249; x_wconf 92' lang='lat' dir='ltr'>et</span> <span class='ocrx_word' id='word_1_418' title='bbox 511 4211 611 4252; x_wconf 93' lang='lat' dir='ltr'>vos</span> <span class='ocrx_word' id='word_1_419' title='bbox 641 4212 803 4267; x_wconf 88' lang='lat' dir='ltr'>super</span> <span class='ocrx_word' id='word_1_420' title='bbox 830 4195 984 4252; x_wconf 89' lang='lat' dir='ltr'>sedes</span> <span class='ocrx_word' id='word_1_421' title='bbox 1018 4194 1333 4265; x_wconf 89' lang='lat' dir='ltr'>duodecim,</span> <span class='ocrx_word' id='word_1_422' title='bbox 1375 4203 1525 4261; x_wconf 82' lang='lat'>574</span> <span class='ocrx_word' id='word_1_423' title='bbox 1558 4195 1871 4268; x_wconf 87' lang='lat' dir='ltr'>judicantes</span> 
     </span>
    </p>
   </div>
   <div class='ocr_carea' id='block_1_61' title="bbox 269 4289 1869 4368">
    <p class='ocr_par' dir='ltr' id='par_1_61' title="bbox 269 4289 1869 4368">
     <span class='ocr_line' id='line_1_61' title="bbox 269 4289 1869 4368; baseline 0.005 -21"><span class='ocrx_word' id='word_1_424' title='bbox 269 4289 559 4353; x_wconf 89' lang='lat' dir='ltr'>duodecim</span> <span class='ocrx_word' id='word_1_425' title='bbox 580 4295 763 4352; x_wconf 89' lang='lat' dir='ltr'>tribus</span> <span class='ocrx_word' id='word_1_426' title='bbox 807 4297 970 4352; x_wconf 90' lang='lat' dir='ltr'>Israel</span> <span class='ocrx_word' id='word_1_427' title='bbox 1010 4296 1221 4368; x_wconf 81' lang='lat' dir='ltr'>(Matth.</span> <span class='ocrx_word' id='word_1_428' title='bbox 1264 4312 1386 4365; x_wconf 69' lang='grc' dir='ltr'>χιι,</span> <span class='ocrx_word' id='word_1_429' title='bbox 1437 4297 1555 4367; x_wconf 89' lang='grc'>28).</span> <span class='ocrx_word' id='word_1_430' title='bbox 1605 4322 1624 4344; x_wconf 76' lang='grc' dir='ltr'><strong><em>ι</em></strong></span> <span class='ocrx_word' id='word_1_431' title='bbox 1683 4299 1869 4355; x_wconf 91' lang='lat' dir='ltr'>Primo</span> 
     </span>
    </p>
   </div>
   <div class='ocr_carea' id='block_1_62' title="bbox 270 4384 1865 4461">
    <p class='ocr_par' dir='ltr' id='par_1_62' title="bbox 270 4384 1865 4461">
     <span class='ocr_line' id='line_1_62' title="bbox 270 4384 1865 4461; baseline 0.004 -24"><span class='ocrx_word' id='word_1_432' title='bbox 270 4384 733 4455; x_wconf 84' lang='lat' dir='ltr'>regenerationem</span> <span class='ocrx_word' id='word_1_433' title='bbox 766 4385 972 4459; x_wconf 88' lang='lat' dir='ltr'>posuit,</span> <span class='ocrx_word' id='word_1_434' title='bbox 997 4385 1051 4441; x_wconf 93' lang='lat' dir='ltr'>id</span> <span class='ocrx_word' id='word_1_435' title='bbox 1086 4393 1189 4455; x_wconf 90' lang='lat' dir='ltr'>est,</span> <span class='ocrx_word' id='word_1_436' title='bbox 1235 4386 1691 4442; x_wconf 88' lang='lat' dir='ltr'>resurrectionem</span> <span class='ocrx_word' id='word_1_437' title='bbox 1725 4388 1865 4461; x_wconf 87' lang='lat'>(76);</span> 
     </span>
    </p>
   </div>
   <div class='ocr_carea' id='block_1_63' title="bbox 268 4474 1871 4549">
    <p class='ocr_par' dir='ltr' id='par_1_63' title="bbox 268 4474 1871 4549">
     <span class='ocr_line' id='line_1_63' title="bbox 268 4474 1871 4549; baseline 0.004 -22"><span class='ocrx_word' id='word_1_438' title='bbox 268 4479 455 4545; x_wconf 90' lang='lat' dir='ltr'>postea</span> <span class='ocrx_word' id='word_1_439' title='bbox 500 4474 568 4530; x_wconf 92' lang='lat' dir='ltr'>ad</span> <span class='ocrx_word' id='word_1_440' title='bbox 616 4474 951 4546; x_wconf 89' lang='lat' dir='ltr'>judicandos</span> <span class='ocrx_word' id='word_1_441' title='bbox 992 4476 1223 4549; x_wconf 86' lang='lat' dir='ltr'>populos</span> <span class='ocrx_word' id='word_1_442' title='bbox 1272 4490 1384 4531; x_wconf 75' lang='lat' dir='ltr'>eos.</span> <span class='ocrx_word' id='word_1_443' title='bbox 1437 4480 1682 4532; x_wconf 80' lang='lat' dir='ltr'>Sessuros</span> <span class='ocrx_word' id='word_1_444' title='bbox 1754 4493 1871 4533; x_wconf 87' lang='lat' dir='ltr'>esse</span> 
     </span>
    </p>
   </div>
   <div class='ocr_carea' id='block_1_64' title="bbox 1997 1930 3597 2009">
    <p class='ocr_par' dir='ltr' id='par_1_64' title="bbox 1997 1930 3597 2009">
     <span class='ocr_line' id='line_1_64' title="bbox 1997 1930 3597 2009; baseline 0.005 -25"><span class='ocrx_word' id='word_1_445' title='bbox 1997 1937 2101 1998; x_wconf 90' lang='lat' dir='ltr'>tas,</span> <span class='ocrx_word' id='word_1_446' title='bbox 2150 1930 2294 1988; x_wconf 90' lang='lat' dir='ltr'>sicut</span> <span class='ocrx_word' id='word_1_447' title='bbox 2322 1933 2460 1991; x_wconf 91' lang='lat' dir='ltr'>dicit</span> <span class='ocrx_word' id='word_1_448' title='bbox 2488 1935 2756 1991; x_wconf 90' lang='lat' dir='ltr'>Dominus</span> <span class='ocrx_word' id='word_1_449' title='bbox 2787 1936 2843 1991; x_wconf 89' lang='lat' dir='ltr'>in</span> <span class='ocrx_word' id='word_1_450' title='bbox 2874 1936 3181 2008; x_wconf 90' lang='lat' dir='ltr'>Evangelio</span> <span class='ocrx_word' id='word_1_451' title='bbox 3217 1951 3228 1989; x_wconf 90' lang='lat'>:</span> <span class='ocrx_word' id='word_1_452' title='bbox 3276 1958 3295 1982; x_wconf 76' lang='grc' dir='ltr'><strong>ε</strong></span> <span class='ocrx_word' id='word_1_453' title='bbox 3325 1936 3445 1992; x_wconf 91' lang='lat' dir='ltr'>Nisi</span> <span class='ocrx_word' id='word_1_454' title='bbox 3473 1935 3597 2009; x_wconf 88' lang='lat' dir='ltr'>quis</span> 
     </span>
    </p>
   </div>
   <div class='ocr_carea' id='block_1_65' title="bbox 1996 2023 3596 2099">
    <p class='ocr_par' dir='ltr' id='par_1_65' title="bbox 1996 2023 3596 2099">
     <span class='ocr_line' id='line_1_65' title="bbox 1996 2023 3596 2099; baseline 0.006 -25"><span class='ocrx_word' id='word_1_455' title='bbox 1996 2027 2217 2077; x_wconf 89' lang='lat' dir='ltr'>renatus</span> <span class='ocrx_word' id='word_1_456' title='bbox 2247 2023 2413 2079; x_wconf 90' lang='lat' dir='ltr'>fuerit</span> <span class='ocrx_word' id='word_1_457' title='bbox 2441 2040 2509 2079; x_wconf 88' lang='lat' dir='ltr'>ex</span> <span class='ocrx_word' id='word_1_458' title='bbox 2535 2041 2676 2098; x_wconf 90' lang='lat' dir='ltr'>aqua</span> <span class='ocrx_word' id='word_1_459' title='bbox 2711 2034 2764 2082; x_wconf 90' lang='lat' dir='ltr'>et</span> <span class='ocrx_word' id='word_1_460' title='bbox 2793 2026 3002 2098; x_wconf 90' lang='lat' dir='ltr'>Spiritu</span> <span class='ocrx_word' id='word_1_461' title='bbox 3030 2034 3240 2094; x_wconf 90' lang='lat' dir='ltr'>sancto,</span> <span class='ocrx_word' id='word_1_462' title='bbox 3273 2043 3385 2083; x_wconf 92' lang='lat' dir='ltr'>non</span> <span class='ocrx_word' id='word_1_463' title='bbox 3418 2035 3596 2099; x_wconf 88' lang='lat' dir='ltr'>potest</span> 
     </span>
    </p>
   </div>
   <div class='ocr_carea' id='block_1_66' title="bbox 1994 2108 3597 2187">
    <p class='ocr_par' dir='ltr' id='par_1_66' title="bbox 1994 2108 3597 2187">
     <span class='ocr_line' id='line_1_66' title="bbox 1994 2108 3597 2187; baseline 0.006 -24"><span class='ocrx_word' id='word_1_464' title='bbox 1994 2108 2225 2166; x_wconf 91' lang='lat' dir='ltr'>introire</span> <span class='ocrx_word' id='word_1_465' title='bbox 2280 2111 2339 2167; x_wconf 93' lang='lat' dir='ltr'>in</span> <span class='ocrx_word' id='word_1_466' title='bbox 2394 2129 2621 2183; x_wconf 85' lang='lat' dir='ltr'>regnum</span> <span class='ocrx_word' id='word_1_467' title='bbox 2682 2115 2779 2170; x_wconf 91' lang='lat' dir='ltr'>Dei</span> <span class='ocrx_word' id='word_1_468' title='bbox 2843 2116 3026 2185; x_wconf 85' lang='lat' dir='ltr'>(Joan.</span> <span class='ocrx_word' id='word_1_469' title='bbox 3087 2133 3172 2183; x_wconf 85' lang='lat' dir='ltr'>III,</span> <span class='ocrx_word' id='word_1_470' title='bbox 3230 2116 3311 2187; x_wconf 84' lang='lat'>5).</span> <span class='ocrx_word' id='word_1_471' title='bbox 3373 2141 3393 2165; x_wconf 77' lang='grc' dir='ltr'><strong><em>ι</em></strong></span> <span class='ocrx_word' id='word_1_472' title='bbox 3449 2117 3597 2173; x_wconf 87' lang='lat' dir='ltr'>Mare</span> 
     </span>
    </p>
   </div>
   <div class='ocr_carea' id='block_1_67' title="bbox 1993 2197 3595 2271">
    <p class='ocr_par' dir='ltr' id='par_1_67' title="bbox 1993 2197 3595 2271">
     <span class='ocr_line' id='line_1_67' title="bbox 1993 2197 3595 2271; baseline 0.007 -20"><span class='ocrx_word' id='word_1_473' title='bbox 1993 2197 2177 2270; x_wconf 84' lang='lat' dir='ltr'>itaque</span> <span class='ocrx_word' id='word_1_474' title='bbox 2228 2200 2298 2255; x_wconf 91' lang='lat' dir='ltr'>ad</span> <span class='ocrx_word' id='word_1_475' title='bbox 2345 2203 2805 2258; x_wconf 80' lang='lat' dir='ltr'>resurrectionem</span> <span class='ocrx_word' id='word_1_476' title='bbox 2853 2204 3154 2260; x_wconf 89' lang='lat' dir='ltr'>electorum</span> <span class='ocrx_word' id='word_1_477' title='bbox 3192 2223 3206 2271; x_wconf 89' lang='lat'>;</span> <span class='ocrx_word' id='word_1_478' title='bbox 3262 2222 3412 2262; x_wconf 91' lang='lat' dir='ltr'>mors</span> <span class='ocrx_word' id='word_1_479' title='bbox 3462 2222 3595 2263; x_wconf 91' lang='lat' dir='ltr'>vero</span> 
     </span>
    </p>
   </div>
   <div class='ocr_carea' id='block_1_68' title="bbox 1993 2287 3595 2363">
    <p class='ocr_par' dir='ltr' id='par_1_68' title="bbox 1993 2287 3595 2363">
     <span class='ocr_line' id='line_1_68' title="bbox 1993 2287 3595 2363; baseline 0.004 -22"><span class='ocrx_word' id='word_1_480' title='bbox 1993 2293 2157 2359; x_wconf 91' lang='lat' dir='ltr'>atque</span> <span class='ocrx_word' id='word_1_481' title='bbox 2186 2287 2458 2357; x_wconf 86' lang='lat' dir='ltr'>infernus,</span> <span class='ocrx_word' id='word_1_482' title='bbox 2479 2289 2548 2346; x_wconf 91' lang='lat' dir='ltr'>ad</span> <span class='ocrx_word' id='word_1_483' title='bbox 2576 2290 2935 2361; x_wconf 90' lang='lat' dir='ltr'>reproborum</span> <span class='ocrx_word' id='word_1_484' title='bbox 2968 2291 3085 2363; x_wconf 88' lang='lat'>(77)</span> <span class='ocrx_word' id='word_1_485' title='bbox 3116 2291 3415 2363; x_wconf 90' lang='lat' dir='ltr'>pertinent.</span> <span class='ocrx_word' id='word_1_486' title='bbox 3447 2293 3595 2349; x_wconf 87' lang='lat' dir='ltr'>Mare</span> 
     </span>
    </p>
   </div>
   <div class='ocr_carea' id='block_1_69' title="bbox 1993 2375 3592 2453">
    <p class='ocr_par' dir='ltr' id='par_1_69' title="bbox 1993 2375 3592 2453">
     <span class='ocr_line' id='line_1_69' title="bbox 1993 2375 3592 2453; baseline 0.005 -24"><span class='ocrx_word' id='word_1_487' title='bbox 1993 2389 2123 2446; x_wconf 89' lang='lat' dir='ltr'>ergo</span> <span class='ocrx_word' id='word_1_488' title='bbox 2187 2375 2246 2432; x_wconf 91' lang='lat' dir='ltr'>in</span> <span class='ocrx_word' id='word_1_489' title='bbox 2314 2376 2421 2433; x_wconf 93' lang='lat' dir='ltr'>hoc</span> <span class='ocrx_word' id='word_1_490' title='bbox 2501 2380 2620 2435; x_wconf 89' lang='lat' dir='ltr'>loco</span> <span class='ocrx_word' id='word_1_491' title='bbox 2683 2378 3019 2451; x_wconf 86' lang='lat' dir='ltr'>baptismum</span> <span class='ocrx_word' id='word_1_492' title='bbox 3085 2380 3355 2453; x_wconf 86' lang='lat' dir='ltr'>designat.</span> <span class='ocrx_word' id='word_1_493' title='bbox 3422 2381 3592 2450; x_wconf 84' lang='lat' dir='ltr'>Quasi</span> 
     </span>
    </p>
   </div>
   <div class='ocr_carea' id='block_1_70' title="bbox 1993 2462 3592 2538">
    <p class='ocr_par' dir='ltr' id='par_1_70' title="bbox 1993 2462 3592 2538">
     <span class='ocr_line' id='line_1_70' title="bbox 1993 2462 3592 2538; baseline 0.005 -21"><span class='ocrx_word' id='word_1_494' title='bbox 1993 2462 2164 2535; x_wconf 90' lang='lat' dir='ltr'>igitur</span> <span class='ocrx_word' id='word_1_495' title='bbox 2217 2483 2367 2524; x_wconf 91' lang='lat' dir='ltr'>mare</span> <span class='ocrx_word' id='word_1_496' title='bbox 2453 2476 2701 2525; x_wconf 90' lang='lat' dir='ltr'>mortuos</span> <span class='ocrx_word' id='word_1_497' title='bbox 2764 2486 2892 2526; x_wconf 89' lang='lat' dir='ltr'>suos</span> <span class='ocrx_word' id='word_1_498' title='bbox 2961 2469 3170 2538; x_wconf 85' lang='lat' dir='ltr'>reddet,</span> <span class='ocrx_word' id='word_1_499' title='bbox 3242 2487 3369 2528; x_wconf 91' lang='lat' dir='ltr'>cum</span> <span class='ocrx_word' id='word_1_500' title='bbox 3433 2471 3592 2528; x_wconf 86' lang='lat' dir='ltr'>electi</span> 
     </span>
    </p>
   </div>
   <div class='ocr_carea' id='block_1_71' title="bbox 1992 2552 3589 2631">
    <p class='ocr_par' dir='ltr' id='par_1_71' title="bbox 1992 2552 3589 2631">
     <span class='ocr_line' id='line_1_71' title="bbox 1992 2552 3589 2631; baseline 0.006 -24"><span class='ocrx_word' id='word_1_501' title='bbox 1992 2552 2088 2623; x_wconf 93' lang='lat' dir='ltr'>qui</span> <span class='ocrx_word' id='word_1_502' title='bbox 2146 2553 2204 2609; x_wconf 93' lang='lat' dir='ltr'>in</span> <span class='ocrx_word' id='word_1_503' title='bbox 2234 2571 2296 2610; x_wconf 88' lang='lat' dir='ltr'>ea</span> <span class='ocrx_word' id='word_1_504' title='bbox 2346 2557 2621 2613; x_wconf 91' lang='lat' dir='ltr'>munditia</span> <span class='ocrx_word' id='word_1_505' title='bbox 2647 2573 2810 2630; x_wconf 91' lang='lat' dir='ltr'>quam</span> <span class='ocrx_word' id='word_1_506' title='bbox 2865 2558 2925 2613; x_wconf 93' lang='lat' dir='ltr'>in</span> <span class='ocrx_word' id='word_1_507' title='bbox 2981 2559 3308 2631; x_wconf 90' lang='lat' dir='ltr'>baptismate</span> <span class='ocrx_word' id='word_1_508' title='bbox 3341 2576 3589 2631; x_wconf 90' lang='lat' dir='ltr'>percepe-</span> 
     </span>
    </p>
   </div>
   <div class='ocr_carea' id='block_1_72' title="bbox 1991 2644 3588 2718">
    <p class='ocr_par' dir='ltr' id='par_1_72' title="bbox 1991 2644 3588 2718">
     <span class='ocr_line' id='line_1_72' title="bbox 1991 2644 3588 2718; baseline 0.006 -23"><span class='ocrx_word' id='word_1_509' title='bbox 1991 2649 2141 2710; x_wconf 90' lang='lat' dir='ltr'>runt,</span> <span class='ocrx_word' id='word_1_510' title='bbox 2192 2644 2250 2700; x_wconf 92' lang='lat' dir='ltr'>in</span> <span class='ocrx_word' id='word_1_511' title='bbox 2299 2661 2363 2701; x_wconf 92' lang='lat' dir='ltr'>ea</span> <span class='ocrx_word' id='word_1_512' title='bbox 2409 2646 2573 2700; x_wconf 87' lang='lat' dir='ltr'>etiam</span> <span class='ocrx_word' id='word_1_513' title='bbox 2618 2653 2671 2699; x_wconf 89' lang='lat' dir='ltr'>et</span> <span class='ocrx_word' id='word_1_514' title='bbox 2714 2654 3017 2718; x_wconf 90' lang='lat' dir='ltr'>resurgent,</span> <span class='ocrx_word' id='word_1_515' title='bbox 3057 2648 3267 2703; x_wconf 87' lang='lat' dir='ltr'>nullam</span> <span class='ocrx_word' id='word_1_516' title='bbox 3318 2649 3588 2704; x_wconf 86' lang='lat' dir='ltr'>maculam</span> 
     </span>
    </p>
   </div>
   <div class='ocr_carea' id='block_1_73' title="bbox 1990 2731 3592 2809">
    <p class='ocr_par' dir='ltr' id='par_1_73' title="bbox 1990 2731 3592 2809">
     <span class='ocr_line' id='line_1_73' title="bbox 1990 2731 3592 2809; baseline 0.004 -24"><span class='ocrx_word' id='word_1_517' title='bbox 1990 2731 2199 2801; x_wconf 85' lang='lat' dir='ltr'>peccati</span> <span class='ocrx_word' id='word_1_518' title='bbox 2245 2731 2527 2790; x_wconf 87' lang='lat' dir='ltr'>habentes.</span> <span class='ocrx_word' id='word_1_519' title='bbox 2575 2736 2721 2790; x_wconf 89' lang='lat' dir='ltr'>Mare</span> <span class='ocrx_word' id='word_1_520' title='bbox 2758 2743 3004 2790; x_wconf 89' lang='lat' dir='ltr'>mortuos</span> <span class='ocrx_word' id='word_1_521' title='bbox 3049 2752 3177 2791; x_wconf 92' lang='lat' dir='ltr'>suos</span> <span class='ocrx_word' id='word_1_522' title='bbox 3227 2736 3435 2805; x_wconf 89' lang='lat' dir='ltr'>reddet,</span> <span class='ocrx_word' id='word_1_523' title='bbox 3464 2737 3592 2809; x_wconf 83' lang='lat' dir='ltr'>quia</span> 
     </span>
    </p>
   </div>
   <div class='ocr_carea' id='block_1_74' title="bbox 1991 2820 3583 2901">
    <p class='ocr_par' dir='ltr' id='par_1_74' title="bbox 1991 2820 3583 2901">
     <span class='ocr_line' id='line_1_74' title="bbox 1991 2820 3583 2901; baseline 0.005 -27"><span class='ocrx_word' id='word_1_524' title='bbox 1991 2820 2133 2875; x_wconf 89' lang='lat' dir='ltr'>sacri</span> <span class='ocrx_word' id='word_1_525' title='bbox 2173 2820 2519 2894; x_wconf 90' lang='lat' dir='ltr'>baptismatis</span> <span class='ocrx_word' id='word_1_526' title='bbox 2549 2823 2779 2892; x_wconf 90' lang='lat' dir='ltr'>ablutio,</span> <span class='ocrx_word' id='word_1_527' title='bbox 2820 2832 2874 2881; x_wconf 91' lang='lat' dir='ltr'>et</span> <span class='ocrx_word' id='word_1_528' title='bbox 2901 2826 3077 2881; x_wconf 87' lang='lat' dir='ltr'>sancti</span> <span class='ocrx_word' id='word_1_529' title='bbox 3109 2826 3349 2897; x_wconf 89' lang='lat' dir='ltr'>Spiritus</span> <span class='ocrx_word' id='word_1_530' title='bbox 3387 2828 3583 2901; x_wconf 87' lang='lat' dir='ltr'>gratia,</span> 
     </span>
    </p>
   </div>
   <div class='ocr_carea' id='block_1_75' title="bbox 1990 2911 3590 2990">
    <p class='ocr_par' dir='ltr' id='par_1_75' title="bbox 1990 2911 3590 2990">
     <span class='ocr_line' id='line_1_75' title="bbox 1990 2911 3590 2990; baseline 0.006 -25"><span class='ocrx_word' id='word_1_531' title='bbox 1990 2911 2193 2968; x_wconf 89' lang='lat' dir='ltr'>electos</span> <span class='ocrx_word' id='word_1_532' title='bbox 2247 2929 2437 2971; x_wconf 92' lang='lat' dir='ltr'>omnes</span> <span class='ocrx_word' id='word_1_533' title='bbox 2494 2922 2737 2987; x_wconf 88' lang='lat' dir='ltr'>tempore</span> <span class='ocrx_word' id='word_1_534' title='bbox 2784 2917 3203 2973; x_wconf 88' lang='lat' dir='ltr'>resurrectionis</span> <span class='ocrx_word' id='word_1_535' title='bbox 3251 2916 3311 2974; x_wconf 91' lang='lat' dir='ltr'>in</span> <span class='ocrx_word' id='word_1_536' title='bbox 3352 2936 3590 2990; x_wconf 90' lang='lat' dir='ltr'>conspe-</span> 
     </span>
    </p>
   </div>
   <div class='ocr_carea' id='block_1_76' title="bbox 1990 2999 3590 3064">
    <p class='ocr_par' dir='ltr' id='par_1_76' title="bbox 1990 2999 3590 3064">
     <span class='ocr_line' id='line_1_76' title="bbox 1990 2999 3590 3064; baseline 0.006 -10"><span class='ocrx_word' id='word_1_537' title='bbox 1990 3007 2082 3056; x_wconf 87' lang='lat' dir='ltr'>ctu</span> <span class='ocrx_word' id='word_1_538' title='bbox 2128 2999 2401 3060; x_wconf 89' lang='lat' dir='ltr'>Creatoris</span> <span class='ocrx_word' id='word_1_539' title='bbox 2446 3003 2530 3059; x_wconf 91' lang='lat' dir='ltr'>sui</span> <span class='ocrx_word' id='word_1_540' title='bbox 2564 3004 2797 3061; x_wconf 90' lang='lat' dir='ltr'>mundos</span> <span class='ocrx_word' id='word_1_541' title='bbox 2850 3012 2903 3060; x_wconf 91' lang='lat' dir='ltr'>et</span> <span class='ocrx_word' id='word_1_542' title='bbox 2941 3004 3325 3063; x_wconf 90' lang='lat' dir='ltr'>immaculatos</span> <span class='ocrx_word' id='word_1_543' title='bbox 3350 3008 3590 3064; x_wconf 77' lang='lat' dir='ltr'>exhibe-</span> 
     </span>
    </p>
   </div>
   <div class='ocr_carea' id='block_1_77' title="bbox 1988 3088 3588 3170">
    <p class='ocr_par' dir='ltr' id='par_1_77' title="bbox 1988 3088 3588 3170">
     <span class='ocr_line' id='line_1_77' title="bbox 1988 3088 3588 3170; baseline 0.005 -25"><span class='ocrx_word' id='word_1_544' title='bbox 1988 3088 2092 3147; x_wconf 91' lang='lat' dir='ltr'>bit.</span> <span class='ocrx_word' id='word_1_545' title='bbox 2143 3092 2245 3147; x_wconf 90' lang='lat' dir='ltr'>Per</span> <span class='ocrx_word' id='word_1_546' title='bbox 2291 3103 2521 3151; x_wconf 90' lang='lat' dir='ltr'>mortem</span> <span class='ocrx_word' id='word_1_547' title='bbox 2577 3103 2759 3150; x_wconf 89' lang='lat' dir='ltr'>autem</span> <span class='ocrx_word' id='word_1_548' title='bbox 2806 3110 3038 3167; x_wconf 88' lang='lat' dir='ltr'>corpora</span> <span class='ocrx_word' id='word_1_549' title='bbox 3084 3095 3407 3168; x_wconf 90' lang='lat' dir='ltr'>impiorum,</span> <span class='ocrx_word' id='word_1_550' title='bbox 3467 3113 3588 3170; x_wconf 77' lang='lat' dir='ltr'>quze</span> 
     </span>
    </p>
   </div>
   <div class='ocr_carea' id='block_1_78' title="bbox 1988 3177 3585 3257">
    <p class='ocr_par' dir='ltr' id='par_1_78' title="bbox 1988 3177 3585 3257">
     <span class='ocr_line' id='line_1_78' title="bbox 1988 3177 3585 3257; baseline 0.006 -24"><span class='ocrx_word' id='word_1_551' title='bbox 1988 3177 2046 3234; x_wconf 92' lang='lat' dir='ltr'>in</span> <span class='ocrx_word' id='word_1_552' title='bbox 2077 3186 2236 3237; x_wconf 59' lang='lat' dir='ltr'>terra;</span> <span class='ocrx_word' id='word_1_553' title='bbox 2262 3180 2477 3239; x_wconf 88' lang='lat' dir='ltr'>sinibus</span> <span class='ocrx_word' id='word_1_554' title='bbox 2521 3191 2737 3240; x_wconf 91' lang='lat' dir='ltr'>mortua</span> <span class='ocrx_word' id='word_1_555' title='bbox 2779 3182 3099 3240; x_wconf 90' lang='lat' dir='ltr'>detinentur</span> <span class='ocrx_word' id='word_1_556' title='bbox 3131 3201 3145 3239; x_wconf 89' lang='lat'><strong>:</strong></span> <span class='ocrx_word' id='word_1_557' title='bbox 3177 3201 3273 3257; x_wconf 90' lang='lat' dir='ltr'>per</span> <span class='ocrx_word' id='word_1_558' title='bbox 3301 3185 3585 3242; x_wconf 87' lang='lat' dir='ltr'>infernum</span> 
     </span>
    </p>
   </div>
   <div class='ocr_carea' id='block_1_79' title="bbox 1982 3271 3585 3345">
    <p class='ocr_par' dir='ltr' id='par_1_79' title="bbox 1982 3271 3585 3345">
     <span class='ocr_line' id='line_1_79' title="bbox 1982 3271 3585 3345; baseline 0.005 -24"><span class='ocrx_word' id='word_1_559' title='bbox 1982 3282 2114 3322; x_wconf 91' lang='lat' dir='ltr'>vero</span> <span class='ocrx_word' id='word_1_560' title='bbox 2161 3284 2349 3325; x_wconf 89' lang='lat' dir='ltr'>eorum</span> <span class='ocrx_word' id='word_1_561' title='bbox 2374 3271 2603 3339; x_wconf 89' lang='lat' dir='ltr'>animas,</span> <span class='ocrx_word' id='word_1_562' title='bbox 2654 3287 2717 3327; x_wconf 93' lang='lat' dir='ltr'>eo</span> <span class='ocrx_word' id='word_1_563' title='bbox 2762 3272 2909 3345; x_wconf 91' lang='lat' dir='ltr'>quod</span> <span class='ocrx_word' id='word_1_564' title='bbox 2956 3273 3015 3327; x_wconf 92' lang='lat' dir='ltr'>in</span> <span class='ocrx_word' id='word_1_565' title='bbox 3056 3272 3258 3328; x_wconf 90' lang='lat' dir='ltr'>inferni</span> <span class='ocrx_word' id='word_1_566' title='bbox 3327 3273 3585 3330; x_wconf 90' lang='lat' dir='ltr'>claustris</span> 
     </span>
    </p>
   </div>
   <div class='ocr_carea' id='block_1_80' title="bbox 1982 3360 3585 3437">
    <p class='ocr_par' dir='ltr' id='par_1_80' title="bbox 1982 3360 3585 3437">
     <span class='ocr_line' id='line_1_80' title="bbox 1982 3360 3585 3437; baseline 0.002 -20"><span class='ocrx_word' id='word_1_567' title='bbox 1982 3360 2353 3432; x_wconf 86' lang='lat' dir='ltr'>detineantur,</span> <span class='ocrx_word' id='word_1_568' title='bbox 2398 3363 2705 3436; x_wconf 88' lang='lat' dir='ltr'>intelligere</span> <span class='ocrx_word' id='word_1_569' title='bbox 2747 3380 3056 3437; x_wconf 88' lang='lat' dir='ltr'>possumus.</span> <span class='ocrx_word' id='word_1_570' title='bbox 3105 3363 3359 3420; x_wconf 87' lang='lat' dir='ltr'>Infernus</span> <span class='ocrx_word' id='word_1_571' title='bbox 3401 3364 3585 3436; x_wconf 87' lang='lat' dir='ltr'>itaque</span> 
     </span>
    </p>
   </div>
   <div class='ocr_carea' id='block_1_81' title="bbox 1987 3452 3584 3529">
    <p class='ocr_par' dir='ltr' id='par_1_81' title="bbox 1987 3452 3584 3529">
     <span class='ocr_line' id='line_1_81' title="bbox 1987 3452 3584 3529; baseline 0 -21"><span class='ocrx_word' id='word_1_572' title='bbox 1987 3459 2237 3509; x_wconf 89' lang='lat' dir='ltr'>mortuos</span> <span class='ocrx_word' id='word_1_573' title='bbox 2282 3470 2411 3510; x_wconf 91' lang='lat' dir='ltr'>suos</span> <span class='ocrx_word' id='word_1_574' title='bbox 2458 3454 2648 3522; x_wconf 89' lang='lat' dir='ltr'>dabit;</span> <span class='ocrx_word' id='word_1_575' title='bbox 2678 3454 2809 3529; x_wconf 89' lang='lat' dir='ltr'>quia</span> <span class='ocrx_word' id='word_1_576' title='bbox 2828 3453 3040 3510; x_wconf 89' lang='lat' dir='ltr'>animas</span> <span class='ocrx_word' id='word_1_577' title='bbox 3070 3453 3250 3526; x_wconf 90' lang='lat' dir='ltr'>prima</span> <span class='ocrx_word' id='word_1_578' title='bbox 3292 3461 3469 3509; x_wconf 90' lang='lat' dir='ltr'>morte</span> <span class='ocrx_word' id='word_1_579' title='bbox 3494 3452 3584 3509; x_wconf 88' lang='lat' dir='ltr'>de-</span> 
     </span>
    </p>
   </div>
   <div class='ocr_carea' id='block_1_82' title="bbox 1986 3542 3584 3615">
    <p class='ocr_par' dir='ltr' id='par_1_82' title="bbox 1986 3542 3584 3615">
     <span class='ocr_line' id='line_1_82' title="bbox 1986 3542 3584 3615; baseline 0.002 -20"><span class='ocrx_word' id='word_1_580' title='bbox 1986 3549 2224 3611; x_wconf 87' lang='lat' dir='ltr'>voratas,</span> <span class='ocrx_word' id='word_1_581' title='bbox 2280 3559 2415 3615; x_wconf 85' lang='lat' dir='ltr'>quas</span> <span class='ocrx_word' id='word_1_582' title='bbox 2453 3542 2681 3612; x_wconf 90' lang='lat' dir='ltr'>detinet,</span> <span class='ocrx_word' id='word_1_583' title='bbox 2725 3544 2793 3600; x_wconf 90' lang='lat' dir='ltr'>ad</span> <span class='ocrx_word' id='word_1_584' title='bbox 2832 3542 3174 3615; x_wconf 88' lang='lat' dir='ltr'>recipiendia</span> <span class='ocrx_word' id='word_1_585' title='bbox 3217 3542 3438 3615; x_wconf 87' lang='lat' dir='ltr'>propria</span> <span class='ocrx_word' id='word_1_586' title='bbox 3466 3558 3584 3598; x_wconf 88' lang='lat' dir='ltr'>cor-</span> 
     </span>
    </p>
   </div>
   <div class='ocr_carea' id='block_1_83' title="bbox 1980 3631 3573 3702">
    <p class='ocr_par' dir='ltr' id='par_1_83' title="bbox 1980 3631 3573 3702">
     <span class='ocr_line' id='line_1_83' title="bbox 1980 3631 3573 3702; baseline 0.001 -17"><span class='ocrx_word' id='word_1_587' title='bbox 1980 3647 2111 3702; x_wconf 91' lang='lat' dir='ltr'>pora</span> <span class='ocrx_word' id='word_1_588' title='bbox 2152 3633 2414 3690; x_wconf 90' lang='lat' dir='ltr'>remittet.</span> <span class='ocrx_word' id='word_1_589' title='bbox 2468 3634 2616 3690; x_wconf 90' lang='lat' dir='ltr'>Mors</span> <span class='ocrx_word' id='word_1_590' title='bbox 2667 3632 2832 3689; x_wconf 91' lang='lat' dir='ltr'>etiam</span> <span class='ocrx_word' id='word_1_591' title='bbox 2891 3641 3137 3690; x_wconf 88' lang='lat' dir='ltr'>mortuos</span> <span class='ocrx_word' id='word_1_592' title='bbox 3193 3649 3323 3689; x_wconf 88' lang='lat' dir='ltr'>suos</span> <span class='ocrx_word' id='word_1_593' title='bbox 3393 3631 3573 3699; x_wconf 89' lang='lat' dir='ltr'>dabit;</span> 
     </span>
    </p>
   </div>
   <div class='ocr_carea' id='block_1_84' title="bbox 1980 3719 3580 3799">
    <p class='ocr_par' dir='ltr' id='par_1_84' title="bbox 1980 3719 3580 3799">
     <span class='ocr_line' id='line_1_84' title="bbox 1980 3719 3580 3799; baseline 0.001 -25"><span class='ocrx_word' id='word_1_594' title='bbox 1980 3719 2110 3791; x_wconf 93' lang='lat' dir='ltr'>quia</span> <span class='ocrx_word' id='word_1_595' title='bbox 2155 3738 2384 3795; x_wconf 89' lang='lat' dir='ltr'>corpora</span> <span class='ocrx_word' id='word_1_596' title='bbox 2428 3740 2549 3799; x_wconf 80' lang='lat' dir='ltr'>quae</span> <span class='ocrx_word' id='word_1_597' title='bbox 2588 3724 2645 3779; x_wconf 93' lang='lat' dir='ltr'>in</span> <span class='ocrx_word' id='word_1_598' title='bbox 2694 3725 2978 3796; x_wconf 89' lang='lat' dir='ltr'>pulverem</span> <span class='ocrx_word' id='word_1_599' title='bbox 3026 3722 3326 3796; x_wconf 88' lang='lat' dir='ltr'>redegerat,</span> <span class='ocrx_word' id='word_1_600' title='bbox 3379 3730 3441 3778; x_wconf 92' lang='lat' dir='ltr'>ut</span> <span class='ocrx_word' id='word_1_601' title='bbox 3469 3719 3580 3775; x_wconf 89' lang='lat' dir='ltr'>vir-</span> 
     </span>
    </p>
   </div>
   <div class='ocr_carea' id='block_1_85' title="bbox 1977 3808 3581 3884">
    <p class='ocr_par' dir='ltr' id='par_1_85' title="bbox 1977 3808 3581 3884">
     <span class='ocr_line' id='line_1_85' title="bbox 1977 3808 3581 3884; baseline 0.002 -22"><span class='ocrx_word' id='word_1_602' title='bbox 1977 3813 2093 3864; x_wconf 88' lang='lat' dir='ltr'>tute</span> <span class='ocrx_word' id='word_1_603' title='bbox 2128 3808 2319 3867; x_wconf 91' lang='lat' dir='ltr'>divina</span> <span class='ocrx_word' id='word_1_604' title='bbox 2355 3828 2451 3884; x_wconf 90' lang='lat' dir='ltr'>per</span> <span class='ocrx_word' id='word_1_605' title='bbox 2499 3812 2810 3870; x_wconf 87' lang='lat' dir='ltr'>animarum</span> <span class='ocrx_word' id='word_1_606' title='bbox 2841 3811 3243 3884; x_wconf 88' lang='lat' dir='ltr'>susceptionem</span> <span class='ocrx_word' id='word_1_607' title='bbox 3294 3810 3581 3868; x_wconf 72' lang='lat' dir='ltr'>viviﬁcan-</span> 
     </span>
    </p>
   </div>
   <div class='ocr_carea' id='block_1_86' title="bbox 1977 3899 2428 3967">
    <p class='ocr_par' dir='ltr' id='par_1_86' title="bbox 1977 3899 2428 3967">
     <span class='ocr_line' id='line_1_86' title="bbox 1977 3899 2428 3967; baseline 0.011 -14"><span class='ocrx_word' id='word_1_608' title='bbox 1977 3904 2089 3967; x_wconf 90' lang='lat' dir='ltr'>tur,</span> <span class='ocrx_word' id='word_1_609' title='bbox 2122 3899 2428 3958; x_wconf 83' lang='lat' dir='ltr'>exhibebit.</span> 
     </span>
    </p>
   </div>
   <div class='ocr_carea' id='block_1_87' title="bbox 2052 4006 3581 4080">
    <p class='ocr_par' dir='ltr' id='par_1_87' title="bbox 2052 4006 3581 4080">
     <span class='ocr_line' id='line_1_87' title="bbox 2052 4006 3581 4080; baseline -0.001 -18"><span class='ocrx_word' id='word_1_610' title='bbox 2052 4006 2237 4078; x_wconf 87' lang='lat' dir='ltr'>(Vers.</span> <span class='ocrx_word' id='word_1_611' title='bbox 2280 4007 2367 4076; x_wconf 82' lang='grc'>14,</span> <span class='ocrx_word' id='word_1_612' title='bbox 2418 4008 2533 4080; x_wconf 86' lang='grc'>15.)</span> <span class='ocrx_word' id='word_1_613' title='bbox 2574 4010 2648 4065; x_wconf 90' lang='lat' dir='ltr'>Et</span> <span class='ocrx_word' id='word_1_614' title='bbox 2688 4025 2831 4063; x_wconf 90' lang='lat' dir='ltr'>mors</span> <span class='ocrx_word' id='word_1_615' title='bbox 2882 4014 2929 4064; x_wconf 90' lang='lat' dir='ltr'>et</span> <span class='ocrx_word' id='word_1_616' title='bbox 2971 4007 3216 4077; x_wconf 82' lang='lat' dir='ltr'>infernus</span> <span class='ocrx_word' id='word_1_617' title='bbox 3260 4007 3411 4062; x_wconf 85' lang='lat' dir='ltr'>missi</span> <span class='ocrx_word' id='word_1_618' title='bbox 3458 4014 3581 4062; x_wconf 86' lang='lat' dir='ltr'>sunt</span> 
     </span>
    </p>
   </div>
   <div class='ocr_carea' id='block_1_88' title="bbox 1977 4092 3577 4167">
    <p class='ocr_par' dir='ltr' id='par_1_88' title="bbox 1977 4092 3577 4167">
     <span class='ocr_line' id='line_1_88' title="bbox 1977 4092 3577 4167; baseline 0.002 -19"><span class='ocrx_word' id='word_1_619' title='bbox 1977 4092 2037 4148; x_wconf 81' lang='lat' dir='ltr'>in</span> <span class='ocrx_word' id='word_1_620' title='bbox 2090 4100 2335 4166; x_wconf 83' lang='lat' dir='ltr'>stagnum</span> <span class='ocrx_word' id='word_1_621' title='bbox 2390 4095 2595 4167; x_wconf 80' lang='lat' dir='ltr'>ignis...</span> <span class='ocrx_word' id='word_1_622' title='bbox 2633 4102 2682 4152; x_wconf 86' lang='lat' dir='ltr'>et</span> <span class='ocrx_word' id='word_1_623' title='bbox 2732 4097 2905 4152; x_wconf 88' lang='lat' dir='ltr'>omnis</span> <span class='ocrx_word' id='word_1_624' title='bbox 2941 4096 3034 4166; x_wconf 86' lang='lat' dir='ltr'>qui</span> <span class='ocrx_word' id='word_1_625' title='bbox 3085 4113 3193 4151; x_wconf 82' lang='lat' dir='ltr'>non</span> <span class='ocrx_word' id='word_1_626' title='bbox 3230 4102 3306 4150; x_wconf 87' lang='lat' dir='ltr'>est</span> <span class='ocrx_word' id='word_1_627' title='bbox 3352 4096 3411 4149; x_wconf 82' lang='lat' dir='ltr'>in</span> <span class='ocrx_word' id='word_1_628' title='bbox 3443 4096 3577 4151; x_wconf 82' lang='lat' dir='ltr'>libro</span> 
     </span>
    </p>
   </div>
   <div class='ocr_carea' id='block_1_89' title="bbox 1978 4182 3571 4255">
    <p class='ocr_par' dir='ltr' id='par_1_89' title="bbox 1978 4182 3571 4255">
     <span class='ocr_line' id='line_1_89' title="bbox 1978 4182 3571 4255; baseline 0.001 -17"><span class='ocrx_word' id='word_1_629' title='bbox 1978 4182 2099 4238; x_wconf 71' lang='lat' dir='ltr'>vitm</span> <span class='ocrx_word' id='word_1_630' title='bbox 2142 4184 2391 4255; x_wconf 84' lang='lat' dir='ltr'>scriptus,</span> <span class='ocrx_word' id='word_1_631' title='bbox 2447 4185 2637 4241; x_wconf 80' lang='lat' dir='ltr'>missus</span> <span class='ocrx_word' id='word_1_632' title='bbox 2687 4191 2763 4240; x_wconf 86' lang='lat' dir='ltr'>est</span> <span class='ocrx_word' id='word_1_633' title='bbox 2814 4184 2871 4240; x_wconf 84' lang='lat' dir='ltr'>in</span> <span class='ocrx_word' id='word_1_634' title='bbox 2918 4183 3183 4240; x_wconf 82' lang='lat' dir='ltr'>caminum</span> <span class='ocrx_word' id='word_1_635' title='bbox 3230 4183 3384 4253; x_wconf 81' lang='lat' dir='ltr'>ignis.</span> <span class='ocrx_word' id='word_1_636' title='bbox 3424 4183 3571 4240; x_wconf 87' lang='lat' dir='ltr'>Mors</span> 
     </span>
    </p>
   </div>
   <div class='ocr_carea' id='block_1_90' title="bbox 1980 4268 3574 4344">
    <p class='ocr_par' dir='ltr' id='par_1_90' title="bbox 1980 4268 3574 4344">
     <span class='ocr_line' id='line_1_90' title="bbox 1980 4268 3574 4344; baseline 0 -18"><span class='ocrx_word' id='word_1_637' title='bbox 1980 4276 2034 4326; x_wconf 89' lang='lat' dir='ltr'>et</span> <span class='ocrx_word' id='word_1_638' title='bbox 2081 4268 2327 4327; x_wconf 84' lang='lat' dir='ltr'>infernus</span> <span class='ocrx_word' id='word_1_639' title='bbox 2375 4271 2530 4329; x_wconf 90' lang='lat' dir='ltr'>missi</span> <span class='ocrx_word' id='word_1_640' title='bbox 2576 4280 2706 4329; x_wconf 92' lang='lat' dir='ltr'>sunt</span> <span class='ocrx_word' id='word_1_641' title='bbox 2745 4272 2804 4327; x_wconf 94' lang='lat' dir='ltr'>in</span> <span class='ocrx_word' id='word_1_642' title='bbox 2852 4278 3105 4344; x_wconf 88' lang='lat' dir='ltr'>stagnum</span> <span class='ocrx_word' id='word_1_643' title='bbox 3154 4270 3321 4342; x_wconf 89' lang='lat' dir='ltr'>ignis,</span> <span class='ocrx_word' id='word_1_644' title='bbox 3363 4269 3419 4325; x_wconf 90' lang='lat' dir='ltr'>id</span> <span class='ocrx_word' id='word_1_645' title='bbox 3471 4277 3574 4340; x_wconf 88' lang='lat' dir='ltr'>est,</span> 
     </span>
    </p>
   </div>
   <div class='ocr_carea' id='block_1_91' title="bbox 1978 4359 3574 4434">
    <p class='ocr_par' dir='ltr' id='par_1_91' title="bbox 1978 4359 3574 4434">
     <span class='ocr_line' id='line_1_91' title="bbox 1978 4359 3574 4434; baseline 0.001 -20"><span class='ocrx_word' id='word_1_646' title='bbox 1978 4359 2178 4416; x_wconf 65' lang='lat' dir='ltr'>animae</span> <span class='ocrx_word' id='word_1_647' title='bbox 2224 4377 2351 4417; x_wconf 91' lang='lat' dir='ltr'>cum</span> <span class='ocrx_word' id='word_1_648' title='bbox 2400 4361 2753 4434; x_wconf 52' lang='lat' dir='ltr'>corporibus.</span> <span class='ocrx_word' id='word_1_649' title='bbox 2793 4360 3091 4416; x_wconf 89' lang='lat' dir='ltr'>Possumus</span> <span class='ocrx_word' id='word_1_650' title='bbox 3137 4366 3191 4416; x_wconf 91' lang='lat' dir='ltr'>et</span> <span class='ocrx_word' id='word_1_651' title='bbox 3218 4375 3315 4431; x_wconf 89' lang='lat' dir='ltr'>per</span> <span class='ocrx_word' id='word_1_652' title='bbox 3343 4367 3574 4416; x_wconf 88' lang='lat' dir='ltr'>mortem</span> 
     </span>
    </p>
   </div>
   <div class='ocr_carea' id='block_1_92' title="bbox 1978 4456 3572 4533">
    <p class='ocr_par' dir='ltr' id='par_1_92' title="bbox 1978 4456 3572 4533">
     <span class='ocr_line' id='line_1_92' title="bbox 1978 4456 3572 4533; baseline -0.002 -18"><span class='ocrx_word' id='word_1_653' title='bbox 1978 4457 2276 4527; x_wconf 70' lang='lat' dir='ltr'>daemones,</span> <span class='ocrx_word' id='word_1_654' title='bbox 2325 4475 2390 4514; x_wconf 91' lang='lat' dir='ltr'>eo</span> <span class='ocrx_word' id='word_1_655' title='bbox 2454 4457 2601 4533; x_wconf 91' lang='lat' dir='ltr'>quod</span> <span class='ocrx_word' id='word_1_656' title='bbox 2641 4457 2746 4531; x_wconf 89' lang='lat' dir='ltr'>ipsi</span> <span class='ocrx_word' id='word_1_657' title='bbox 2791 4465 3043 4514; x_wconf 90' lang='lat' dir='ltr'>auctores</span> <span class='ocrx_word' id='word_1_658' title='bbox 3093 4456 3303 4513; x_wconf 90' lang='lat' dir='ltr'>fuerint</span> <span class='ocrx_word' id='word_1_659' title='bbox 3356 4456 3572 4526; x_wconf 83' lang='lat' dir='ltr'>mortis,</span> 
     </span>
    </p>
   </div>
   <div class='ocr_carea' id='block_1_93' title="bbox 267 4546 3569 4639">
    <p class='ocr_par' dir='ltr' id='par_1_93' title="bbox 267 4546 3569 4639">
     <span class='ocr_line' id='line_1_93' title="bbox 267 4546 3569 4639; baseline 0.002 -22"><span class='ocrx_word' id='word_1_660' title='bbox 267 4561 433 4619; x_wconf 85' lang='lat' dir='ltr'>dixit.</span> <span class='ocrx_word' id='word_1_661' title='bbox 465 4565 536 4620; x_wconf 89' lang='lat' dir='ltr'>Et</span> <span class='ocrx_word' id='word_1_662' title='bbox 590 4564 647 4619; x_wconf 91' lang='lat' dir='ltr'>in</span> <span class='ocrx_word' id='word_1_663' title='bbox 694 4546 1194 4639; x_wconf 36' lang='lat' dir='ltr'>Evangelio—hujus</span> <span class='ocrx_word' id='word_1_664' title='bbox 1228 4565 1455 4622; x_wconf 87' lang='lat' dir='ltr'>Joannis</span> <span class='ocrx_word' id='word_1_665' title='bbox 1484 4566 1757 4622; x_wconf 91' lang='lat' dir='ltr'>Dominus</span> <span class='ocrx_word' id='word_1_666' title='bbox 1791 4569 1866 4623; x_wconf 93' lang='lat' dir='ltr'>lo-</span> <span class='ocrx_word' id='word_1_667' title='bbox 1896 4575 1945 4634; x_wconf 89' lang='lat' dir='ltr'>D</span> <span class='ocrx_word' id='word_1_668' title='bbox 1981 4547 2307 4639; x_wconf 47' lang='grc' dir='ltr'>ίηῖθηίεοτθ·</span> <span class='ocrx_word' id='word_1_669' title='bbox 2355 4549 2502 4605; x_wconf 62' lang='lat' dir='ltr'>Mors</span> <span class='ocrx_word' id='word_1_670' title='bbox 2530 4556 2583 4604; x_wconf 62' lang='lat' dir='ltr'>et</span> <span class='ocrx_word' id='word_1_671' title='bbox 2612 4548 2862 4639; x_wconf 49' lang='lat' dir='ltr'>intem“?</span> <span class='ocrx_word' id='word_1_672' title='bbox 2889 4548 3229 4639; x_wconf 58' lang='grc' dir='ltr'>ίηβιειεξιιιφ</span> <span class='ocrx_word' id='word_1_673' title='bbox 3259 4546 3569 4639; x_wconf 58' lang='grc' dir='ltr'>πηίιὲθηιιιτι</span> 
     </span>
    </p>
   </div>
   <div class='ocr_carea' id='block_1_94' title="bbox 266 4652 1867 4731">
    <p class='ocr_par' dir='ltr' id='par_1_94' title="bbox 266 4652 1867 4731">
     <span class='ocr_line' id='line_1_94' title="bbox 266 4652 1867 4731; baseline 0.004 -25"><span class='ocrx_word' id='word_1_674' title='bbox 266 4652 477 4725; x_wconf 91' lang='lat' dir='ltr'>quitur,</span> <span class='ocrx_word' id='word_1_675' title='bbox 506 4653 730 4711; x_wconf 90' lang='lat' dir='ltr'>dicens:</span> <span class='ocrx_word' id='word_1_676' title='bbox 800 4679 818 4702; x_wconf 75' lang='grc' dir='ltr'>ι</span> <span class='ocrx_word' id='word_1_677' title='bbox 877 4655 1044 4712; x_wconf 86' lang='lat' dir='ltr'>Venit</span> <span class='ocrx_word' id='word_1_678' title='bbox 1098 4654 1234 4711; x_wconf 91' lang='lat' dir='ltr'>hora</span> <span class='ocrx_word' id='word_1_679' title='bbox 1280 4654 1500 4729; x_wconf 90' lang='lat' dir='ltr'>quando</span> <span class='ocrx_word' id='word_1_680' title='bbox 1530 4671 1739 4726; x_wconf 89' lang='lat' dir='ltr'>omnes,</span> <span class='ocrx_word' id='word_1_681' title='bbox 1772 4657 1867 4731; x_wconf 92' lang='lat' dir='ltr'>qui</span> 
     </span>
    </p>
   </div>
   <div class='ocr_carea' id='block_1_95' title="bbox 265 4739 1868 4817">
    <p class='ocr_par' dir='ltr' id='par_1_95' title="bbox 265 4739 1868 4817">
     <span class='ocr_line' id='line_1_95' title="bbox 265 4739 1868 4817; baseline 0.005 -21"><span class='ocrx_word' id='word_1_682' title='bbox 265 4739 324 4797; x_wconf 93' lang='lat' dir='ltr'>in</span> <span class='ocrx_word' id='word_1_683' title='bbox 373 4745 749 4802; x_wconf 89' lang='lat' dir='ltr'>monumentis</span> <span class='ocrx_word' id='word_1_684' title='bbox 789 4754 939 4815; x_wconf 91' lang='lat' dir='ltr'>sunt,</span> <span class='ocrx_word' id='word_1_685' title='bbox 970 4745 1196 4803; x_wconf 89' lang='lat' dir='ltr'>audient</span> <span class='ocrx_word' id='word_1_686' title='bbox 1228 4763 1421 4804; x_wconf 90' lang='lat' dir='ltr'>vocem</span> <span class='ocrx_word' id='word_1_687' title='bbox 1462 4746 1591 4803; x_wconf 86' lang='lat' dir='ltr'>Filii</span> <span class='ocrx_word' id='word_1_688' title='bbox 1624 4746 1764 4817; x_wconf 90' lang='lat' dir='ltr'>Dei;</span> <span class='ocrx_word' id='word_1_689' title='bbox 1814 4757 1868 4804; x_wconf 92' lang='lat' dir='ltr'>et</span> 
     </span>
    </p>
   </div>
   <div class='ocr_carea' id='block_1_96' title="bbox 266 4834 1866 4910">
    <p class='ocr_par' dir='ltr' id='par_1_96' title="bbox 266 4834 1866 4910">
     <span class='ocr_line' id='line_1_96' title="bbox 266 4834 1866 4910; baseline 0.003 -20"><span class='ocrx_word' id='word_1_690' title='bbox 266 4834 563 4906; x_wconf 89' lang='lat' dir='ltr'>procedent</span> <span class='ocrx_word' id='word_1_691' title='bbox 614 4836 710 4910; x_wconf 91' lang='lat' dir='ltr'>qui</span> <span class='ocrx_word' id='word_1_692' title='bbox 764 4836 910 4892; x_wconf 91' lang='lat' dir='ltr'>bona</span> <span class='ocrx_word' id='word_1_693' title='bbox 951 4838 1222 4907; x_wconf 88' lang='lat' dir='ltr'>fecerunt,</span> <span class='ocrx_word' id='word_1_694' title='bbox 1283 4839 1340 4894; x_wconf 92' lang='lat' dir='ltr'>in</span> <span class='ocrx_word' id='word_1_695' title='bbox 1407 4839 1866 4897; x_wconf 89' lang='lat' dir='ltr'>resurrectionem</span> 
     </span>
    </p>
   </div>
   <div class='ocr_carea' id='block_1_97' title="bbox 264 4921 1864 4999">
    <p class='ocr_par' dir='ltr' id='par_1_97' title="bbox 264 4921 1864 4999">
     <span class='ocr_line' id='line_1_97' title="bbox 264 4921 1864 4999; baseline 0.004 -22"><span class='ocrx_word' id='word_1_696' title='bbox 264 4921 427 4979; x_wconf 71' lang='lat' dir='ltr'>vitaz:</span> <span class='ocrx_word' id='word_1_697' title='bbox 494 4924 589 4997; x_wconf 89' lang='lat' dir='ltr'>qui</span> <span class='ocrx_word' id='word_1_698' title='bbox 646 4940 777 4980; x_wconf 93' lang='lat' dir='ltr'>vero</span> <span class='ocrx_word' id='word_1_699' title='bbox 813 4926 957 4980; x_wconf 88' lang='lat' dir='ltr'>mala</span> <span class='ocrx_word' id='word_1_700' title='bbox 986 4935 1235 4999; x_wconf 88' lang='lat' dir='ltr'>egerunt,</span> <span class='ocrx_word' id='word_1_701' title='bbox 1296 4927 1353 4982; x_wconf 92' lang='lat' dir='ltr'>in</span> <span class='ocrx_word' id='word_1_702' title='bbox 1407 4929 1864 4985; x_wconf 89' lang='lat' dir='ltr'>resurrectionem</span> 
     </span>
    </p>
   </div>
   <div class='ocr_carea' id='block_1_98' title="bbox 256 5008 1863 5089">
    <p class='ocr_par' dir='ltr' id='par_1_98' title="bbox 256 5008 1863 5089">
     <span class='ocr_line' id='line_1_98' title="bbox 256 5008 1863 5089; baseline 0.003 -22"><span class='ocrx_word' id='word_1_703' title='bbox 256 5008 457 5082; x_wconf 89' lang='lat' dir='ltr'>judicii</span> <span class='ocrx_word' id='word_1_704' title='bbox 479 5015 661 5086; x_wconf 84' lang='lat' dir='ltr'>(Joan.</span> <span class='ocrx_word' id='word_1_705' title='bbox 681 5032 736 5084; x_wconf 85' lang='lat' dir='ltr'>v,</span> <span class='ocrx_word' id='word_1_706' title='bbox 752 5013 841 5084; x_wconf 89' lang='lat'>28,</span> <span class='ocrx_word' id='word_1_707' title='bbox 862 5014 978 5088; x_wconf 89' lang='lat'>29).</span> <span class='ocrx_word' id='word_1_708' title='bbox 997 5041 1015 5063; x_wconf 77' lang='grc' dir='ltr'><strong>ι</strong></span> <span class='ocrx_word' id='word_1_709' title='bbox 1048 5016 1132 5073; x_wconf 80' lang='lat' dir='ltr'>Ad</span> <span class='ocrx_word' id='word_1_710' title='bbox 1153 5016 1443 5089; x_wconf 91' lang='lat' dir='ltr'>imperium</span> <span class='ocrx_word' id='word_1_711' title='bbox 1460 5016 1627 5089; x_wconf 89' lang='lat' dir='ltr'>igitur</span> <span class='ocrx_word' id='word_1_712' title='bbox 1643 5018 1863 5074; x_wconf 89' lang='lat' dir='ltr'>Domini</span> 
     </span>
    </p>
   </div>
   <div class='ocr_carea' id='block_1_99' title="bbox 262 5101 1864 5177">
    <p class='ocr_par' dir='ltr' id='par_1_99' title="bbox 262 5101 1864 5177">
     <span class='ocr_line' id='line_1_99' title="bbox 262 5101 1864 5177; baseline 0.002 -20"><span class='ocrx_word' id='word_1_713' title='bbox 262 5101 329 5157; x_wconf 90' lang='lat' dir='ltr'>de</span> <span class='ocrx_word' id='word_1_714' title='bbox 361 5104 738 5160; x_wconf 89' lang='lat' dir='ltr'>monumentis</span> <span class='ocrx_word' id='word_1_715' title='bbox 793 5103 908 5160; x_wconf 91' lang='lat' dir='ltr'>suis</span> <span class='ocrx_word' id='word_1_716' title='bbox 954 5104 1250 5176; x_wconf 87' lang='lat' dir='ltr'>procedent</span> <span class='ocrx_word' id='word_1_717' title='bbox 1296 5105 1535 5171; x_wconf 89' lang='lat' dir='ltr'>mortui;</span> <span class='ocrx_word' id='word_1_718' title='bbox 1594 5106 1723 5177; x_wconf 84' lang='lat' dir='ltr'>quia</span> <span class='ocrx_word' id='word_1_719' title='bbox 1748 5123 1864 5162; x_wconf 86' lang='lat' dir='ltr'>cor-</span> 
     </span>
    </p>
   </div>
   <div class='ocr_carea' id='block_1_100' title="bbox 261 5192 1863 5267">
    <p class='ocr_par' dir='ltr' id='par_1_100' title="bbox 261 5192 1863 5267">
     <span class='ocr_line' id='line_1_100' title="bbox 261 5192 1863 5267; baseline 0.002 -20"><span class='ocrx_word' id='word_1_720' title='bbox 261 5208 393 5264; x_wconf 92' lang='lat' dir='ltr'>pora</span> <span class='ocrx_word' id='word_1_721' title='bbox 420 5192 671 5248; x_wconf 91' lang='lat' dir='ltr'>omnium</span> <span class='ocrx_word' id='word_1_722' title='bbox 720 5200 1065 5251; x_wconf 91' lang='lat' dir='ltr'>mortuorum</span> <span class='ocrx_word' id='word_1_723' title='bbox 1117 5210 1213 5267; x_wconf 89' lang='lat' dir='ltr'>per</span> <span class='ocrx_word' id='word_1_724' title='bbox 1257 5193 1625 5266; x_wconf 89' lang='lat' dir='ltr'>receptionem</span> <span class='ocrx_word' id='word_1_725' title='bbox 1657 5196 1863 5251; x_wconf 86' lang='lat' dir='ltr'>anima-</span> 
     </span>
    </p>
   </div>
   <div class='ocr_carea' id='block_1_101' title="bbox 261 5282 1863 5357">
    <p class='ocr_par' dir='ltr' id='par_1_101' title="bbox 261 5282 1863 5357">
     <span class='ocr_line' id='line_1_101' title="bbox 261 5282 1863 5357; baseline 0.002 -20"><span class='ocrx_word' id='word_1_726' title='bbox 261 5298 383 5338; x_wconf 88' lang='lat' dir='ltr'>rum</span> <span class='ocrx_word' id='word_1_727' title='bbox 408 5282 707 5352; x_wconf 82' lang='lat' dir='ltr'>viviﬁcata,</span> <span class='ocrx_word' id='word_1_728' title='bbox 756 5283 823 5339; x_wconf 89' lang='lat' dir='ltr'>dc</span> <span class='ocrx_word' id='word_1_729' title='bbox 879 5283 1143 5357; x_wconf 88' lang='lat' dir='ltr'>sepulcris</span> <span class='ocrx_word' id='word_1_730' title='bbox 1192 5283 1307 5340; x_wconf 86' lang='lat' dir='ltr'>suis</span> <span class='ocrx_word' id='word_1_731' title='bbox 1353 5284 1558 5340; x_wconf 89' lang='lat' dir='ltr'>exient.</span> <span class='ocrx_word' id='word_1_732' title='bbox 1592 5284 1697 5352; x_wconf 90' lang='lat' dir='ltr'>Qui</span> <span class='ocrx_word' id='word_1_733' title='bbox 1731 5301 1863 5341; x_wconf 91' lang='lat' dir='ltr'>vero</span> 
     </span>
    </p>
   </div>
   <div class='ocr_carea' id='block_1_102' title="bbox 261 5371 1852 5449">
    <p class='ocr_par' dir='ltr' id='par_1_102' title="bbox 261 5371 1852 5449">
     <span class='ocr_line' id='line_1_102' title="bbox 261 5371 1852 5449; baseline 0.003 -23"><span class='ocrx_word' id='word_1_734' title='bbox 261 5373 403 5429; x_wconf 89' lang='lat' dir='ltr'>mala</span> <span class='ocrx_word' id='word_1_735' title='bbox 426 5373 697 5442; x_wconf 85' lang='lat' dir='ltr'>fecerunt,</span> <span class='ocrx_word' id='word_1_736' title='bbox 727 5371 785 5428; x_wconf 92' lang='lat' dir='ltr'>in</span> <span class='ocrx_word' id='word_1_737' title='bbox 816 5373 1272 5431; x_wconf 88' lang='lat' dir='ltr'>resurrectionem</span> <span class='ocrx_word' id='word_1_738' title='bbox 1302 5372 1501 5446; x_wconf 86' lang='lat' dir='ltr'>judicii</span> <span class='ocrx_word' id='word_1_739' title='bbox 1533 5376 1852 5449; x_wconf 89' lang='lat' dir='ltr'>procedent,</span> 
     </span>
    </p>
   </div>
   <div class='ocr_carea' id='block_1_103' title="bbox 334 5520 1861 5593">
    <p class='ocr_par' dir='ltr' id='par_1_103' title="bbox 334 5520 1861 5593">
     <span class='ocr_line' id='line_1_103' title="bbox 334 5520 1861 5593; baseline 0 -16"><span class='ocrx_word' id='word_1_740' title='bbox 334 5520 450 5593; x_wconf 83' lang='grc'>(75)</span> <span class='ocrx_word' id='word_1_741' title='bbox 472 5521 877 5593; x_wconf 51' lang='grc' dir='ltr'>Ιιιάίσαῑζειιηι</span> <span class='ocrx_word' id='word_1_742' title='bbox 925 5521 1206 5593; x_wconf 79' lang='lat' dir='ltr'>secundum</span> <span class='ocrx_word' id='word_1_743' title='bbox 1234 5537 1296 5575; x_wconf 88' lang='lat' dir='ltr'>ea</span> <span class='ocrx_word' id='word_1_744' title='bbox 1325 5536 1445 5593; x_wconf 64' lang='lat' dir='ltr'>quur</span> <span class='ocrx_word' id='word_1_745' title='bbox 1478 5522 1678 5593; x_wconf 86' lang='lat' dir='ltr'>scripta</span> <span class='ocrx_word' id='word_1_746' title='bbox 1708 5528 1861 5577; x_wconf 83' lang='lat' dir='ltr'>erant</span> 
     </span>
    </p>
   </div>
   <div class='ocr_carea' id='block_1_104' title="bbox 261 5591 1858 5674">
    <p class='ocr_par' dir='ltr' id='par_1_104' title="bbox 261 5591 1858 5674">
     <span class='ocr_line' id='line_1_104' title="bbox 261 5591 1858 5674; baseline 0.003 -29"><span class='ocrx_word' id='word_1_747' title='bbox 261 5592 514 5674; x_wconf 72' lang='lat' dir='ltr'>inlibris,</span> <span class='ocrx_word' id='word_1_748' title='bbox 548 5593 607 5647; x_wconf 93' lang='lat' dir='ltr'>in</span> <span class='ocrx_word' id='word_1_749' title='bbox 655 5591 788 5648; x_wconf 90' lang='lat' dir='ltr'>edit.</span> <span class='ocrx_word' id='word_1_750' title='bbox 827 5609 938 5647; x_wconf 88' lang='lat' dir='ltr'>non</span> <span class='ocrx_word' id='word_1_751' title='bbox 979 5591 1301 5660; x_wconf 87' lang='lat' dir='ltr'>iterabatur,</span> <span class='ocrx_word' id='word_1_752' title='bbox 1345 5591 1440 5647; x_wconf 88' lang='lat' dir='ltr'>sed</span> <span class='ocrx_word' id='word_1_753' title='bbox 1491 5591 1596 5649; x_wconf 31' lang='lat' dir='ltr'>sic’</span> <span class='ocrx_word' id='word_1_754' title='bbox 1624 5593 1858 5650; x_wconf 87' lang='lat' dir='ltr'>iteratur</span> 
     </span>
    </p>
   </div>
   <div class='ocr_carea' id='block_1_105' title="bbox 261 5679 1673 5807">
    <p class='ocr_par' dir='ltr' id='par_1_105' title="bbox 261 5679 1673 5807">
     <span class='ocr_line' id='line_1_105' title="bbox 261 5679 1673 5807; baseline 0.001 -15"><span class='ocrx_word' id='word_1_755' title='bbox 261 5679 793 5807; x_wconf 48' lang='grc' dir='ltr'>ωὸιὲῗοωὶδθιέωῐ</span> <span class='ocrx_word' id='word_1_756' title='bbox 822 5733 982 5804; x_wconf 90' lang='lat' dir='ltr'>edit.,</span> <span class='ocrx_word' id='word_1_757' title='bbox 1010 5735 1067 5791; x_wconf 82' lang='lat' dir='ltr'>id</span> <span class='ocrx_word' id='word_1_758' title='bbox 1095 5742 1189 5806; x_wconf 87' lang='lat' dir='ltr'>est,</span> <span class='ocrx_word' id='word_1_759' title='bbox 1220 5737 1673 5793; x_wconf 81' lang='lat' dir='ltr'>resurrectionem.</span> 
     </span>
    </p>
   </div>
   <div class='ocr_carea' id='block_1_106' title="bbox 1976 4635 3571 4709">
    <p class='ocr_par' dir='ltr' id='par_1_106' title="bbox 1976 4635 3571 4709">
     <span class='ocr_line' id='line_1_106' title="bbox 1976 4635 3571 4709; baseline 0 -17"><span class='ocrx_word' id='word_1_760' title='bbox 1976 4638 2106 4709; x_wconf 91' lang='lat' dir='ltr'>quia</span> <span class='ocrx_word' id='word_1_761' title='bbox 2166 4638 2444 4694; x_wconf 75' lang='lat' dir='ltr'>daemones</span> <span class='ocrx_word' id='word_1_762' title='bbox 2510 4654 2635 4694; x_wconf 89' lang='lat' dir='ltr'>cum</span> <span class='ocrx_word' id='word_1_763' title='bbox 2684 4637 2896 4694; x_wconf 70' lang='lat' dir='ltr'>caeteris</span> <span class='ocrx_word' id='word_1_764' title='bbox 2952 4636 3140 4709; x_wconf 87' lang='lat' dir='ltr'>impiis</span> <span class='ocrx_word' id='word_1_765' title='bbox 3187 4636 3245 4692; x_wconf 93' lang='lat' dir='ltr'>in</span> <span class='ocrx_word' id='word_1_766' title='bbox 3293 4635 3571 4693; x_wconf 87' lang='lat' dir='ltr'>infernum</span> 
     </span>
    </p>
   </div>
   <div class='ocr_carea' id='block_1_107' title="bbox 1975 4725 2381 4799">
    <p class='ocr_par' dir='ltr' id='par_1_107' title="bbox 1975 4725 2381 4799">
     <span class='ocr_line' id='line_1_107' title="bbox 1975 4725 2381 4799; baseline 0 -18"><span class='ocrx_word' id='word_1_767' title='bbox 1975 4725 2381 4799; x_wconf 89' lang='lat' dir='ltr'>demergentur.</span> 
     </span>
    </p>
   </div>
   <div class='ocr_carea' id='block_1_108' title="bbox 2046 4830 3570 4903">
    <p class='ocr_par' dir='ltr' id='par_1_108' title="bbox 2046 4830 3570 4903">
     <span class='ocr_line' id='line_1_108' title="bbox 2046 4830 3570 4903; baseline 0 -15"><span class='ocrx_word' id='word_1_768' title='bbox 2046 4830 2274 4888; x_wconf 84' lang='lat' dir='ltr'><strong>CAPUT</strong></span> <span class='ocrx_word' id='word_1_769' title='bbox 2312 4832 2463 4887; x_wconf 82' lang='lat' dir='ltr'>XXI.</span> <span class='ocrx_word' id='word_1_770' title='bbox 2504 4862 2574 4873; x_wconf 91' lang='lat'><strong>—</strong></span> <span class='ocrx_word' id='word_1_771' title='bbox 2630 4830 2813 4902; x_wconf 79' lang='lat' dir='ltr'>(Vers.</span> <span class='ocrx_word' id='word_1_772' title='bbox 2850 4831 2928 4903; x_wconf 89' lang='grc'>1.)</span> <span class='ocrx_word' id='word_1_773' title='bbox 2982 4833 3055 4888; x_wconf 88' lang='lat' dir='ltr'>Et</span> <span class='ocrx_word' id='word_1_774' title='bbox 3090 4832 3200 4887; x_wconf 77' lang='lat' dir='ltr'>vidi</span> <span class='ocrx_word' id='word_1_775' title='bbox 3240 4833 3424 4890; x_wconf 67' lang='lat' dir='ltr'>caelum</span> <span class='ocrx_word' id='word_1_776' title='bbox 3463 4850 3570 4889; x_wconf 87' lang='lat' dir='ltr'>no-</span> 
     </span>
    </p>
   </div>
   <div class='ocr_carea' id='block_1_109' title="bbox 1973 4925 3572 4997">
    <p class='ocr_par' dir='ltr' id='par_1_109' title="bbox 1973 4925 3572 4997">
     <span class='ocr_line' id='line_1_109' title="bbox 1973 4925 3572 4997; baseline -0.002 -17"><span class='ocrx_word' id='word_1_777' title='bbox 1973 4941 2096 4980; x_wconf 83' lang='lat' dir='ltr'>uum</span> <span class='ocrx_word' id='word_1_778' title='bbox 2142 4931 2189 4979; x_wconf 89' lang='lat' dir='ltr'>et</span> <span class='ocrx_word' id='word_1_779' title='bbox 2251 4931 2446 4979; x_wconf 84' lang='lat' dir='ltr'>terram</span> <span class='ocrx_word' id='word_1_780' title='bbox 2493 4941 2729 4990; x_wconf 81' lang='lat' dir='ltr'>novam;</span> <span class='ocrx_word' id='word_1_781' title='bbox 2775 4925 3012 4997; x_wconf 85' lang='lat' dir='ltr'>primum</span> <span class='ocrx_word' id='word_1_782' title='bbox 3068 4925 3209 4981; x_wconf 82' lang='lat' dir='ltr'>enim</span> <span class='ocrx_word' id='word_1_783' title='bbox 3265 4925 3469 4992; x_wconf 75' lang='lat' dir='ltr'>mlum,</span> <span class='ocrx_word' id='word_1_784' title='bbox 3524 4930 3572 4977; x_wconf 82' lang='lat' dir='ltr'>et</span> 
     </span>
    </p>
   </div>
   <div class='ocr_carea' id='block_1_110' title="bbox 1967 5012 3569 5087">
    <p class='ocr_par' dir='ltr' id='par_1_110' title="bbox 1967 5012 3569 5087">
     <span class='ocr_line' id='line_1_110' title="bbox 1967 5012 3569 5087; baseline 0 -18"><span class='ocrx_word' id='word_1_785' title='bbox 1967 5016 2152 5087; x_wconf 82' lang='lat' dir='ltr'>prima</span> <span class='ocrx_word' id='word_1_786' title='bbox 2210 5022 2353 5070; x_wconf 83' lang='lat' dir='ltr'>terra</span> <span class='ocrx_word' id='word_1_787' title='bbox 2431 5015 2581 5084; x_wconf 86' lang='lat' dir='ltr'>abiit,</span> <span class='ocrx_word' id='word_1_788' title='bbox 2639 5022 2687 5071; x_wconf 91' lang='lat' dir='ltr'>et</span> <span class='ocrx_word' id='word_1_789' title='bbox 2742 5017 2889 5071; x_wconf 66' lang='lat' dir='ltr'>mare</span> <span class='ocrx_word' id='word_1_790' title='bbox 2957 5015 3078 5086; x_wconf 84' lang='lat' dir='ltr'>jam</span> <span class='ocrx_word' id='word_1_791' title='bbox 3134 5032 3239 5071; x_wconf 87' lang='lat' dir='ltr'>non</span> <span class='ocrx_word' id='word_1_792' title='bbox 3296 5021 3386 5071; x_wconf 89' lang='lat' dir='ltr'>est.</span> <span class='ocrx_word' id='word_1_793' title='bbox 3454 5012 3569 5071; x_wconf 75' lang='lat' dir='ltr'>Cte-</span> 
     </span>
    </p>
   </div>
   <div class='ocr_carea' id='block_1_111' title="bbox 1974 5102 3569 5178">
    <p class='ocr_par' dir='ltr' id='par_1_111' title="bbox 1974 5102 3569 5178">
     <span class='ocr_line' id='line_1_111' title="bbox 1974 5102 3569 5178; baseline -0.002 -18"><span class='ocrx_word' id='word_1_794' title='bbox 1974 5105 2086 5161; x_wconf 91' lang='lat' dir='ltr'>lum</span> <span class='ocrx_word' id='word_1_795' title='bbox 2156 5114 2211 5162; x_wconf 93' lang='lat' dir='ltr'>et</span> <span class='ocrx_word' id='word_1_796' title='bbox 2263 5114 2429 5174; x_wconf 90' lang='lat' dir='ltr'>terra,</span> <span class='ocrx_word' id='word_1_797' title='bbox 2502 5114 2554 5161; x_wconf 90' lang='lat' dir='ltr'>et</span> <span class='ocrx_word' id='word_1_798' title='bbox 2604 5114 2800 5163; x_wconf 71' lang='lat' dir='ltr'>czetera</span> <span class='ocrx_word' id='word_1_799' title='bbox 2857 5107 3145 5176; x_wconf 90' lang='lat' dir='ltr'>elementa,</span> <span class='ocrx_word' id='word_1_800' title='bbox 3218 5121 3337 5178; x_wconf 86' lang='lat' dir='ltr'>quae</span> <span class='ocrx_word' id='word_1_801' title='bbox 3402 5102 3569 5158; x_wconf 90' lang='lat' dir='ltr'>modo</span> 
     </span>
    </p>
   </div>
   <div class='ocr_carea' id='block_1_112' title="bbox 1974 5191 3567 5267">
    <p class='ocr_par' dir='ltr' id='par_1_112' title="bbox 1974 5191 3567 5267">
     <span class='ocr_line' id='line_1_112' title="bbox 1974 5191 3567 5267; baseline -0.002 -18"><span class='ocrx_word' id='word_1_802' title='bbox 1974 5193 2252 5263; x_wconf 88' lang='lat' dir='ltr'>videmus,</span> <span class='ocrx_word' id='word_1_803' title='bbox 2322 5193 2390 5250; x_wconf 89' lang='lat' dir='ltr'>ab</span> <span class='ocrx_word' id='word_1_804' title='bbox 2450 5194 2572 5267; x_wconf 89' lang='lat' dir='ltr'>igne</span> <span class='ocrx_word' id='word_1_805' title='bbox 2640 5204 3056 5264; x_wconf 85' lang='lat' dir='ltr'>consumentur,</span> <span class='ocrx_word' id='word_1_806' title='bbox 3136 5210 3247 5251; x_wconf 91' lang='lat' dir='ltr'>non</span> <span class='ocrx_word' id='word_1_807' title='bbox 3302 5200 3363 5249; x_wconf 92' lang='lat' dir='ltr'>ut</span> <span class='ocrx_word' id='word_1_808' title='bbox 3416 5191 3567 5263; x_wconf 84' lang='lat' dir='ltr'>peni-</span> 
     </span>
    </p>
   </div>
   <div class='ocr_carea' id='block_1_113' title="bbox 1972 5280 3567 5353">
    <p class='ocr_par' dir='ltr' id='par_1_113' title="bbox 1972 5280 3567 5353">
     <span class='ocr_line' id='line_1_113' title="bbox 1972 5280 3567 5353; baseline -0.003 -13"><span class='ocrx_word' id='word_1_809' title='bbox 1972 5293 2061 5340; x_wconf 91' lang='lat' dir='ltr'>tus</span> <span class='ocrx_word' id='word_1_810' title='bbox 2104 5284 2411 5353; x_wconf 90' lang='lat' dir='ltr'>deleantur,</span> <span class='ocrx_word' id='word_1_811' title='bbox 2466 5284 2559 5341; x_wconf 90' lang='lat' dir='ltr'>sed</span> <span class='ocrx_word' id='word_1_812' title='bbox 2605 5292 2668 5341; x_wconf 93' lang='lat' dir='ltr'>ut</span> <span class='ocrx_word' id='word_1_813' title='bbox 2715 5285 2774 5341; x_wconf 94' lang='lat' dir='ltr'>in</span> <span class='ocrx_word' id='word_1_814' title='bbox 2832 5285 3112 5341; x_wconf 89' lang='lat' dir='ltr'>meliorem</span> <span class='ocrx_word' id='word_1_815' title='bbox 3160 5290 3386 5351; x_wconf 88' lang='lat' dir='ltr'>statum,</span> <span class='ocrx_word' id='word_1_816' title='bbox 3421 5280 3567 5336; x_wconf 90' lang='lat' dir='ltr'>sicut</span> 
     </span>
    </p>
   </div>
   <div class='ocr_carea' id='block_1_114' title="bbox 1969 5370 3563 5448">
    <p class='ocr_par' dir='ltr' id='par_1_114' title="bbox 1969 5370 3563 5448">
     <span class='ocr_line' id='line_1_114' title="bbox 1969 5370 3563 5448; baseline -0.003 -17"><span class='ocrx_word' id='word_1_817' title='bbox 1969 5375 2220 5447; x_wconf 88' lang='lat' dir='ltr'>superius</span> <span class='ocrx_word' id='word_1_818' title='bbox 2260 5374 2374 5446; x_wconf 91' lang='lat' dir='ltr'>jam</span> <span class='ocrx_word' id='word_1_819' title='bbox 2424 5375 2691 5445; x_wconf 80' lang='lat' dir='ltr'>diximus,</span> <span class='ocrx_word' id='word_1_820' title='bbox 2733 5392 2828 5448; x_wconf 88' lang='lat' dir='ltr'>per</span> <span class='ocrx_word' id='word_1_821' title='bbox 2884 5375 3063 5448; x_wconf 90' lang='lat' dir='ltr'>ignem</span> <span class='ocrx_word' id='word_1_822' title='bbox 3104 5379 3447 5445; x_wconf 88' lang='lat' dir='ltr'>reparentur,</span> <span class='ocrx_word' id='word_1_823' title='bbox 3492 5370 3563 5426; x_wconf 86' lang='lat' dir='ltr'>si-</span> 
     </span>
    </p>
   </div>
   <div class='ocr_carea' id='block_1_115' title="bbox 2042 5516 3557 5593">
    <p class='ocr_par' dir='ltr' id='par_1_115' title="bbox 2042 5516 3557 5593">
     <span class='ocr_line' id='line_1_115' title="bbox 2042 5516 3557 5593; baseline -0.005 -15"><span class='ocrx_word' id='word_1_824' title='bbox 2042 5523 2159 5593; x_wconf 91' lang='lat'>(77)</span> <span class='ocrx_word' id='word_1_825' title='bbox 2209 5522 2413 5579; x_wconf 85' lang='lat' dir='ltr'>Eadem</span> <span class='ocrx_word' id='word_1_826' title='bbox 2450 5521 2618 5591; x_wconf 79' lang='lat' dir='ltr'>‘edit.,</span> <span class='ocrx_word' id='word_1_827' title='bbox 2666 5523 2739 5577; x_wconf 84' lang='lat' dir='ltr'>ad</span> <span class='ocrx_word' id='word_1_828' title='bbox 2786 5519 3131 5593; x_wconf 68' lang='lat' dir='ltr'>reproborum</span> <span class='ocrx_word' id='word_1_829' title='bbox 3177 5516 3515 5587; x_wconf 83' lang='lat' dir='ltr'>dejectionem</span> <span class='ocrx_word' id='word_1_830' title='bbox 3542 5560 3557 5582; x_wconf 92' lang='lat'>,</span> 
     </span>
    </p>
   </div>
   <div class='ocr_carea' id='block_1_116' title="bbox 1968 5590 3558 5665">
    <p class='ocr_par' dir='ltr' id='par_1_116' title="bbox 1968 5590 3558 5665">
     <span class='ocr_line' id='line_1_116' title="bbox 1968 5590 3558 5665; baseline -0.003 -17"><span class='ocrx_word' id='word_1_831' title='bbox 1968 5590 2096 5649; x_wconf 87' lang='lat' dir='ltr'>mss.</span> <span class='ocrx_word' id='word_1_832' title='bbox 2139 5590 2289 5662; x_wconf 84' lang='lat' dir='ltr'>vero,</span> <span class='ocrx_word' id='word_1_833' title='bbox 2332 5593 2377 5649; x_wconf 88' lang='lat' dir='ltr'>si</span> <span class='ocrx_word' id='word_1_834' title='bbox 2412 5594 2539 5665; x_wconf 82' lang='lat' dir='ltr'>Reg.</span> <span class='ocrx_word' id='word_1_835' title='bbox 2592 5590 2855 5664; x_wconf 70' lang='lat' dir='ltr'>excipias,</span> <span class='ocrx_word' id='word_1_836' title='bbox 2886 5590 3370 5665; x_wconf 70' lang='lat' dir='ltr'>dejectionem__non</span> <span class='ocrx_word' id='word_1_837' title='bbox 3397 5604 3558 5665; x_wconf 85' lang='lat' dir='ltr'>agno-</span> 
     </span>
    </p>
   </div>
   <div class='ocr_carea' id='block_1_117' title="bbox 1965 5659 3555 5723">
    <p class='ocr_par' dir='ltr' id='par_1_117' title="bbox 1965 5659 3555 5723">
     <span class='ocr_line' id='line_1_117' title="bbox 1965 5659 3555 5723; baseline -0.004 -1"><span class='ocrx_word' id='word_1_838' title='bbox 1965 5674 2160 5722; x_wconf 89' lang='lat' dir='ltr'>scunt:</span> <span class='ocrx_word' id='word_1_839' title='bbox 2211 5659 2303 5720; x_wconf 85' lang='lat' dir='ltr'>sed</span> <span class='ocrx_word' id='word_1_840' title='bbox 2354 5659 2542 5723; x_wconf 79' lang='lat' dir='ltr'>vocem</span> <span class='ocrx_word' id='word_1_841' title='bbox 2592 5659 2922 5719; x_wconf 79' lang='lat' dir='ltr'>mortuorum</span> <span class='ocrx_word' id='word_1_842' title='bbox 2971 5660 3172 5718; x_wconf 87' lang='lat' dir='ltr'>referre</span> <span class='ocrx_word' id='word_1_843' title='bbox 3225 5659 3448 5718; x_wconf 86' lang='lat' dir='ltr'>licetad</span> <span class='ocrx_word' id='word_1_844' title='bbox 3478 5677 3555 5716; x_wconf 83' lang='lat' dir='ltr'>re-</span> 
     </span>
    </p>
   </div>
   <div class='ocr_carea' id='block_1_118' title="bbox 1855 5737 2355 5795">
    <p class='ocr_par' dir='ltr' id='par_1_118' title="bbox 1855 5737 2355 5795">
     <span class='ocr_line' id='line_1_118' title="bbox 1855 5737 2355 5795; baseline -0.002 0"><span class='ocrx_word' id='word_1_845' title='bbox 1855 5756 1872 5770; x_wconf 80' lang='lat'><strong><em>&#39;</em></strong></span> <span class='ocrx_word' id='word_1_846' title='bbox 1964 5737 2355 5795; x_wconf 79' lang='lat' dir='ltr'>surrectionem.</span> 
     </span>
    </p>
   </div>
  </div>
