4026 6172
492 351 628 410 1023

485 484 579 534 cut
624 475 914 533 Psalmista
958 473 1166 531 indicat
1202 473 1390 530 dicens
1434 488 1446 528 :

484 575 668 624 autem
710 564 1054 639 permanebis
1087 582 1099 621 ε
1160 571 1214 620 et
1244 577 1434 619 omnes
1476 571 1538 618 ut
1567 560 1958 618 vestimentum
1994 576 2083 615 ve-

481 663 788 722 terascent;
824 662 877 711 et
905 655 1057 710 velut
1107 652 1370 710 amictum
1404 652 1643 709 mutabis
1677 669 1790 721 eos,
1827 659 1880 708 et
1909 657 2084 708 muta-

481 747 690 802 buntur
721 745 894 816 (Psal.
919 762 992 812 ui,
1025 744 1140 815 27).
1172 769 1192 792 ι
1227 743 1385 810 Quod
1415 743 1586 800 dicit:
1616 744 1865 799 Primum
1893 745 2082 800 coelum

480 842 530 892 et
559 836 742 908 prima
775 842 918 891 terra
945 836 1096 903 abiit,
1127 835 1364 907 speciem
1394 834 1636 906 ejusdem
1668 835 1793 891 coeli
1822 852 1885 892 ac
1918 844 2079 892 terra:

478 925 835 982 transituram
889 941 1002 980 esse
1033 924 1409 991 demonstrat;
1447 925 1652 997 species
1681 926 1831 981 enim
1865 941 2078 994 eorum,

479 1032 591 1072 non
649 1015 884 1070 essentia
927 1014 1206 1083 transibit,
1255 1031 1382 1072 cum
1435 1013 1493 1069 in
1540 1015 1825 1070 meliorem
1871 1022 2078 1071 statum

477 1105 981 1162 commutabuntur.
1037 1103 1196 1172 Quod
1243 1121 1374 1160 vero
1405 1103 1615 1160 infert:
1663 1107 1737 1160 Et
1782 1121 1934 1160 mare
1954 1104 2076 1174 jam

481 1212 585 1250 non
614 1201 708 1264 est,
738 1212 1028 1267 possumus
1057 1195 1359 1251 secundum
1385 1196 1623 1251 litteram
1658 1195 1988 1268 intelligere,
2018 1203 2082 1252 ut

483 1305 632 1344 mare
662 1288 880 1360 penitus
907 1287 1173 1344 deleatur.
1209 1288 1387 1343 Aliter
1420 1304 1431 1342 :
1464 1305 1612 1343 mare
1636 1287 1751 1359 jam
1781 1305 1893 1343 non
1927 1289 2031 1346 erit
2060 1309 2073 1360 ;

483 1378 612 1451 quia
658 1378 934 1450 propriam
992 1379 1222 1450 figuram
1275 1379 1511 1446 amittet,
1578 1379 1721 1436 sicut
1771 1379 1971 1435 coelum
2031 1387 2083 1436 et

481 1476 644 1537 terra,
666 1478 726 1525 ut
748 1469 804 1524 in
825 1468 1198 1543 pulchriorem
1225 1469 1457 1524 formam
1479 1477 1778 1540 reparatur.
1795 1468 1898 1525 Sed
1925 1469 2083 1541 spiri-

482 1560 666 1616 taliter
686 1560 792 1617 hoc
813 1560 1231 1634 intelligendum
1251 1567 1384 1633 puto
1409 1579 1421 1629 ;
1447 1559 1716 1634 quidquid
1737 1559 1882 1614 enim
1911 1559 1978 1615 de
2001 1560 2084 1615 in-

481 1651 778 1707 novatione
812 1651 937 1708 cceli
967 1660 1023 1708 et
1067 1660 1223 1707 terrae
1254 1651 1466 1706 dictum
1498 1657 1598 1717 est,
1633 1660 1686 1706 et
1715 1650 2080 1708 historialiter

481 1740 903 1813 intelligendum
924 1749 1026 1809 est,
1057 1740 1199 1797 sicut
1220 1740 1470 1812 superius
1490 1740 1758 1809 diximus,
1780 1749 1834 1797 et
1861 1743 2082 1815 spirita-

1519 347 1616 402 AD
1655 343 1891 401 OPERA
1929 343 1986 401 S.
2025 342 2358 402 AMBROSII
2397 341 2776 400 APPENDIX.

3663 345 3805 404 1024

1495 497 1513 521 ι
1559 472 1668 544 Ipsi
1698 470 1980 544 peribunt,
2017 477 2079 526 tu
2107 472 2159 533 Α
2192 469 2358 526 oculis
2385 485 2585 526 eorum.
2616 468 2834 526 Animae
2854 470 3107 528 omnium
3137 469 3430 528 hominum
3463 471 3806 529 immortales

2193 569 2385 619 creatae
2425 569 2574 628 sunt,
2633 560 2780 618 sicut
2830 561 3104 619 Dominus
3156 562 3294 620 dicit
3348 563 3406 618 in
3459 562 3800 636 Evangelia:

2205 673 2224 697 ι
2258 651 2440 707 Nolite
2463 651 2659 706 timere
2709 665 2800 706 eos
2843 651 2939 724 qui
2988 651 3249 710 occidunt
3295 668 3514 724 corpus,
3553 651 3798 707 animam

2192 751 2375 800 autem
2403 761 2514 799 non
2537 751 2768 815 possunt
2797 744 3046 801 occidere
3083 745 3296 818 (Matth.
3317 760 3377 812 x,
3405 742 3522 815 28).
3547 767 3565 790 ι
3600 743 3802 811 Quam-

2193 834 2279 890 vis
2305 833 2451 890 enim
2483 833 2794 890 moriantur
2847 843 3091 906 peccato,
3151 841 3247 889 aut
3309 849 3373 888 ea
3419 840 3597 887 morte
3630 849 3798 906 quam

2193 924 2426 997 primam
2459 932 2512 980 et
2541 923 2841 980 secundam
2875 924 3161 991 diximus;
3196 929 3384 978 tamen
3423 939 3535 977 non
3572 922 3653 978 ita
3681 940 3794 979 mo.

2194 1014 2436 1080 riuntur,
2473 1022 2535 1069 ut
2567 1014 2786 1086 penitus
2816 1029 2929 1069 non
2957 1015 3068 1069 sint
3095 1031 3106 1068 :
3145 1012 3236 1068 sed
3273 1029 3459 1068 earum
3491 1014 3636 1068 male
3685 1029 3798 1071 esse

2193 1121 2341 1160 mors
2378 1111 2626 1160 vocatur.
2679 1106 2800 1159 Duo
2830 1119 3047 1177 quoque
3084 1110 3335 1175 tempora
3390 1101 3460 1156 iis
3503 1104 3797 1160 constituit

2192 1198 2371 1252 Deus:
2408 1195 2695 1268 praesentis
2725 1197 2876 1264 vitae,
2911 1194 3057 1268 quod
3093 1194 3203 1250 cito
3240 1193 3454 1261 ﬁnitur,
3486 1201 3540 1248 et
3571 1193 3794 1263 futurae,

2193 1286 2340 1360 quod
2370 1286 2522 1341 ﬁniri
2554 1303 2666 1341 non
2698 1293 2909 1357 potest;
2940 1299 3222 1356 unumque
3271 1282 3425 1338 ﬂetui
3463 1289 3518 1337 et
3548 1283 3794 1352 mcerori,

2194 1377 2425 1432 alterum
2457 1375 2657 1448 gaudio
2687 1383 2849 1447 atque
2878 1375 3083 1431 laetitias
3113 1373 3420 1446 deputavit.
3454 1378 3601 1434 575
3624 1373 3796 1430 Verbi

2196 1472 2388 1546 gratia,
2420 1471 2464 1528 si
2495 1471 2618 1544 quis
2639 1472 2808 1527 vellet
2837 1473 2894 1528 in
2924 1471 3030 1528 hoc
3065 1479 3334 1542 tempore,
3361 1469 3508 1543 quod
3537 1468 3797 1525 brevissi-

2195 1579 2346 1619 mum
2377 1569 2480 1630 est,
2513 1578 2612 1633 pro
2646 1561 2882 1633 peccatis
2920 1560 3036 1617 suis
3073 1560 3204 1616 ﬂere
3241 1568 3294 1616 et
3333 1560 3536 1631 lugere,
3574 1566 3632 1614 et
3658 1557 3796 1614 aﬂli-

2195 1651 2372 1725 gendo
2424 1651 2774 1724 semetipsum
2831 1650 3074 1708 carnalia
3101 1648 3372 1706 desideria
3419 1647 3792 1720 exstinguere,

2195 1749 2253 1804 in
2285 1748 2395 1805 alio
2427 1756 2668 1821 tempore
2702 1746 2851 1820 quod
2889 1745 3036 1802 istud
3070 1744 3339 1819 sequitur,
3380 1743 3634 1818 quodque
3666 1744 3794 1800 infi-

482 1830 1137 1902 liter.Possumusitaque
1167 1846 1262 1902 per
1281 1832 1483 1888 coelum
1505 1831 1716 1886 animas
1735 1841 2075 1906 sanctorum,
2112 1843 2158 1904 B
2189 1840 2370 1896 nitum
2405 1848 2516 1907 ,est,
2566 1836 2824 1910 gauderet
2861 1844 2914 1891 et
2955 1837 3257 1892 exsultaret
3293 1835 3351 1890 in
3400 1843 3700 1898 aeternum;
3745 1834 3794 1889 si

480 1936 576 1991 per
603 1926 804 1974 terram
849 1935 1078 1990 corpora
1103 1919 1430 1992 intelligere.
1461 1921 1671 1977 Caelum
1718 1937 1925 1979 novum
1957 1924 2071 1993 ﬁet,

479 2024 605 2064 cum
644 2007 841 2063 animae
878 2017 1190 2064 sanctorum
1235 2025 1330 2081 per
1372 2011 1740 2082 receptionem
1780 2029 2074 2084 corporum

477 2095 536 2151 in
584 2096 827 2153 hominis
872 2106 1123 2154 naturam
1153 2099 1530 2156 restituentur.
1581 2101 1747 2157 Terra
1775 2119 1919 2158 nova
1949 2103 2076 2159 eili-

476 2187 670 2257 cietur,
728 2205 854 2244 cum
907 2205 1136 2261 corpora
1190 2197 1506 2245 sanctorum
1563 2209 1683 2264 qua:
1715 2200 1878 2248 antea
1917 2204 2075 2252 erant

476 2276 732 2332 mortalia
760 2285 921 2351 atque
972 2278 1378 2351 corruptibilia,
1429 2280 1768 2337 immortalia
1810 2289 1863 2337 et
1895 2282 2072 2340 incor-

476 2369 763 2441 ruptibilia
813 2371 1131 2428 reddentur.
1187 2371 1337 2445 Saepe
1381 2388 1512 2428 vero
1564 2390 1660 2446 per
1716 2391 1864 2432 mare
1913 2377 2073 2449 impii

478 2457 856 2532 designantur,
914 2461 1129 2518 dicente
1158 2461 1296 2519 Isaia
1328 2462 1620 2535 propheta:
1696 2488 1713 2511 ι
1745 2467 1909 2538 Impii
1939 2484 2070 2539 qua-

477 2550 525 2606 si
556 2567 704 2606 mare
741 2551 978 2621 fervens,
1011 2553 1156 2626 quod
1210 2553 1488 2626 quiescere
1536 2571 1646 2610 non
1677 2565 1878 2627 potest,
1907 2567 1960 2614 et
1991 2576 2071 2616 re-

477 2639 728 2697 dundant
779 2641 976 2698 ﬂuctus
1020 2641 1137 2714 ejus
1187 2641 1243 2698 in
1289 2644 1760 2701 conculcationem
1812 2655 1865 2703 et
1891 2648 2069 2704 lutum

480 2730 612 2801 (Isa.
665 2747 799 2798 Lvu,
849 2731 964 2804 20).
1012 2755 1030 2779 ι
1088 2733 1234 2788 Mare
1265 2731 1435 2804 igitur
1473 2732 1591 2805 jam
1619 2751 1731 2790 non
1757 2736 1861 2791 erit
1894 2756 1907 2806 ;
1944 2738 2071 2811 quia

477 2820 658 2876 omnis
702 2821 1000 2879 multitudo
1047 2822 1345 2895 impiorum
1375 2840 1500 2880 cum
1548 2823 1929 2898 deceptoribus
1955 2828 2070 2885 suis

473 2909 818 2968 daemonibus
849 2911 907 2966 in
936 2911 1214 2967 infernum
1245 2911 1483 2980 detrusa,
1516 2923 1838 2986 praesentem
1872 2919 2065 2974 mundi

472 2999 670 3056 faciem
717 3017 750 3056 a
790 3017 888 3058 sua
929 3001 1215 3074 inquinata
1267 3001 1607 3059 habitatione
1638 3006 1901 3063 mundam
1933 3025 2066 3080 prae-

473 3088 718 3144 stabunt.

2187 1927 2313 2002 quis
2344 1935 2527 1984 autem
2558 1925 2661 1982 hoc
2713 1925 2957 1997 elegerit,
3009 1933 3072 1981 ut
3125 1924 3183 1979 in
3234 1925 3491 1996 praesenti
3545 1932 3793 1995 tempore

2186 2017 2435 2090 gaudeat,
2460 2023 2515 2072 et
2544 2014 2817 2071 desideria
2844 2014 3027 2072 carnis
3056 2031 3166 2070 suae
3196 2012 3463 2084 perﬁciat,
3505 2013 3567 2068 in
3598 2014 3790 2068 futuro

2185 2107 2414 2181 lugebit,
2445 2115 2500 2164 et
2530 2105 2844 2162 tristabitur
2869 2106 2928 2161 in
2957 2104 3371 2176 sempiternum.
3415 2106 3495 2160 De
3539 2103 3610 2160 iis
3634 2105 3790 2160 duo-

2183 2197 2286 2253 bus
2316 2196 2656 2269 temporibus
2686 2195 2905 2252 videtur
2960 2193 3100 2250 mihi
3154 2194 3506 2249 Salomonem
3539 2193 3784 2250 dixisse:

2199 2312 2216 2334 ε
2256 2286 2492 2357 Tempus
2521 2284 2714 2353 ﬂendi,
2747 2292 2802 2340 et
2823 2292 3040 2356 tempus
3069 2281 3286 2338 ridendi
3315 2283 3513 2354 (Eccle.
3545 2301 3632 2349 in,
3655 2283 3738 2354 li).
3757 2309 3778 2330 ι

2182 2375 2418 2448 Tempus
2439 2374 2613 2430 ﬂendi
2634 2374 2935 2430 electorum
2968 2389 3116 2430 nunc
3167 2381 3284 2428 est:
3317 2380 3538 2445 tempus
3570 2371 3788 2427 ridendi

2180 2472 2316 2520 tunc
2338 2464 2464 2532 erit,
2507 2463 2729 2536 quando
2759 2462 2899 2518 illud
2943 2461 3287 2534 implebitur,
3337 2458 3488 2534 quod
3517 2462 3792 2518 Dominus

2181 2553 2318 2610 dicit
2358 2552 2415 2608 in
2446 2553 2746 2626 Evangelio
2773 2572 2784 2609 :
2845 2579 2863 2601 ι
2890 2553 3044 2609 Beati
3076 2553 3172 2626 qui
3203 2553 3392 2625 lugent
3423 2569 3598 2620 nunc,
3641 2569 3794 2625 quo—

2182 2645 2333 2700 niam
2360 2641 2466 2714 ipsi
2493 2643 2931 2699 consolabuntur
2955 2645 3169 2714 (Matth.
3212 2661 3266 2710 v,
3298 2644 3378 2715 5).
3420 2666 3436 2689 ι
3479 2643 3792 2699 Peccatori-

2179 2731 2281 2788 bus
2312 2749 2440 2787 vero
2473 2731 2610 2787 dicit
2638 2749 2650 2787 :
2695 2755 2713 2778 ι
2745 2733 2840 2790 Vae
2872 2732 3030 2788 vobis
3059 2733 3154 2805 qui
3210 2731 3400 2788 ridetis
3440 2747 3615 2800 nunc,
3656 2732 3794 2806 quia

2179 2821 2471 2896 plorabitis
2501 2829 2553 2877 et
2583 2820 2788 2878 ﬂebitis
2819 2822 2972 2895 (Luc.
3007 2840 3085 2891 vr,
3107 2822 3200 2894 25)
3225 2823 3236 2876 l
3271 2846 3289 2868 ι
3332 2820 3626 2894 Ahsterget
3655 2837 3790 2894 ergo

2178 2921 2324 2976 Deus
2354 2934 2573 2974 omnem
2620 2917 2922 2989 lacrymam
2961 2916 3029 2972 ab
3055 2915 3233 2973 oculis
3263 2923 3618 2980 sanctorum;
3654 2914 3793 2986 quia

2179 3021 2302 3086 post
2354 3013 2812 3068 resurrectionem
2873 3011 3016 3068 nihil
3071 3010 3228 3066 triste
3267 3010 3472 3067 sanctis
3533 3009 3789 3067 accidere

2179 3102 2399 3176 poterit,
2434 3102 2580 3158 unde
2611 3103 2869 3175 lacrymas
2897 3101 3032 3157 oriri
3063 3101 3294 3173 possint.

548 3178 728 3249 (Vers.
778 3178 860 3252 2.)
913 3181 988 3236 Et
1031 3179 1286 3236 civitatem
1337 3187 1569 3236 sanctam
1617 3182 1912 3240 Jerusalem
1956 3185 2068 3241 vidi
2103 3208 2146 3269 Ο
2251 3197 2488 3251 Etmors
2517 3195 2665 3249 ultra
2693 3209 2800 3247 non
2843 3191 2962 3246 erit.
2996 3190 3214 3246 Primus
3253 3189 3420 3245 homo
3447 3188 3786 3245 immortalis

473 3269 852 3324 descendentem.
888 3270 949 3325 de
987 3270 1113 3325 coelo
1143 3289 1177 3326 a
1222 3271 1352 3340 Deo,
1378 3278 1630 3342 paratam
1660 3274 1794 3328 sicut
1821 3291 2068 3345 sponsam

470 3366 716 3414 ornatam
747 3360 863 3415 uiro
894 3377 1008 3416 suo.
1050 3360 1260 3419 Civitas
1287 3363 1586 3419 Jerusalem
1615 3363 1861 3421 Ecclesia
1888 3374 1970 3422 est
1999 3382 2068 3422 ex

470 3448 726 3505 omnibus
782 3449 948 3522 justis
994 3459 1356 3508 constructa:
1409 3453 1475 3509 de
1522 3453 1660 3510 coelo
1708 3453 2000 3511 descendet
2050 3473 2062 3521 ;

470 3538 600 3609 quia
621 3533 859 3595 Domino
887 3541 954 3596 ad
976 3540 1251 3611 judicium
1281 3542 1555 3611 veniente,
1586 3560 1712 3600 cum
1756 3544 1854 3599 illo
1885 3544 2067 3600 omnis

471 3625 770 3682 multitudo
818 3637 1131 3684 sanctorum
1171 3631 1373 3697 veniet,
1412 3631 1553 3687 sicut
1582 3630 1718 3687 dicit
1750 3633 1914 3688 Isaias
1945 3650 2065 3704 pro-

471 3712 634 3784 pheta
665 3729 676 3767 :
721 3740 739 3761 ι
759 3715 1028 3771 Dominus
1051 3717 1118 3772 ad
1143 3717 1417 3789 judicium
1448 3720 1633 3774 veniet
1661 3737 1788 3777 cum
1818 3723 2066 3780 sensibus

470 3802 660 3875 populi
713 3803 820 3872 sui,
861 3812 915 3860 et
949 3806 1290 3879 principibus
1335 3807 1451 3880 ejus
1485 3809 1617 3880 (Isa.
1671 3828 1754 3880 in,
1791 3811 1903 3882 14).
1931 3838 1948 3859 ι
1998 3813 2066 3869 Et

469 3892 904 3965 sapientissimus
929 3896 1185 3952 Salomon
1216 3899 1273 3954 in
1305 3899 1617 3956 Proverbiis
1649 3917 1660 3956 :
1708 3925 1725 3948 ι
1755 3901 1975 3959 Nobilis
2005 3903 2060 3958 in

467 3983 641 4055 portis
687 3984 775 4040 vir
821 3983 957 4056 ejus,
1013 3989 1232 4060 quando
1279 3989 1480 4047 sederit
1529 4008 1655 4047 cum
1713 3994 2062 4050 senatoribus

467 4081 624 4130 terrae
671 4073 859 4145 (Prov.
897 4093 1059 4145 xxxi,
1091 4079 1213 4152 23).
1239 4104 1257 4126 ι
1299 4081 1428 4147 Quae
1461 4081 1604 4137 sicut
1649 4099 1848 4154 sponsa
1877 4091 2062 4154 parata

467 4171 520 4220 et
559 4173 751 4222 ornata
793 4182 908 4223 esse
954 4167 1197 4235 dicitur;
1232 4170 1362 4242 quia
1409 4170 1552 4226 sicut
1594 4187 1792 4242 sponsa
1823 4171 2061 4229 diversis

465 4255 767 4312 monilibus
821 4265 874 4313 et
925 4258 1262 4314 ornamentis
1313 4261 1659 4331 semetipsam
1718 4271 1966 4330 exornat,
1999 4270 2060 4318 ut

466 4361 665 4417 sponso
713 4361 813 4402 suo
843 4347 1054 4419 placeat
1087 4366 1098 4404 :
1145 4348 1222 4404 ita
1253 4356 1306 4405 et
1333 4349 1579 4407 Ecclesia
1622 4349 1856 4407 diversis
1884 4350 2058 4408 virtu-

464 4432 614 4489 tibus
656 4435 964 4506 decoratur,
1021 4447 1083 4494 ut
1137 4437 1381 4495 Creatori
1428 4456 1548 4508 suo,
1581 4439 1676 4514 qui
1705 4448 1787 4496 est
1827 4457 2058 4514 sponsus

466 4520 605 4593 ejus,
638 4526 850 4596 placere
882 4529 1080 4584 valeat.

538 4622 718 4693 (Vers.
752 4624 832 4695 3.)
871 4629 939 4681 Et
979 4629 1162 4684 audivi
1187 4647 1353 4685 vocem
1386 4647 1632 4701 magnam
1659 4631 1722 4685 de
1749 4633 1934 4687 throno
1964 4633 2058 4688 di-

463 4719 699 4769 centem:
751 4717 886 4772 Ecce
926 4717 1317 4775 tabernaculum
1366 4720 1467 4776 Dei
1495 4736 1611 4775 cum
1657 4718 1972 4789 hominibus,
2011 4726 2058 4775 et

463 4803 719 4860 habitabit
763 4821 879 4860 cum
908 4807 979 4862 eis
1007 4825 1020 4875 ;
1052 4815 1100 4863 et
1127 4809 1228 4880 ipsi
1252 4811 1484 4881 populus
1529 4810 1642 4880 ejus
1669 4817 1844 4879 erunt,
1874 4815 1921 4865 et
1947 4810 2056 4882 ipse

463 4893 721 4962 Dominus
768 4896 984 4951 cumeis
1029 4899 1129 4954 erit
1174 4917 1356 4955 eorum
1401 4901 1562 4956 Deus.
1597 4899 1811 4958 Scimus
1857 4918 1952 4974 per
1979 4901 2054 4957 ci-

463 4985 690 5042 vitatem
733 4987 1034 5046 Jerusalem
1064 4998 1117 5046 et
1144 4991 1559 5050 tabernaculum
1599 4993 1823 5049 Domini
1854 4993 2054 5050 Eccle-

463 5073 600 5131 siam
649 5093 790 5149 saepe
836 5093 949 5134 esse
994 5079 1351 5153 designatam.
1403 5082 1611 5140 Civitas
1653 5099 1780 5155 ergo
1833 5082 1892 5138 in
1949 5081 2055 5138 hoc

462 5163 584 5223 loco
613 5175 666 5224 et
695 5167 1110 5226 tabernaculum
1142 5170 1389 5228 Ecclesia
1416 5179 1644 5228 vocatur
1677 5190 1691 5240 ;
1729 5189 1793 5228 eo
1822 5171 1971 5246 quod
1993 5171 2051 5226 in

460 5254 559 5312 illa
603 5256 816 5316 habitet
843 5261 1008 5330 Deus,
1063 5259 1207 5317 sicut
1236 5261 1352 5333 ipse
1393 5260 1529 5319 dicit
1557 5278 1653 5334 per
1694 5261 2048 5334 prophetam:

476 5371 494 5394 ι
525 5347 851 5406 Inhabitabo
881 5349 938 5406 in
971 5350 1107 5418 illis,
1139 5358 1192 5407 et
1218 5350 1597 5419 inambulabo,
1629 5360 1681 5408 et
1711 5368 1802 5406 ero
1827 5351 2052 5406 illorum

460 5440 626 5507 Deus,
656 5448 709 5496 et
739 5439 845 5512 ipsi
871 5451 1034 5499 erunt
1063 5441 1201 5498 mihi
1225 5442 1461 5514 populus
1495 5440 1684 5512 (Leuit.
1714 5457 1872 5507 xxvi,
1902 5440 2037 5509 12).»

533 5529 717 5599 (Vers.
757 5529 840 5602 4.)
871 5533 948 5588 Ει
991 5533 1244 5604 absterget
1270 5533 1412 5588 Deus
1439 5547 1643 5587 omnem
1674 5531 1959 5601 lacrymam
1988 5529 2052 5584 ab

536 5727 652 5795 (78)
697 5731 776 5785 Ita
805 5745 933 5787 mss.
968 5749 982 5798 ;

2087 4577 2136 4636 D

2181 3284 2358 3340 factus
2417 3290 2537 3339 est:
2606 3280 2880 3354 peccando
2953 3289 3135 3337 autem
3194 3287 3246 3336 et
3301 3277 3784 3335 immortalitatem

2179 3373 2387 3442 amisit,
2423 3381 2477 3428 et
2535 3379 2770 3428 mortem
2829 3371 3039 3428 mundo
3085 3370 3299 3428 intulit.
3362 3369 3494 3425 Post
3539 3385 3785 3424 resurre-

2177 3464 2417 3520 ctionem
2451 3469 2631 3517 autem
2665 3477 2813 3516 mors
2851 3476 2963 3516 non
2992 3460 3124 3528 erit;
3155 3459 3286 3532 quia
3304 3467 3357 3515 et
3386 3458 3506 3531 ipse
3521 3459 3783 3532 princeps

2176 3551 2373 3608 mortis
2411 3549 2667 3607 diabolus
2707 3566 2834 3606 cum
2877 3549 3136 3605 omnibus
3183 3547 3517 3605 satellitibus
3570 3549 3687 3603 suis
3724 3548 3781 3603 in

2176 3639 2456 3696 infernum
2487 3647 2752 3712 perpetuo
2799 3639 3047 3696 reclusus
3079 3637 3376 3705 tenebitur,
3412 3644 3467 3692 et
3499 3635 3781 3692 immorta-

2174 3730 2299 3785 litas
2329 3746 2490 3802 quam
2537 3728 2750 3802 primus
2805 3728 2971 3784 homo
3017 3726 3294 3801 peccando
3345 3725 3555 3792 amisit,
3613 3725 3780 3797 justis

2179 3819 2468 3876 reddetur:
2519 3828 2573 3876 et
2629 3818 2968 3892 possibilitas
3024 3817 3308 3891 peccandi,
3362 3833 3484 3890 quae
3539 3824 3780 3872 mortem

2174 3907 2382 3964 mundo
2435 3907 2649 3978 intulit,
2705 3907 2772 3964 ab
2849 3908 2926 3965 eis
2979 3908 3278 3964 auferetur.
3346 3908 3525 3976 Neque
3587 3907 3774 3962 luctus.

2173 3998 2310 4056 Cum
2340 3997 2591 4070 superius
2645 3997 2793 4054 dicat
2838 3997 2985 4071 quod
3043 3997 3314 4068 absterget
3363 3997 3512 4052 Deus
3553 4012 3777 4052 omnem

2172 4089 2472 4161 lacrymam
2522 4088 2591 4144 ab
2631 4087 2809 4145 oculis
2848 4096 3186 4155 sanctorum,
3237 4085 3372 4159 quid
3415 4102 3644 4142 necesse
3670 4086 3780 4141 fuit

2171 4181 2232 4236 in
2261 4181 2368 4236 hoc
2408 4179 2529 4236 loco
2559 4180 2771 4237 luctum
2813 4179 3057 4253 ponere?
3099 4176 3204 4234 Sed
3251 4177 3396 4232 inter
3443 4177 3779 4232 eﬂ'usionem

2171 4273 2538 4343 lacrymarum
2597 4277 2650 4325 et
2686 4271 2899 4326 luctum
2949 4269 3134 4341 aliqua
3184 4267 3454 4323 distantia
3484 4273 3566 4321 est
3596 4285 3610 4334 ;
3647 4283 3777 4322 nam

2168 4359 2396 4416 tristitia
2422 4375 2562 4430 saepe
2595 4360 2868 4432 lacrymas
2898 4357 3104 4426 educit,
3153 4372 3292 4428 saepe
3322 4354 3611 4427 gaudium,
3635 4371 3778 4426 srepe

2167 4447 2529 4517 desiderium,
2561 4464 2703 4520 saepe
2744 4447 2936 4503 laetitia
2981 4447 3097 4518 (78)
3126 4463 3140 4513 ;
3170 4445 3353 4500 luctus
3397 4459 3529 4499 vero
3558 4461 3777 4517 semper

2168 4555 2236 4593 ex
2293 4554 2496 4610 magno.
2538 4553 2772 4593 maerore
2826 4535 3099 4600 nascitur;
3161 4533 3342 4588 luctus
3397 4547 3638 4604 namque
3688 4541 3775 4588 est

2167 4628 2328 4685 ﬂetus
2358 4628 2576 4685 dierum
2599 4625 3176 4697 multorum.Lugebat
3208 4623 3411 4679 Paulus
3432 4624 3632 4694 eosqui
3649 4637 3769 4694 pec-

2165 4728 2451 4787 caverunt,
2482 4726 2536 4774 et
2565 4734 2677 4774 non
2698 4723 2925 4790 egerunt
2954 4712 3355 4788 paenitentiam.
3390 4713 3461 4767 Et
3501 4712 3767 4767 Salomon

2167 4808 2412 4882 loquitur
2441 4808 2659 4865 dicens:
2710 4834 2726 4855 ε
2768 4808 2974 4863 Luctus
3021 4804 3225 4860 mortui
3282 4811 3489 4875 septem
3545 4801 3766 4868 diebus,

2166 4900 2347 4955 luctus
2367 4907 2547 4955 autem
2580 4898 2716 4954 fatui
2745 4895 3005 4953 omnibus
3033 4892 3230 4950 diebus
3258 4892 3387 4948 vitae
3416 4892 3535 4963 ejus
3569 4891 3766 4960 (Ereti.

2162 5005 2308 5057 xxu,
2343 4988 2454 5061 13).
2490 5015 2508 5038 ι
2567 4987 2814 5045 Ecclesia
2869 5001 3016 5042 nunc
3073 4985 3130 5039 in
3167 4983 3320 5039 luctu
3368 4989 3470 5049 est,
3521 4996 3587 5036 eo
3617 4979 3767 5052 quod

2164 5077 2297 5150 perd
2326 5078 2634 5150 eceptiones
2665 5076 2979 5132 daemonum
3009 5071 3254 5145 quotidie
3296 5069 3596 5125 maximam
3644 5083 3764 5140 par-

2164 5177 2272 5224 tem
2305 5183 2373 5224 ex
2401 5167 2515 5222 suis
2544 5165 2787 5222 amittit:
2823 5165 2880 5220 in
2927 5164 3026 5218 illa
3059 5169 3242 5217 autem
3275 5159 3390 5215 vita
3439 5160 3622 5215 luctus
3647 5173 3762 5212 non

2164 5257 2289 5326 erit,
2331 5256 2425 5329 qui
2489 5270 2584 5327 per
2639 5253 2989 5326 deceptiones
3041 5251 3356 5308 damonum
3413 5247 3633 5304 nullum
3688 5261 3764 5300 ex

2163 5347 2276 5403 suis
2313 5344 2561 5402 amittere
2626 5341 2846 5416 poterit.
2909 5341 3090 5411 Neque
3160 5340 3382 5393 clamor.
3444 5338 3506 5392 In
3563 5333 3763 5391 Genesi

2162 5436 2427 5508 scriptum
2459 5444 2539 5491 est
2559 5434 2706 5507 quod
2735 5432 2944 5487 dixerit
2971 5433 3117 5486 Deus
3138 5429 3204 5485 ad
3236 5427 3514 5484 Abraham
3539 5444 3549 5480 :
3594 5450 3612 5471 ι
3641 5425 3762 5482 Cla-

2163 5544 2282 5582 mor
2311 5526 2674 5582 Sodomorum
2705 5531 2757 5578 et
2787 5519 3110 5578 Gomorrhze
3164 5517 3316 5575 venit
3352 5517 3421 5573 ad
3480 5531 3566 5571 me
3599 5516 3758 5586 (Gre.

1027 5732 1159 5791 edit.
1207 5741 1408 5803 autem,
1435 5749 1570 5808 sirpe
1606 5732 1880 5806 gaudium,
1909 5748 2044 5806 swpe
2080 5730 2338 5790 lwt‘itiam.
2369 5730 2490 5786 Non
2519 5729 2680 5788 bene.
