4060 6208
280 325 423 383 1025

1164 316 1621 374 BERENGAUDI
1660 313 2034 371 EXPOSITIU
2075 312 2143 368 IN
2181 309 2693 367 APOCALYPSI‘N.

3458 308 3597 368 1026

282 468 444 520 χγιιι,
494 449 609 520 20),
642 473 661 496 ι
706 447 872 503 Isaias
917 460 1048 499 vero
1092 442 1357 515 propheta
1404 440 1535 513 quid
1568 440 1641 496 sit
1681 440 1889 495 clamor
1918 441 1967 498 Α
2001 438 2119 504 tris,
2158 442 2205 490 et
2240 436 2479 490 omnibus
2526 434 2905 488 mendacibus:
2955 452 3086 506 pars
3130 436 3351 492 illorum
3395 438 3496 493 erit
3538 436 3595 491 in

282 540 667 605 Sodomorum,
724 534 974 608 exponit,
1033 549 1158 590 cum
1227 531 1474 606 loquitur
1523 530 1592 587 de
1647 529 1812 585 Israel
1868 545 1881 584 :

297 655 316 677 ι
371 630 660 686 Peccatum
710 643 870 682 suum
921 623 1076 698 quasi
1134 622 1370 680 Sodoma
1422 619 1888 694 praedicaverunt,

285 735 385 774 nec
433 716 843 774 absconderant
887 714 1026 787 (Isa.
1058 730 1142 778 III,
1172 712 1253 784 9).
1288 738 1307 761 ι
1354 710 1678 767 Praedicatio
1722 708 1891 781 igitur

282 807 493 882 peccati
541 808 751 864 clamor
790 812 1039 861 vocatur.
1071 803 1368 858 Possumus
1399 800 1563 857 etiam
1594 801 1890 855 clamorem

284 899 447 955 aliter
494 896 843 968 intelligere;
896 892 1188 950 Psalmista
1232 907 1470 964 namque
1516 889 1698 946 dicit:
1756 913 1774 935 ι
1804 887 1890 943 Ad

283 988 607 1056 Dominum,
629 1004 756 1045 cum
776 986 1096 1054 tribularer,
1118 983 1378 1050 clamavi,
1408 991 1462 1039 et
1489 980 1778 1039 exaudivit
1806 995 1892 1035 me

289 1079 464 1151 (Psal.
515 1094 669 1145 cxrx,
700 1077 782 1149 1).
814 1100 832 1123 ι
888 1076 961 1131 Et
1006 1076 1224 1148 Moyses
1273 1074 1332 1129 in
1384 1070 1636 1145 angustia
1681 1069 1893 1143 positus

286 1168 556 1226 clamabat
599 1165 667 1221 ad
713 1164 1035 1221 Dominum.
1068 1164 1174 1221 Ubi
1224 1180 1351 1235 ergo
1380 1178 1556 1235 neque
1584 1167 1888 1234 peccatum,

289 1258 436 1334 quod
466 1256 814 1330 praedicetur,
846 1271 1021 1328 neque
1049 1253 1339 1311 tribulatio
1375 1251 1483 1308 erit
1515 1252 1650 1319 ulla,
1682 1251 1892 1308 clamor

288 1349 438 1404 ullus
487 1343 826 1402 necessarius
871 1361 983 1400 non
1031 1344 1155 1399 erit.
1197 1343 1374 1413 Neque
1420 1341 1577 1397 dolor
1622 1340 1743 1395 erit.
1796 1339 1896 1396 Est

288 1438 447 1494 dolor
484 1436 749 1509 corporis,
803 1443 885 1492 est
931 1441 984 1490 et
1033 1433 1253 1489 mentis.
1306 1431 1510 1503 Istique
1558 1428 1775 1485 dolores
1819 1428 1895 1485 ita

287 1534 416 1583 sunt
444 1524 702 1592 connexi,
733 1531 795 1579 ut
831 1538 975 1578 unus
1003 1521 1121 1577 sine
1156 1522 1332 1577 altero
1379 1535 1495 1576 esse
1524 1534 1637 1574 non
1683 1517 1893 1590 possit;

287 1614 446 1671 dolor
474 1612 675 1687 quippe
706 1612 953 1684 corporis
983 1609 1179 1683 alliigit
1228 1618 1473 1666 mentem
1498 1627 1511 1677 ;
1544 1607 1803 1664 similiter
1844 1612 1898 1661 et

290 1706 448 1763 dolor
491 1704 692 1761 mentis
735 1721 936 1776 corpus
977 1702 1278 1760 excruciat.
1320 1703 1386 1758 In
1434 1701 1533 1757 illa
1569 1699 1738 1772 igitur
1783 1696 1901 1753 vita

290 1795 449 1851 dolor
487 1809 601 1849 non
650 1792 776 1862 erit,
814 1791 911 1848 ubi
960 1808 1138 1865 neque
1192 1790 1431 1864 corpori,
1478 1804 1657 1862 neque
1700 1786 1898 1843 animae

291 1884 405 1938 ulla
451 1880 756 1938 adversitas
798 1880 1045 1938 accidere
1086 1879 1309 1952 poterit.
1369 1880 1496 1946 Quae
1536 1877 1719 1949 prima
1759 1876 1897 1930 abie-

292 1979 441 2029 runt.
472 1971 657 2027 Prima
684 1970 790 2027 ista
817 1969 1092 2038 abierunt,
1121 1968 1253 2042 quia
1296 1983 1424 2025 cum
1471 1966 1672 2024 saeculo
1710 1972 1901 2021 trans-

295 2063 515 2130 ierunt;
575 2060 735 2117 electi
787 2059 935 2116 enim
988 2057 1082 2131 qui
1139 2065 1463 2131 praesentem
1510 2055 1706 2122 vitam,
1758 2054 1902 2110 sicut

295 2149 547 2223 superius
569 2147 685 2220 jam
719 2147 990 2215 diximus,
1020 2146 1074 2201 in
1108 2145 1396 2202 doloribus
1424 2153 1479 2202 et
1506 2141 1901 2200 aﬂlictionibus

296 2240 719 2311 deputaverunt,
752 2242 875 2309 post
921 2235 1087 2292 ﬁnem
1137 2235 1422 2309 praesentis
1466 2233 1597 2290 vitae
1640 2230 1899 2306 gaudium

297 2326 694 2400 sempiternum
724 2324 1079 2382 invenerunt.

371 2425 554 2498 (Vers.
587 2424 640 2492 5,
682 2422 763 2495 6.)
795 2424 871 2479 Et
897 2422 1039 2477 dixit
1062 2422 1155 2493 qui
1182 2421 1387 2478 sedebat
1414 2421 1472 2477 in
1500 2422 1689 2477 throno
1724 2437 1737 2477 :
1770 2422 1903 2478 Ecce

298 2532 435 2570 nova
464 2514 607 2583 facio
634 2513 835 2569 omnia.
866 2514 944 2569 De
970 2511 1328 2569 innovatione
1374 2519 1747 2569 creaturarum
1797 2528 1897 2569 su-

298 2604 481 2677 perius
510 2603 695 2676 aliqua
722 2601 989 2659 diximus.
1038 2603 1113 2659 Et
1159 2601 1299 2657 dixit
1341 2601 1518 2657 mihi:
1555 2600 1733 2659 Scribe
1774 2601 1902 2672 quia

300 2699 404 2754 haec
432 2697 591 2754 verba
619 2696 929 2769 ﬁdelissima
965 2702 1109 2763 sunt,
1155 2702 1205 2752 et
1237 2714 1383 2754 vera.
1434 2696 1540 2754 Sed
1585 2703 1639 2753 et
1682 2695 1789 2753 hoc
1814 2711 1904 2751 su-

301 2788 486 2862 perius
526 2785 739 2843 dictum
784 2793 886 2844 est.
928 2788 1004 2843 Et
1042 2786 1183 2842 dixit
1211 2787 1342 2843 mihi
1379 2805 1390 2843 :
1424 2789 1539 2859 Ego
1576 2803 1692 2841 sum
1725 2785 1905 2858 Alpha

301 2884 351 2934 et
380 2879 590 2949 Omega.
624 2875 769 2944 Quid
814 2876 887 2933 sit
930 2877 1108 2948 Alpha
1138 2884 1186 2933 et
1217 2877 1409 2948 Omega
1453 2876 1738 2933 subdendo
1776 2891 1906 2931 ma-

304 2970 546 3039 nifestat,
599 2985 724 3026 cum
768 2968 949 3026 dicit:
983 2969 1207 3027 Initium
1260 2975 1309 3023 et
1362 2968 1503 3041 ﬁnis.
1546 2970 1661 3040 Ego
1710 2966 1905 3023 sitienti

304 3060 437 3116 dabo
479 3058 541 3114 de
585 3056 728 3129 fonte
769 3075 923 3129 aqua:
966 3059 1098 3113 vim
1142 3057 1331 3130 gratis.
1368 3057 1471 3113 Per
1511 3056 1720 3114 fontem
1751 3072 1905 3130 aquae

304 3150 447 3205 vivae
495 3165 633 3221 saepe
680 3148 963 3221 Scriptura
1005 3155 1193 3204 sancta
1231 3147 1567 3220 designatur,
1602 3147 1746 3203 sicut
1783 3148 1907 3203 Do-

305 3241 489 3296 minus
535 3238 674 3296 dicit
722 3238 781 3295 in
830 3239 1135 3311 Evangelio
1174 3257 1185 3295 :
1243 3264 1262 3287 ι
1311 3238 1417 3307 Qui
1465 3238 1640 3295 credit
1688 3237 1747 3294 in
1796 3254 1903 3307 me,

306 3329 450 3386 sicut
479 3328 761 3400 Scriptura
803 3327 961 3396 dicit,
992 3328 1223 3384 ﬂumina
1264 3327 1331 3384 de
1359 3336 1551 3385 ventre
1582 3327 1699 3400 ejus
1738 3326 1911 3384 ﬂuent

307 3434 461 3492 aquae
490 3417 635 3474 vivaa
672 3417 853 3490 (Joan.
883 3435 987 3486 vn,
1019 3417 1135 3491 38).
1167 3442 1185 3466 ι
1231 3416 1338 3474 Sed
1382 3427 1446 3474 ut
1490 3417 1740 3474 ordinem
1787 3433 1913 3473 ser-

307 3525 522 3577 vemus,
574 3525 670 3581 per
724 3508 934 3565 fontem
982 3526 1136 3583 aquae
1189 3509 1335 3565 vivae
1390 3509 1620 3581 gloriam
1675 3507 1912 3565 caelestis

307 3599 498 3671 patria:
526 3597 790 3655 debemus
819 3598 1127 3671 intelligere
1161 3616 1173 3654 :
1208 3598 1303 3671 qui
1330 3597 1455 3654 fons
1482 3597 1551 3653 ab
1578 3598 1697 3670 ipso
1726 3596 1911 3653 Domi-

309 3704 381 3743 no
409 3687 730 3760 procedens,
762 3697 975 3746 montes
1022 3687 1273 3745 omnium
1316 3686 1596 3759 justorum
1643 3702 1741 3743 sua
1783 3686 1913 3742 ine-

308 3777 571 3835 narrabili
628 3776 921 3834 dulcedine
976 3778 1174 3834 satiare
1239 3794 1351 3834 non
1409 3776 1644 3833 desistit.
1705 3776 1910 3833 Verum

310 3865 585 3940 quomodo
615 3866 789 3939 gloria
830 3865 935 3923 ista
983 3867 1153 3940 gratis
1192 3866 1359 3939 justis
1401 3867 1583 3936 datur,
1618 3881 1717 3939 pro
1755 3864 1913 3937 cujus

310 3955 626 4029 acceptione
671 3957 848 4013 multa
892 3956 1122 4014 adversa
1166 3958 1469 4030 perferunt,
1507 3958 1710 4013 multas
1740 3958 1913 4028 lacry-

311 4063 427 4104 mas
478 4046 740 4116 fundunt,
800 4046 1117 4103 innumeras
1168 4063 1354 4120 preces
1408 4047 1665 4115 offerunt,
1711 4046 1914 4102 multas

312 4139 689 4212 eleemosynas
746 4138 1104 4211 largiuntur:
1142 4148 1197 4196 et
1245 4138 1456 4197 caeteris
1504 4138 1665 4195 bonis
1722 4137 1915 4211 operi-

311 4230 414 4287 bus
436 4230 758 4302 semetipsos
786 4229 1095 4286 exercent?
1124 4228 1229 4285 Sed
1259 4230 1426 4302 gratis
1452 4228 1623 4286 vitam
1653 4236 1913 4284 aeternam

311 4318 629 4394 percipiunt
661 4337 673 4375 :
707 4318 838 4393 quia
869 4318 1107 4391 pretium
1135 4319 1266 4375 vitae
1298 4325 1537 4387 aeternae,
1584 4316 1733 4391 quod
1782 4323 1913 4373 sunt

312 4408 458 4465 bona
504 4423 687 4481 opera,
732 4406 800 4462 ab
852 4406 971 4480 ipso
1017 4406 1315 4480 accipiunt,
1346 4406 1443 4480 qui
1489 4406 1681 4462 dixit:
1735 4429 1753 4452 ι
1784 4405 1914 4462 Sine

315 4515 402 4555 me
452 4498 597 4555 nihil
651 4496 883 4570 potestis
936 4497 1114 4554 facere
1172 4496 1354 4568 (Joan.
1414 4512 1511 4564 xv,
1568 4494 1649 4566 5).
1707 4519 1726 4543 ι
1793 4496 1913 4567 Ipse

314 4588 517 4663 quippe
546 4586 640 4643 dat
668 4586 928 4659 pretium,
958 4587 1074 4659 ipse
1119 4594 1174 4643 et
1206 4601 1305 4660 pro
1349 4583 1526 4659 pretio
1575 4584 1694 4658 (79)
1742 4584 1916 4641 vitam

321 4685 582 4735 aeternam
612 4676 863 4749 largitur.

388 4773 571 4846 (Vers.
606 4773 656 4843 7,
697 4772 780 4845 8.)
829 4773 933 4841 Qui
983 4773 1185 4844 vicerit,
1236 4773 1524 4847 possidebit
1566 4773 1692 4842 hac,
1738 4777 1785 4828 et
1829 4788 1917 4828 ero

314 4865 400 4922 illi
445 4867 607 4935 Deus,
640 4872 688 4921 et
728 4866 840 4939 ipse
881 4866 984 4922 erit
1029 4867 1160 4922 mihi
1204 4868 1368 4939 ﬁlius.
1422 4868 1528 4937 Qui
1568 4867 1765 4925 vicerit
1805 4866 1918 4924 dia-

314 4954 528 5026 bolum,
559 4957 853 5030 omniaque
898 4957 1036 5013 vitia
1077 4974 1359 5030 superans,
1416 4959 1475 5014 in
1521 4958 1683 5015 bonis
1728 4958 1919 5032 operi-—

314 5042 421 5100 bus
490 5046 941 5118 perseveraverit,
1018 5046 1321 5119 possidebit
1388 5045 1527 5115 haec,
1585 5047 1643 5103 id
1699 5055 1800 5117 est,
1857 5065 1920 5105 ea

316 5148 437 5207 qua;
485 5136 736 5207 superius
782 5134 929 5191 dicta
984 5142 1150 5203 sunt;
1198 5135 1461 5192 videlicet
1506 5142 1568 5191 ut
1606 5134 1760 5192 bibat
1804 5137 1919 5209 ipse

316 5224 386 5282 de
416 5224 568 5280 fonte
594 5225 725 5280 vitae
751 5232 987 5294 aeternae,
1021 5225 1168 5299 quod
1194 5234 1277 5282 est
1300 5226 1475 5299 gloria
1498 5232 1779 5299 perpetua.

396 5313 620 5372 Timidis
672 5321 866 5383 autem,
926 5320 975 5370 et
1043 5315 1350 5385 incredulis,
1408 5324 1455 5373 et
1507 5316 1808 5386 exsecratis,
1874 5322 1924 5372 et

318 5402 617 5474 homicidis,
665 5409 713 5460 et
754 5403 1190 5476 fornicatoribus,
1239 5411 1287 5462 et
1324 5407 1585 5479 veneﬁcis,
1614 5412 1664 5463 et
1698 5406 1920 5465 idolola-

393 5566 512 5643 (7_9)
547 5565 701 5643 Edit.
734 5564 868 5624 Gil].
902 5566 962 5623 in
1000 5573 1286 5643 contextu,
1317 5568 1428 5643 dat,
1451 5569 1702 5643 pretium,
1737 5577 1785 5627 et
1811 5570 1923 5629 sine

317 5637 534 5713 pretio;
570 5638 629 5695 in
659 5655 832 5713 marg.
875 5647 1081 5710 autem,
1113 5649 1172 5699 et
1211 5637 1370 5699 Rem.
1414 5637 1472 5698 in
1514 5637 1797 5713 contextu,
1830 5645 1924 5700 dat

319 5710 547 5782 pretium
575 5718 623 5769 et
646 5728 742 5770 suo
766 5710 975 5786 pretio;
1001 5730 1130 5772 mss.
1178 5729 1310 5772 vero
1346 5713 1506 5775 nobis
1531 5710 1917 5791 suffragantur.

1931 1813 1977 1874 B

1942 4552 1994 4612 D

2004 532 2247 597 stagnum
2273 525 2412 596 ignis
2444 524 2682 579 ardentis
2718 524 2991 595 sulphure,
3029 526 3170 595 quod
3205 532 3280 581 est
3318 544 3463 581 more
3507 544 3598 583 se-

1997 616 2169 671 cunda
2199 614 2337 687 (80).
2381 614 2519 673 Cum
2559 614 2729 671 timor
2755 614 2916 672 valde
2943 615 3279 673 necessarius
3307 615 3379 673 sit
3403 616 3599 674 homi—

1998 704 2185 773 nibus,
2217 721 2317 762 cur
2339 706 2598 760 timorem
2629 704 2774 761 inter
2802 714 2927 762 octo
2964 703 3104 761 vitia
3150 705 3311 763 valde
3362 706 3599 780 pessima

1999 794 2239 867 primum
2290 794 2522 867 posuit?
2573 794 2677 851 Sed
2718 802 2847 851 sunt
2890 794 3117 853 timores
3164 795 3320 864 boni,
3368 806 3497 853 sunt
3546 804 3600 852 et

1999 884 2152 939 mali.
2187 884 2285 941 Est
2312 884 2483 941 timor
2520 882 2681 941 valde
2710 886 2975 957 optimus,
3005 884 3074 941 de
3103 900 3213 958 quo
3258 883 3396 941 dicit
3439 885 3602 941 Psal-

2000 976 2164 1033 mista
2191 995 2202 1033 :
2247 1002 2267 1026 ι
2295 978 2485 1034 Timor
2511 978 2737 1035 Domini
2767 988 3009 1049 sanctus,
3051 996 3378 1051 permanens
3412 981 3471 1037 in
3504 997 3599 1038 sae-

1999 1066 2186 1124 culum
2214 1067 2401 1123 saeculi
2433 1067 2607 1140 (Psal.
2642 1084 2806 1138 xvm,
2842 1068 2971 1139 10);
3004 1093 3023 1117 ι
3062 1075 3147 1125 est
3172 1077 3227 1125 et
3251 1068 3419 1125 timor
3457 1085 3599 1126 mor-

2001 1155 2073 1212 tis
2123 1156 2284 1212 valde
2334 1158 2695 1227 necessarius,
2743 1157 3022 1231 timorque
3059 1158 3204 1231 ignis
3256 1158 3485 1214 aeterni:
3518 1157 3603 1213 ti-

2003 1261 2124 1301 mor
2176 1246 2342 1302 etiam
2402 1246 2674 1304 bonorum
2722 1246 3035 1317 hominum,
3083 1248 3303 1321 quando
3350 1256 3603 1305 amantur

2002 1334 2071 1390 ab
2117 1335 2186 1392 iis
2231 1352 2263 1392 a
2309 1337 2511 1410 quibus
2555 1337 2869 1395 timentur:
2920 1344 3050 1394 sunt
3102 1345 3159 1393 et
3201 1337 3299 1394 alii
3354 1336 3599 1406 timores,

2005 1424 2100 1497 qui
2128 1425 2424 1499 aliquando
2447 1428 2665 1500 juvant,
2707 1427 3004 1501 aliquando
3052 1436 3284 1495 nocent;
3332 1428 3476 1486 sicut
3520 1435 3605 1483 est

2007 1512 2174 1569 timor
2215 1516 2486 1572 malorum
2537 1516 2849 1588 hominum,
2902 1518 3069 1575 timor
3108 1516 3385 1590 judicum,
3435 1519 3605 1576 timor

2006 1602 2362 1661 dominorum
2397 1624 2410 1662 :
2469 1616 2601 1664 sunt
2643 1609 2740 1665 alii
2786 1608 3013 1666 timores
3055 1610 3214 1666 valde
3258 1611 3504 1684 pessimi,
3536 1612 3605 1669 de

2007 1694 2209 1767 quibus
2235 1694 2329 1753 hic
2371 1694 2583 1752 dictum
2632 1713 2747 1755 esse
2794 1714 2953 1767 reor;
2998 1708 3129 1757 sunt
3172 1717 3409 1773 namque
3452 1718 3604 1757 non-

2008 1783 2171 1852 nulli,
2213 1784 2308 1857 qui
2347 1783 2544 1842 timore
2571 1802 2857 1859 prunarum
2885 1804 3027 1861 saepe
3062 1789 3121 1845 in
3169 1788 3390 1846 ﬂetibus
3442 1807 3605 1848 com—

2008 1881 2328 1946 punguntur
2360 1893 2372 1932 :
2405 1874 2500 1933 sed
2529 1876 2658 1950 quia
2683 1876 2882 1933 timent
2904 1878 3251 1950 asperitatem
3290 1879 3396 1935 viae
3429 1879 3601 1951 illius,

2008 1980 2129 2036 quae
2185 1963 2344 2021 ducit
2390 1965 2460 2022 ad
2504 1967 2700 2036 vitam,
2748 1967 2887 2024 vitia
2933 1967 3201 2037 deserere,
3260 1968 3604 2043 rigoremque

2009 2053 2139 2109 vitae
2190 2054 2350 2110 bona:
2401 2056 2810 2129 apprehendere
2864 2058 3143 2131 trepidant
3184 2076 3195 2115 :
3256 2066 3386 2115 sunt
3434 2058 3602 2115 etiam

2011 2143 2195 2211 multi,
2223 2142 2426 2215 quibus
2462 2144 2616 2201 dedit
2660 2147 2805 2202 Deus
2850 2146 3139 2204 scientiam
3182 2147 3364 2220 legum
3397 2155 3605 2221 tempo-

2010 2236 2232 2305 ralium,
2266 2237 2363 2310 qui
2393 2237 2452 2293 in
2476 2237 2707 2310 judiciis
2734 2238 2920 2312 positi,
2953 2240 3088 2297 dum
3118 2240 3313 2297 vident
3341 2240 3604 2314 quosdam

2010 2342 2043 2382 a
2075 2326 2478 2399 potentioribus
2506 2326 2711 2401 injuste
2750 2329 3008 2403 opprimi,
3042 2332 3167 2404 plus
3197 2330 3454 2387 timentes
3499 2330 3608 2387 iras

2009 2417 2301 2476 hominum
2332 2436 2497 2493 quam
2527 2420 2667 2478 iram
2699 2422 2821 2492 Dei,
2853 2437 2946 2479 eos
2974 2438 3111 2495 quos
3153 2438 3250 2496 per
3294 2421 3605 2480 doctrinam

2011 2524 2175 2581 quam
2212 2519 2559 2582 acceperunt,
2600 2509 2795 2582 juvare
2846 2520 3118 2584 poterant,
3175 2521 3230 2569 et
3278 2529 3310 2569 a
3363 2511 3608 2585 periculo

2010 2597 2264 2667 liberare,
2304 2599 2536 2656 tacendo
2566 2600 2624 2656 in
2648 2600 2913 2658 damnum
2958 2618 3221 2675 magnum
3266 2601 3457 2658 sinunt
3502 2601 3609 2657 de-

2011 2688 2202 2745 venire
2227 2706 2239 2745 :
2273 2698 2403 2746 sunt
2430 2689 2527 2745 alii
2556 2690 2651 2764 qui
2675 2707 2786 2747 non
2815 2693 2995 2748 solum
3026 2707 3139 2748 non
3159 2707 3253 2748 eos
3266 2689 3487 2762 juvant,
3515 2687 3610 2748 sed

2012 2785 2239 2850 propter
2267 2779 2524 2836 timorem
2555 2779 2847 2838 hominum
2874 2782 3205 2838 sententiam
3238 2779 3611 2839 damnationis

2013 2867 2073 2924 in
2102 2885 2196 2927 eos
2223 2869 2509 2943 proferunt
2543 2890 2556 2929 :
2601 2881 2683 2930 est
2707 2880 2761 2930 et
2790 2873 2959 2932 timor
2993 2891 3155 2948 quem
3185 2872 3416 2931 avaritia
3446 2873 3607 2945 parit,

2013 2960 2217 3034 aliique
2247 2962 2473 3020 timores
2501 2961 2661 3021 valde
2689 2963 2938 3032 inutiles,
2955 2964 3024 3022 de
3045 2964 3246 3039 quibus
3274 2965 3498 3038 longum
3528 2965 3610 3021 est

2014 3050 2214 3106 dicere.

2086 3139 2405 3199 lncredulos
2440 3150 2624 3200 autem
2650 3160 2765 3201 non
2785 3160 2879 3201 eos
2912 3144 3292 3203 tantummodo
3320 3149 3485 3203 vocat
3514 3139 3611 3217 qui

2017 3242 2129 3283 non
2173 3229 2425 3299 credunt,
2475 3231 2619 3289 sicut
2659 3240 2789 3289 sunt
2823 3232 3001 3289 Judzei
3048 3243 3210 3308 atque
3242 3234 3466 3307 pagani;
3513 3232 3610 3290 sed

2018 3323 2072 3372 et
2098 3332 2191 3374 eos
2219 3319 2315 3393 qui
2344 3336 2457 3377 non
2485 3322 2718 3379 credunt
2745 3324 3220 3380 resurrectionem.
3268 3324 3407 3379 Sunt
3443 3322 3610 3380 etiam

2018 3407 2115 3463 alii
2147 3408 2307 3465 multi
2338 3408 2434 3483 qui
2462 3408 2763 3467 Christiani
2791 3420 3080 3479 vocantur,
3120 3411 3217 3486 qui
3244 3427 3357 3468 non
3380 3411 3613 3469 credunt

2020 3503 2164 3561 576
2194 3506 2293 3564 Dei
2316 3505 2546 3578 justitiae
2574 3526 2587 3576 ;
2622 3525 2720 3582 pro
2748 3525 2813 3566 eo
2836 3509 2986 3566 enim
3011 3509 3157 3583 quod
3187 3510 3326 3567 vitia
3348 3508 3610 3583 diligunt,

2019 3603 2074 3651 et
2101 3595 2374 3652 desideria
2401 3597 2583 3654 carnis
2610 3615 2723 3655 suae
2759 3600 3019 3672 perlicere
3069 3601 3287 3670 volunt,
3335 3616 3448 3656 non
3499 3616 3643 3657 ere--

2020 3684 2162 3741 dunt
2204 3686 2664 3744 comminationes
2703 3688 3023 3745 divinarum
3069 3689 3499 3762 Scripturarum,
3553 3695 3616 3746 ut

2020 3781 2217 3847 putent
2244 3792 2300 3833 se
2328 3793 2430 3849 pro
2465 3777 2535 3834 iis
2567 3794 2684 3835 esse
2725 3778 3098 3849 damnandos;
3148 3796 3276 3837 nam
3329 3778 3615 3838 libidinosi

2021 3863 2215 3921 dicunt
2242 3867 2400 3922 nullo
2426 3866 2591 3923 modo
2617 3883 2716 3940 pro
2734 3885 2841 3925 usu
2863 3869 3267 3927 concumbendi
3283 3884 3615 3943 quemquam

2022 3972 2137 4013 esse
2165 3958 2472 4032 periturum
2506 3977 2517 4015 :
2555 3959 2650 4016 sed
2678 3968 2732 4017 et
2758 3961 2963 4019 ebriosi
3011 3961 3206 4020 dicunt
3248 3963 3404 4019 nullo
3451 3960 3617 4016 modo

2021 4061 2078 4101 se
2106 4063 2206 4119 pro
2234 4048 2409 4106 nimia
2434 4047 2555 4106 vini
2585 4050 2863 4123 potatione
2891 4068 3009 4109 esse
3046 4050 3357 4125 puniendos
3387 4066 3402 4105 :
3450 4048 3618 4105 simi—

2024 4136 2150 4192 liter
2178 4144 2234 4193 et
2269 4138 2442 4208 avari,
2489 4139 2785 4211 luxuriosi,
2832 4150 2996 4216 atque
3041 4139 3263 4213 superbi
3314 4137 3618 4195 defendunt

2020 4226 2159 4283 vitia
2186 4243 2304 4284 sua.

2092 4318 2419 4375 Exsecratos
2446 4327 2630 4375 autem
2661 4336 2753 4376 eos
2790 4335 2906 4376 esse
2940 4326 3097 4392 puto,
3137 4319 3234 4393 qui
3263 4325 3619 4375 exsecrantur

2022 4407 2279 4464 mandata
2306 4408 2624 4465 divinarum
2680 4410 3112 4483 Scripturarum,
3144 4409 3619 4482 correctionesque

2024 4496 2313 4553 hominum
2341 4497 2634 4555 bonorum.
2665 4499 2962 4556 Possumus
2984 4507 3038 4556 et
3067 4516 3163 4572 per
3188 4506 3499 4556 exsecratos
3526 4513 3619 4556 eos

2024 4587 2332 4660 intelligere
2361 4588 2457 4661 qui
2484 4588 2545 4645 in
2576 4597 2792 4647 tantum
2824 4597 2954 4647 sunt
2983 4589 3366 4657 inverecundi,
3405 4596 3469 4646 ut
3506 4604 3621 4646 non

2025 4678 2226 4752 pudeat
2253 4695 2346 4737 eos
2374 4678 2622 4752 quaedam
2661 4678 3019 4736 exsecrabilis
3060 4678 3120 4735 in
3162 4686 3460 4752 conspectu
3505 4694 3620 4734 om-

2026 4769 2183 4825 nium
2221 4777 2530 4843 perpetrare
2562 4788 2574 4825 :
2617 4770 2714 4843 qui
2749 4786 2863 4825 non
2897 4770 3077 4827 solum
3120 4786 3153 4826 a
3186 4768 3375 4842 justis,
3426 4783 3620 4825 verum

2025 4859 2192 4916 etiam
2220 4876 2252 4915 a
2281 4859 2609 4933 quibusdam
2639 4858 2862 4932 injustis
2891 4876 3030 4932 saepe
3063 4866 3440 4917 exsecrantur.

2100 4948 2418 5006 Homicidas
2445 4956 2628 5006 autem
2657 4956 2821 5021 vocat
2851 4966 2965 5007 non
3021 4951 3201 5007 solum
3246 4947 3623 5006 interfectores

2026 5041 2390 5115 quorumdam
2434 5042 2747 5113 hominum,
2777 5043 2873 5101 sed
2899 5052 2955 5101 et
2980 5059 3073 5101 eos
3108 5044 3205 5118 qui
3252 5042 3443 5100 odium
3496 5054 3623 5112 por-

2026 5139 2146 5189 tant
2175 5133 2234 5190 in
2262 5132 2523 5191 cordibus
2566 5133 2701 5205 suis,
2759 5134 2903 5193 sicut
2945 5133 3048 5192 iste
3096 5134 3332 5191 Joannes
3378 5128 3625 5202 loquitur

2027 5222 2253 5282 dicens:
2301 5249 2320 5273 ι
2349 5225 2543 5283 Omnis
2571 5225 2668 5299 qui
2696 5225 2815 5283 odit
2842 5225 3069 5284 fratrem
3115 5239 3297 5292 suum,
3344 5217 3626 5279 homicida

2027 5320 2111 5371 est
2141 5313 2200 5386 (Ι
2223 5314 2381 5371 Joan.
2423 5332 2507 5384 ιιι,
2548 5316 2662 5387 15).
2702 5338 2721 5365 ι

2099 5402 2357 5477 Sequitur
2384 5403 2696 5463 fornicatio.
2729 5402 3178 5463 Fornicationum
3217 5414 3414 5475 genera
3450 5397 3626 5497 multa

2104 5566 2223 5641 (80)
2252 5567 2410 5641 Rom.
2441 5566 2574 5625 edit.
2604 5568 2725 5625 loco
2754 5562 3343 5641 moverat,etomnibus
3366 5562 3625 5621 mendaci-

2030 5639 2363 5713 bus‘...’quod
2391 5646 2467 5696 est
2486 5657 2630 5698 mors
2657 5640 2901 5698 secunda.
