4060 6208
471 255 609 313 1027

1502 258 1597 312 AD
1636 257 1870 313 OPEllA
1909 256 1964 313 S.
2008 254 2341 313 AMBROSII
2376 252 2757 314 APPENDIX.

3636 255 3781 314 1028

468 391 626 439 sunt.
661 382 1082 456 quibuscumque
1110 382 1258 436 enim
1301 381 1500 449 modis,
1548 392 1775 453 excepta
1822 382 2066 453 legitima
2094 386 2144 443 Α
2171 381 2371 452 quibus
2409 382 2624 436 nullum
2675 390 2809 453 puto
2836 378 3117 435 hominem
3148 395 3219 435 ex
3246 386 3363 435 toto
3403 394 3561 451 posse
3597 378 3790 437 absti-

469 480 663 541 uxOre,
733 473 1066 529 desiderium
1139 473 1391 530 libidinis
1447 476 1722 546 expletur,
1779 472 2072 529 fornicatio

467 571 718 620 vocatur.
775 566 854 620 De
908 564 1296 622 fornicationis
1353 564 1499 620 malo
1545 563 1747 620 Paulus
1792 562 2072 635 apostolus

468 653 733 727 loquitur,
765 653 987 710 dicens:
1023 679 1040 700 ι
1072 654 1177 722 Qui
1208 662 1391 710 autem
1421 654 1752 719 fornicatur,
1781 652 1840 709 in
1872 667 2070 722 corpus

464 756 628 795 suum
675 749 863 813 peccat
906 742 961 813 (Ι
1003 743 1127 798 Cor.
1180 760 1260 811 vr,
1305 743 1418 813 18).
1473 768 1491 790 ι
1550 744 1613 798 In
1659 758 1857 813 corpus
1908 755 2068 795 suum

466 838 673 902 peccat,
705 830 835 903 quia
864 831 1236 903 integritatem
1272 831 1391 903 ejus
1426 833 1597 888 violat
1630 839 1793 903 atque
1826 845 2067 885 corrum-

463 918 545 990 pit
574 936 586 985 ;
621 936 747 975 cum
780 920 1040 977 humores
1068 920 1188 993 ejus
1214 920 1474 977 innoxius
1518 922 1573 975 vi
1625 919 1865 975 extrahit
1907 924 2069 989 atque

463 1008 721 1065 effundit.
763 1010 864 1065 Est
892 1018 947 1065 et
991 1010 1287 1066 fornicatio
1317 1009 1687 1081 cogitationis,
1720 1009 1785 1064 de
1814 1023 1920 1079 qua
1947 1009 2068 1063 Do-

466 1098 653 1154 minus
679 1100 925 1171 loquitur
954 1099 1144 1156 dicens
1173 1118 1183 1153 :
1223 1123 1240 1144 ι
1275 1099 1380 1166 Qui
1411 1098 1617 1153 viderit
1660 1096 1950 1152 mulierem
2000 1096 2066 1151 ad

460 1190 958 1263 concupiscendum
1011 1207 1152 1261 eam,
1199 1190 1313 1263 jam
1370 1190 1673 1247 muachatus
1718 1196 1798 1244 est
1846 1204 1962 1243 eam
2008 1186 2067 1241 in

460 1280 624 1337 corde
649 1296 749 1335 suo
786 1279 997 1351 (Matth.
1034 1297 1093 1348 ν,
1126 1279 1242 1350 28).
1276 1305 1295 1328 ι
1335 1278 1609 1351 PrOpheta
1646 1293 1862 1350 quoque
1902 1277 2068 1333 Jeru-

459 1370 627 1424 salem
658 1368 1063 1425 fornicatricem
1096 1368 1336 1438 vocavit,
1390 1386 1456 1425 eo
1504 1367 1653 1441 quod
1696 1370 1872 1423 Deum
1918 1366 2069 1423 dere-

458 1456 717 1530 linquens
744 1457 894 1515 idola
920 1459 1157 1515 coluerit
1191 1458 1410 1532 (Ezech.
1443 1475 1562 1526 xv1,
1600 1457 1808 1528 15-22).
1862 1455 2069 1513 Simili'

458 1557 542 1606 ter
570 1557 623 1605 et
652 1566 753 1607 nos
777 1550 1221 1624 suggestionibus
1256 1551 1574 1607 daemonum
1615 1547 2065 1620 obtemperando,

456 1656 585 1697 cum
616 1640 981 1713 nosmetipsos
1025 1641 1106 1697 eis
1155 1638 1507 1711 subjicimus,
1553 1637 1915 1694 fornicatores
1956 1653 2067 1695 non

458 1728 911 1786 inconvenienter
936 1745 1222 1785 vocamur.

527 1818 774 1877 Venetici
803 1824 986 1873 autem
1016 1824 1164 1885 sunt,
1193 1816 1287 1889 qui
1314 1832 1546 1888 corpora
1571 1816 1863 1872 hominum
1898 1830 2059 1871 vene—
2090 1791 2137 1851 Β

456 1922 529 1961 no
558 1906 836 1973 inficiunt,
866 1913 929 1960 ut
956 1922 1048 1962 eos
1073 1906 1446 1978 exstinguant.
1489 1905 1629 1962 Sunt
1668 1912 1722 1960 et
1759 1904 1853 1960 alii
1882 1903 2059 1959 multo

456 1993 754 2051 deteriores
782 1994 1039 2065 veneﬁci,
1070 1995 1110 2050 ii
1141 1995 1422 2065 videlicet,
1462 1995 1557 2067 qui
1593 1994 1870 2050 seminant
1915 1993 2060 2049 inter

455 2084 653 2140 fratres
690 2084 1027 2142 discordias:
1085 2084 1171 2140 illi
1219 2084 1367 2140 enim
1415 2100 1646 2157 corpora
1690 2082 2056 2151 interficiunt,

456 2177 547 2233 isti
574 2176 784 2232 animas
808 2195 819 2233 :
853 2184 908 2234 et
927 2177 1103 2233 multo
1131 2176 1371 2233 deterior
1399 2183 1480 2232 est
1510 2192 1656 2232 mors
1676 2173 1873 2229 animae
1893 2188 2056 2245 quam

455 2267 723 2338 corporis.

526 2362 833 2419 Idololatrze
861 2377 991 2417 vero
1020 2370 1151 2417 sunt
1188 2377 1299 2416 non
1339 2362 1517 2417 solum
1550 2360 1590 2415 ii
1620 2359 1718 2433 qui
1764 2357 1915 2415 idola
1968 2374 2054 2413 co-

473 2461 597 2520 unt,
625 2451 719 2507 sed
767 2458 821 2507 et
868 2467 1061 2507 omnes
1107 2450 1281 2519 avari,
1322 2450 1428 2508 hoc
1473 2449 1884 2506 demonstrante
1930 2464 2055 2520 apo-

461 2541 605 2596 stolo
661 2540 853 2609 Paulo,
911 2539 1006 2612 qui
1067 2539 1354 2597 avaritiam
1411 2540 1691 2596 idolorum
1733 2538 2054 2595 servitutem

458 2638 619 2688 vocat
650 2631 880 2702 (Coloss.
917 2647 1001 2699 III,
1030 2629 1111 2701 5).

524 2729 630 2786 Sed
660 2728 820 2784 valde
850 2728 1098 2784 terribile
1126 2734 1206 2784 est
1236 2727 1385 2801 quod
1413 2728 1664 2800 sequitur
1688 2745 1699 2782 :
1725 2728 1801 2783 Et
1815 2726 2053 2783 omnibus

451 2821 822 2885 mendacibus;
851 2819 1051 2875 deinde
1079 2818 1364 2891 subjungit
1395 2837 1406 2875 :
1447 2820 1588 2875 Pars
1616 2818 1834 2874 illorum
1865 2817 1968 2872 erit
1996 2817 2053 2872 in

451 2916 635 2981 stagno
664 2910 800 2980 ignis
829 2909 1067 2964 ardentis
1097 2909 1367 2978 sulphure,
1398 2908 1539 2978 quod
1557 2914 1632 2962 est
1650 2907 2047 2973 morssecunda;

451 3007 507 3055 et
532 2999 822 3055 Psalmista
847 2998 983 3054 dicit
1014 2997 1082 3053 ad
1111 2998 1413 3053 Dominum
1437 3015 1449 3053 :
1488 3022 1506 3043 ι
1527 2996 1725 3054 Perdes
1743 3013 1934 3053 omnes
1954 2997 2049 3070 qui

452 3089 756 3162 loquuntur
783 3088 1132 3145 mendacium
1157 3088 1329 3159 (Psat.
1352 3104 1413 3153 v,
1440 3087 1496 3161 7)
1522 3106 1536 3157 ;
1570 3113 1589 3137 ι
1622 3089 1749 3145 etin
1769 3087 1878 3144 alio
1905 3089 2044 3145 loco:

2180 486 2352 527 nere:
2385 479 2515 527 sunt
2561 479 2615 526 et
2660 470 2868 543 gravia,
2919 487 3039 543 quae
3085 475 3337 542 mergunt
3383 468 3671 526 hominem
3730 474 3794 527 in

2178 564 2585 621 damnationem
2617 566 2836 621 mortis.

2249 655 2353 711 Sed
2382 656 2510 727 quia
2538 654 2627 709 his
2656 654 2999 726 temporibus
3028 652 3191 710 multi
3220 660 3351 709 sunt
3387 652 3483 728 qui
3520 654 3642 710 sine
3671 656 3799 711 ali-

2179 760 2285 816 qua
2312 745 2619 801 reverentia
2648 745 2747 799 Dei
2775 744 3173 816 omnipotentis
3205 758 3340 815 pene
3367 743 3587 799 assidue
3619 762 3798 802 men-

2178 832 2413 901 tiuntur,
2448 835 2655 907 placuit
2685 834 2845 891 nobis
2888 844 2949 891 ut
2978 834 3044 890 de
3082 836 3188 891 hoc
3226 832 3364 888 vitio
3405 834 3594 906 aliqua
3639 834 3796 891 dica-

2178 938 2319 978 mus.
2355 923 2561 990 Yerum
2594 924 2748 995 prius
2788 923 2855 979 de
2897 922 3114 979 levibus
3163 920 3462 977 mendaciis
3510 923 3796 993 dicamus,

2177 1020 2363 1083 postea
2390 1013 2457 1068 de
2484 1013 2848 1085 gravioribus.
2882 1013 3034 1084 Saepe
3060 1011 3422 1067 aestimatione
3452 1013 3797 1083 mentimur,

2178 1106 2511 1163 aestimantes
2566 1124 2666 1163 nos
2721 1106 2908 1163 videre
2964 1105 3111 1178 quod
3176 1122 3288 1161 non
3348 1104 3630 1174 videmus,
3692 1116 3798 1163 aut

2177 1196 2367 1251 audire
2424 1194 2571 1268 quod
2621 1212 2732 1252 non
2785 1194 3063 1263 audimus,
3120 1202 3216 1249 aut
3279 1194 3417 1250 scire
3467 1194 3619 1266 quod
3675 1211 3795 1251 non

2177 1286 2398 1342 scimus.
2447 1286 2599 1357 Saepe
2647 1301 2882 1358 namque
2927 1301 3053 1341 cum
3085 1284 3305 1356 alonge
3350 1285 3620 1358 quosdam
3666 1303 3796 1358 pro-

2178 1374 2459 1447 spicimus,
2492 1374 2635 1429 fallit
2663 1390 2763 1431 nos
2785 1381 3034 1447 aspectus
3063 1380 3270 1440 noster,
3297 1380 3352 1428 et
3374 1371 3620 1430 dicimus
3644 1391 3791 1445 esse,

2178 1462 2274 1535 qui
2303 1479 2416 1518 non
2442 1470 2590 1519 sunt.
2619 1462 2770 1535 Saepe
2810 1464 2975 1519 etiam
3023 1471 3079 1519 et
3124 1459 3375 1518 obscuris
3412 1463 3787 1534 temporibus,

2177 1568 2302 1609 cum
2345 1554 2534 1624 procul
2585 1552 2791 1625 lapides
2832 1561 2928 1609 aut
2969 1550 3193 1608 arbusta
3238 1550 3636 1624 conspicimus,
3668 1552 3789 1626 ipsa

2178 1642 2510 1699 obscuritate
2538 1642 2808 1711 fallimur,
2835 1649 2890 1698 et
2939 1640 3180 1698 dicimus
3223 1640 3477 1697 homines
3526 1657 3648 1697 esse
3689 1651 3787 1700 aut

2176 1729 2397 1786 bestias.
2429 1730 2581 1803 Saepe
2608 1730 2890 1787 oblivione
2919 1729 3188 1801 fallimur,
3219 1746 3348 1786 cum
3387 1729 3786 1787 obliviscimur

2172 1835 2293 1892 quae
2319 1819 2554 1877 fecimus
2588 1828 2643 1876 et
2671 1819 2939 1890 vidimus,
2969 1829 3065 1876 aut
3114 1819 3286 1877 locuti
3331 1818 3567 1889 fuimus,
3598 1829 3655 1877 et
3697 1820 3780 1877 di-

2171 1908 2348 1965 cimus
2378 1926 2478 1966 nos
2505 1910 2697 1966 fecisse
2726 1909 2873 1983 quod
2899 1926 3012 1965 non
3041 1909 3295 1976 fecimus,
3317 1917 3414 1966 aut
3440 1925 3558 1965 non
3588 1909 3782 1966 fecisse

2171 1997 2318 2070 quod
2362 1998 2627 2067 fecimus;
2669 2007 2765 2055 aut
2810 1998 3026 2057 audisse
3070 1997 3219 2071 quod
3271 2014 3383 2054 non
3433 1997 3780 2069 audivimus,

2170 2094 2265 2143 aut
2294 2102 2404 2143 non
2433 2088 2648 2146 audisse
2677 2089 2827 2163 quod
2857 2088 3208 2157 audivimus;
3256 2096 3351 2145 aut
3389 2088 3603 2146 vidisse
3633 2090 3780 2163 quod

2170 2192 2281 2233 non
2308 2177 2574 2246 vidimus,
2604 2188 2699 2235 aut
2744 2196 2855 2235 non
2903 2178 3107 2235 vidisse
3155 2178 3304 2251 quod
3351 2178 3636 2244 vidimus;
3680 2187 3777 2235 aut

2168 2264 2575 2340 dixisse,'quod
2605 2284 2719 2324 non
2745 2267 3012 2336 diximus,
3047 2274 3143 2323 aut
3184 2284 3298 2324 non
3343 2267 3577 2335 dixisse,
3625 2268 3775 2342 quod

2167 2354 2432 2412 diximus.
2464 2356 2617 2429 Saepe
2646 2364 2701 2413 et
2726 2373 2851 2414 cum
2882 2356 3162 2423 audimus,
3193 2355 3344 2429 quod
3371 2356 3773 2425 desideramus,

2167 2444 2404 2502 dicimus
2450 2463 2644 2501 verum
2689 2463 2823 2514 esse,
2870 2445 3017 2519 quod
3061 2445 3356 2514 audimus;
3389 2454 3443 2502 et
3471 2462 3618 2519 sape
3648 2463 3773 2504 cou-

2166 2535 2333 2607 tingit
2369 2534 2514 2608 quod
2556 2534 2755 2591 falsum
2792 2535 2864 2590 sit
2911 2552 2923 2590 :
2964 2542 3019 2591 et
3062 2551 3188 2592 cum
3236 2533 3579 2604 audivimus,
3627 2536 3775 2609 quod

2166 2624 2445 2692 nolumus,
2478 2622 2716 2681 dicimus
2748 2622 2948 2680 falsum
2978 2640 3114 2693 esse,
3156 2625 3413 2698 quamvis
3449 2641 3646 2680 verum
3679 2627 3775 2683 sit.

2165 2714 2317 2798 Saepe
2359 2716 2524 2771 etiam
2567 2715 2698 2788 joco
2746 2716 3067 2786 mentimur,
3097 2725 3159 2773 ut
3201 2717 3375 2773 risum
3413 2717 3773 2775 audientibus

2164 2805 2489 2862 excitemus.
2532 2805 2684 2877 Saepe
2731 2822 2864 2862 vero
2910 2823 2981 2862 ex
3027 2805 3202 2862 nimia
3246 2805 3576 2862 credulitate
3620 2823 3772 2863 men-

2162 2892 2362 2961 timur;
2424 2911 2553 2950 nam
2609 2911 2735 2951 cum
2791 2895 3108 2953 audivimus
3165 2895 3429 2971 quosdam
3485 2894 3767 2965 homines,

2162 3000 2300 3058 quos
2330 3004 2549 3045 veraces
2577 2987 2982 3056 existimamus,
3012 2987 3197 3060 aliqua
3242 2996 3528 3044 narrantes
3558 2989 3767 3046 verisi-

2161 3074 2334 3146 milia,
2366 3077 2649 3135 credentes
2677 3078 2826 3151 quod
2853 3075 3132 3146 audimus,
3162 3093 3289 3134 cum
3317 3093 3380 3133 ea
3407 3076 3534 3134 aliis
3570 3076 3763 3135 referi-

464 3201 484 3226 ‹
512 3155 707 3234 anis
734 3176 901 3233 homo
930 3155 1173 3232 mendax.
1201 3176 1377 3249 (Psat.
1412 3155 1542 3247 cxv,
1574 3177 1686 3249 11).
1721 3202 1740 3225 ι
1773 3174 1832 3233 Si
1878 3176 2048 3249 igitur
2083 3155 2131 3219 Ο
2161 3180 2301 3233 mus:
2336 3164 2573 3223 άίθίῐηιιε
2598 3183 2727 3223 vera
2755 3182 2893 3235 esse,
2921 3164 3174 3239 quamViS
3202 3165 3315 3222 Sim
3345 3165 3511 3235 Ῑθιιδὸἱ
3546 3176 3603 3224 et
3644 3163 3762 3222 ffe-

450 3267 630 3325 omnis
660 3266 827 3324 homo
848 3266 1108 3338 mendax,
1131 3275 1186 3324 et
1212 3266 1259 3323 si
1289 3266 1479 3339 perdet
1516 3268 1662 3323 Deus
1708 3282 1898 3323 omnes
1952 3265 2047 3339 qui

446 3357 751 3433 loquuntur
778 3358 1148 3429 mendacium,
1189 3365 1243 3415 et
1271 3357 1318 3414 si
1355 3372 1546 3413 omnes
1591 3358 1882 3416 mendaces
1928 3372 2046 3430 par-

447 3457 558 3506 tem
607 3450 888 3507 habebunt
937 3450 996 3505 in
1038 3448 1350 3522 perditione
1399 3464 1527 3505 cum
1574 3448 1785 3505 caeteris
1834 3446 2042 3520 impiis,

446 3538 516 3595 de
550 3539 752 3611 quibus
782 3539 1047 3595 hactenus
1076 3538 1248 3595 locuti
1272 3553 1491 3605 sumus;
1533 3538 1656 3610 quis
1701 3538 1886 3594 salvus
1930 3551 2045 3592 esse

448 3628 697 3700 poterit?
734 3628 950 3684 Scimus
996 3644 1232 3700 namque
1292 3628 1509 3683 nullum
1566 3626 1849 3683 hominem
1901 3625 2045 3683 hanc

449 3716 618 3772 vitam
652 3732 810 3788 posse
842 3716 1093 3785 transire,
1123 3725 1185 3772 ut
1214 3716 1512 3788 aliquando
1557 3732 1669 3773 non
1709 3717 2039 3784 mentiatur;

446 3805 555 3862 nisi
576 3804 743 3861 fuerit
762 3804 965 3875 infans,
989 3805 1085 3879 qui
1101 3804 1205 3861 fari
1224 3821 1337 3862 non
1360 3812 1556 3878 potest.
1576 3804 1682 3862 Sed
1702 3822 1813 3863 non
1841 3805 1908 3863 de
1927 3822 2041 3862 om-

445 3898 610 3955 nibus
626 3896 927 3955 mendaciis
945 3897 1051 3955 hoc
1074 3897 1283 3955 dictum
1297 3914 1413 3955 esse
1433 3898 1741 3972 intelligere
1756 3898 2037 3968 debemus,

443 3989 587 4046 sicut
612 4005 714 4046 nec
744 3987 887 4045 illud
925 3988 993 4045 de
1035 3988 1294 4046 omnibus
1338 3989 1735 4062 peccatoribus,
1778 3988 1926 4064 quod
1980 3988 2039 4045 in

442 4080 651 4153 psalmo
673 4077 951 4136 tricesimo
972 4089 1127 4137 sexto
1145 4078 1391 4139 canitur:
1424 4103 1444 4128 ‹
1466 4080 1607 4149 Quia
1626 4090 1935 4153 peccatores
1950 4095 2037 4152 pe-

441 4169 631 4225 ribunt
658 4169 838 4236 (Psal.
871 4185 1073 4239 xxxvr,
1103 4168 1231 4241 20);
1265 4193 1283 4216 ι
1329 4177 1382 4226 et
1412 4169 1470 4225 in
1500 4169 1711 4242 psalmo
1740 4169 2038 4228 centesimo

438 4260 857 4334 quadragesimo
878 4268 1073 4334 quarto
1099 4281 1111 4319 :
1145 4287 1163 4309 ι
1185 4260 1439 4320 Custodit
1463 4261 1732 4318 Dominus
1747 4277 1937 4317 omnes
1957 4259 2037 4317 di-

439 4350 669 4422 ligentes
712 4366 792 4419 se,
839 4358 893 4406 et
939 4368 1131 4408 omnes
1177 4358 1492 4424 peccatores
1537 4350 1814 4424 disperdet
1858 4350 2032 4423 (Psat.

438 4461 624 4512 cxuv,
655 4444 771 4516 20).
801 4469 820 4492 ι
864 4444 921 4500 Si
950 4454 1260 4517 peccatores
1284 4447 1564 4519 peribunt,
1594 4454 1649 4503 et
1678 4462 1869 4503 omnes
1899 4462 2037 4518 pec-

2158 3263 2390 3326 quenter
2416 3273 2543 3313 cum
2563 3254 2880 3328 juramento
2910 3254 3268 3313 aiﬁrmamus.

2227 3352 2366 3410 Sunt
2393 3360 2448 3410 et
2475 3353 2658 3423 multi,
2693 3353 2789 3427 qui
2817 3359 2964 3427 gesta
3006 3352 3230 3410 Patrum
3278 3370 3399 3427 quae
3447 3348 3506 3410 in
3550 3350 3763 3413 divinis

2154 3443 2453 3516 Scripturis
2501 3452 2596 3500 aut
2641 3443 2912 3516 legerunt,
2961 3450 3057 3499 aut
3109 3442 3425 3513 audierunt,
3479 3459 3554 3499 ex
3610 3452 3763 3517 parte

2154 3534 2579 3602 obliviscentes;
2624 3549 2752 3591 cum
2797 3550 2861 3589 ea
2903 3533 3031 3590 aliis
3078 3549 3299 3590 narrare
3347 3532 3637 3606 coeperint,
3670 3541 3761 3590 aut

2153 3625 2404 3699 quaedam
2435 3623 2722 3681 mendacia
2750 3623 3154 3695 intermiscent,
3186 3630 3282 3679 aut
3317 3638 3388 3679 ex
3417 3623 3613 3680 multis
3640 3641 3759 3681 nar-

2152 3715 2460 3773 rationibus
2490 3732 2657 3772 unam
2688 3715 2866 3773 facere
2894 3724 3202 3774 conantur:
3231 3721 3285 3771 et
3313 3714 3459 3771 sicut
3485 3715 3584 3787 qui
3613 3724 3762 3773 stui-

2151 3821 2284 3862 num
2313 3821 2448 3861 auro
2478 3805 2565 3860 vel
2595 3813 2821 3878 argento
2844 3803 3133 3873 admiscet,
3163 3803 3420 3860 inutilem
3469 3807 3756 3862 materiam

2150 3899 2313 3968 facit;
2354 3898 2431 3956 ita
2456 3906 2511 3956 et
2540 3899 2632 3956 isti
2662 3916 2788 3957 cum
2818 3914 2889 3955 ex
2919 3897 3112 3957 multis
3139 3896 3559 3954 narrationibus
3589 3913 3758 3955 unam

2148 3990 2325 4047 facere
2352 3997 2625 4063 satagunt,
2656 3987 2973 4047 mentiendo
3017 3988 3275 4046 inutilem
3316 3986 3596 4055 reddunt;
3646 4003 3758 4045 me-

2148 4081 2257 4138 lius
2285 4088 2367 4138 est
2392 4081 2539 4138 enim
2580 4080 2760 4149 silere,
2792 4097 2954 4154 quam
2988 4088 3137 4153 gesta
3179 4087 3498 4136 sanctorum
3531 4076 3760 4135 menda-

2146 4171 2284 4229 citer
2335 4170 2600 4244 proferre.
2662 4169 2801 4227 Sunt
2852 4168 3020 4225 etiam
3074 4169 3239 4226 multi
3290 4167 3501 4225 divinis
3554 4167 3760 4224 litteris

2146 4259 2369 4329 eruditi,
2404 4259 2501 4333 qui
2541 4258 2745 4316 Judaais
2785 4260 2931 4317 ultra
2973 4275 3138 4333 quam
3185 4265 3401 4331 oportet
3442 4256 3753 4326 credentes,

2145 4350 2408 4424 quasdam
2457 4367 2649 4407 eorum
2694 4350 2907 4407 fabulas
2957 4348 3284 4406 vanissimas
3324 4346 3660 4420 suscipiunt;
3703 4354 3757 4403 et

2144 4441 2259 4496 suis
2284 4439 2680 4496 traditionibus
2698 4439 3056 4495 interserunt.
3078 4438 3294 4496 Scimus
3314 4436 3464 4493 enim
3485 4436 3751 4509 quoniam

436 4542 647 4592 catores
675 4535 974 4607 disperdet,
1007 4545 1059 4593 et
1088 4554 1278 4593 omnes
1298 4554 1488 4593 sumus
1512 4545 1821 4609 peccatores
1840 4553 2028 4594 secun-
2058 4526 2114 4589 D
2141 4531 2314 4588 Judaei
2346 4532 2534 4587 omnia
2563 4548 2683 4605 quae
2722 4530 2789 4588 de
2837 4529 3058 4588 Christo
3087 4529 3147 4585 in
3176 4528 3348 4586 veteri
3393 4527 3754 4584 Testamento

436 4624 570 4681 dum
601 4625 811 4683 dictum
842 4624 1005 4682 istius
1023 4626 1281 4683 Joannis:
1319 4652 1339 4675 ι
1361 4627 1419 4683 Si
1439 4627 1744 4685 dixerimus
1764 4629 1892 4702 quia
1912 4644 2032 4701 pec-

435 4727 618 4776 catum
652 4735 766 4775 non
797 4718 1086 4790 habemus,
1134 4736 1236 4777 nos
1285 4721 1432 4795 ipsos
1466 4723 1797 4793 seducimus,
1830 4730 1884 4779 et
1925 4739 2033 4779 ve-

435 4808 569 4864 ritas
598 4807 655 4863 in
686 4808 846 4866 nobis
874 4826 986 4867 non
1017 4818 1098 4867 est
1138 4812 1196 4883 (Ι
1219 4812 1375 4869 Joan.
1411 4831 1451 4879 ι,
1478 4814 1536 4887 8)
1563 4832 1577 4883 ;
1628 4838 1646 4862 ι
1685 4829 1814 4887 ergo
1842 4826 2033 4869 omnes

434 4897 758 4969 peribimus.
812 4899 917 4957 Sed
957 4917 1069 4957 non
1104 4900 1209 4959 hoc
1246 4903 1312 4960 de
1352 4903 1609 4960 omnibus
1657 4903 2032 4978 peccatoribus

432 4991 646 5049 dictum
677 5010 793 5051 esse
823 4994 1134 5069 intelligere
1162 4995 1444 5067 debemus,
1491 5000 1585 5056 sed
1632 5000 1697 5056 de
1736 5001 1851 5057 illis
1895 5009 2029 5058 tan-

432 5082 721 5139 tummodo
749 5082 844 5155 qui
877 5082 933 5137 in
964 5085 1222 5156 gravibus
1248 5088 1485 5159 peccatis
1524 5089 1841 5162 semetipsos
1880 5108 2030 5163 pras-

429 5170 741 5244 cipitantes,
779 5173 980 5229 nolunt
1009 5190 1165 5247 agere
1209 5176 1588 5249 paenitentiam
1641 5178 1708 5234 de
1753 5178 2030 5252 iniquita-

427 5258 578 5316 tibus
606 5260 741 5318 suis.
770 5261 1038 5320 Similiter
1066 5270 1122 5319 et
1147 5262 1240 5320 hic
1267 5282 1380 5320 non
1405 5265 1474 5321 de
1494 5265 1752 5322 omnibus
1786 5268 2027 5326 menda-

425 5349 584 5407 cibus
610 5351 822 5409 dictum
849 5369 963 5409 esse
1007 5353 1315 5427 intelligere
1357 5355 1652 5425 debemus;
1703 5366 1832 5414 sunt
1877 5359 2026 5416 enim

2143 4620 2528 4690 inveniuntur,
2556 4620 2615 4677 in
2653 4637 2850 4693 pravos
2884 4635 3074 4676 sensus
3106 4627 3418 4691 pervertere
3445 4616 3748 4685 nituntur;

2141 4718 2204 4765 ut
2275 4710 2504 4782 gloriam
2581 4708 2825 4766 nominis
2898 4707 3109 4766 Christi
3160 4706 3314 4781 apud
3385 4722 3750 4779 quoscunque

2140 4813 2387 4876 possunt,
2461 4803 2817 4876 exstinguant
2876 4820 2888 4859 :
2957 4812 3010 4860 et
3085 4818 3197 4858 non
3253 4802 3433 4857 solum
3509 4799 3749 4873 prophe-

2144 4892 2243 4950 tias
2293 4892 2360 4948 de
2416 4892 2635 4951 Christo
2675 4901 2952 4961 evertunt,
2994 4891 3089 4948 sed
3134 4901 3187 4947 et
3235 4891 3295 4946 in
3337 4890 3549 4948 caeteris
3607 4889 3748 4947 locis

2139 4982 2341 5038 multas
2397 4984 2723 5040 vanissimas
2776 4992 2829 5040 et
2884 4980 3308 5041 absurdissimas
3365 4980 3581 5036 fabulas
3621 4980 3743 5051 (81)

2139 5075 2517 5148 interponunt.
2557 5074 2727 5133 Miror
2773 5092 2901 5149 ergo
2947 5091 3047 5133 cur
3092 5072 3337 5130 inimicis
3366 5071 3596 5141 Christi,
3627 5088 3747 5127 om-

2138 5167 2333 5242 nisque
2360 5168 2645 5241 religionis
2676 5175 2876 5225 nostraa
2906 5168 3151 5225 creditur
3174 5187 3188 5238 ;
3224 5176 3319 5224 aut
3347 5165 3416 5223 ab
3445 5166 3526 5222 eis
3554 5165 3744 5238 aliqua

2136 5258 2534 5332 suscipiuntur,
2548 5260 2658 5318 nisi
2676 5259 3061 5317 tantummodo
3076 5275 3139 5315 ea
3158 5275 3280 5332 quae
3294 5258 3363 5315 ab
3383 5256 3630 5329 antiquis
3644 5255 3743 5311 Pa-

2136 5348 2317 5407 tribus
2344 5351 2571 5423 probata
2598 5367 2715 5408 esse
2744 5354 2890 5415 577
2919 5349 3340 5424 dignoscuntur.
3391 5346 3500 5420 Ipsi
3533 5346 3741 5419 quippe

428 5439 713 5498 mendacia
748 5458 869 5515 quae
916 5441 1062 5499 inter
1114 5443 1259 5499 levia
1314 5452 1533 5517 peccata
1582 5444 1938 5519 deputantur,
1995 5464 2027 5506 a
2133 5457 2351 5523 patrem
2380 5449 2584 5508 habent
2612 5449 2918 5523 diabolum,
2949 5449 3045 5525 qui
3073 5449 3133 5508 in
3163 5446 3393 5506 veritate
3417 5459 3529 5502 non
3557 5443 3742 5517 stetit,

502 5634 619 5709 (81)
651 5637 828 5710 Edit.,
850 5648 904 5698 et
924 5639 1319 5702 obscurissimas
1337 5640 1553 5717 fabulas
1572 5661 1595 5712 ;
1624 5662 1780 5715 mss.,
1798 5652 1845 5706 et
1861 5646 2267 5709 absurdissima:
2295 5648 2531 5725 fabulas.
