4060 6208
322 289 459 346 1029

1207 288 1665 346 BERENGAUDI
1702 288 2076 347 EXPOSITIO
2118 291 2187 348 IN
2228 290 2733 351 APOCALYPSIN.

3487 300 3622 357 1030

319 415 448 486 quia
479 411 714 468 mendax
744 417 827 468 est
857 414 992 484 ipse,
1027 419 1082 467 et
1115 420 1268 485 pater
1291 413 1408 485 ejus
1440 413 1622 485 (Joan.
1654 432 1775 482 vm,
1799 413 1913 484 44);
1947 419 1995 476 Α
2030 415 2245 469 Talium
2294 415 2475 487 itaque
2534 416 2942 472 mendaciorum
3005 419 3229 476 macula:
3280 437 3311 476 a
3356 420 3624 478 charitate

320 513 374 559 et
403 518 759 576 quoscunque
785 500 1043 557 diabolus
1072 501 1335 574 possidet,
1369 503 1661 560 mendaces
1693 502 1845 560 facit.

389 614 540 687 Saepe
587 622 642 670 et
682 614 882 670 timore
931 614 1270 683 mentimur;
1323 631 1450 671 nam
1480 632 1605 672 cum
1636 614 1921 681 timemus,

320 719 388 760 ne
408 721 441 760 a
468 702 873 777 potentioribus
888 704 1087 778 aliquae
1108 705 1375 762 molestiae
1397 704 1558 761 nobis
1578 704 1921 777 ingerantur,

323 792 624 866 aliquando
663 792 948 849 mendacia
995 795 1390 867 excogitamus,
1440 812 1538 867 per
1566 811 1685 867 quae
1716 793 1926 849 libere-

320 898 464 938 mur.
499 882 602 940 Sed
653 891 705 938 et
752 883 990 939 viatores
1041 885 1291 957 quaedam
1344 883 1627 939 mendacia
1674 882 1924 938 invenire

324 972 527 1039 solent,
560 979 621 1027 ut
649 987 679 1026 a
710 972 1020 1029 latronibus
1046 973 1373 1030 liberentur.
1407 972 1677 1030 Similiter
1696 980 1750 1027 et
1779 971 1922 1027 servi

320 1067 377 1115 et
406 1060 560 1132 pueri
593 1060 776 1133 aliqua
807 1062 1091 1118 mendacia
1131 1063 1463 1136 interpolare
1492 1062 1689 1127 solent,
1722 1076 1791 1115 ne
1819 1077 1924 1116 va-

320 1150 534 1221 pulent.
570 1150 709 1205 Sunt
741 1151 905 1206 etiam
939 1151 1099 1208 multi
1142 1152 1238 1224 qui
1268 1151 1326 1207 in
1359 1150 1636 1207 extraneis
1664 1149 1802 1205 locis
1831 1166 1925 1221 po-

322 1235 439 1305 siti,
472 1236 727 1309 egestatis
773 1245 867 1293 aut
913 1237 1150 1310 alicujus
1200 1236 1544 1294 necessitatis
1572 1253 1733 1294 causa
1762 1253 1926 1292 men-

322 1324 541 1381 tiuntur
563 1344 578 1394 ;
613 1335 674 1382 ut
712 1326 943 1396 victum,
988 1337 1082 1384 aut
1110 1328 1294 1403 aliqua
1332 1327 1578 1400 corporis
1620 1325 1927 1393 necessaria

324 1412 430 1468 sibi
462 1420 769 1487 acquirant.
818 1416 970 1488 Saepe
1018 1424 1071 1473 et
1101 1433 1203 1473 nos
1230 1432 1414 1472 amore
1452 1423 1617 1488 atque
1645 1415 1727 1471 ira
1760 1432 1926 1471 men-

322 1498 512 1570 timur,
546 1502 831 1561 laudantes
878 1520 970 1561 eos
1001 1522 1137 1579 quos
1180 1505 1464 1579 diligimus
1493 1506 1639 1561 ultra
1676 1504 1923 1572 modum,

325 1597 380 1645 et
407 1588 785 1662 vituperantes
813 1608 905 1649 eos
942 1593 1144 1667 quibus
1178 1594 1309 1650 irati
1346 1610 1557 1662 sumus,
1608 1594 1732 1666 plus
1761 1608 1925 1667 quam

325 1685 577 1751 oportet:
630 1680 726 1737 sed
783 1680 890 1738 ista
946 1682 1198 1754 graviora
1258 1682 1399 1738 mihi
1452 1682 1713 1741 videntur
1759 1698 1922 1756 quam

326 1768 631 1839 superiora.
664 1768 805 1825 Sunt
833 1769 941 1826 alia
978 1770 1265 1828 mendacia
1294 1771 1670 1845 superioribus
1698 1772 1924 1841 similia,

322 1869 443 1929 quze
464 1857 688 1931 longum
716 1867 797 1914 est
817 1859 1073 1932 prosequi
1101 1879 1114 1928 ;
1149 1860 1207 1916 in
1229 1860 1365 1916 talia
1384 1876 1621 1934 namque
1643 1859 1929 1917 mendacia

326 1961 437 2001 non
487 1947 667 2002 solum
715 1946 932 2019 injusti,
985 1948 1079 2005 sed
1126 1956 1180 2005 et
1206 1947 1346 2020 justi
1396 1966 1539 2021 saepe
1578 1948 1924 2006 dilabuntur.

324 2039 398 2096 Et
426 2047 648 2112 propter
693 2037 799 2094 hoc
845 2038 1068 2095 videtur
1114 2038 1255 2094 mihi
1284 2038 1631 2096 Psalmistam
1678 2038 1925 2096 dixisse:

338 2155 356 2177 ι
390 2129 586 2187 Omnis
614 2128 781 2185 homo
812 2128 1048 2185 mendax
1081 2128 1254 2201 (Psal.
1289 2145 1419 2198 cxv,
1456 2129 1568 2201 11).
1610 2152 1629 2176 ι

395 2238 495 2293 Est
534 2245 589 2294 et
616 2235 769 2292 aliud
808 2252 978 2309 genus
1008 2236 1304 2307 mendacii,
1336 2236 1484 2310 quod
1528 2236 1734 2309 absque
1769 2234 1931 2308 culpa

327 2327 628 2400 videretur,
676 2325 787 2382 nisi
833 2326 1115 2399 Scriptura
1142 2327 1369 2395 diceret,
1401 2326 1530 2400 quia
1558 2341 1723 2382 omne
1765 2341 1931 2380 men-

326 2416 548 2474 dacium
597 2433 629 2472 a
668 2417 814 2472 malo
843 2423 927 2472 est
971 2418 1154 2488 (Joan.
1204 2434 1265 2488 u,
1315 2417 1432 2488 21),
1475 2433 1546 2472 ex
1593 2431 1702 2489 quo
1748 2414 1933 2489 aliqua

329 2506 388 2562 in
418 2506 629 2562 divinis
668 2505 967 2578 Scripturis
1014 2505 1391 2562 invenientur.
1436 2507 1500 2561 In
1545 2503 1769 2561 Genessi
1811 2503 1928 2576 (82)

331 2611 570 2668 namque
599 2595 867 2668 scriptum
915 2601 998 2651 est
1041 2594 1187 2669 quod
1234 2593 1553 2668 praeceperit
1594 2593 1807 2650 Pharao
1837 2593 1929 2649 ob-

329 2684 651 2741 stetricibus
690 2683 1068 2754 Hebraeorum,
1120 2693 1182 2742 ut
1222 2684 1496 2741 masculos
1534 2681 1928 2752 interﬁcerent,

332 2781 386 2832 et
416 2776 650 2831 feminas
678 2785 1022 2833 reservarent
1068 2776 1275 2849 (Exod.
1318 2793 1358 2844 ι,
1392 2775 1500 2847 16)
1534 2792 1544 2830 ;
1580 2773 1675 2831 sed
1711 2774 1820 2830 illa;
1852 2773 1932 2830 ti—

333 2874 544 2922 mentes
596 2867 794 2936 Deum,
844 2866 1244 2925 conservabant
1294 2882 1490 2922 mares.
1541 2866 1647 2921 Pro
1696 2882 1803 2938 qua
1850 2880 1930 2931 re,

328 2980 458 3020 cum
518 2980 549 3019 a
600 2962 883 3019 Pharaone
960 2963 1398 3034 increparentur,
1465 2959 1728 3015 dixerunt
1784 2957 1932 3031 quod

328 3070 517 3111 omnes
579 3054 820 3111 Hebraeae
893 3052 1152 3108 mulieres
1217 3050 1611 3107 obstetricandi
1667 3049 1933 3105 haberent

2029 521 2098 562 ex
2127 522 2235 578 qua
2264 505 2589 578 procedunt,
2624 507 2914 576 delentur;
2948 510 3078 582 quia
3120 537 3138 559 ι
3166 512 3408 571 cbaritas
3447 516 3625 588 operit

2031 595 2450 652 multitudinem
2473 604 2823 670 peccatorum
2853 599 2911 671 (Ι
2935 601 3081 657 Petr.
3112 618 3190 669 1v,
3221 603 3303 675 8).
3344 630 3361 653 ι

2101 687 2260 743 Nunc
2306 687 2373 744 de
2420 689 2764 761 gravioribus
2820 692 3121 749 mendaciis
3165 694 3447 766 dicamus;
3497 706 3629 754 sunt

2033 792 2269 851 namque
2297 778 2643 835 inﬁdelitatis
2672 780 2977 850 mendacia,
3011 790 3141 838 sunt
3160 791 3215 839 et
3247 782 3626 857 blasphemiae,

2032 876 2161 923 sunt
2189 875 2243 923 et
2263 868 2370 923 alia
2397 885 2516 941 quae
2537 886 2605 924 ex
2629 870 2758 925 odio
2785 871 3109 943 procedunt,
3132 874 3241 929 alia
3267 890 3387 946 quia
3415 875 3630 931 invidia

2033 967 2272 1030 generat,
2306 961 2414 1016 alia
2451 977 2571 1033 quae
2601 963 2852 1032 avaritia,
2894 966 3003 1020 alia
3049 982 3170 1038 quae
3230 984 3371 1023 vana
3412 969 3625 1041 gloria;

2033 1048 2240 1104 habent
2270 1050 2639 1107 nihilominus
2665 1060 2859 1109 caetera
2888 1054 3028 1110 vitia
3058 1056 3343 1131 mendacia
3368 1057 3473 1113 sibi
3503 1074 3631 1114 con-

2033 1137 2334 1194 venientia.
2388 1139 2644 1197 Iuﬁdeles
2706 1142 2911 1215 quippe
2966 1144 3141 1200 Judaei
3201 1155 3368 1219 atque
3419 1146 3630 1205 ethnici

2032 1227 2238 1283 habent
2258 1229 2498 1300 plurima
2530 1230 2818 1289 mendacia
2847 1251 2862 1300 ;
2897 1250 3022 1290 nam
3053 1244 3283 1307 excepto
3296 1235 3444 1309 quod
3473 1236 3628 1294 Chri-

2035 1324 2180 1371 stum
2212 1327 2411 1390 negant
2432 1320 2646 1376 venisse
2674 1321 2733 1376 in
2763 1338 2943 1391 carne,
2992 1322 3199 1380 habent
3237 1326 3441 1382 multos
3470 1343 3632 1383 erro-

2036 1424 2142 1475 res,
2182 1409 2385 1482 quibus
2414 1409 2628 1482 decepti
2660 1420 2910 1484 pereuut.
2942 1412 3082 1469 Sunt
3100 1421 3155 1469 et
3174 1414 3461 1471 mendacia
3489 1414 3631 1471 blas-

2035 1496 2404 1568 phemiarum,
2435 1500 2635 1574 quibus
2682 1501 2850 1559 iidem
2880 1503 3056 1560 Judzei
3084 1511 3247 1577 atque
3280 1505 3498 1578 pagani,
3531 1522 3632 1563 nec

2034 1600 2146 1641 non
2173 1594 2227 1642 et
2256 1585 2502 1644 haeretici
2532 1590 2705 1647 Deum
2736 1600 2788 1647 et
2813 1592 3116 1649 Ecclesiam
3164 1593 3303 1664 ejus,
3335 1593 3631 1666 omniaque

2032 1673 2226 1733 divina
2282 1678 2545 1750 mysteria
2596 1680 2788 1737 multis
2832 1681 3012 1738 modis
3043 1682 3446 1755 blasphemant.
3493 1683 3634 1739 Sunt

1954 1774 1999 1834 Β
2033 1766 2197 1822 etiam
2246 1767 2531 1827 mendacia
2602 1786 2723 1843 quae
2789 1788 2858 1826 ex
2920 1772 3048 1828 odio
3113 1773 3446 1847 procedunt;
3504 1789 3631 1829 nam

2036 1859 2294 1915 nonnulli
2352 1876 2451 1933 pro
2503 1877 2567 1918 eo
2600 1862 2747 1934 quod
2801 1862 2992 1919 odium
3045 1864 3106 1919 in
3158 1864 3418 1921 cordibus
3443 1875 3634 1923 contra

2038 1948 2323 2018 proximos
2353 1958 2586 2021 gestant,
2626 1950 2763 2008 falsa
2807 1951 3045 2008 crimina
3081 1953 3159 2009 eis
3202 1953 3528 2015 innectunt:
3578 1964 3633 2013 et

2039 2052 2176 2111 quos
2200 2056 2312 2096 non
2341 2052 2572 2113 possunt
2611 2043 2793 2116 gladio
2824 2044 3153 2115 interﬁcere,
3184 2047 3338 2103 falsis
3374 2048 3633 2105 crimina-

2038 2128 2289 2185 tionibus
2322 2130 2378 2185 in
2407 2130 2673 2189 damnum
2729 2150 3010 2205 magnum,
3067 2152 3210 2208 saepe
3259 2137 3424 2193 etiam
3473 2145 3528 2195 et
3575 2137 3633 2194 in

2038 2226 2273 2275 mortem
2328 2221 2691 2292 praecipitant.
2740 2222 2880 2279 Sunt
2922 2233 2976 2280 et
3021 2224 3128 2281 alia
3193 2225 3479 2284 mendacia
3510 2242 3633 2299 qure

2038 2307 2183 2378 parit
2205 2308 2418 2366 invidia
2447 2330 2464 2378 ;
2493 2309 2760 2368 invidiosi
2788 2311 2988 2385 quippe
3028 2329 3153 2370 cum
3188 2314 3382 2371 vident
3416 2316 3635 2390 aliquos

2039 2404 2132 2452 aut
2160 2397 2524 2470 dignitatibus
2552 2401 2761 2471 saeculi,
2791 2411 2885 2459 aut
2913 2403 3202 2476 sapientia,
3235 2415 3329 2463 aut
3352 2406 3634 2480 aliquibus

2039 2486 2249 2544 artibus
2303 2491 2643 2562 praeponere,
2712 2508 2804 2547 eos
2858 2491 3135 2565 despicere
3191 2501 3246 2550 et
3299 2495 3635 2554 subsannare

2040 2593 2152 2632 non
2204 2587 2437 2648 cessant,
2497 2597 2662 2654 seque
2716 2581 2864 2654 ipsos
2913 2582 3029 2639 illis
3076 2583 3375 2655 praeferre;
3433 2594 3495 2641 ut
3528 2587 3633 2659 ipsi

2039 2666 2301 2724 clariores
2338 2670 2484 2740 apud
2532 2686 2624 2726 eos
2680 2670 2775 2744 qui
2806 2687 2996 2727 eorum
3031 2672 3333 2729 mendaciis
3379 2674 3631 2745 credunt,

2040 2754 2353 2825 videantur,
2382 2773 2545 2829 quam
2579 2758 2661 2814 illi
2709 2775 2845 2832 quos
2894 2760 3224 2832 despiciunt.
3258 2761 3396 2819 Sunt
3447 2772 3501 2821 et
3529 2764 3635 2831 (le-

2040 2845 2265 2903 risionis
2286 2847 2588 2918 mendacia,
2612 2863 2731 2924 quae
2750 2851 2966 2924 proprie
2994 2851 3064 2908 ad
3080 2850 3301 2909 invidos
3321 2854 3627 2927 pertinent;

2040 2935 2294 2993 derident
2329 2954 2563 3012 namque
2592 2956 2807 3013 semper
2838 2941 3014 2999 invidi
3067 2943 3210 2999 facta
3240 2944 3553 3014 meliorum,
3582 2956 3636 3005 et

2040 3026 2241 3100 quibus
2300 3030 2572 3102 coaequari
2628 3048 2740 3088 non
2795 3040 3045 3105 possunt,
3104 3050 3294 3090 eorum
3342 3045 3498 3093 actus
3520 3037 3635 3094 suis

337 3144 646 3211 scientiam,
716 3143 941 3213 illisque
983 3139 1376 3207 nescientibus,
1420 3146 1691 3211 parerent.
1739 3139 1933 3195 Nonne
1964 3136 2009 3197 Ο
2044 3116 2348 3213 mendaciis
2386 3119 2710 3213 οδηιῲὓδιξθ
2745 3129 3032 3213 fluaan
3090 3123 3233 3181 sum
3258 3126 3405 3183 enim
3447 3127 3631 3200 multi,

329 3233 529 3289 melius
556 3232 665 3299 fuit
692 3230 1015 3287 mentiendo
1057 3247 1256 3302 pueros
1284 3245 1585 3299 reservare,
1610 3246 1771 3301 quam
1803 3245 1932 3286 vera

329 3322 563 3381 dicendo
591 3329 675 3379 tot
703 3319 1008 3376 homicidia
1041 3326 1353 3392 perpetrare
1378 3320 1498 3377 ‘i’ln
1527 3320 1691 3376 Josue
1713 3335 1930 3393 quoque

331 3412 596 3483 scriptum
628 3417 711 3465 est
738 3408 886 3481 quod
915 3407 1130 3464 miserit
1157 3408 1297 3466 duos
1325 3408 1698 3481 exploratores
1727 3407 1796 3463 ad
1823 3424 1931 3464 ex-

331 3500 655 3573 plorandam
694 3499 913 3558 Iericho
944 3500 1124 3573 (Iosue
1150 3518 1214 3569 ιι,
1244 3500 1444 3571 seqq.);
1504 3507 1560 3556 at
1587 3500 1672 3555 illi
1702 3498 1931 3572 ingressi

334 3603 464 3651 sunt
505 3595 734 3651 domum
774 3593 1059 3666 cujusdam
1105 3593 1430 3663 meretricis,
1488 3593 1713 3649 nomine
1742 3592 1931 3650 Bahab

333 3700 454 3758 quae
482 3683 773 3740 abscondit
800 3700 893 3740 eos
935 3684 992 3738 in
1022 3682 1383 3741 interioribus
1428 3682 1626 3740 domus
1662 3698 1794 3751 suae,
1826 3698 1932 3738 ve-

332 3772 728 3846 nientibusque
756 3770 1202 3845 persecutoribus
1235 3788 1426 3829 eorum
1455 3770 1603 3828 dixit
1630 3770 1778 3844 quod
1803 3787 1929 3827 cum

333 3871 494 3937 porta
521 3862 889 3931 clauderetur,
932 3863 990 3918 in
1019 3862 1261 3919 tenebris
1287 3862 1630 3935 aufugissent
1657 3862 1837 3933 (Iosue
1866 3878 1927 3929 Π,

336 3952 489 4024 1-5).
522 3951 705 4024 Atque
731 3968 832 4024 pro
860 3951 968 4008 hoc
995 3950 1285 4008 mendacio
1313 3968 1351 4007 ai
1378 3951 1821 4024 persecutoribus
1839 3966 1931 4006 eos

332 4039 593 4108 liberans,
624 4039 743 4111 ipsa
790 4055 916 4095 cum
964 4046 1079 4095 tota
1125 4039 1452 4111 cognatione
1511 4055 1610 4095 sua
1653 4055 1685 4094 a
1737 4038 1932 4095 mortis

332 4132 577 4205 periculo
606 4131 838 4187 liberata
861 4138 960 4187 est.
992 4131 1064 4188 Et
1091 4147 1189 4202 pro
1220 4130 1327 4187 hoc
1353 4130 1498 4187 facto
1528 4145 1561 4184 a
1585 4128 1744 4186 beato
1764 4128 1933 4185 Paulo

332 4222 581 4293 apostolo
636 4220 697 4276 iu
752 4220 1003 4293 Epistola
1054 4219 1123 4276 ad
1178 4218 1436 4275 Hebraeos
1494 4217 1798 4293 laudatur;
1856 4217 1934 4273 ait

335 4311 522 4367 enim:
598 4335 617 4360 ι
675 4309 810 4366 Fide
862 4308 1052 4366 Bahab
1108 4307 1373 4365 meretrix
1422 4324 1535 4363 non
1594 4306 1759 4380 periit
1808 4324 1933 4364 cum

336 4399 552 4457 caeteris
577 4397 902 4467 incredulis,
929 4397 1212 4470 excipiens
1237 4397 1613 4468 exploratores
1650 4413 1776 4453 cum
1807 4411 1936 4468 pace

2044 3206 2139 3278 qui
2170 3224 2260 3264 eos
2303 3224 2439 3281 quos
2497 3208 2625 3266 odio
2672 3210 2898 3281 habent,
2956 3219 3050 3269 aut
3103 3213 3305 3286 quibus
3354 3214 3630 3287 invident,

2044 3302 2311 3376 ﬁngentes
2341 3323 2397 3362 se
2447 3324 2563 3364 esse
2609 3309 2834 3377 amicos,
2884 3309 2999 3366 suis
3025 3311 3242 3368 callidis
3288 3313 3638 3373 suasionibus

2043 3393 2111 3448 ad
2136 3394 2383 3466 quaedam
2409 3395 2639 3470 {ﬂagitia
2689 3398 3052 3471 perpetranda
3093 3400 3420 3472 pertrahunt
3453 3420 3466 3458 :
3505 3420 3643 3476 quos

2043 3498 2169 3539 cum
2200 3484 2261 3540 in
2295 3485 2518 3558 aliquod
2540 3487 2718 3545 scelus
2736 3488 2913 3544 veluti
2934 3488 2993 3543 in
3022 3488 3239 3545 foveam
3261 3491 3640 3564 praecipitave-

2043 3567 2177 3636 rint,
2210 3577 2402 3626 contra
2428 3587 2520 3628 eos
2549 3572 2695 3629 versi
2742 3574 2984 3631 atrocius
3018 3591 3181 3648 quam
3234 3576 3416 3634 caeteri
3448 3594 3641 3650 perse-
3740 3606 3744 3611 ·

2043 3666 2289 3729 quuntur
2310 3679 2325 3728 ;
2386 3668 2441 3717 et
2487 3662 2581 3735 qui
2625 3662 2958 3720 videbantur
3005 3665 3191 3732 amici,
3240 3667 3389 3740 quod
3432 3667 3644 3727 fuerint

2043 3748 2270 3818 pessimi
2318 3749 2534 3807 inimici
2582 3754 3030 3826 comprobantur.
3084 3754 3259 3811 Habet
3305 3764 3361 3813 et
3410 3758 3645 3816 avaritia

2043 3838 2329 3896 mendacia
2346 3857 2463 3897 sua.
2484 3840 2659 3908 Quam
2688 3844 2852 3900 multi
2877 3844 3078 3917 quippe
3107 3854 3259 3916 sunt,
3288 3848 3385 3920 qui
3421 3857 3645 3922 propter

2044 3926 2280 3982 aliorum
2316 3929 2678 3987 substantiam
2710 3932 3013 3990 tollendam
3044 3936 3246 3992 multas
3300 3935 3546 3994 fallacias
3583 3942 3645 3993 et

2045 4014 2290 4073 diversas
2335 4019 2773 4077 machinationes
2816 4033 3192 4095 componunt;
3245 4032 3308 4080 ut
3367 4026 3493 4081 aliis
3539 4042 3647 4080 au-

2044 4104 2222 4161 ferant
2250 4105 2396 4162 unde
2421 4108 2667 4165 avaritiae
2700 4126 2811 4166 suae
2841 4109 3122 4180 barathro,
3154 4110 3302 4184 quod
3334 4111 3647 4167 insatiabile

2046 4202 2147 4263 est,
2191 4195 2597 4269 aliquantulum
2656 4199 3037 4256 satisfaciant!
3092 4200 3231 4255 Sunt
3279 4199 3444 4256 etiam
3477 4200 3645 4257 multi

2049 4284 2146 4356 qui
2174 4301 2273 4357 pro
2303 4286 2655 4357 praemiorum
2692 4288 3103 4360 acceptionibus
3145 4287 3270 4344 falsi
3316 4296 3481 4345 testes
3519 4305 3648 4346 con-

2050 4381 2134 4429 tra
2189 4376 2475 4447 proximos
2514 4394 2665 4433 suos
2692 4378 3028 4447 eiiiciuntur,
3083 4385 3137 4434 et
3185 4394 3279 4434 eos
3327 4378 3648 4435 mentiendo

338 4490 523 4561 (Hebr.
558 4506 637 4557 Π,
663 4488 778 4561 31)⁶
810 4512 829 4536 ,
866 4464 929 4544 Ϊη
954 4464 1160 4560 Rem
1178 4464 1343 4543 etiam}
1359 4486 1644 4542 volumine
1671 4464 1936 4559 scrip’tum
1969 4505 2018 4564 Β
2049 4472 2143 4564 aut
2170 4465 2229 4519 in
2259 4464 2565 4564 servitium.
2591 4466 2955 4540 praecipitant,
3001 4474 3096 4524 aut
3125 4464 3648 4564 haereditatem.sive

337 4584 420 4633 est
449 4576 598 4650 quod
645 4576 825 4633 David
867 4576 1086 4649 fugiens
1117 4575 1361 4633 Absalon
1391 4575 1570 4630 ﬁlium
1599 4591 1782 4643 suum,
1824 4575 1942 4631 mi-

337 4662 472 4721 serit
522 4666 856 4729 Jerusalem;
871 4666 1009 4722 duos
1038 4666 1414 4739 exploratores
1460 4664 1528 4721 ad
1571 4663 1938 4736 explorandos

336 4767 491 4817 actus
529 4758 775 4831 ejusdem
820 4759 923 4816 ﬁlii
970 4760 1056 4817 sui
1089 4762 1179 4833 (II
1218 4762 1343 4832 Reg.
1374 4777 1472 4828 xv,
1522 4756 1748 4830 32-36).
1780 4758 1939 4826 Quod

338 4864 464 4905 cum
495 4847 738 4905 audisset
779 4848 1042 4917 Absalon,
1089 4849 1241 4905 misit
1272 4849 1368 4922 qui
1414 4865 1507 4905 eos
1549 4855 1805 4921 caperent
1838 4866 1850 4905 :
1883 4856 1941 4903 at

340 4936 425 4993 illi
452 4936 743 5009 fugientes,
789 4937 1020 5009 ingressi
1067 4944 1196 4993 sunt
1237 4937 1464 4993 domum
1491 4937 1777 5010 cujusdam
1809 4937 1938 5007 viri,

342 5024 503 5097 cujus
531 5043 675 5082 uxor
721 5024 1011 5082 abscondit
1058 5041 1151 5081 eos
1195 5025 1252 5080 in
1294 5034 1479 5097 puteo,
1513 5042 1674 5098 quem
1705 5026 1941 5084 habebat

339 5116 401 5173 in
432 5117 730 5186 vestibulo,
763 5116 942 5191 posito
989 5116 1221 5189 desuper
1249 5115 1611 5189 operimento.
1643 5117 1942 5174 Venienti—

340 5207 447 5265 bus
492 5224 625 5265 vero
672 5208 1112 5281 persecutoribus
1141 5224 1355 5277 eorum,
1401 5224 1600 5280 eosque
1648 5210 1943 5281 requiren—

342 5300 513 5369 tibus,
549 5300 647 5356 illa
684 5300 970 5373 respondit
996 5318 1007 5356 :
1066 5323 1085 5347 ι
1112 5298 1488 5357 Transierunt
1518 5306 1729 5371 gustata
1756 5299 1943 5371 paulu-

343 5390 461 5447 lum
489 5405 632 5463 aqua
659 5390 748 5462 (II
763 5391 889 5461 Reg.
914 5406 1059 5456 xvn,
1089 5388 1205 5461 20).
1237 5413 1255 5436 ι
1285 5388 1491 5447 Verum
1514 5387 1683 5460 igitur
1708 5386 1942 5444 dicendo

345 5494 440 5537 eos
484 5478 754 5553 potuisset
809 5478 1055 5553 perdere,
1115 5494 1255 5551 quos
1311 5476 1630 5534 mentiendo
1676 5477 1937 5535 servavit.

419 5605 538 5680 (82)
570 5606 719 5680 Edit,
752 5604 883 5663 Gil].
930 5606 990 5680 in
1033 5622 1204 5679 marg.
1254 5622 1319 5663 ac
1356 5606 1513 5663 Rom.
1538 5606 1619 5680 gin
1650 5622 1836 5680 corp,
1877 5606 1943 5663 In

346 5677 538 5738 Exodo
564 5697 576 5738 :
611 5678 743 5738 Gil].
775 5694 906 5738 vero
935 5678 995 5737 in
1023 5677 1176 5753 corp.
1207 5694 1335 5738 cum
1364 5694 1496 5737 mss.
1529 5678 1596 5737 In
1630 5677 1833 5736 Gmsi.

2052 4553 2416 4613 substantiam
2465 4555 2745 4626 auferunt,
2795 4573 2938 4630 saepe
2970 4573 3102 4613 vero
3136 4564 3189 4614 et
3227 4566 3461 4615 mortem
3511 4556 3646 4616 infe-

2051 4653 2187 4701 runt
2217 4644 2357 4718 (83).

2120 4742 2259 4799 Sunt
2288 4744 2397 4800 alia
2426 4740 2733 4814 mendacia,
2754 4761 2874 4818 quae
2903 4743 3137 4817 gignunt
3164 4760 3362 4801 vanam
3381 4745 3645 4818 gloriam;

2048 4839 2180 4887 sunt
2234 4833 2381 4889 enim
2440 4834 2604 4891 multi
2657 4851 2811 4890 vanae
2861 4834 3048 4907 gloria:
3092 4842 3382 4904 amatores,
3434 4835 3530 4909 qui
3588 4841 3652 4891 ut

2050 4922 2234 4994 magni
2282 4930 2335 4979 et
2366 4924 2568 4996 egregii
2598 4923 2665 4979 ab
2722 4923 3042 4981 hominibus
3097 4923 3423 4993 habeantur,
3453 4923 3651 4981 dicunt

2049 5028 2107 5069 se
2136 5030 2330 5086 magna
2360 5015 2608 5087 quaedam
2653 5014 2869 5083 fecisse,
2920 5031 3040 5090 quae
3086 5031 3199 5071 non
3251 5014 3520 5089 fecerunt,
3556 5021 3651 5070 aut

2050 5123 2206 5180 posse
2258 5108 2404 5182 quod
2433 5125 2545 5165 non
2594 5117 2843 5181 possunt,
2893 5119 2988 5167 aut
3038 5107 3317 5183 possidere
3361 5105 3507 5180 quod
3536 5120 3651 5161 non

2055 5197 2359 5271 possident,
2388 5208 2483 5256 aut
2510 5216 2696 5273 sapere
2727 5200 2875 5273 quod
2904 5218 3015 5256 non
3045 5201 3268 5274 sapiunt
3307 5218 3322 5266 ;
3353 5204 3415 5253 ut
3450 5194 3519 5251 ad
3545 5194 3649 5251 cel-

2048 5287 2370 5358 situdinem,
2401 5290 2470 5347 ad
2490 5306 2651 5363 quam
2673 5290 3037 5348 conscendere
3054 5294 3356 5362 nequeunt,
3375 5301 3472 5342 sua
3496 5300 3650 5340 men-

2050 5376 2206 5434 dacia
2234 5396 2325 5435 eos
2355 5379 2590 5436 elevent.
2614 5380 2685 5437 Et
2706 5381 2834 5455 quia
2862 5380 2969 5438 hoc
2994 5379 3196 5435 vitium
3216 5374 3361 5448 apud
3382 5373 3650 5448 quosdam

2050 5484 2149 5541 pro
2195 5468 2377 5527 nihilo
2424 5469 2679 5541 habetur,
2716 5472 2882 5528 etiam
2939 5471 3000 5526 in
3055 5464 3405 5525 monasteriis
3447 5464 3651 5522 scimus

2051 5679 2076 5731 ι
2120 5601 2242 5731 ,(ἓ3)
2279 5605 2423 5677 Saepe
2443 5621 2564 5661 vero
2611 5609 2659 5661 et
2704 5610 2923 5661 mortem
2954 5599 3193 5674 inferunt
3224 5615 3253 5655 e
3291 5613 3423 5655 mss.
3481 5593 3652 5653 resti-

2078 5691 2135 5731 m
2164 5690 2249 5731 ur.

2078 5690 2249 5732 ωιω.
