4026 6172
453 198 588 258 1031

1476 197 1572 253 ΑΙ)
1611 197 1844 255 OPERA
1885 197 1941 254 S.
1986 196 2319 255 AMBROSII
2356 196 2735 257 APPENDIX.

3514 212 3521 216 '
3620 200 3762 260 1032

453 346 717 422 quosdam
764 344 868 399 hoc
922 341 1060 396 vitio
1090 354 1203 394 esse
1251 337 1568 393 maculatos.
1627 338 1786 393 Multi
1845 339 2047 412 quippe
2075 326 2127 386 Α
2158 325 2656 422 qniPP9:‘_i}130_l_Vi5
2683 324 2757 381 δίε
2784 336 2882 422 PP?
2907 322 3095 422 οαξηίδ
3121 323 3234 380 Πθο
3263 323 3766 422 (ξάίψξθτνίάθῑῑιτ

452 444 584 494 sunt
626 435 721 508 qui
777 440 1062 505 postquam
1109 429 1369 483 saeculum
1424 427 1710 500 reliquisse
1764 428 2047 499 videntur,

450 536 514 585 ut
544 540 770 598 magnos
800 531 853 579 et
882 520 1121 592 inclytos
1164 535 1219 575 se
1258 517 1403 590 apud
1452 517 1730 590 simplices
1777 534 2046 592 quosque,

452 627 506 675 et
534 634 626 674 eos
653 613 747 688 qui
785 612 841 667 in
898 608 1246 665 monasteriis
1280 608 1497 665 educati
1534 609 1780 679 fuerunt,
1830 610 2051 666 consti-

451 713 610 763 tuant
645 723 658 771 ;
693 702 888 760 dicunt
913 715 969 757 se
1011 715 1345 772 possessores
1394 699 1564 755 fuisse
1606 715 1929 773 magnarum
1959 699 2043 755 di-

449 795 734 860 vitiarum,
777 790 988 863 jactant
1038 803 1094 843 se
1123 787 1292 843 fuisse
1341 787 2034 859 praeliatores,venatores,

448 893 504 943 et
547 884 722 939 multa
771 880 879 936 alia
927 879 995 936 de
1050 895 1106 934 se
1143 879 1519 944 mentiuntur;
1569 886 1632 934 ut
1674 878 1857 950 magni
1903 877 2048 949 apud

448 993 560 1045 eos,
584 990 720 1048 quos
745 972 860 1028 suis
904 968 1215 1026 mendaciio
1244 968 1493 1040 decipere
1530 977 1777 1041 possunt,
1812 968 2046 1024 habean-

446 1073 559 1123 tur.
591 1063 677 1120 Ad
710 1069 763 1118 te
783 1076 911 1133 ergo
941 1060 1139 1132 loquor
1167 1057 1262 1131 qui
1292 1058 1419 1115 talis
1447 1074 1538 1114 es:
1572 1059 1714 1116 Ecce
1743 1058 1838 1131 qui
1877 1058 1935 1113 in
1952 1074 2047 1113 saa-

446 1155 573 1213 culo
602 1152 815 1227 positus
844 1150 942 1205 vix
966 1149 1274 1222 simplicem
1318 1148 1526 1218 cibum,
1571 1150 1666 1222 qui
1693 1148 1797 1204 tibi
1825 1148 2047 1220 tuisque

446 1244 703 1304 omnibus
748 1241 1040 1308 sufﬁceret,
1101 1255 1198 1311 per
1250 1246 1431 1295 totum
1491 1254 1699 1295 annum
1757 1237 2046 1294 elaborare

447 1343 686 1410 poteras,
714 1333 772 1388 in
830 1329 1157 1386 monasteris
1185 1330 1416 1401 positus,
1448 1345 1721 1402 possessor
1749 1328 2045 1385 thesauro-

446 1442 596 1493 rum,
616 1422 951 1496 prmdiorum
975 1435 1405 1493 magnarumque
1434 1419 1756 1477 divitiarum
1779 1416 2039 1474 efﬁceris:

445 1522 500 1572 et
527 1513 621 1587 qui
651 1511 749 1568 vix
779 1526 944 1567 unam
991 1509 1340 1582 vulpeculam
1369 1524 1561 1579 capere
1596 1516 1830 1579 poteras,
1858 1522 2044 1561 mona-

445 1602 582 1661 chus
611 1601 856 1668 eff'ectus,
888 1604 1118 1655 venator
1166 1596 1582 1669 potentissimus
1628 1597 1803 1652 factus
1833 1611 1925 1662 es;
1990 1603 2044 1651 et

2164 422 2346 472 tamen
2375 415 2587 489 aliquid
2616 414 2834 488 corpori
2870 414 3122 471 conferre
3148 434 3162 483 ;
3194 414 3324 487 quia
3349 413 3578 470 divitias
3614 430 3764 471 con-

2163 512 2364 577 gregat,
2396 521 2465 560 ex
2512 504 2713 577 quibus
2753 503 3025 560 desideria
3064 502 3181 575 ejus
3211 504 3446 576 expleat.
3490 502 3766 560 Similiter

2162 602 2215 650 et
2266 594 2441 650 libido
2487 594 2708 650 videtur
2750 593 2963 667 aliquid
3005 593 3224 666 corpori
3278 579 3573 660 conferre;
3626 592 3765 667 quia

2163 682 2220 738 iu
2268 683 2603 755 perfectione
2658 682 2777 753 ejus
2823 683 3078 755 voluptas
3132 682 3314 740 carnis
3359 682 3765 755 exstinguitur.

2164 774 2232 829 Et
2260 772 2494 828 ebrietas
2523 772 2776 844 quamvis
2804 773 2978 828 Deum
3022 771 3281 840 offendat,
3317 772 3456 843 gula:
3485 771 3767 827 desideria

2163 860 2394 931 perﬁcit.
2444 860 2713 917 Similiter
2742 867 2795 916 et
2841 869 3039 918 caetera
3086 861 3225 918 vitia
3269 860 3338 916 ad
3379 861 3565 918 carnis
3602 861 3769 917 desi-

2161 950 2312 1006 deria
2360 950 2691 1022 perﬁcienda
2738 960 3114 1009 assumuntur.
3180 951 3321 1007 Sunt
3375 952 3541 1007 etiam
3599 968 3768 1025 quae-

2161 1040 2284 1096 dam
2316 1039 2601 1096 mendacia
2640 1057 2759 1113 quae
2802 1041 3021 1113 corpori
3059 1040 3271 1113 aliquid
3313 1040 3577 1097 videntur
3606 1040 3767 1113 adji-

2159 1145 2298 1198 cere,
2330 1128 2474 1186 sicut
2519 1138 2649 1185 suut
2679 1130 2947 1198 avaritiae,
2994 1129 3062 1186 de
3094 1129 3295 1203 quibus
3323 1130 3577 1202 superius
3606 1129 3766 1187 dixi-

2159 1234 2301 1274 mus.
2334 1218 2416 1274 Tu
2445 1225 2629 1275 autem
2655 1218 2797 1274 nihil
2828 1219 3045 1292 corpori
3073 1220 3333 1293 acquiris,
3357 1227 3410 1274 et
3430 1221 3609 1275 Deum
3638 1220 3766 1276 sine

2159 1307 2568 1365 intermissione
2606 1308 2881 1364 offendere
2923 1326 3035 1366 non
3077 1308 3297 1365 metuis.
3348 1310 3491 1365 Ecce
3531 1309 3765 1365 menda-

2157 1398 2303 1454 cium
2354 1406 2513 1453 tuum
2548 1398 2668 1453 leve
2707 1406 2867 1467 esset,
2908 1398 2955 1453 si
3006 1396 3159 1454 tarde
3195 1397 3524 1465 accidisset;
3559 1415 3762 1456 verum

2156 1504 2226 1543 ex
2249 1486 2369 1559 jngi
2398 1487 2816 1546 continuatione
2844 1488 3229 1561 gravissimum
3272 1495 3435 1561 atque
3480 1488 3762 1562 importa-

2156 1576 2266 1632 bile
2304 1576 2558 1633 efﬁcitur.
2617 1578 2754 1635 Nam
2806 1578 2949 1634 sicut
3003 1579 3181 1635 lutum
3236 1577 3414 1634 levius
3464 1585 3547 1633 est
3591 1596 3760 1653 quam

446 1690 542 1766 qui
570 1665 849 1763 quosdam'
868 1703 938 1744 ex
968 1665 1184 1741 infimis
1215 1684 1417 1742 vicinis
1452 1684 1563 1740 tuis
1624 1683 1946 1753 formidaas,
1981 1684 2039 1739 in
2076 1691 2123 1751 Β
2156 1665 2470 1766 ΡῙιιξΠδξιηξ»
2511 1665 2605 1766 εθξῘ
2657 1684 2727 1766 (ξι
2774 1666 3239 1766 ωυῙξίΡῙίθδῑίοΠθ
3288 1684 3387 1724 sua
3431 1668 3655 1766 Βηῖξίῑιδ
3701 1677 3761 1726 ει

446 1780 777 1838 monasterio
848 1777 1081 1851 positus,
1152 1776 1514 1848 praeliatorem
1578 1775 1944 1833 fortissimum
1990 1786 2044 1835 te

445 1869 646 1927 fecisti.
698 1869 839 1924 Ecce
893 1866 999 1921 hoc
1024 1881 1137 1920 non
1166 1864 1274 1921 fuit
1301 1866 1564 1922 saeculum
1608 1866 1919 1938 reliquisse,
1949 1866 2045 1924 sed

445 1958 763 2033 acquisisse.
796 1954 946 2011 Dicis
983 1962 1038 2010 te
1087 1954 1369 2011 hominem
1414 1955 1774 2026 interfecisse,
1809 1961 1956 2019 5'78
1988 1964 2044 2013 et

445 2054 736 2112 homicidii
766 2059 975 2109 reatum
1003 2068 1168 2124 super
1195 2060 1248 2108 te
1276 2052 1609 2125 imposuisti.
1656 2054 1868 2127 Lingua
1893 2073 2042 2114 meu-

445 2147 556 2205 dax
582 2145 732 2213 fecit,
761 2142 909 2218 quod
943 2159 1136 2199 manus
1166 2159 1277 2199 non
1304 2144 1613 2216 praevaluit.
1636 2145 1708 2201 Et
1731 2146 1817 2202 vis
1839 2153 1901 2202 ut
1920 2163 2042 2219 pro-

444 2239 569 2296 bem
598 2237 745 2312 quod
784 2244 837 2293 te
875 2235 1193 2292 mentiendo
1232 2251 1384 2291 reum
1432 2235 1722 2292 homicidii
1781 2236 1977 2295 feceris
2013 2237 2043 2296 τ

444 2329 596 2397 Saul,
623 2335 685 2383 ut
714 2328 771 2383 in
792 2325 934 2381 libro
963 2326 1168 2397 Regum
1198 2324 1429 2397 legimus
1452 2326 1642 2397 (IReg.
1673 2342 1836 2394 xxxr,
1856 2326 1935 2397 li),
1960 2326 2043 2381 ti-

445 2434 597 2474 more
624 2414 1043 2471 Philistinorum
1106 2429 1273 2469 manu
1311 2414 1532 2486 propria
1560 2414 1914 2487 semetipsum
1944 2418 2043 2471 in-

444 2507 694 2574 terfecit;
741 2504 896 2561 venit
927 2503 1150 2576 quidam
1202 2504 1369 2561 homo
1424 2506 1493 2562 ad
1543 2512 1792 2562 sanctum
1839 2505 2037 2575 David,

442 2605 499 2656 et
525 2596 671 2654 dixit
699 2594 846 2670 quod
876 2594 989 2667 ipse
1026 2593 1264 2663 Saulem,
1300 2595 1395 2668 qui
1429 2612 1555 2652 eum
1592 2595 2040 2671 persequebatur,

445 2686 848 2745 interfecisset:
884 2685 978 2743 sed
1007 2686 1103 2741 ille
1144 2685 1343 2759 spiritu
1398 2686 1697 2760 prophetiae
1743 2687 2039 2744 mentitum

443 2792 556 2836 esse
582 2794 705 2834 eum
738 2776 1071 2848 intelligens,
1103 2774 1277 2831 veluti
1308 2776 1643 2833 homicidam
1691 2776 1888 2849 punire
1910 2775 2043 2848 jus-

443 2870 534 2940 sit,
582 2876 902 2940 reatumque
962 2866 1252 2923 homicidii
1308 2884 1473 2940 super
1519 2868 1677 2924 illum
1727 2868 2037 2941 imponens,

442 2959 624 3017 dixit:
673 2983 693 3006 ι
719 2957 951 3029 Sanguis
994 2966 1124 3014 tuus
1163 2972 1327 3028 super
1357 2968 1519 3030 caput
1563 2966 1720 3014 tuum
1753 2977 1766 3027 ;
1801 2975 1862 3016 os
1890 2960 2040 3016 enim

2154 1756 2520 1828 periculosius
2551 1756 2636 1826 fit,
2680 1756 2758 1813 ita
2804 1766 2866 1813 ut
2898 1757 2957 1813 in
3005 1774 3069 1814 eo
3116 1774 3259 1830 saepe
3298 1774 3497 1831 pecora
3542 1758 3757 1817 demer-

2155 1851 2390 1916 gantur:
2445 1844 2527 1901 sic
2569 1852 2624 1900 et
2652 1844 2900 1917 quaedam
2944 1844 3091 1902 levia
3135 1853 3356 1918 peccata
3399 1863 3471 1903 ex
3499 1848 3759 1921 congerie

2154 1950 2251 1989 sua
2280 1934 2533 2006 graviora
2552 1933 2906 2008 quibusdam,
2952 1951 3072 2008 quae
3111 1935 3300 2008 gravia
3339 1937 3757 2008 existimantur,

2153 2023 2494 2080 efficiuntur.
2539 2024 2612 2080 Et
2656 2024 2796 2081 scito
2836 2024 2968 2099 quia
3005 2025 3147 2081 sicut
3176 2026 3292 2099 ipse
3318 2026 3467 2083 dixit
3499 2047 3512 2085 :
3559 2050 3581 2076 ι
3610 2031 3760 2086 Deus

2154 2112 2356 2169 veritas
2400 2121 2481 2169 est
2530 2113 2589 2185 (Ι
2625 2116 2783 2170 Joan.
2835 2131 2913 2182 1v,
2946 2114 3004 2186 8)
3040 2133 3054 2183 ;
3098 2141 3116 2163 ι
3176 2115 3320 2171 nihil
3367 2118 3495 2189 plus
3521 2127 3759 2177 contra—

2152 2201 2296 2258 rium
2330 2209 2509 2275 potest
2532 2220 2648 2259 esse
2678 2204 2900 2261 veritati
2926 2221 3090 2277 quam
3121 2204 3493 2263 mendacium.

2222 2294 2428 2349 Horum
2457 2312 2576 2366 ergo
2601 2311 2736 2366 pars
2781 2295 2883 2350 erit
2908 2295 2967 2349 in
2995 2301 3176 2366 stagno
3212 2295 3349 2367 ignis
3376 2296 3619 2351 ardentis
3644 2299 3759 2355 sul-

2147 2384 2342 2455 phure,
2375 2385 2516 2456 quod
2541 2392 2615 2440 est
2642 2401 2784 2440 mors
2814 2385 3059 2441 secunda.
3094 2383 3237 2452 Quid
3265 2385 3337 2441 sit
3367 2403 3514 2443 mors
3544 2402 3757 2443 secun-

2153 2472 2241 2540 da,
2291 2474 2351 2529 in
2403 2473 2509 2531 hoc
2557 2475 2678 2531 loco
2722 2473 3010 2532 manifeste
3058 2474 3417 2532 demonstrat.
3471 2479 3521 2532 A
3566 2494 3759 2550 supra-

2151 2561 2315 2620 dictis
2344 2563 2515 2636 igitur
2556 2564 2709 2621 vitiis
2740 2580 2809 2621 ne
2852 2564 2912 2620 in
2940 2571 3175 2621 mortem
3204 2565 3500 2622 secundam
3541 2566 3758 2624 incida-

2151 2668 2294 2721 mus,
2340 2652 2718 2710 misericordia
2760 2653 3139 2727 Redemptoris
3176 2653 3351 2711 nostri
3382 2670 3483 2710 nos
3517 2654 3759 2713 liberare

2150 2741 2429 2814 dignetur,
2456 2744 2549 2816 qui
2582 2760 2708 2800 cum
2754 2742 2911 2801 Patre
2943 2753 2996 2802 et
3039 2744 3247 2817 Spiritu
3277 2753 3468 2801 sancto
3513 2744 3667 2802 vivit
3698 2753 3757 2802 et

2152 2840 2339 2905 regnat
2367 2833 2428 2890 in
2456 2835 2657 2892 saecula
2684 2836 3034 2905 saeculorum,
3064 2852 3241 2893 amen.

2571 2960 2667 3017 DE
2697 2960 2980 3020 VISIONE
3004 2959 3327 3017 SEPTIMA.

451 3048 887 3142 εαηηξιοριιιιιω
908 3053 998 3142 ξεί
1027 3046 1345 3142 ειςιγθτξιξιη-
1361 3055 1434 3117 ιθ»
1466 3046 1682 3142 ἀίθθηὲτ
1729 3050 1846 3142 E80
1876 3050 2041 3142 ἰηιθτ·
2070 3057 2113 3118 C
2217 3067 2461 3142 Septima
2505 3068 2649 3125 visio
2678 3066 2748 3124 ad
2798 3083 2983 3141 quam,
3033 3066 3270 3123 Domino
3315 3065 3583 3134 donante,
3627 3082 3747 3140 per-

440 3138 547 3198 feci
573 3138 857 3197 Christum
907 3137 1133 3194 Domini
1167 3137 1257 3211 (II
1305 3139 1429 3211 Reg.
1484 3157 1522 3208 ι,
1582 3139 1694 3212 16).
1744 3164 1763 3188 ι
1820 3140 2037 3198 Scimus

437 3236 621 3287 autem
663 3226 867 3286 divites
904 3227 1094 3284 saeculi
1146 3227 1216 3285 ad
1262 3228 1679 3285 conversionem
1728 3230 2032 3301 venientes,

441 3320 682 3395 graviter
719 3335 962 3392 peccare,
1018 3320 1063 3378 si
1121 3337 1177 3377 se
1225 3320 1293 3378 de
1323 3320 1539 3377 divitiis
1576 3338 1639 3378 ac
1669 3322 1913 3394 potentia
1940 3339 2039 3379 sua

433 3410 638 3482 jactare
664 3410 966 3484 coeperint:
1000 3418 1054 3467 et
1084 3410 1152 3479 ,si
1184 3410 1278 3467 ille
1307 3427 1433 3467 reus
1479 3418 1579 3481 est,
1611 3412 1706 3484 qui
1734 3429 1927 3467 verum
1956 3410 2037 3468 di-

437 3497 534 3569 cit,
570 3510 776 3574 quanto
804 3502 976 3575 magis
1000 3511 1082 3570 tu,
1119 3502 1213 3575 qui
1240 3519 1377 3574 pene
1402 3519 1499 3575 per
1530 3502 1718 3559 omnia
1747 3504 2033 3561 mentiris!

511 3594 651 3647 Sunt
680 3592 849 3647 etiam
880 3592 996 3659 alii,
1027 3593 1124 3665 qui
1158 3610 1329 3666 prope
1358 3594 1734 3651 indesinenter
1762 3597 2036 3653 mentiun-

437 3689 549 3752 tur,
607 3689 662 3738 et
711 3682 810 3737 vix
865 3682 1076 3755 aliquid
1123 3684 1275 3757 loqui
1333 3693 1564 3758 possunt
1599 3687 1715 3743 sine
1765 3688 2036 3745 mendacii

435 3772 787 3831 admistione.
819 3772 925 3840 Qui
965 3773 1036 3829 ad
1089 3775 1284 3831 omnia
1338 3793 1555 3851 semper
1601 3794 1721 3851 quae
1779 3779 2034 3849 audiunt,

437 3863 688 3937 quaedam
715 3863 1002 3922 mendacia
1039 3865 1362 3941 conﬁngunt
1397 3885 1409 3925 ε
1444 3875 1498 3925 et
1524 3867 1721 3927 dicunt
1745 3886 1802 3927 se
1830 3868 2038 3927 vidisse

432 3966 563 4025 quae
617 3970 729 4011 non
796 3955 1078 4028 viderunt,
1142 3966 1197 4016 et
1246 3956 1461 4016 audisse
1515 3976 1639 4033 quae
1688 3977 1801 4018 non
1852 3960 2038 4018 audie-

434 4052 601 4114 runt;
653 4054 709 4104 et
764 4045 957 4105 fecisse
1016 4066 1137 4124 quae
1202 4067 1317 4108 non
1378 4052 1649 4111 fecerunt.
1714 4053 1961 4129 Cumque
2005 4069 2038 4110 a

433 4139 724 4197 veracibus
774 4139 1104 4214 deprehensi
1166 4143 1395 4215 fuerint,
1452 4145 1648 4203 dicunt
1704 4162 1815 4202 non
1877 4163 2035 4219 posse

433 4231 724 4304 quemdam
769 4233 907 4291 bene
953 4252 1086 4293 vera
1132 4236 1307 4310 loqui,
1358 4235 1453 4310 qui
1508 4253 1617 4293 non
1668 4237 1842 4311 possit
1895 4237 2035 4294 bene

434 4326 677 4381 mentiri.
733 4326 778 4383 Ο
835 4328 1022 4397 stulte,
1072 4345 1235 4402 quam
1280 4345 1423 4386 vana
1471 4337 1554 4386 est
1614 4330 1844 4387 assertio
1899 4330 2028 4387 tua!

2145 3156 2421 3225 venimus,
2467 3162 2585 3212 tota
2634 3154 2704 3211 ad
2751 3154 2894 3211 illud
2943 3161 3159 3227 tempus
3209 3151 3358 3227 quod
3406 3162 3531 3226 post
3568 3170 3748 3212 resur-

2146 3247 2447 3305 rectionem
2481 3246 2732 3301 futurum
2762 3252 2845 3301 est
2877 3244 3049 3317 (supr.
3083 3261 3199 3315 cap.
3230 3244 3358 3316 xx),
3381 3244 3646 3316 pertinet.
3670 3245 3746 3301 Et

2146 3336 2281 3395 ordo
2313 3335 2587 3409 poscebat,
2620 3343 2702 3404 ut,
2735 3334 2973 3408 generali
3010 3333 3414 3391 resurrectione
3442 3333 3743 3409 descripta,

2146 3426 2375 3500 gloriam
2409 3432 2748 3496 sanctorum,
2781 3441 2945 3499 quam
2977 3432 3100 3496 post
3136 3424 3601 3482 resurrectionem
3626 3427 3743 3483 sine

2147 3519 2255 3578 fine
2281 3519 2657 3609 possidebunt,
2703 3517 3070 3609 describeret;
3104 3534 3225 3609 quas
3256 3516 3374 3609 sub
3404 3517 3584 3591 ﬁgura
3612 3519 3743 3577 civi-

2144 3612 2276 3669 tatis
2304 3606 2607 3668 Jerusalem
2638 3610 2698 3666 in
2717 3609 2820 3667 hac
2850 3608 3062 3665 visione
3090 3606 3445 3666 describitur.

2220 3701 2402 3774 (Vere.
2447 3700 2527 3773 9.)
2572 3701 2648 3756 Et
2692 3698 2831 3755 venit
2868 3714 3005 3753 unus
3058 3698 3122 3753 de
3162 3703 3351 3770 septem
3401 3698 3607 3770 angelis
3653 3698 3743 3770 qui

2144 3790 2400 3847 habebant
2452 3790 2685 3861 phialas,
2755 3794 2804 3844 et
2862 3788 3065 3844 locutus
3125 3792 3204 3843 est
3266 3803 3465 3843 mecum
3527 3787 3739 3845 dicens:

2152 3881 2296 3950 Veni,
2340 3887 2390 3937 et
2431 3881 2701 3937 ostendam
2733 3878 2828 3935 tibi
2857 3894 3105 3952 sponsam
3134 3892 3357 3934 uxorem
3382 3877 3545 3951 Agni.
3578 3879 3739 3952 Supe-

2144 3976 2260 4034 rius
2294 3977 2352 4034 in
2389 3977 2582 4052 quinta
2609 3976 2825 4033 visione
2854 3975 3090 4033 Joannes
3117 3974 3255 4033 dicit
3282 3984 3493 4049 septem
3518 3976 3739 4049 angelos

2145 4066 2408 4125 habentes
2455 4074 2661 4140 septem
2711 4066 2925 4139 phialas
2965 4064 3074 4123 sibi
3111 4065 3282 4121 fuisse
3310 4063 3738 4133 demonstratae,

2143 4165 2198 4214 et
2227 4157 2285 4213 in
2315 4157 2671 4231 sequentibus
2710 4172 2882 4213 unum
2931 4171 3001 4212 ex
3044 4154 3156 4211 illis
3201 4153 3487 4211 civitatem
3531 4154 3739 4211 diaboli

2143 4246 2663 4320 damnationemque
2683 4244 2801 4318 ejus
2822 4244 2924 4302 sub
2945 4244 3124 4318 specie
3155 4243 3408 4301 mulieris
3432 4243 3740 4301 meretricis

2141 4336 2248 4392 sibi
2277 4336 2614 4394 ostendisse:
2670 4335 2927 4393 similiter
2963 4342 3017 4391 et
3061 4334 3153 4391 hic
3198 4349 3373 4389 unum
3428 4349 3503 4389 ex
3540 4332 3736 4390 iisdem

432 4414 573 4471 Ecce
607 4415 862 4472 Christus
902 4419 1076 4474 multa
1104 4418 1242 4475 bene
1285 4426 1339 4475 et
1387 4420 1656 4476 veraciter
1684 4420 1900 4478 locutus
1927 4427 2027 4489 est,
2059 4433 2109 4493 1)
2142 4433 2348 4497 septem
2396 4426 2602 4499 angelis
2647 4425 2785 4483 dicit
2830 4424 2935 4481 sibi
2965 4422 3249 4480 civitatem
3297 4420 3399 4478 Dei
3429 4421 3533 4478 sub
3565 4421 3735 4494 ﬁgura

433 4504 527 4576 qui
559 4521 841 4577 nunquam
872 4507 1053 4578 potuit
1081 4509 1324 4578 mentiri,
1358 4509 1520 4582 cujus
1539 4510 1769 4583 vestigia
1788 4517 1840 4567 te
1868 4510 2022 4584 sequi

435 4590 608 4664 magis
646 4594 999 4665 oportuisset,
1049 4595 1109 4651 in
1163 4605 1429 4670 quantum
1469 4598 1649 4655 virtus
1692 4605 2022 4671 suppeteret.

432 4681 704 4739 Similiter
750 4686 1004 4757 apostoli,
1074 4695 1129 4744 et
1177 4688 1362 4745 caeteri
1419 4689 1803 4761 praedicatores
1858 4690 2032 4747 multa

432 4771 740 4830 docuerunt
768 4783 822 4831 et
841 4776 1177 4849 scripserunt
1205 4779 1325 4835 sine
1354 4780 1712 4852 permistione
1733 4779 2030 4837 mendacii.

430 4866 504 4923 Et
531 4867 813 4941 Scriptura
854 4870 991 4928 dicit
1039 4874 1170 4946 quia
1202 4889 1365 4929 omne
1412 4871 1759 4929 mendacium
1808 4889 1840 4929 a
1886 4874 2031 4930 malo

430 4964 512 5014 est
542 4957 602 5031 (Ι
624 4959 781 5015 Joan.
804 4976 866 5029 ιι,
897 4960 990 5032 21)
1027 4979 1039 5018 ;
1074 4963 1121 5018 si
1144 4962 1492 5020 mendacium
1526 4964 1729 5020 malum
1762 4971 1867 5031 est,
1897 4980 2030 5037 quo-

427 5049 596 5108 modo
627 5052 836 5108 malum
865 5051 1004 5108 bene
1034 5061 1214 5126 potest
1243 5054 1476 5127 proferri
1504 5055 1533 5112 ?
1561 5055 1606 5113 Ο
1629 5054 1846 5125 infelix,
1864 5071 2030 5127 quam

427 5140 615 5198 vicina
671 5148 751 5198 est
785 5140 904 5214 (84)
959 5141 1065 5198 tibi
1124 5142 1206 5199 ira
1261 5144 1360 5200 Dei
1417 5144 1832 5217 omnipotentis,
1867 5159 2029 5216 quem

426 5231 645 5289 assidue
673 5232 793 5289 sine
822 5248 987 5290 causa
1050 5232 1328 5291 offendere
1383 5251 1495 5291 non
1548 5234 1833 5307 trepidas!
1891 5234 2030 5291 Nam

426 5329 623 5379 caetera
650 5323 790 5381 vitia
819 5338 1133 5398 quanquam
1184 5324 1425 5382 Domino
1462 5325 1737 5382 contraria
1777 5323 1909 5392 sint,
1941 5322 2029 5379 vi-

426 5408 628 5471 dentur
677 5419 862 5470 tamen
917 5412 1130 5489 aliquid
1189 5415 1405 5488 corpori
1460 5416 1729 5473 conferre.
1779 5414 2031 5471 Avaritia

2133 4515 2430 4572 Jerusalem
2461 4515 2883 4572 demonstrasse.
2919 4513 3183 4570 Eamdem
3214 4527 3345 4584 ergo
3375 4510 3732 4584 significatio.

2140 4619 2262 4659 nem
2298 4603 2503 4660 habent
2540 4603 2745 4676 singuli
2776 4602 2867 4660 isti
2910 4618 3074 4676 quam
3116 4600 3198 4656 illi
3222 4608 3430 4672 septem
3464 4617 3480 4667 ;
3526 4592 3729 4672 signifi-

2138 4703 2267 4751 cant
2297 4710 2533 4767 namque
2578 4693 2983 4767 praedicatores,
3019 4691 3118 4765 qui
3169 4691 3418 4759 fuerunt,
3470 4697 3528 4747 et
3576 4696 3732 4745 erunt

2139 4801 2312 4859 usque
2342 4784 2401 4841 in
2447 4784 2613 4839 ﬁnem
2645 4803 2657 4841 :
2712 4785 2949 4841 Joannes
2974 4800 3108 4840 vero
3154 4792 3347 4855 typum
3395 4788 3549 4838 tenet
3582 4788 3729 4838 caete-

2139 4891 2328 4932 rorum
2357 4872 2626 4929 ﬁdelium.
2682 4875 2926 4945 Angelus
2971 4872 3143 4945 igitur
3184 4871 3384 4929 Joanni
3426 4887 3485 4928 se
3512 4869 3731 4927 demon-

2140 4970 2441 5020 straturum
2470 4961 2750 5018 civitatem
2778 4962 2877 5018 Dei
2908 4959 3247 5035 repromittit
3271 4978 3283 5015 :
3316 4958 3447 5032 quia
3476 4958 3728 5031 praedica-

2139 5062 2285 5111 tores
2330 5053 2504 5111 sancti
2533 5053 2744 5112 caeteris
2790 5052 3050 5109 ﬁdelibus
3097 5056 3302 5125 quanta
3346 5049 3421 5106 sit
3451 5048 3729 5106 beatitudo

2135 5145 2436 5218 justorum,
2494 5144 2554 5200 in
2609 5152 2876 5218 quantum
2931 5149 3181 5215 possunt,
3235 5138 3459 5198 student
3511 5139 3732 5197 demou.

2139 5242 2333 5305 strare,
2386 5240 2450 5291 ut
2498 5250 2590 5291 eos
2649 5232 2718 5290 ad
2782 5232 2955 5289 vitam
3007 5238 3269 5287 aeternam
3321 5227 3730 5303 percipiendam

2138 5323 2458 5382 accendant.
2518 5322 2693 5391 Quam
2747 5322 2915 5380 etiam
2991 5335 3246 5395 sponsam
3299 5333 3529 5375 uxorem
3589 5315 3730 5389 Agni

2137 5421 2318 5474 vocat.
2373 5413 2533 5482 Quod
2596 5429 2795 5488 sponsa
2843 5411 2990 5487 Agni
3038 5409 3288 5472 Ecclesia
3309 5407 3436 5482 jure
3474 5414 3728 5477 vocetur,

498 5604 613 5678 (84)
640 5606 793 5666 Edit.
824 5614 879 5665 et
901 5608 1125 5682 quidam
1143 5626 1297 5681 mss.,
1325 5626 1487 5683 quam
1508 5626 1649 5667 vana
1676 5616 1792 5676 est;
1822 5609 2019 5670 melius
2052 5609 2230 5680 Gem.,
2261 5625 2423 5682 quam
2449 5609 2626 5668 vicina
2654 5614 2747 5667 est.
