4026 6172
192 223 336 281 1033

1095 225 1551 283 BERENGAUDI
1586 224 1959 282 EXPOSITIO
1998 226 2071 282 IN
2108 226 2613 287 APOCALYPSIN.

3368 231 3507 290 1034

189 352 422 408 Joannes
450 348 696 421 Baptista
723 348 1063 409 demonstrat
1099 352 1323 409 dicens:
1387 375 1407 401 ι
1454 353 1562 421 Qui
1613 352 1781 411 habet
1825 357 1869 415 A
1910 354 2072 411 nobis
2118 363 2201 411 est
2245 355 2524 429 quomodo
2583 354 2651 410 de
2707 354 2846 412 coelo
2899 354 3228 413 descendere
3270 358 3508 429 dicatur,

189 456 464 513 sponsam,
495 454 730 511 sponsus
759 446 842 496 est
876 440 1058 512 (Joan.
1092 457 1177 509 III,
1210 441 1324 513 29).
1357 466 1376 489 ι
1420 441 1579 511 Quod
1608 451 1791 499 autem

190 539 241 587 et
297 546 441 586 uxor
495 528 734 598 dicatur,
802 528 1087 604 Scriptura
1142 530 1484 589 demonstrat
1560 532 1786 591 dicens:

203 622 474 695 «Propter
520 619 627 677 hoc
663 619 941 696 relinquet
985 620 1154 677 homo
1197 628 1407 695 patrem
1453 630 1507 679 et
1558 630 1790 680 matrem

189 728 363 781 suam,
410 718 465 767 et
510 708 816 766 adhaerebit
862 710 1027 766 uxori
1071 727 1202 781 suae,
1253 717 1309 766 et
1354 720 1519 768 erunt
1570 712 1682 769 duo
1729 713 1788 770 in

94 808 97 811 ’
189 820 348 861 carne
377 819 489 860 una
519 802 677 872 (Gen.
711 819 772 870 11,
806 800 921 874 24).
957 827 976 851 ι
1020 800 1187 869 Q’uasi
1218 819 1345 876 ergo
1374 804 1592 860 Patrem
1622 818 1784 861 suum

188 894 365 951 Filius
394 892 496 949 Dei
525 890 842 964 dereliquit,
893 909 1022 948 cum
1066 892 1133 950 de
1162 893 1258 949 illa
1291 895 1499 951 caelesti
1538 895 1788 952 beatitu—

188 982 319 1039 dine
375 982 444 1039 ad
491 989 665 1038 terras
713 979 1072 1051 descendens,
1123 981 1407 1039 hominem
1472 984 1784 1056 assumpsit,

187 1088 352 1146 quem
409 1088 508 1144 pro
555 1087 756 1144 sponsa
794 1087 914 1140 sua,
965 1088 1085 1145 quae
1139 1080 1221 1129 est
1272 1072 1540 1142 Ecclesia,
1596 1073 1782 1131 daret:

187 1170 420 1219 matrem
449 1160 764 1235 dereliquit,
810 1160 942 1234 quia
970 1162 1230 1218 allectum
1260 1163 1453 1219 matris
1496 1160 1786 1233 abjiciens,

188 1268 386 1324 corpus
415 1251 562 1325 quod
592 1268 662 1307 ex
693 1267 755 1307 ea
784 1253 1099 1324 assumpsit,
1129 1269 1229 1325 pro
1261 1253 1507 1311 Ecclesia
1540 1269 1638 1309 sua
1664 1260 1789 1309 tra-

189 1340 370 1409 didit;
421 1357 584 1415 quam
618 1339 727 1396 sibi
757 1338 835 1396 ita
862 1339 1068 1410 univit,
1123 1349 1186 1398 ut
1229 1342 1344 1415 ipse
1382 1342 1455 1399 sit
1496 1350 1683 1413 caput,
1735 1350 1790 1399 et

189 1431 306 1505 ipsa
335 1448 554 1504 corpus.

258 1521 440 1594 (Vers.
504 1522 616 1597 10.)
680 1524 754 1579 Et
787 1520 1005 1577 sustulit
1047 1519 1218 1576 me-in
1268 1527 1496 1576 montem
1538 1538 1789 1595 magnum

188 1617 233 1666 et
268 1613 460 1667 altum.
525 1611 684 1667 Mons
719 1611 821 1667 iste
860 1609 1116 1668 Christus
1164 1617 1265 1668 est.
1316 1612 1396 1667 De
1448 1611 1555 1668 hoc
1601 1621 1788 1669 monte

1902 458 2029 499 cum
2084 442 2152 499 ad
2197 445 2483 501 caelestem
2516 444 2914 500 habitationem
2946 445 3192 519 quotidie
3236 462 3510 504 conscen-

1902 530 2015 600 dat,
2060 532 2117 587 in
2158 548 2265 604 qua
2329 534 2447 589 sine
2506 533 2614 588 ﬁne
2670 549 3028 605 permansura
3071 534 3333 593 creditur.
3380 535 3510 596 San.

1899 627 2116 678 ctorum
2158 630 2314 679 actus
2362 630 2529 695 atque
2598 623 2795 679 merita
2848 624 3094 697 quandiu
3156 632 3340 681 mente
3390 642 3509 698 per-

1900 717 2223 777 tractamus,
2281 727 2500 784 semper
2548 721 2818 784 augentur
2863 712 2922 769 in
2968 712 3227 770 cordibus
3266 715 3503 770 nostris;

1902 808 1956 855 et
1985 808 2192 872 quanto
2238 801 2360 872 plus
2388 818 2451 857 ea
2491 801 2934 868 consideramus,
2964 810 3117 859 tanto
3144 802 3381 874 amplius
3406 820 3509 859 eo-

1907 904 2029 943 rum
2062 888 2471 961 magniﬁcentia
2521 890 2685 946 nobis
2733 891 3023 948 elevatur:
3068 898 3124 948 at
3165 907 3290 949 cum
3317 894 3507 950 oculos

1903 977 2104 1033 mentis
2148 986 2347 1035 nostrae
2383 978 2451 1035 ad
2497 980 2939 1052 magnitudinem
2983 981 3084 1038 Dei
3111 981 3506 1054 omnipotentis

1898 1068 2350 1125 considerandam
2417 1071 2755 1141 attollimus,
2816 1073 3135 1145 magnitudo
3189 1082 3505 1131 sanctorum

1899 1157 2271 1230 magnitudini
2292 1158 2391 1215 Dei
2425 1169 2762 1232 comparata,
2792 1163 2953 1218 valde
2973 1162 3135 1219 nobis
3153 1162 3504 1220 humiliatur.

1896 1247 2218 1304 Ascendunt
2246 1248 2417 1320 igitur
2446 1249 2608 1306 nobis
2645 1250 2841 1320 sancti,
2878 1267 3005 1308 cum
3034 1268 3225 1308 eorum
3271 1259 3424 1308 actus
3452 1259 3507 1308 et

1898 1337 2093 1393 merita
2151 1338 2608 1396 consideramus:
2661 1340 3016 1399 descendunt
3065 1358 3215 1411 vero,
3264 1357 3389 1399 cum
3437 1340 3507 1397 ad

1898 1427 2357 1485 considerandam
2388 1428 2488 1485 Dei
2547 1430 3023 1504 omnipotentiam
3079 1432 3267 1490 oculos
3306 1432 3507 1487 mentis

1899 1523 2099 1571 nostra:
2154 1518 2481 1575 attollimus.
2533 1519 2753 1576 Dicitur
2793 1537 3014 1594 quoque
3064 1520 3373 1578 claritatem
3403 1520 3504 1577 Dei

1898 1603 2175 1662 habuisse.
2233 1606 2479 1663 Habebat
2529 1609 2773 1681 profecto
2835 1610 3142 1667 claritatem
3202 1610 3323 1679 Dei,
3389 1626 3503 1667 non

187 1701 453 1775 propheta
482 1700 729 1775 loquitur
752 1700 977 1759 dicens:
1041 1724 1060 1749 ‹
1090 1701 1162 1757 Et
1208 1700 1313 1758 erit
1359 1702 1418 1758 in
1464 1701 1790 1759 novissimis
1819 1736 1865 1797 Β
1901 1712 2077 1751 suam.
2110 1696 2261 1769 Saepe
2291 1696 2495 1753 etenim
2529 1699 2610 1755 sol
2640 1699 2699 1754 in
2727 1716 2868 1773 aqua
2893 1700 3130 1772 fulgens,
3163 1716 3319 1756 suam
3342 1700 3502 1757 clari-

189 1790 383 1848 diebus
444 1801 781 1866 praeparatus
835 1808 995 1848 mons
1075 1791 1275 1848 domus
1329 1791 1558 1848 Domini
1628 1809 1793 1865 super
1819 1786 1863 1797 ”
1900 1792 2069 1841 tatem
2106 1803 2262 1860 aquae
2290 1786 2526 1859 largitur
2552 1786 2662 1853 ;ita
2695 1796 2758 1844 ut
2788 1804 2927 1862 aqua
2947 1789 3135 1845 oculos
3164 1788 3500 1845 intuentium

188 1880 454 1939 verticem
511 1882 780 1938 montium
841 1882 978 1955 (Isa.
1023 1897 1087 1951 II,
1131 1881 1211 1954 2).
1271 1906 1290 1931 ι

185 1987 422 2044 quorum
453 1972 716 2029 verticem
748 1988 906 2029 mons
934 1970 1133 2028 domus
1174 1970 1402 2028 Domini
1450 1979 1789 2044 praeparatus

184 2081 302 2123 esse
332 2064 561 2134 dicitur,
614 2072 792 2138 patres
832 2065 1036 2121 veteris
1084 2064 1421 2120 Testamenti
1478 2064 1785 2137 designant.

184 2154 359 2228 Super
402 2154 599 2211 horum
644 2172 771 2227 ergo
804 2155 1069 2213 verticem
1117 2172 1276 2212 mons
1320 2155 1519 2211 domus
1564 2154 1789 2212 Domini

186 2253 522 2320 praeparatus
550 2262 666 2302 esse
694 2245 939 2314 dicitur;
989 2246 1119 2321 quia
1146 2253 1202 2303 et
1230 2245 1297 2302 ab
1328 2245 1462 2318 ipsis
1495 2244 1789 2317 praedictus

187 2342 289 2405 est,
348 2343 403 2391 et
450 2335 508 2391 in
538 2351 700 2392 carne
729 2336 981 2405 veniens,
1030 2352 1122 2393 eos
1170 2335 1310 2391 mira
1356 2334 1655 2391 altitudine
1708 2342 1789 2391 est

187 2433 553 2498 transgressus
575 2426 716 2498 (85).
741 2427 915 2498 Super
945 2425 1093 2482 hunc
1126 2425 1295 2497 igitur
1324 2433 1569 2480 montem
1591 2423 1789 2480 domus

186 2516 429 2586 Domini,
480 2515 537 2572 id
567 2524 648 2573 est
675 2516 944 2585 Ecclesia,
1003 2514 1271 2571 aedificata
1303 2522 1417 2580 est;
1470 2514 1598 2586 quia
1627 2530 1789 2585 super

186 2606 468 2664 Christum
501 2606 729 2663 fundata
762 2614 863 2673 est,
896 2605 1037 2661 sicut
1066 2605 1269 2660 Paulus
1298 2604 1577 2676 apostolus
1610 2603 1785 2676 loqui-

184 2703 275 2752 tur
330 2696 556 2753 dicens:
627 2721 645 2743 α
698 2694 1149 2751 Fundamentum
1213 2695 1359 2750 enim
1413 2693 1565 2750 aliud
1624 2710 1786 2749 nemo

182 2793 359 2858 potest
388 2803 609 2858 ponere,
660 2795 857 2858 praeter
903 2786 959 2842 id
999 2785 1148 2859 quod
1187 2783 1431 2857 positum
1478 2791 1580 2853 est,
1637 2783 1786 2856 quod

183 2884 266 2932 est
293 2876 549 2933 Christus
583 2876 737 2931 Jesus
768 2876 825 2947 (Ι
855 2876 981 2932 Cor.
1016 2892 1098 2939 ιιι,
1132 2875 1245 2941 11).
1274 2899 1292 2922 ι

254 2966 434 3039 (Vers.
489 2965 602 3035 11.)
649 2967 725 3021 Ει
778 2964 1002 3019 ostendit
1052 2963 1184 3018 mihi
1239 2963 1498 3018 civitatem
1549 2968 1785 3017 sanctam

178 3055 475 3111 Jerusalem
529 3054 912 3110 descendentem
963 3053 1026 3108 de
1072 3054 1198 3108 cazlo
1252 3071 1288 3108 a
1333 3053 1461 3121 Deo,
1516 3052 1782 3106 habentem

184 3144 486 3200 claritatem
513 3144 633 3200 Dei.
654 3143 971 3199 Notandum
1002 3143 1135 3215 quia
1156 3141 1459 3198 Ezechielis
1486 3141 1681 3197 ultima
1700 3142 1778 3196 vi-

180 3233 266 3289 sio
294 3248 422 3288 cum
450 3231 553 3288 hac
580 3230 808 3287 Joannis
836 3229 1051 3308 visione
1086 3229 1385 3285 concordat
1414 3228 1473 3284 in
1501 3228 1782 3302 aliquibus

178 3322 318 3380 locis
345 3340 359 3391 ;
386 3321 511 3378 ideo
541 3322 750 3395 placuit
776 3328 839 3378 ut
864 3320 931 3377 de
962 3320 1060 3376 illa
1088 3319 1222 3377 huic
1251 3319 1404 3392 operi
1435 3335 1608 3392 pauca
1637 3318 1779 3375 inse-

177 3429 386 3470 ramus.
432 3413 582 3469 Dicit
612 3427 851 3485 namque
875 3417 1118 3467 montem
1150 3409 1319 3466 fuisse
1348 3414 1492 3473 579
1538 3408 1780 3465 demon-

176 3517 435 3579 stratum,
486 3526 653 3583 super
689 3525 851 3583 quem
906 3515 1022 3564 erat
1054 3506 1273 3576 civitas,
1329 3515 1383 3564 et
1428 3507 1487 3563 in
1543 3522 1605 3563 ea
1648 3513 1778 3563 tem-

174 3599 365 3671 plum:
389 3615 580 3656 verum
602 3598 882 3656 civitatem
898 3596 1286 3655 tantummodo
1320 3611 1776 3665 commemorans,

173 3687 244 3745 de
270 3689 461 3762 templi
488 3695 766 3745 structura
809 3687 985 3745 multa
1025 3694 1107 3744 est
1145 3687 1362 3744 locutus
1413 3686 1632 3759 (Ezech.
1682 3702 1774 3755 XL,

170 3776 366 3848 2-49).
415 3777 681 3835 Eamdem
735 3794 863 3852 ergo
920 3776 1382 3851 signiﬁcationem
1440 3774 1606 3833 habet
1660 3774 1778 3832 illic

168 3868 465 3939 templum,
524 3884 688 3941 quam
732 3875 787 3924 et
834 3867 928 3925 hic
968 3869 1206 3936 civitas;
1266 3865 1582 3940 signiﬁcant
1626 3866 1775 3921 enim

168 3956 518 4012 Ecclesiam:
572 3954 669 4010 sed
695 3971 791 4026 per
819 3957 1087 4027 templum
1119 3955 1261 4012 illud
1301 3952 1586 4027 praesentis
1626 3960 1776 4009 tem-

166 4041 325 4117 poris
378 4041 645 4110 Ecclesia,
719 4059 814 4114 per
869 4044 1155 4100 civitatem
1233 4051 1418 4101 autem
1473 4042 1774 4097 Jerusalem

167 4130 424 4191 Ecclesia
481 4130 723 4204 quidem,
782 4130 877 4186 sed
934 4132 1113 4205 qualis
1178 4140 1301 4203 post
1353 4132 1521 4187 ﬁnem
1578 4124 1774 4187 mundi

167 4222 363 4279 futura
391 4227 494 4289 est,
527 4219 866 4293 designatur.
915 4219 1022 4276 Sed
1045 4219 1183 4277 dicit
1207 4220 1410 4294 aliquis
1437 4240 1447 4277 :
1485 4220 1774 4289 Quomodo

170 4310 479 4382 descriptio
532 4309 639 4365 ista
700 4310 1025 4379 Jerusalem,
1099 4308 1155 4365 id
1222 4316 1303 4364 est
1353 4308 1635 4377 Ecclesiae,
1704 4308 1771 4364 ad

168 4408 427 4464 futurum
459 4413 676 4479 tempus
708 4406 964 4479 pertinet,
1015 4420 1141 4462 cum
1185 4402 1468 4475 praesentis
1511 4403 1772 4475 temporis

168 4496 292 4570 ejus
328 4496 506 4552 forma
560 4474 619 4551 in
671 4474 775 4552 hac
818 4495 1071 4552 videatur
1105 4474 1323 4549 visione
1352 4474 1641 4549 describi?
1686 4492 1772 4548 Ad
1801 4474 1849 4531 D
1880 4502 1934 4550 et
1974 4495 2316 4550 antemurale
2366 4495 2501 4567 (Isa.
2529 4474 2714 4563 vxxvr,
2758 4474 2902 4567 1),-ι

167 4585 322 4660 quod
353 4602 455 4642 nos
494 4586 889 4658 respondemus
928 4584 1061 4658 quia
1096 4583 1364 4651 Ecclesia,
1414 4579 1661 4655 quandiu
1714 4582 1772 4637 in

165 4675 277 4732 hac
303 4676 421 4732 vita
444 4674 720 4743 consistit,
770 4674 991 4747 agnosci
1019 4673 1256 4746 perfecte
1285 4687 1395 4727 non
1426 4676 1626 4743 potest,
1679 4668 1770 4726 sed

162 4766 327 4838 quasi
396 4765 500 4822 sub
558 4763 796 4838 quodam
851 4764 1124 4820 velamine
1185 4762 1449 4819 absconsa
1514 4769 1766 4829 tenetur;

161 4873 299 4917 cum
328 4857 614 4929 ignoretur
640 4855 764 4929 quis
792 4855 864 4913 sit
893 4855 1178 4928 reprobus,
1227 4863 1322 4911 aut
1368 4853 1492 4928 quis
1539 4854 1767 4922 electus,

157 4963 266 5014 aut
311 4953 381 5010 ad
411 4969 573 5027 quem
604 4952 768 5010 ﬁnem
799 4960 953 5010 actus
983 4970 1111 5009 suos
1142 4952 1521 5025 unusquisque
1553 4950 1767 5023 perdu-

157 5051 282 5104 cat:
322 5044 382 5099 in
411 5043 508 5099 illa
534 5050 719 5099 autem
750 5042 864 5098 vita
893 5041 1013 5114 ejus
1041 5042 1218 5098 forma
1246 5040 1506 5097 omnibus
1539 5040 1764 5112 patebit;

158 5141 302 5192 tunc
337 5130 488 5188 enim
521 5130 735 5204 liquido
774 5131 1033 5187 omnibus
1076 5128 1379 5204 apparebit,
1431 5128 1555 5201 quis
1599 5128 1768 5184 fuerit

155 5210 381 5290 murus,
433 5220 529 5294 qui
576 5228 765 5293 portas,
823 5220 921 5293 qui
970 5218 1350 5287 fundamenta,
1405 5217 1500 5291 qui
1559 5216 1767 5290 lapides

153 5319 485 5377 structurae,
538 5309 635 5384 qui
689 5308 899 5383 lapides
947 5308 1195 5383 pretiosi.
1252 5306 1358 5365 Sed
1405 5307 1764 5382 quaerendum

237 5465 361 5539 (85)
404 5466 795 5548 superborum
822 5470 1140 5548 ergouquest
1167 5469 1552 5548 transgressus,
1563 5478 1607 5548 _e
1635 5462 1759 5521 cod.

150 5534 694 5607 Gem.'restituitur,
741 5551 868 5594 cum
883 5534 959 5592 'in
986 5534 1111 5594 aliis
1137 5543 1191 5594 et
1222 5534 1439 5595 cunctis
1466 5534 1600 5593 edit.
1650 5550 1763 5593 non

150 5609 456 5668 habeatur.

490 5705 735 5766 ΡΑτιιοι..
773 5704 952 5765 XVII.

1360 1881 1575 1938 Montes
1628 1898 1793 1955 super
1900 1875 2233 1944 reverberet,
2287 1876 2451 1933 sicuti
2510 1886 2564 1934 et
2628 1878 2754 1934 sol:
2818 1877 3283 1951 quemadmodum
3334 1877 3503 1951 igitur

1902 1980 2041 2037 aqua
2085 1964 2390 2022 claritatem
2421 1966 2552 2022 solis
2583 1966 2767 2037 habet,
2797 1968 2893 2024 sed
2940 1983 3053 2024 non
3082 1983 3114 2023 a
3141 1983 3199 2025 se
3228 1967 3364 2041 ipsa,
3406 1967 3501 2024 sed

1897 2071 1929 2110 a
1962 2055 2079 2110 sole
2112 2072 2123 2110 :
2159 2054 2238 2110 ita
2264 2062 2317 2110 et
2347 2056 2525 2112 sancti
2549 2056 2754 2112 habent
2787 2058 3092 2113 claritatem
3116 2058 3239 2128 Dei,
3267 2057 3362 2115 sed
3388 2073 3501 2115 non

1898 2167 1929 2206 a
1956 2166 2013 2206 se
2046 2148 2201 2221 ipsis,
2231 2149 2326 2205 sed
2354 2167 2385 2206 a
2413 2153 2549 2220 Deo,
2580 2168 2611 2207 a
2640 2168 2749 2225 quo
2785 2152 3197 2208 illuminantur.

1967 2249 2167 2305 Lumen
2196 2248 2309 2320 ejus
2339 2250 2509 2307 simile
2545 2252 2715 2324 lapidi
2739 2252 2993 2324 pretioso,
3026 2257 3279 2323 tanquam
3305 2252 3501 2323 lapidis

1888 2338 2142 2411 jaspidis,
2191 2340 2365 2396 simile
2393 2345 2670 2414 crystallo.
2702 2343 2845 2400 Ecce
2888 2350 2999 2400 tres
3045 2342 3251 2415 lapides
3293 2343 3497 2415 posuit,

1896 2445 2131 2501 quorum
2163 2430 2364 2486 lumini
2418 2432 2605 2488 lumen
2655 2433 2914 2490 Ecclesiae
2967 2432 3295 2489 assimilavit
3329 2433 3445 2505 (86)
3482 2451 3494 2491 :

1895 2534 2071 2574 unum
2119 2519 2238 2575 sine
2290 2522 2537 2591 nomine,
2590 2523 2730 2578 duos
2776 2539 2907 2579 vero
2939 2524 3264 2579 nominatim
3318 2524 3497 2595 expri-

1894 2624 2070 2665 mens.
2144 2609 2443 2668 Possumus
2497 2612 2683 2684 itaque
2728 2629 2836 2684 ‘per
2890 2613 3128 2683 lapidem
3194 2612 3495 2683 pretiosum

1894 2697 2134 2766 Patrem,
2169 2698 2549 2772 perjaspidem
2583 2700 2809 2767 Filium,
2842 2716 2937 2772 per
2965 2702 3285 2773 crystallum
3324 2701 3495 2773 Spiri-

1894 2793 2013 2842 tum
2046 2795 2301 2843 sanctum
2331 2788 2657 2861 intelligere.
2703 2789 2921 2845 Primus
2972 2789 3091 2843 sine
3138 2789 3361 2845 nomine
3389 2798 3490 2858 est,

1894 2877 2022 2949 quia
2052 2877 2211 2933 Pater
2242 2894 2275 2934 a
2301 2894 2361 2933 se
2399 2878 2518 2951 ipso
2548 2888 2630 2935 est
2661 2897 2674 2947 ;
2740 2878 3015 2936 secundus
3065 2885 3119 2934 et
3166 2878 3361 2935 tertius
3400 2898 3493 2936 no-

1893 2965 2148 3022 minatim
2207 2967 2619 3039 exprimuntur,
2684 2967 2819 3040 quia
2873 2966 3051 3024 Filius
3097 2985 3130 3023 a
3184 2968 3340 3024 Patre
3389 2978 3490 3039 est,

1891 3054 2130 3127 Spiritus
2182 3072 2314 3111 vero
2344 3064 2566 3113 sanctus
2597 3056 2664 3113 ab
2710 3066 2945 3130 utroque
2991 3056 3257 3129 procedit.
3301 3057 3492 3114 Possu-

1894 3160 2018 3199 mus
2058 3143 2222 3200 etiam
2253 3162 2350 3218 per
2380 3145 2620 3219 lapidem
2669 3147 2972 3219 pretiosum
3000 3163 3176 3219 spem,
3208 3163 3303 3219 per
3325 3146 3491 3220 jaspi-

1892 3232 2016 3288 dem
2044 3233 2232 3300 ﬁdem,
2264 3251 2362 3307 per
2390 3236 2716 3308 crystallum
2745 3252 2876 3292 vero
2915 3234 3240 3295 charitatem
3272 3236 3493 3293 intelli-

1893 3337 2034 3394 gere.
2093 3322 2198 3378 Sed
2227 3332 2404 3395 potest
2458 3323 2659 3397 aliquis
2708 3324 2889 3382 dicere
2939 3325 3070 3397 quia
3116 3325 3175 3380 in
3230 3324 3328 3381 illa
3376 3325 3493 3383 vita

1890 3413 2208 3471 necessariae
2256 3431 2369 3471 non
2407 3424 2570 3472 erunt
2616 3415 2752 3473 ﬁdes
2799 3425 2853 3473 et
2891 3432 3032 3489 spes.
3092 3441 3110 3464 ι
3155 3416 3315 3484 Quod
3342 3417 3491 3475 enim

1889 3502 2042 3561 videt
2066 3503 2211 3578 quis,
2238 3505 2372 3578 quid
2399 3511 2582 3579 sperat
2614 3506 2793 3579 (Rom.
2834 3522 2958 3577 VIII,
2982 3506 3075 3579 24)
3104 3506 3134 3563 ‘I
3166 3532 3185 3556 ›
3226 3506 3312 3563 Ad
3342 3506 3490 3582 quod

1889 3594 2285 3668 respondemus
2306 3598 2436 3670 quia
2457 3596 2602 3655 sicut
2629 3597 2819 3666 vestis,
2853 3613 2974 3671 qua:
3006 3613 3077 3653 ex
3112 3596 3297 3671 aliqua
3325 3605 3492 3654 mate-

1891 3684 1973 3741 ria
2027 3684 2281 3758 tingitur,
2315 3693 2438 3760 post
2485 3686 2814 3745 tinctionem
2844 3687 3075 3743 materia
3100 3686 3315 3760 abjecta
3342 3688 3489 3746 colo-

1888 3791 2003 3831 rem
2037 3775 2475 3848 pulcherrimum
2505 3776 2564 3834 in
2597 3795 2654 3835 se
2695 3778 2929 3847 retinet;
2964 3777 3043 3835 ita
3069 3785 3126 3835 et
3164 3778 3224 3835 in
3251 3778 3347 3835 illa
3373 3779 3490 3836 vita

1886 3861 2016 3933 ﬁde,
2039 3881 2154 3937 spe,
2188 3864 2529 3935 humilitate,
2577 3866 2933 3936 abstinentia,
2964 3868 3285 3943 caaterisque
3312 3868 3487 3924 virtu-

1884 3951 2034 4008 tibus
2062 3953 2266 4028 absque
2292 3955 2561 4013 charitate
2578 3955 2747 4013 ﬁnem
2771 3957 3193 4031 accipientibus,
3222 3954 3484 4027 splendor

1884 4058 2047 4115 quem
2085 4058 2155 4098 ex
2184 4042 2501 4115 operatione
2527 4042 2751 4102 illarum
2784 4046 2961 4105 sancti
2988 4045 3385 4120 acquisierunt,
3426 4042 3484 4097 in

1884 4131 1964 4187 eis
1992 4131 2109 4187 sine
2139 4131 2249 4187 fine
2280 4133 2645 4205 permanebit.

1957 4225 2138 4298 (Vers.
2174 4226 2288 4299 12.)
2320 4228 2394 4283 Et
2422 4227 2641 4282 habebat
2670 4243 2883 4282 murum
2915 4242 3162 4297 magnum
3196 4231 3245 4281 et
3290 4224 3477 4281 altum.

1882 4316 1989 4371 Iste
2014 4325 2101 4371 est
2129 4333 2341 4385 murus,
2370 4315 2438 4372 de
2470 4333 2579 4389 quo
2607 4315 2745 4373 dicit
2762 4316 3027 4390 propheta
3060 4333 3072 4371 :
3121 4339 3139 4364 ‹
3181 4314 3319 4371 Urbs
3360 4315 3484 4372 for-

1884 4403 2139 4461 titudinis
2166 4412 2366 4461 nostrae
2389 4405 2544 4476 Sion,
2575 4405 2825 4462 Salvator
2855 4412 3091 4479 ponetur
3104 4403 3163 4460 in
3184 4421 3247 4461 ea
3267 4422 3477 4476 murus,

2962 4493 3064 4550 Per
3119 4493 3269 4551 hunc
3310 4493 3481 4567 igitur

1886 4599 2104 4639 murum
2151 4582 2402 4641 Christus
2440 4601 2567 4640 cum
2607 4583 2867 4639 omnibus
2908 4581 3171 4638 membris
3200 4583 3314 4639 suis
3338 4583 3478 4640 desi-

1882 4681 2105 4746 gnatur;
2137 4673 2213 4729 ita
2234 4682 2295 4730 ut
2323 4675 2592 4747 perillum
2616 4673 3059 4741 fundamentum,
3078 4690 3174 4746 per
3205 4674 3477 4747 reliquam

1881 4780 2011 4820 vero
2041 4771 2375 4820 structuram
2404 4763 2521 4837 ejus
2552 4764 2799 4820 membra
2827 4762 3152 4836 ﬁgurentur.
3186 4764 3471 4819 Habentem

1872 4860 2061 4926 portas
2106 4854 2395 4910 duodecim.
2444 4856 2507 4911 In
2546 4854 2833 4911 Ezechiele
2889 4853 3157 4927 scriptum
3201 4861 3282 4909 est
3329 4852 3478 4927 quod

1878 4945 2167 5017 templum,
2221 4944 2369 5018 quod
2413 4944 2464 5001 ei
2512 4944 2947 5001 demonstratum
2978 4953 3059 5001 est
3104 4944 3321 5017 (Ezech.
3381 4959 3471 5011 XL,

1875 5033 1910 5089 ὅ
1936 5034 2095 5104 seq.),
2150 5042 2261 5091 tres
2314 5043 2500 5107 portas
2530 5033 2807 5104 habuerit,
2836 5033 3161 5090 orientalem
3189 5033 3466 5101 videlicet,

1874 5122 2189 5189 australem,
2248 5130 2302 5179 et
2358 5122 2758 5197 aquilonarem.
2810 5123 3173 5197 Praecipitque
3219 5124 3364 5179 Deus
3409 5128 3472 5177 ut

1874 5222 2032 5287 porta
2087 5213 2372 5270 orientalis
2428 5215 2613 5271 clausa
2661 5232 2877 5288 semper
2931 5221 3177 5273 maneret
3246 5211 3466 5285 (Ezech.

1872 5321 2027 5374 xuv,
2062 5305 2136 5377 1),
2180 5304 2435 5378 Principe
2462 5306 2847 5363 tantummodo
2874 5322 2973 5379 per
2999 5318 3119 5360 eam
3149 5301 3392 5358 intrante
3412 5307 3467 5356 et

1946 5461 2063 5534 (86)
2092 5462 2173 5518 Ita
2196 5478 2349 5529 mss.;
2382 5460 2515 5536 edit.
2544 5477 2697 5529 vero,
2724 5467 2773 5515 et
2800 5453 3256 5536 ta_nquam_lapidi
3271 5453 3464 5535 jaspi-

1870 5529 2162 5663 diséagétzlue
2206 5534 2539 5606 crystalli...
2571 5548 2800 5606 quorum
2843 5533 3016 5587 lumen
3042 5529 3290 5585 Ecclesia:
3316 5529 3465 5583 assi-

1869 5622 1942 5661 mt
2082 5648 2094 5662 .

2090 5696 2095 5703 ’
3073 5695 3144 5754 33
