4026 6172
464 332 486 391 1
497 331 604 389 035

1472 322 1565 377 ΑΙ)
1603 318 1838 376 OPERA
1874 317 1929 374 S.
1972 315 2305 373 AMBROSII
2341 312 2720 370 APPENDIX.

3613 301 3742 360 1036

459 465 717 515 exeunte.
767 454 869 510 Per
917 458 1129 524 portam
1174 445 1496 503 orientalem
1530 444 1684 500 beata
1714 454 1767 500 et
1811 443 2046 515 gloriosa
2079 444 2127 503 Α
2158 455 2508 512 quoscunque
2556 444 2872 509 potuerunt,
2930 432 2998 490 ad
3049 432 3219 524 ﬁdem
3264 428 3471 524 Christi
3533 427 3747 524 trahere

428 547 614 619 ’virgo
644 542 814 599 Maria
861 538 1144 610 ﬁguratur,
1179 552 1299 609 qua
1344 535 1529 590 clausa
1573 541 1699 589 ante
1738 533 2042 604 ingressum

455 633 747 704 Principis,
792 629 850 685 id
879 634 962 684 est
1009 624 1238 693 Christi,
1285 640 1497 696 semper
1539 622 1753 695 exstitit
1785 641 1796 678 :
1831 630 1884 677 et
1924 628 2045 693 post

453 736 728 794 egressum
767 717 885 789 ejus
935 716 1120 772 clausa
1173 715 1231 769 in
1286 730 1465 769 avum
1519 711 1839 784 permansit.
1882 711 2046 765 Porta

453 819 633 868 autem
683 806 938 864 australis
995 813 1153 860 vetus
1200 804 1650 870 Testamentum,
1703 809 1860 873 porta
1915 814 2045 853 vero

452 897 788 974 aquilonaris
854 911 1060 952 novum
1115 893 1382 965 designat.
1433 892 1501 947 Hi
1540 907 1673 947 vero
1711 891 1806 963 qui
1847 889 1915 944 ab
1952 904 2045 943 au-

453 989 612 1046 strali
642 995 795 1060 parte
821 984 1012 1041 venire
1042 984 1326 1051 dicuntur,
1355 981 1606 1038 Judaos:
1640 980 1735 1053 qui
1766 986 1948 1034 autem
1980 975 2047 1032 ab

451 1078 783 1152 aquilonari,
852 1083 1037 1148 gentes
1104 1073 1413 1144 designant.
1479 1070 1654 1126 Judai
1711 1070 1895 1142 itaque
1953 1065 2049 1139 qui

450 1166 822 1239 cognitionem
875 1164 975 1220 Dei
1032 1161 1329 1230 habebant,
1389 1169 1442 1216 et
1497 1159 1700 1232 quibus
1755 1158 1868 1213 Lex
1923 1156 2050 1212 data

452 1257 632 1313 fuerat
676 1271 707 1310 a
752 1260 904 1326 parte
940 1251 1093 1320 solis,
1141 1249 1199 1306 id
1241 1258 1344 1318 est,
1392 1249 1459 1304 ab
1498 1249 1725 1304 australi
1775 1254 1947 1319 parte,
1990 1245 2049 1299 in

451 1362 561 1420 qua
588 1346 670 1401 sol
714 1343 952 1415 amplius
978 1342 1188 1408 fervet;
1223 1357 1334 1396 non
1365 1337 1820 1396 inconvenienter
1850 1335 1918 1391 ad
1948 1336 2049 1392 Ec-

453 1433 677 1492 clesiam
751 1431 940 1488 venire
996 1430 1280 1486 dicuntur.
1331 1429 1433 1484 Per
1482 1435 1694 1500 portam
1751 1422 2048 1480 australem

452 1521 922 1595 ingrediebantur,
954 1519 1084 1594 quia
1133 1526 1520 1591 cognoscentes
1549 1518 1607 1572 in
1638 1515 1810 1572 veteri
1852 1513 2050 1568 Testa-

454 1621 640 1671 mento
694 1610 1080 1684 multipliciter
1126 1609 1408 1666 Christum
1459 1623 1575 1663 esse
1629 1605 2039 1678 prophetatum,

454 1701 796 1772 diversisque
846 1698 1024 1755 modis
1084 1696 1522 1770 praﬁguratum,
1590 1712 1682 1751 eos
1743 1693 1811 1749 ad
1874 1693 2038 1749 ﬁdem

2151 527 2501 584 studuerunt.
2539 529 2614 582 Et
2657 525 2872 580 nomina
2932 524 3132 593 scripta
3187 519 3458 576 duodecim
3519 518 3750 574 tribuum

2153 619 2389 690 ﬁliorum
2444 618 2635 673 Israel.
2702 615 2804 670 Per
2855 612 3084 669 nomina
3153 609 3445 667 duodecim
3503 608 3749 665 tribuum

2154 719 2335 782 patres
2364 708 2563 764 veteris
2592 705 2928 762 Testamenti
2959 719 3252 776 possumus
3279 701 3548 773 accipere,
3593 699 3690 773 qui
3721 715 3752 754 a

2155 799 2264 856 ﬁde
2293 806 2491 855 sancta
2524 796 2813 852 Trinitatis
2851 812 2964 852 non
3009 793 3411 850 deviaverunt:
3464 806 3754 863 possumus

2157 889 2321 945 etiam
2367 897 2420 945 et
2463 905 2557 960 per
2606 887 2793 944 eadem
2845 885 3074 941 nomina
3130 890 3288 939 vetus
3345 882 3752 937 Testamentum

2157 976 2484 1050 intelligere.
2535 976 2771 1033 Nomina
2823 974 3115 1030 duodecim
3162 971 3414 1027 tribuum
3469 969 3529 1024 in
3586 968 3759 1042 portis

2158 1069 2361 1140 scripta
2388 1075 2543 1124 erant
2575 1086 2588 1135 ;
2639 1066 2770 1139 quia
2809 1065 3064 1121 doctrina
3097 1061 3471 1135 apostolorum
3524 1067 3759 1116 caetero-

2159 1179 2392 1235 rumque
2439 1159 2858 1233 pradicatorum
2906 1159 3068 1230 plena
3112 1165 3196 1213 est
3250 1154 3522 1228 exemplis
3558 1153 3763 1211 veteris

2159 1252 2514 1308 Testamenti.

2234 1341 2415 1413 (Vers.
2461 1339 2573 1411 i3.)
2613 1339 2694 1395 Ab
2723 1337 2920 1393 oriente
2941 1343 3112 1409 porta
3138 1342 3262 1404 tres,
3310 1341 3358 1390 et
3405 1335 3470 1391 ab
3509 1334 3763 1406 aquilone

2155 1436 2327 1502 porta:
2373 1435 2492 1496 thes,
2537 1435 2586 1483 et
2627 1429 2692 1483 ab
2737 1435 2921 1482 austro
2971 1433 3142 1498 porta
3193 1431 3318 1492 tres,
3369 1431 3418 1480 et
3458 1424 3526 1479 ab
3576 1441 3764 1479 occasu

2155 1525 2326 1591 porta
2355 1525 2476 1574 tres.
2501 1517 2752 1586 Quatuor
2781 1517 2968 1589 plagas
2995 1513 3192 1570 mundi
3224 1512 3427 1586 posuit,
3463 1520 3529 1569 ut
3556 1513 3765 1570 indicet

2162 1623 2298 1681 pene
2328 1624 2518 1663 omnes
2548 1614 2755 1680 gentes,
2779 1622 2901 1680 qua
2927 1605 3072 1660 inter
3094 1611 3331 1676 quatuor
3358 1602 3542 1675 plagas
3569 1602 3762 1659 mundi

2162 1699 2536 1766 continentur,
2564 1697 2634 1754 ad
2655 1696 2958 1753 Ecclesiam
2979 1694 3324 1752 convenisse.
3348 1691 3555 1751 Contra
3573 1708 3764 1748 unam-

455 1789 664 1848 Christi
708 1786 1111 1858 suscipiendam
1162 1801 1274 1841 sua
1311 1785 1596 1857 scriptura
1624 1782 2040 1856 pertrahebant.
2081 1808 2128 1869 B
2163 1804 2435 1862 quamque
2461 1803 2594 1843 vero
2624 1786 2837 1859 plagam
2867 1794 3049 1841 ternas
3075 1791 3259 1857 portas
3285 1799 3342 1838 se
3369 1781 3578 1837 vidisse
3596 1781 3761 1850 dixit,

454 1877 700 1933 Gentiles
727 1891 859 1931 vero
887 1872 1256 1930 idololatriam
1287 1873 1618 1943 deserentes,
1652 1873 1846 1946 illique
1876 1872 2051 1929 abre-

458 1966 797 2034 nuntiantes,
839 1964 934 2038 qui
979 1963 1172 2021 dixit:
1238 1989 1256 2012 ι
1293 1963 1502 2020 Sedebo
1550 1964 1607 2019 in
1657 1971 1843 2020 monte
1877 1964 2057 2019 Testa-

460 2054 632 2112 menti
663 2056 722 2111 in
752 2055 1018 2112 lateribus
1047 2053 1322 2127 aquilonis
1356 2071 1368 2110 :
1403 2053 1689 2110 ascendam
1726 2071 1889 2126 super
1937 2052 2057 2109 alti-

461 2145 712 2204 tudinem
757 2144 1012 2212 nubium,
1063 2143 1262 2200 similis
1308 2157 1402 2199 ero
1448 2142 1736 2199 Altissimo
1769 2144 1904 2215 (Isa.
1938 2159 2058 2212 x1v,

462 2237 552 2306 13,
613 2237 752 2307 id);
806 2256 834 2290 »
893 2251 1006 2291 non
1059 2234 1361 2306 incongrue
1417 2235 1482 2290 ab
1538 2233 1848 2307 aquilonari
1908 2240 2060 2305 parte

464 2326 654 2382 venire
682 2325 965 2382 dicuntur.
1009 2323 1113 2379 Per
1140 2331 1355 2395 portam
1386 2325 1760 2396 aquilonarem
1794 2322 2060 2394 ingredie-

462 2415 702 2483 bantur;
728 2414 859 2488 quia
883 2413 1191 2470 doctrinam
1234 2413 1522 2484 Evangelii
1553 2413 1857 2481 audientes,
1885 2414 2059 2467 virtu-

465 2513 546 2561 tes
575 2504 740 2559 etiam
768 2519 888 2576 qua
906 2519 1006 2575 per
1035 2500 1318 2559 Christum
1351 2511 1403 2558 et
1425 2502 1707 2559 ministros
1739 2502 1856 2574 ejus
1903 2502 2061 2558 facta

467 2602 600 2650 sunt
653 2592 1012 2662 admirantes,
1068 2592 1137 2647 ad
1185 2591 1348 2647 ﬁdem
1395 2591 1599 2647 Christi
1656 2591 2061 2663 suscipiendam

473 2683 788 2741 currebant.
834 2683 1173 2754 Praceptum
1225 2689 1306 2738 est
1363 2682 1550 2749 etiam,
1580 2690 1641 2737 ut
1670 2697 1765 2753 per
1812 2683 1916 2736 iter
1953 2697 2062 2754 quo

469 2774 704 2848 quisque
733 2773 1059 2841 intraverat,
1090 2789 1201 2827 non
1233 2771 1632 2843 regrederetur,
1664 2772 1756 2828 sed
1787 2788 1816 2827 e
1844 2769 2067 2842 regione

468 2863 586 2935 ejus
616 2860 965 2934 e'grederetur
992 2880 1005 2930 ;
1039 2862 1297 2917 videlicet
1326 2868 1387 2915 ut
1412 2863 1505 2933 qui
1533 2861 1942 2932 ingrediebatur
1971 2875 2066 2932 per

466 2960 681 3024 portam
715 2951 1099 3017 meridianam,
1122 2949 1470 3020 egrederetur
1497 2966 1592 3021 per
1620 2959 1834 3021 portam
1854 2955 2062 3020 septen-

468 3041 764 3098 trionalem
803 3060 814 3097 :
843 3049 898 3098 et
935 3041 1030 3112 qui
1060 3039 1468 3112 ingrediebatur
1495 3055 1592 3111 per
1620 3047 1827 3112 portam
1855 3045 2065 3110 septen-

471 3130 790 3198 trionalem,
821 3127 1170 3201 egrederetur
1199 3144 1294 3200 per
1322 3135 1532 3199 portam
1569 3127 1949 3184 meridianam.
1972 3128 2062 3182 Ju-

469 3219 576 3277 dai
614 3236 750 3293 quos
797 3218 1162 3292 intelligentia
1193 3217 1394 3274 veteris
1424 3218 1760 3275 Testamenti
1805 3218 1871 3274 ad
1901 3217 2065 3274 ﬁdem

466 3307 674 3368 Christi
703 3308 1105 3381 suscipiendam
1133 3306 1484 3381 perducebat,
1534 3323 1648 3362 non
1681 3306 1953 3364 debebant
1986 3323 2065 3363 re-

465 3397 610 3454 verti
653 3413 715 3453 ea
762 3405 933 3469 parte,
979 3412 1087 3469 qua
1122 3400 1412 3463 venerant,
1442 3393 1655 3451 scilicet
1722 3403 1784 3452 ut
1812 3395 2065 3451 observa-

464 3483 644 3543 tiones
701 3486 899 3557 legales
950 3485 1246 3541 carnaliter
1303 3484 1598 3555 implerent
1649 3501 1660 3539 :
1724 3483 1818 3539 sed
1883 3483 2066 3558 egredi

467 3575 654 3648 potius
691 3593 787 3648 per
815 3583 1028 3648 portam
1060 3575 1462 3648 aquilonarem,
1493 3575 1562 3630 ad
1593 3576 1881 3648 Evangelii
1912 3576 2064 3634 vide-

469 3663 601 3721 licet
649 3663 959 3720 doctrinam
990 3662 1364 3718 meditandam
1409 3671 1462 3718 et
1506 3663 1954 3736 perscrutandam
2008 3681 2065 3723 se

468 3752 801 3820 transferre;
848 3759 911 3808 ut
947 3751 1222 3808 discerent
1272 3749 1603 3825 spiritaliter
1637 3752 1885 3824 implere,
1919 3753 2066 3827 quod

468 3847 630 3897 antea
683 3839 977 3895 carnaliter
1031 3839 1209 3896 facere
1256 3839 1590 3912 satagebant.
1643 3838 1886 3897 Gentiles
1935 3857 2066 3900 vero

470 3931 567 4004 qui
599 3945 696 4003 per
723 3935 935 4002 portam
965 3929 1341 4002 aquilonarem
1375 3929 1842 4002 ingrediebantur,
1875 3929 1932 3986 id
1962 3939 2065 4001 est,

371 4017 375 4024 ³
469 4022 565 4097 qui
623 4038 720 4095 per
759 4019 1068 4077 doctrinam
1115 4022 1400 4094 Evangelii
1439 4019 1543 4078 ﬁlii
1574 4023 1835 4079 Ecclesia
1871 4023 2068 4080 eﬂicie-

466 4112 690 4182 bantur,
733 4128 846 4168 non
896 4110 1168 4168 debebant
1196 4113 1398 4168 reverti
1448 4127 1510 4168 ea
1549 4121 1722 4186 parte,
1769 4129 1876 4186 qua
1909 4131 2067 4171 vene-

467 4211 629 4270 rant;
663 4201 926 4258 videlicet
980 4207 1042 4258 ut
1095 4198 1164 4256 ad
1212 4213 1422 4257 errores
1462 4201 1918 4274 philosophorum
1951 4220 2068 4275 per-

471 4290 799 4351 scrutandos
847 4291 1302 4365 regrederentur;
1353 4292 1446 4348 sed
1486 4293 1671 4365 potius
1715 4303 1837 4365 post
1875 4310 2070 4350 susce—

470 4383 715 4456 ptionem
742 4380 871 4438 ﬁdei
909 4388 1070 4454 atque
1096 4381 1364 4438 doctrina
1395 4381 1728 4453 evangelica
1754 4380 1822 4437 ad
1853 4390 2067 4455 portam

472 4474 857 4540 meridianam,
888 4471 946 4528 id
991 4481 1107 4542 est,
1157 4473 1227 4530 ad
1281 4472 1590 4529 doctrinam
1637 4474 1837 4530 veteris
1883 4475 2068 4531 Testa-

473 4561 648 4618 menti
701 4561 1149 4634 perscrutandam
1179 4578 1236 4618 se
1275 4562 1566 4618 transferre
1597 4579 1608 4617 :
1641 4570 1702 4618 ut
1748 4579 1873 4619 cum
1921 4565 2070 4620 inve-
2098 4535 2148 4595 D

475 4647 662 4707 nirent
709 4647 768 4704 in
812 4665 876 4705 eo
919 4648 1200 4707 Christum
1247 4650 1439 4706 multis
1493 4650 1672 4707 modis
1719 4667 1835 4708 esse
1876 4652 2070 4726 pradi-

474 4746 649 4807 ctum,
693 4737 1044 4796 roboraretur
1083 4737 1142 4796 in
1186 4737 1264 4795 eis
1311 4739 1447 4795 ﬁdes
1478 4739 1706 4796 Christi.
1756 4741 1858 4796 Per
1887 4749 2071 4813 portas

478 4834 658 4885 autem
717 4823 1031 4899 duodecim,
1087 4846 1222 4903 quas
1264 4829 1562 4886 Jerusalem
1611 4830 1810 4887 habere
1843 4831 2068 4903 dicitur,

478 4915 770 4977 duodecim
813 4919 1047 4992 apostoli
1103 4937 1400 4994 eorumque
1453 4921 1704 4978 doctrina
1733 4921 2067 4995 designatur.

549 5010 624 5066 Et
646 5007 702 5062 in
734 5009 909 5080 portis
936 5011 1147 5080 angelos
1174 5010 1287 5064 vidi
1315 5009 1604 5067 duodecim.
1636 5012 1830 5083 Angeli
1861 5010 2071 5067 duode-

477 5094 588 5156 cim
666 5097 783 5170 (87)
854 5105 1082 5154 cateros
1127 5097 1530 5171 praedicatores,
1607 5104 1751 5161 580
1814 5099 2073 5156 videlicet

477 5195 852 5269 apostolorum
909 5212 1192 5269 sequaces,
1253 5194 1564 5269 designant.
1625 5196 1730 5264 Qui
1785 5197 1843 5252 in
1899 5197 2072 5270 portis

476 5276 648 5342 fuisse
689 5284 973 5354 dicuntur,
1007 5285 1137 5359 quia
1166 5285 1329 5343 ﬁdem
1360 5287 1735 5358 apostolorum
1783 5286 2070 5343 inconcus-

476 5389 592 5432 sam
656 5382 907 5433 tenentes
936 5418 953 5445 ,
1019 5391 1324 5449 eorumque
1387 5375 1700 5433 doctrinam
1760 5384 2070 5449 sequentes,

549 5511 668 5591 (87)
697 5517 850 5587 Mss.,
878 5519 1118 5591 angulos
1144 5515 1256 5591 vidi
1284 5515 1553 5573 duodecim
1576 5559 1591 5585 ,
1624 5516 1826 5591 anguli
1865 5519 2072 5575 duode-

475 5587 600 5661 cim,
617 5587 768 5661 _etc.;
785 5589 899 5661 sed
927 5587 1127 5646 melius
1153 5589 1314 5659 edit.,
1335 5591 1547 5661 angelos
1579 5587 1729 5658 oidi,‘
1745 5597 1849 5648 etc.

545 5659 666 5730 (88)
720 5659 895 5731 Edit.,
935 5661 1068 5721 Vera
1101 5668 1179 5720 est
1221 5677 1342 5735 ergo
1375 5659 1534 5734 hujus
1566 5661 1792 5722 Joannis
1831 5678 2072 5737 praesens

2166 1877 2223 1935 id
2253 1887 2354 1948 est,
2405 1878 2572 1934 simul
2617 1874 2944 1942 duodecim;
3000 1882 3062 1930 ut
3108 1872 3318 1930 indicet
3350 1873 3570 1928 nullum
3622 1871 3765 1926 intra

2167 1969 2470 2025 Ecclesiam
2529 1966 2744 2039 ingredi
2802 1981 2980 2038 posse,
3051 1963 3161 2020 nisi
3217 1980 3315 2036 per
3365 1962 3766 2020 confessionem

2168 2066 2367 2115 sancta
2415 2057 2722 2112 Trinitatis.
2772 2056 2843 2110 Et
2900 2053 3031 2127 quia
3085 2052 3339 2110 doctrina
3393 2052 3767 2124 apostolorum

2168 2147 2311 2203 nihil
2341 2155 2422 2203 est
2451 2146 2601 2201 aliud
2634 2145 2742 2201 nisi
2772 2133 3158 2216 Evangelium,
3203 2151 3257 2199 et
3289 2142 3472 2214 ipsum
3506 2142 3772 2213 Evange-

2169 2238 2304 2294 lium
2337 2237 2394 2292 in
2428 2244 2663 2309 quatuor
2693 2234 2863 2290 libros
2892 2233 3185 2300 dividitur,
3239 2241 3294 2287 et
3333 2231 3771 2304 uniuscujusque

2171 2326 2299 2382 libri
2339 2325 2591 2382 doctrina
2639 2325 2696 2380 in
2740 2323 2848 2378 ﬁde
2895 2330 3096 2378 sancta
3155 2321 3442 2376 Trinitatis
3493 2321 3772 2389 consistit,

2173 2425 2316 2473 recte
2363 2415 2480 2471 hac
2527 2414 2724 2472 civitas
2782 2421 3018 2485 quatuor
3072 2412 3241 2468 latera
3293 2410 3497 2468 habere
3542 2411 3773 2480 dicitur,

2173 2513 2225 2561 et
2264 2522 2358 2577 per
2388 2505 2623 2576 singula,
2673 2511 2859 2560 ternas
2886 2511 3112 2576 portas;
3163 2517 3285 2576 qua
3328 2502 3496 2557 simul
3541 2500 3773 2574 juncta,

2173 2596 2315 2652 ﬁunt
2343 2593 2658 2650 duodecim.

2248 2686 2429 2755 (Vers.
2469 2684 2580 2755 14.)
2623 2685 2697 2739 Et
2730 2699 2917 2738 murus
2945 2682 3172 2739 civitatis
3203 2682 3394 2738 habens
3421 2681 3778 2752 fundamenta

2173 2774 2461 2842 duodecim,
2525 2780 2573 2828 et
2612 2773 2666 2827 in
2695 2773 2827 2844 ipsis
2851 2773 3049 2844 scripta
3079 2772 3345 2828 duodecim
3377 2771 3596 2827 nomina
3631 2788 3780 2842 apo—

2172 2865 2430 2920 stolorum
2459 2869 2506 2918 et
2534 2863 2692 2934 Agni.
2725 2861 2871 2929 Quid
2903 2862 3214 2934 signiﬁcent
3242 2861 3533 2918 duodecim
3566 2861 3783 2918 funda-

2174 2962 2378 3022 menta,
2427 2953 2542 3026 ipse
2581 2952 2858 3024 exposuit,
2903 2969 3030 3008 cum
3070 2950 3360 3022 subjunxit
3401 2951 3551 3024 quod
3599 2953 3656 3007 in
3702 2953 3782 3010 eis

2174 3042 2377 3115 scripta
2425 3050 2608 3098 essent
2669 3042 2897 3098 nomina
2950 3040 3241 3097 duodecim
3303 3041 3681 3114 apostolorum
3727 3051 3781 3098 et

2179 3135 2342 3208 Agni.
2395 3135 2778 3207 Reprehensus
2823 3151 2944 3190 sum
2999 3149 3032 3189 a
3088 3133 3347 3206 quodam,
3404 3149 3504 3189 cur
3553 3133 3779 3188 Petrum

2176 3222 2599 3280 fundamentum
2659 3222 2918 3279 Ecclesia
2963 3221 3236 3290 dixerim;
3294 3222 3353 3277 in
3401 3239 3466 3279 eo
3509 3222 3636 3279 loco
3685 3222 3782 3278 ubi

2175 3313 2448 3370 Dominus
2473 3312 2644 3369 dicit:
2684 3337 2702 3359 ι
2721 3313 2802 3368 Tu
2821 3329 2879 3369 es
2907 3313 3121 3381 Petrus,
3144 3322 3196 3369 et
3215 3329 3378 3385 super
3398 3311 3544 3369 hanc
3565 3320 3779 3385 petram

2175 3402 2460 3459 adiﬁcabo
2486 3402 2788 3459 Ecclesiam
2819 3419 2993 3458 meam
3019 3403 3233 3474 (Matth.
3270 3419 3388 3471 xvr,
3415 3401 3565 3473 18).-
3608 3402 3666 3457 Si
3688 3403 3779 3458 Pe-

2176 3501 2296 3549 trus
2324 3491 2749 3548 fundamentum
2781 3501 2862 3548 est
2891 3492 3173 3561 Ecclesia,
3195 3493 3338 3548 sicut
3357 3501 3411 3548 et
3435 3492 3624 3547 cateri
3649 3509 3776 3564 apo-

2176 3580 2326 3650 stoli,
2357 3581 2823 3654 quemadmodum
2856 3597 3096 3654 prasens
3126 3582 3288 3639 lectio
3318 3588 3503 3655 aperte
3535 3581 3779 3637 demon-

2176 3681 2348 3742 strat;
2408 3689 2536 3746 ergo
2565 3689 2729 3746 super
2766 3674 2947 3746 ipsum
2978 3673 3248 3732 adiﬁcata
3276 3682 3375 3742 est,
3433 3673 3582 3729 sicut
3607 3683 3662 3730 et
3693 3690 3780 3730 su-

2176 3779 2273 3836 per
2301 3770 2562 3820 cateros:
2620 3763 2667 3818 si
2697 3779 2828 3819 vero
2865 3779 3028 3835 super
3064 3763 3283 3820 Petrum
3314 3762 3570 3819 Ecclesia
3609 3761 3778 3818 adiﬁ-

2175 3862 2295 3910 cata
2340 3869 2451 3908 non
2481 3860 2582 3922 est,
2640 3868 2769 3924 ergo
2816 3869 2919 3910 nec
2969 3870 3136 3926 super
3185 3861 3445 3920 cateros;
3507 3853 3647 3908 falsa
3702 3858 3782 3908 est

2175 3960 2302 4016 ergo
2358 3942 2524 4014 hujus
2575 3943 2802 3999 Joannis
2858 3961 3096 4017 prasens
3149 3944 3396 4012 assertio,
3453 3943 3586 4016 quia
3640 3942 3783 3998 dicit

2177 4032 2469 4089 duodecim
2540 4033 2818 4103 apostolos
2874 4034 3166 4090 duodecim
3231 4033 3598 4089 fundamenta
3664 4047 3785 4088 esse

2177 4120 2438 4178 Ecclesia
2471 4121 2610 4193 (88).
2657 4123 2770 4178 Nec
2793 4123 3012 4195 repellit
3048 4139 3148 4179 nos
3191 4139 3222 4178 a
3269 4130 3460 4178 nostro
3488 4122 3784 4178 intellectu

2177 4211 2336 4278 illud,
2370 4211 2516 4283 quod
2546 4213 2844 4283 Apostolus
2870 4213 3006 4270 dicit
3032 4231 3043 4270 :
3109 4239 3127 4262 ε
3155 4213 3600 4269 Fundamentum
3629 4212 3783 4267 enim

2177 4300 2330 4356 aliud
2360 4316 2522 4356 nemo
2555 4309 2733 4374 potest
2768 4319 2969 4374 ponere
2998 4311 3195 4375 prater
3225 4302 3304 4372 id,
3354 4301 3502 4375 quod
3539 4301 3783 4374 positum

2178 4397 2279 4458 est,
2313 4389 2466 4463 quod
2501 4400 2579 4446 est
2622 4390 2873 4448 Christus
2901 4393 3058 4448 Iesus
3091 4393 3148 4463 (Ι
3176 4393 3301 4449 Cor.
3337 4408 3421 4459 III,
3455 4392 3573 4462 11).
3596 4416 3612 4439 ι
3663 4391 3784 4447 Non

2177 4483 2326 4539 enim
2379 4483 2531 4539 aliud
2605 4484 3024 4541 fundamentum
3077 4493 3158 4542 est
3213 4486 3426 4554 Petrus,
3498 4493 3558 4540 et
3626 4482 3783 4540 aliud
3869 4500 3872 4501 '

2183 4571 2439 4629 Christus
2467 4573 2659 4642 Iesus;
2713 4576 2841 4646 quia
2868 4576 3062 4630 Petrus
3089 4574 3397 4630 membrum
3444 4581 3529 4630 est
3574 4571 3784 4632 Christi

2179 4661 2326 4729 Jesu,
2359 4661 2501 4717 sicut
2531 4661 2645 4734 ipse
2675 4661 2821 4720 dixit
2849 4663 3136 4736 discipulis
3166 4664 3314 4719 suis:
3383 4689 3401 4712 ι
3431 4663 3548 4721 Vos
3582 4665 3639 4719 in
3673 4679 3782 4730 me,

2179 4761 2233 4808 et
2261 4768 2358 4823 ego
2388 4751 2446 4806 in
2476 4750 2637 4813 vobis
2671 4752 2850 4823 (Joan.
2886 4769 3006 4820 xrv,
3037 4751 3149 4825 20).
3186 4777 3204 4800 ι
3250 4752 3510 4810 Christus
3543 4767 3784 4825 namque

2178 4840 2600 4896 fundamentum
2657 4850 2740 4898 est
2790 4842 3040 4898 omnium
3094 4844 3470 4915 apostolorum
3529 4859 3781 4909 suorum,

2180 4929 2436 4986 similiter
2463 4939 2517 4986 et
2541 4931 2643 5004 ipsi
2667 4932 3024 4988 fundamenta
3051 4942 3178 4989 sunt
3207 4950 3424 5002 eorum,
3444 4936 3544 5007 qui
3573 4951 3673 5007 per
3693 4949 3786 4988 eos

2179 5017 2548 5077 crediderunt.
2601 5021 2781 5076 Unum
2813 5029 2894 5078 est
2924 5022 3093 5094 igitur
3123 5023 3569 5092 fundamentum,
3613 5023 3676 5079 id
3706 5028 3788 5077 est

2181 5109 2451 5178 Christus,
2501 5128 2533 5167 a
2589 5127 2696 5184 quo
2752 5114 3107 5169 continentur
3166 5113 3354 5170 omnia
3394 5114 3783 5181 fundamenta,

2179 5215 2341 5272 super
2368 5216 2530 5273 quem
2549 5200 2715 5256 etiam
2736 5208 2853 5258 tota
2871 5219 3160 5274 compages
3179 5203 3443 5260 Ecclesia
3463 5211 3790 5260 constructa

2179 5299 2279 5347 est.
2332 5294 2412 5348 De
2463 5291 2569 5348 hoc
2606 5291 2966 5348 fundamento
3005 5294 3206 5349 Paulus
3251 5294 3502 5366 loquitur
3550 5295 3788 5351 dicens:

2192 5401 2212 5426 ι
2242 5379 2298 5435 Si
2325 5380 2449 5452 quis
2487 5389 2672 5437 autem
2699 5380 2936 5438 adiﬁcat
2973 5398 3138 5455 supra
3184 5382 3610 5439 fundamentum
3656 5383 3790 5452 hoc,

2176 5521 2417 5602 assertio,
2465 5522 2600 5602 quia
2650 5523 2922 5580 duodecim
2966 5523 3314 5602 fundamenta
3369 5525 3625 5583 Ecclesia
3685 5540 3794 5583 as:

2179 5593 2357 5652 dixit:
2385 5593 2592 5666 optime
2627 5611 2760 5654 vero
2789 5612 2921 5655 mss.
2955 5593 3018 5656 ut
3044 5597 3104 5654 in
3131 5605 3308 5655 textu.
