4060 6208
298 289 438 347 1037

1193 288 1651 348 BEBENGAUDI
1687 287 2062 350 EXPOSITIO
2101 295 2173 352 IN
2212 289 2713 355 APOCALYPSIN.

3456 299 3594 362 1038

283 430 502 483 aurum,
547 422 855 487 argentum,
889 413 1100 486 lapides
1146 416 1436 488 pretiosos,
1466 415 1634 488 ligna,
1665 416 1879 486 fenum,
1911 425 1962 482 Α
1991 421 2303 490 salvandos,
2345 422 2401 477 id
2441 431 2540 490 est,
2588 441 2683 496 per
2715 424 2896 496 ignem
2929 426 3334 498 purgatorium.
3386 428 3458 485 Et
3490 429 3595 488 hoc

284 505 578 577 stipulam;
618 504 1055 578 uniuscujusque
1082 522 1220 577 opus
1247 508 1408 579 quale
1437 506 1530 574 sit,
1565 506 1710 578 ignis
1747 524 1886 579 pro-

283 592 436 650 babit
470 594 528 664 (Ι
556 594 684 650 Cor.
716 610 801 663 III,
832 595 945 666 12).
978 619 997 643 ι
1040 594 1148 650 Sex
1175 595 1267 651 hic
1297 595 1482 667 posuit
1511 595 1740 668 species,
1775 604 1886 652 tres

285 683 577 756 speciosas,
609 689 664 738 et
695 691 803 738 tres
848 683 1008 739 viles.
1041 682 1192 755 Saepe
1235 700 1330 756 per
1377 701 1570 740 aurum
1621 685 1890 756 sapientia

284 771 624 843 designatur.
678 771 892 827 Aurum
964 788 1132 845 supra
1198 773 1619 830 fundamentum
1681 774 1889 830 Christi

284 861 540 930 aediﬁcat,
569 861 665 933 qui
699 861 1024 934 sapientiam
1059 879 1167 936 qua
1204 863 1342 918 vitia
1374 871 1644 932 conterat,
1675 872 1729 920 et
1759 865 1886 920 vir-

285 962 430 1012 tutes
460 954 693 1021 nutriat,
726 953 784 1008 in
819 953 984 1010 corde
1023 970 1123 1010 suo
1172 953 1444 1023 recondit,
1478 955 1704 1010 imitans
1731 954 1893 1009 Psal-

285 1044 528 1111 mistam,
561 1043 655 1115 qui
685 1041 868 1098 dixit:
913 1067 932 1093 ι
952 1045 1016 1100 In
1043 1042 1208 1100 corde
1237 1060 1360 1100 meo
1385 1043 1649 1100 abscondi
1671 1042 1895 1114 eloquia

287 1141 403 1200 tua,
444 1139 507 1187 ut
553 1148 665 1187 non
705 1147 924 1204 peccem
976 1132 1082 1188 tibi
1122 1134 1296 1202 (Psat.
1347 1149 1545 1200 cxvm,
1580 1130 1692 1202 11).
1726 1154 1746 1180 ι
1789 1131 1892 1186 Per

286 1231 577 1298 argentum
625 1239 757 1280 vero
805 1240 986 1280 sermo
1039 1223 1450 1298 praedicationis
1505 1221 1888 1295 exprimitur:

286 1319 354 1376 de
396 1334 510 1392 quo
560 1316 706 1373 idem
755 1317 1047 1374 Psalmista
1095 1315 1278 1374 dicit:
1331 1338 1350 1363 ι
1386 1316 1624 1388 Eloquia
1670 1311 1896 1372 Domini

289 1412 508 1486 eloquia
554 1419 722 1480 casta,
769 1418 1054 1482 argentum
1099 1409 1226 1482 igne
1273 1409 1658 1464 examinatum
1714 1405 1893 1477 (Psal.

287 1527 372 1576 x1,
423 1511 501 1579 7).
550 1531 570 1556 ι
630 1507 936 1579 Argentum
995 1522 1160 1576 supra
1215 1504 1640 1561 fundamentum
1688 1500 1897 1560 Christi

289 1597 545 1666 aediﬁcat,
575 1595 672 1668 qui
718 1595 928 1651 bonum
981 1592 1129 1666 quod
1177 1592 1396 1662 didicit,
1429 1592 1568 1648 alios
1607 1591 1803 1657 docet;
1836 1593 1899 1644 ut

291 1711 383 1751 eos
427 1693 496 1749 ad
540 1691 686 1748 bona
728 1705 892 1762 opera
939 1689 1150 1761 agenda
1186 1687 1470 1761 pertrabat
1509 1705 1520 1744 :
1555 1703 1650 1761 per
1683 1687 1897 1760 lapides

1992 511 2106 579 ﬁet,
2135 511 2180 566 si
2214 528 2245 566 a
2275 513 2534 582 gravibus
2566 514 2804 586 peccatis
2847 531 2902 570 se
2957 517 3348 587 abstinuerint,
3402 527 3455 576 et
3501 537 3598 593 per

1996 600 2472 672 eleemosynarum
2519 602 2865 673 largitionem
2919 602 3024 660 hoc
3079 607 3504 676 promeruerint,
3535 615 3599 663 ut

1996 695 2119 759 post
2148 697 2378 744 mortem
2412 707 2509 762 per
2538 691 2717 762 ignem
2741 692 3117 764 purgatorium
3140 695 3337 750 salvari
3363 697 3595 767 possint.

1998 776 2156 832 Sicut
2211 779 2358 833 enim
2418 795 2612 834 aurum
2662 781 2808 852 quod
2852 797 2921 836 ex
2971 782 3096 837 aliis
3149 783 3602 854 permistionibus

1999 867 2289 922 sordidum
2320 867 2581 937 eﬂicitur,
2638 885 2735 940 per
2760 869 2941 940 ignem
2975 879 3273 942 purgatur:
3309 872 3386 927 ita
3414 881 3467 927 et
3509 873 3601 929 isti

2001 969 2033 1008 a
2060 953 2315 1011 sordibus
2345 972 2480 1028 quas
2503 973 2572 1011 ex
2596 958 2892 1014 mundanis
2921 959 3136 1016 actibus
3179 967 3600 1030 contraxerunt,

2001 1059 2097 1114 per
2134 1043 2313 1115 ignem
2351 1045 2713 1116 mundantur,
2739 1056 2800 1104 ut
2832 1047 2987 1121 digni
3017 1048 3155 1106 ﬁant
3186 1049 3486 1107 electorum
3504 1065 3603 1107 nu-

2002 1147 2152 1186 mero
2190 1148 2408 1190 SOClal‘l.

2077 1237 2258 1308 (Vers.
2306 1239 2419 1312 15.)
2468 1242 2543 1296 Et
2595 1241 2687 1312 qui
2741 1243 3054 1314 loquebatur
3094 1261 3314 1314 mecum,
3381 1243 3607 1300 habebat

2002 1327 2315 1382 arundinem
2345 1346 2584 1400 auream,
2617 1337 2676 1386 ut
2713 1333 2985 1389 metiretur
3021 1334 3302 1400 civitatem,
3351 1339 3399 1388 et
3420 1339 3608 1404 portas

2004 1415 2140 1485 ejus,
2170 1423 2218 1471 et
2243 1435 2474 1476 murum.
2509 1421 2750 1494 Angelus
2785 1422 2880 1496 qui
2938 1422 3263 1496 loquebatur
3289 1439 3414 1480 cum
3435 1423 3610 1478 Joan-

2005 1521 2096 1574 ne,
2131 1507 2190 1562 in
2226 1506 2331 1566 hoc
2352 1510 2473 1567 loco
2495 1510 2777 1568 Christum
2811 1512 3106 1586 signiﬁcat,
3137 1513 3234 1587 qui
3266 1511 3432 1569 modo
3471 1511 3612 1585 regit

2006 1612 2199 1652 omnes
2231 1605 2419 1669 gentes
2463 1599 2520 1654 in
2580 1601 2734 1673 virga
2779 1602 2975 1671 ferrea,
3008 1601 3154 1660 sicut
3195 1602 3450 1675 superius
3492 1601 3609 1675 jam

2004 1684 2216 1741 dictum
2245 1694 2358 1743 est:
2420 1687 2477 1743 in
2511 1687 2700 1745 futuro
2747 1699 2930 1748 autem
2987 1692 3270 1748 civitatem
3315 1691 3436 1760 Dei,
3490 1707 3610 1765 quae

291 1791 472 1841 autem
518 1781 787 1854 pretiosos
833 1779 980 1834 bona
1024 1794 1189 1850 opera
1232 1777 1611 1850 designantur.
1665 1776 1900 1849 Lapides
1928 1779 1974 1839 B
2003 1789 2073 1829 ex
2141 1775 2400 1832 omnibus
2454 1777 2710 1849 gentibus
2765 1779 3064 1848 constabit,
3130 1780 3402 1837 arundine
3450 1796 3614 1837 aurea

291 1873 561 1946 pretiosos
602 1884 768 1941 supra
816 1866 1239 1922 fundamentum
1273 1866 1481 1925 Christi
1513 1864 1768 1934 aediﬁcat,
1805 1867 1900 1940 qui

291 1962 501 2018 bonum
550 1959 698 2032 quod
747 1957 926 2025 docet,
957 1956 1215 2028 operibus
1261 1957 1474 2030 implet.
1505 1955 1644 2011 Sunt
1674 1954 1898 2028 quidam

293 2052 388 2125 qui
445 2051 613 2106 verba
660 2049 1087 2118 exhortationis,
1133 2049 1336 2123 quibus
1383 2058 1608 2106 caeteros
1658 2049 1902 2122 perfecte

296 2151 593 2217 instruant,
625 2165 736 2204 non
768 2145 973 2202 habent
1003 2165 1015 2202 :
1049 2147 1142 2203 sed
1174 2163 1297 2204 cum
1339 2163 1395 2203 se
1436 2161 1532 2218 per
1561 2144 1708 2201 bona
1736 2161 1902 2217 opera

295 2247 592 2308 exercent,
647 2237 857 2311 lapides
933 2238 1201 2310 pretiosos
1257 2253 1420 2310 super
1477 2235 1899 2292 fundamentum

296 2330 502 2389 Christi
534 2330 827 2387 aediﬁcant.
858 2331 1127 2388 Similiter
1161 2339 1216 2388 et
1248 2330 1342 2404 qui
1396 2348 1564 2404 parva
1611 2332 1817 2400 sciunt,
1848 2338 1902 2386 et

298 2438 360 2477 ea
398 2422 535 2477 alios
578 2420 802 2489 docent,
834 2429 1121 2492 argentum
1175 2422 1365 2494 utique
1413 2438 1576 2493 super
1619 2422 1901 2479 Christum

299 2509 605 2576 aediﬁcant;
631 2509 677 2564 si
699 2518 882 2564 tamen
904 2509 1163 2581 operibus
1185 2511 1419 2582 implent
1440 2527 1520 2578 ea,
1542 2528 1662 2582 quae
1683 2511 1901 2567 docent.

298 2599 456 2654 Multi
489 2596 635 2654 enim
668 2598 1013 2654 intellectum
1045 2616 1206 2671 quem
1251 2608 1599 2670 acceperunt,
1625 2598 1764 2654 alios
1794 2599 1904 2654 do-

300 2691 496 2760 cendo,
545 2708 708 2763 super
755 2691 1037 2748 Christum
1086 2691 1361 2747 aediﬁcant
1413 2708 1425 2746 :
1478 2689 1572 2745 sed
1619 2705 1714 2761 per
1762 2690 1905 2744 mala

302 2798 466 2854 opera
495 2782 787 2838 destruunt
812 2783 869 2838 in
894 2801 968 2852 se,
995 2785 1142 2856 quod
1173 2783 1606 2840 aediﬁcaverunt.
1635 2785 1737 2840 Per
1759 2783 1906 2855 ligna

304 2888 455 2940 vero,
486 2872 674 2928 fenum
728 2882 891 2946 atque
934 2876 1218 2947 stipulam,
1253 2882 1474 2948 peccata
1521 2875 1752 2931 minima
1800 2874 1908 2930 de-

308 2962 614 3034 signantur.
647 2963 753 3019 Sed
786 2965 926 3020 alius
957 2965 1271 3022 intellectus
1310 2973 1412 3033 est,
1450 2964 1544 3037 qui
1571 2981 1670 3020 nos
1700 2964 1768 3019 ab
1798 2964 1904 3020 hoc

307 3069 470 3109 sensu
499 3053 748 3110 excludit
775 3072 787 3121 ;
822 3071 931 3109 non
964 3054 1112 3110 enim
1152 3072 1317 3127 super
1347 3055 1629 3113 Christum
1658 3061 1899 3127 peccata,

2009 1863 2288 1922 metietur.
2344 1865 2602 1924 Diximus
2647 1869 2900 1941 superius
2957 1884 3054 1940 per
3111 1869 3323 1942 virgam
3380 1871 3612 1925 ferream

2010 1955 2361 2028 disciplinam
2394 1959 2683 2030 Evangelii
2705 1976 2820 2016 esse
2850 1959 3209 2033 designatam:
3243 1962 3450 2017 ferrum
3485 1976 3615 2018 vero

2012 2061 2174 2117 grave
2221 2055 2300 2100 est
2361 2053 2413 2102 et
2464 2047 2844 2104 durissimum.
2896 2052 2973 2106 De
3015 2049 3224 2107 duritia
3252 2059 3435 2107 autem
3468 2056 3608 2115 581

2012 2139 2181 2212 virgae
2204 2140 2390 2197 ferreae
2421 2141 2559 2199 dicit
2582 2144 2853 2200 Dominus
2869 2145 2926 2200 in
2947 2146 3252 2218 Evangelia
3280 2165 3291 2203 :
3337 2173 3354 2195 ε
3375 2149 3541 2205 Arata
3561 2156 3616 2204 et

2012 2237 2242 2300 angusta
2262 2231 2352 2286 via
2368 2239 2471 2300 est,
2485 2249 2603 2305 quae
2625 2233 2777 2290 ducit
2797 2233 2864 2289 ad
2883 2234 3054 2290 vitam
3076 2236 3291 2308 (Matth.
3312 2253 3412 2305 vn,
3443 2238 3556 2310 14).
3585 2263 3606 2290 ι

2013 2317 2118 2374 Sed
2146 2318 2290 2376 hanc
2310 2318 2575 2376 duritiam
2602 2338 2757 2378 amor
2785 2323 2884 2378 Dei
2914 2330 2968 2377 et
2997 2339 3119 2395 spes
3157 2326 3394 2384 caelestis
3427 2331 3619 2401 patria)

2013 2423 2234 2464 suavem
2265 2417 2319 2465 et
2378 2411 2554 2466 levem
2621 2412 2772 2479 facit,
2841 2413 2985 2469 sicut
3023 2414 3138 2486 ipse
3196 2415 3400 2474 iterum
3446 2419 3616 2475 dicit:

2028 2520 2046 2543 ε
2078 2497 2277 2570 Jugum
2315 2499 2464 2554 enim
2496 2517 2678 2556 meum
2709 2519 2877 2558 suave
2905 2512 3005 2572 est,
3029 2514 3083 2561 et
3112 2523 3254 2562 onus
3281 2524 3465 2562 meum
3501 2509 3620 2564 leve

2018 2587 2232 2658 (Matth.
2258 2606 2340 2654 x1,
2375 2590 2491 2661 30).
2524 2615 2542 2638 ι
2589 2591 2759 2662 Virga
2787 2591 2972 2666 itaque
2995 2594 3172 2650 ferrea
3200 2596 3258 2650 in
3289 2596 3618 2653 arundinem

2017 2676 2243 2744 levem,
2299 2695 2547 2745 suavem,
2617 2687 2779 2752 atque
2856 2698 3076 2737 auream
3146 2685 3618 2755 commutabitur;

2017 2764 2148 2836 quia
2173 2765 2348 2820 sancti
2378 2783 2475 2837 pro
2501 2767 2792 2838 angustiis,
2823 2785 2958 2840 quas
2987 2787 3086 2842 pro
3117 2770 3337 2829 Christo
3383 2777 3621 2846 pertule-

2018 2862 2168 2922 runt,
2211 2855 2539 2910 suavitatem
2579 2864 2633 2912 et
2688 2857 2918 2929 gloriam
2972 2869 3289 2932 perpetuam
3329 2862 3616 2935 recipient.

2017 2943 2277 3001 Metietur
2311 2961 2442 3000 vero
2473 2944 2758 3002 civitatem
2807 2955 2860 3003 et
2887 2959 3071 3020 portas
3100 2950 3239 3023 ejus,
3272 2961 3326 3008 et
3355 2969 3576 3010 murum
3603 2973 3618 3022 ;

2021 3032 2242 3106 quando
2291 3033 2595 3090 secundum
2653 3037 2974 3108 qualitatem
3035 3055 3261 3112 Operum
3316 3041 3616 3116 unicuique

306 3141 400 3198 sed
421 3141 691 3200 virtutum
714 3160 877 3216 opera
892 3123 1254 3200 aediﬁcantur.
1270 3145 1341 3199 Et
1353 3144 1573 3216 quando
1589 3123 1898 3216 peccamus,

2020 3123 2326 3180 mercedem
2357 3125 2629 3182 restituet.
2663 3125 2768 3182 Sed
2789 3129 3145 3200 quaerendum
3167 3131 3328 3187 nobis
3359 3140 3460 3201 est,
3495 3149 3622 3189 cum

305 3231 374 3288 ab
401 3231 769 3288 aediﬁcatione
799 3248 920 3304 quae
949 3230 1013 3287 ﬁt
1040 3248 1203 3303 super
1231 3232 1536 3301 Christum,
1563 3233 1903 3289 recedimus:

304 3330 359 3378 et
408 3329 614 3394 quanto
657 3322 876 3393 gravius
921 3338 1228 3394 peccamus,
1275 3329 1430 3377 tanto
1480 3323 1698 3394 longius
1745 3340 1911 3396 sepa-

305 3425 515 3466 ramur.
553 3409 658 3465 Sed
687 3427 811 3465 cum
864 3428 960 3484 per
1004 3412 1386 3484 paenitentiam
1439 3412 1506 3468 ad
1554 3411 1699 3468 bona
1749 3427 1912 3482 opera

302 3499 510 3571 agenda
539 3499 894 3575 recurrimus,
929 3500 996 3557 ad
1024 3501 1468 3570 aedificationem,
1504 3519 1625 3575 quae
1656 3501 1717 3558 ﬁt
1747 3518 1912 3574 super

305 3586 609 3656 Christum,
662 3590 1012 3646 revertimur.
1063 3591 1362 3647 Possumus
1416 3608 1544 3663 ergo
1606 3608 1703 3664 per
1763 3592 1913 3663 ligna

305 3681 525 3732 terrena
567 3692 732 3749 opera
780 3679 1109 3752 intelligere,
1141 3681 1275 3737 dum
1323 3682 1448 3755 quis
1499 3689 1714 3736 terreno
1755 3679 1909 3752 operi

307 3763 538 3833 insistit,
569 3775 632 3822 ut
669 3767 866 3824 habeat
899 3770 1044 3826 unde
1073 3770 1260 3838 vivat;
1293 3788 1365 3827 ne
1413 3771 1554 3827 forte
1583 3769 1909 3827 necessitate

304 3854 641 3926 compulsus,
676 3853 849 3910 furari
878 3865 1123 3930 cogatur.
1145 3858 1284 3914 Nam
1309 3859 1608 3932 Apostolus
1635 3856 1908 3930 praecipit,

305 3954 368 4002 ut
395 3965 521 4005 cum
553 3949 778 4006 silentio
799 3959 1104 4022 operantes,
1128 3951 1510 4024 unusquisque
1532 3967 1692 4006 suum
1715 3963 1910 4020 panem

306 4037 636 4106 manducet;
671 4048 726 4095 et
746 4040 944 4096 iterum
968 4059 980 4096 :
1016 4066 1034 4089 ι
1055 4041 1161 4108 Qui
1177 4058 1289 4098 non
1309 4043 1433 4098 vult
1448 4039 1684 4113 operari,
1703 4037 1909 4110 inquit,

307 4148 419 4188 non
445 4131 740 4190 manducet
771 4135 886 4206 (89)
926 4135 1016 4208 (II
1057 4138 1234 4193 Thess.
1269 4154 1351 4205 ιιι,
1384 4136 1495 4208 10).
1530 4159 1548 4185 ι
1594 4136 1696 4190 Per
1723 4135 1911 4190 fenum

307 4241 438 4290 vero
494 4241 738 4281 amorem
796 4235 1074 4283 terrenum
1128 4245 1420 4300 possumus
1475 4227 1740 4300 accipere,
1786 4242 1913 4283 cum

309 4316 434 4387 quis
479 4331 578 4386 pro
627 4314 828 4371 affectu
868 4316 1053 4372 carnis
1098 4333 1351 4384 uxorem,
1392 4316 1558 4384 ﬁlios,
1609 4316 1914 4386 fratresque

309 4403 510 4475 diligit.
545 4402 650 4460 Sed
681 4411 734 4460 et
765 4403 872 4462 hoc
903 4405 1082 4478 ipsum
1104 4407 1403 4478 Apostolus
1430 4405 1700 4478 pracipit,
1718 4412 1779 4460 ut
1806 4403 1914 4458 viri

308 4508 510 4549 uxores
543 4493 763 4565 (Ephes.
795 4509 874 4562 vr,
906 4493 1062 4566 1-4),
1084 4511 1286 4551 uxores
1316 4494 1464 4549 viros
1497 4494 1714 4565 (Ephes.
1748 4510 1804 4561 v,
1827 4492 1919 4561 25,
1945 4519 1992 4576 D

309 4581 413 4650 28;
450 4583 552 4638 Tit.
587 4599 651 4652 ιι,
689 4583 771 4655 4),
828 4583 932 4639 filii
974 4593 1245 4657 parentes,
1296 4592 1550 4657 parentes
1600 4582 1747 4638 ﬁlios
1793 4597 1921 4637 suos

311 4668 562 4741 diligant.
596 4670 698 4727 Per
739 4672 998 4744 stipulam
1048 4680 1251 4741 autem,
1303 4689 1395 4729 eos
1435 4673 1582 4744 ipsos
1630 4686 1920 4744 possumus

312 4757 644 4832 intelligere,
694 4760 789 4834 qui
849 4778 945 4834 pro
987 4778 1053 4818 eo
1107 4763 1253 4836 quod
1295 4780 1386 4820 eos
1436 4762 1610 4819 libido
1657 4759 1917 4832 exagitat,

312 4853 366 4902 et
394 4863 449 4903 se
481 4848 764 4906 continere
794 4866 904 4906 non
946 4859 1197 4923 possunt,
1227 4869 1428 4908 uxores
1476 4849 1778 4922 accipiunt.
1812 4847 1919 4905 Sed

312 4943 366 4992 et
394 4937 500 4995 hoc
528 4939 828 5011 ApOstolus
855 4941 1103 5013 praecipit
1132 4941 1321 4998 dicens
1349 4960 1362 4998 :
1395 4965 1412 4988 ε
1431 4941 1658 5013 Propter
1685 4939 1919 4996 fornica.

312 5027 522 5085 tionem
560 5038 742 5086 autem
791 5030 1170 5103 unusquisque
1217 5047 1371 5085 suam
1420 5047 1653 5087 uxorem
1696 5030 1917 5100 habeat,

313 5124 369 5174 et
396 5134 736 5190 unaquzeque
771 5135 931 5174 suum
964 5119 1144 5174 virum
1176 5117 1377 5174 habeat
1403 5119 1461 5188 (Ι
1487 5120 1613 5175 Cor.
1647 5137 1749 5187 vn,
1780 5119 1859 5190 2).
1886 5143 1903 5166 ι

314 5206 386 5261 Et
415 5205 544 5278 quia
574 5207 710 5262 tales
738 5207 1187 5262 conversationes
1216 5207 1338 5262 sine
1366 5205 1576 5263 crebris
1605 5205 1920 5262 offensioni-

320 5293 424 5351 bus
460 5310 578 5350 esse
619 5310 732 5350 non
779 5303 1028 5368 possunt,
1075 5294 1213 5352 dicit
1258 5308 1356 5369 per
1400 5295 1582 5368 ignem
1628 5295 1764 5352 tales
1804 5311 1920 5353 esse

391 5437 510 5522 (ετξ)
539 5439 612 5522 Et
643 5438 839 5494 iterum
870 5455 888 5494 :
1053 5457 1157 5522 non
1186 5441 1302 5496 vult
1326 5438 1560 5522 operari,
1592 5438 1784 5510 inquit,
1814 5455 1920 5494 non

317 5511 614 5578 manducet,
647 5525 718 5566 ex
754 5526 883 5566 mss.
915 5511 975 5567 in
1001 5519 1215 5569 textum
1248 5511 1592 5578 restituitur;
1626 5527 1736 5567 non
1765 5526 1922 5567 secus

317 5581 576 5712 abibam
619 5581 858 5643 habetur
895 5582 1061 5655 infra,
1091 5590 1140 5644 et
1185 5601 1510 5660 unaquaeque
1547 5583 1725 5642 virum
1763 5597 1922 5640 suum

2017 3213 2304 3269 civitatem
2331 3231 2552 3271 mensus
2583 3215 2753 3272 fuisse
2784 3217 3022 3288 dicatur,
3066 3237 3166 3277 cur
3204 3229 3388 3293 portas
3417 3229 3471 3279 et
3503 3239 3622 3281 mu.

2019 3319 2142 3357 rum
2166 3302 2508 3374 adjunxerit,
2568 3321 2694 3362 cum
2727 3306 2972 3363 civitatis
3000 3309 3223 3365 nomine
3276 3310 3394 3368 haec
3437 3312 3624 3368 omnia

2018 3393 2582 3464 comprehendantur.
2627 3395 2835 3452 Verum
2877 3399 3021 3454 sicut
3049 3399 3327 3469 praeterita
3355 3408 3408 3456 et
3438 3401 3626 3457 futura

2019 3480 2238 3551 docent,
2270 3499 2365 3555 per
2393 3489 2576 3554 portas
2608 3484 2862 3557 apostoli,
2892 3502 2988 3559 per
3005 3486 3287 3545 civitatem
3320 3505 3450 3562 apos
3477 3489 3626 3547 tolici

2019 3571 2150 3640 viri,
2203 3587 2298 3644 per
2331 3589 2519 3630 muros
2552 3590 2682 3630 vero
2709 3582 2903 3631 caetera
2924 3577 3225 3633 multitudo
3256 3577 3504 3635 fidelium
3535 3579 3625 3635 de-

2019 3667 2287 3738 signatur.
2369 3667 2474 3725 Sed
2549 3667 2669 3726 hzec
2737 3669 3022 3744 sequentia
3096 3669 3315 3743 plenius
3397 3670 3626 3728 manife-

2017 3763 2186 3812 stant.

2093 3861 2277 3934 (Vers.
2304 3862 2419 3935 16.)
2451 3861 2748 3936 Sequitur:
2803 3865 2878 3920 Et
2913 3857 3100 3920 civitas
3128 3865 3185 3919 in
3213 3864 3422 3935 quadra
3445 3865 3625 3935 posita

2019 3957 2114 4015 est,
2146 3955 2196 4005 et
2237 3951 2507 4022 longitudo
2537 3951 2650 4021 ejus
2701 3958 2852 4008 tanta
2902 3959 2996 4021 est,
3055 3959 3255 4025 quanta
3281 3959 3329 4008 et
3361 3953 3614 4014 latitudo.

2019 4039 2122 4094 Per
2145 4039 2535 4111 quadraturam
2567 4041 2812 4096 civitatis
2850 4043 3116 4114 perfectio
3153 4042 3270 4114 (90)
3302 4050 3622 4098 sanctorum

2019 4126 2338 4200 designatur
2361 4148 2375 4198 ;
2401 4130 2731 4202 quadratum
2755 4130 2958 4202 quippe
2987 4130 3225 4202 lapidem
3247 4130 3306 4185 in
3326 4147 3625 4202 quamcun-

2021 4233 2126 4290 que
2154 4225 2359 4288 partem
2393 4219 2644 4286 verteris,
2672 4226 2856 4274 rectus
2885 4219 3069 4274 stabit.
3103 4219 3174 4273 Et
3201 4219 3247 4274 si
3291 4219 3620 4292 quadratum

2023 4305 2284 4378 lapidem,
2311 4315 2406 4363 aut
2428 4307 2581 4363 aliud
2617 4307 2751 4381 quid
2785 4308 2934 4381 quod
2955 4307 3211 4381 quadrari
3262 4315 3461 4380 potest,
3496 4308 3622 4364 dili-

2023 4405 2211 4468 genter
2241 4397 2567 4469 inspexeris,
2610 4398 3004 4470 perfectionem
3040 4398 3300 4456 Ecclesia:
3331 4400 3389 4454 in
3411 4415 3476 4455 eo
3506 4415 3623 4456 esse

2023 4487 2296 4558 depictam
2325 4486 2734 4560 deprehendere
2780 4489 3015 4561 poteris;
3051 4487 3216 4544 habet
3265 4505 3501 4561 namque
3526 4506 3624 4546 sex

2029 4575 2236 4645 facies,
2284 4584 2410 4633 octo
2455 4593 2663 4633 cornua
2690 4620 2706 4646 ,
2768 4576 3078 4649 crepidines
3137 4577 3448 4635 duodecim.
3516 4578 3624 4635 Sex

2030 4666 2197 4721 facies
2246 4665 2642 4738 perfectionem
2701 4667 3080 4723 demonstrant
3136 4667 3410 4724 bonorum
3484 4684 3624 4740 ope-

2030 4775 2185 4825 rum;
2221 4758 2350 4830 quia
2402 4759 2654 4816 senarius
2708 4775 2972 4815 numerus
3015 4759 3288 4831 perfectus
3317 4768 3416 4817 est.
3451 4760 3626 4817 Habet

2028 4855 2153 4904 octo
2201 4863 2427 4917 cornua,
2480 4864 2550 4904 ex
2590 4847 2792 4922 quibus
2847 4856 3082 4920 quatuor
3137 4848 3358 4917 caelum,
3391 4856 3626 4920 quatuor

2028 4946 2229 4993 terram
2262 4938 2586 5010 respiciunt.
2618 4939 2866 5006 Quatuor
2893 4937 3064 5010 igitur
3100 4954 3309 4994 cornua
3334 4938 3626 5009 designant

2028 5027 2347 5099 Evangelia,
2379 5044 2499 5101 quae
2531 5027 2906 5099 duplicamur;
2961 5026 3092 5099 quia
3120 5025 3469 5082 dilectionem
3525 5025 3624 5081 Dei

2028 5123 2081 5171 et
2107 5116 2346 5188 proximi
2370 5116 2680 5188 specialiter
2705 5115 3116 5173 commendant.
3147 5116 3393 5183 Quatuor
3423 5114 3625 5169 ccelum

2028 5207 2353 5278 respiciunt,
2387 5214 2447 5262 ut
2478 5205 2725 5263 indicent
2771 5207 2948 5262 Deum
2994 5221 3158 5278 super
3187 5204 3374 5260 omnia
3401 5219 3515 5258 esse
3545 5201 3627 5257 di-

2027 5295 2343 5367 ligendum:
2377 5303 2613 5368 quatuor
2661 5303 2856 5350 terram
2906 5293 3230 5366 respiciunt,
3263 5300 3325 5348 ut
3377 5290 3626 5348 indicent

2103 5439 2219 5509 (90)
2279 5438 2481 5494 Omnes
2518 5437 2677 5506 edit.,
2725 5435 2977 5508 perfectio
3031 5433 3476 5509 designatum...”
3530 5438 3628 5489 aut

2027 5505 2181 5568 aliud
2199 5505 2467 5580 quidquid
2494 5505 2758 5579 quadrafi
2782 5505 3016 5580 potest...
3054 5505 3223 5559 Habet
3258 5520 3482 5576 namque
3532 5521 3626 5560 sea:

2033 5579 2268 5654 laterafu
2309 5579 2398 5638 sed
2429 5583 2599 5639 latera
2646 5579 3035 5654 perfectionem,
3081 5582 3210 5644 etc.;
3266 5592 3400 5635 mss.
3439 5582 3622 5634 autem

2029 5653 2192 5713 nobis
2217 5657 2548 5726 congruunt.
