4026 6172
444 272 582 333 1039

1479 270 1576 325 ΑΒ
1616 268 1849 325 ΟΡΕΒΑ
1890 267 1945 322 S.
1988 266 2320 323 AMBROSII
2357 264 2734 323 APPENDIX.

3615 263 3749 320 1040

439 398 729 474 proximos
799 405 1075 469 tanquam
1127 394 1493 466 nosmetipsos
1544 410 1659 449 esse
1716 391 2044 463 diligendos.
2069 390 2133 452 A
2161 393 2335 448 multo
2354 391 2500 447 enim
2532 390 2708 463 majus
2735 397 2817 446 est
2837 388 3076 461 spatium
3097 387 3399 444 stadiorum
3433 387 3749 456 duodecim,

439 490 746 547 Duodecim
767 505 899 543 vero
925 484 1236 557 crepidines
1278 484 1439 540 ﬁdem
1471 482 1848 538 demonstrant
1874 480 2027 538 duo-

440 578 619 637 decim
651 577 1047 649 apostolorum.
1079 576 1127 629 A
1147 573 1382 645 singulis
1419 580 1602 629 autem
1632 572 1895 628 cornibus
1922 578 2033 627 tres

439 668 750 741 crepidines
777 666 1072 738 prodeunt,
1099 672 1160 721 ut
1178 664 1429 721 indicent
1457 681 1490 720 a
1525 663 1777 720 doctrina
1804 660 2031 731 Christi,

439 775 560 831 qua
593 764 676 813 est
702 756 1093 828 Evangelium,
1122 772 1242 828 qua
1287 756 1451 811 etiam
1499 755 1557 810 in
1604 761 1838 827 quatuor
1867 753 2035 808 libros

440 846 716 903 dividitur
747 889 765 916 ,
817 846 984 902 ﬁdem
1036 854 1240 903 sancta
1295 844 1583 901 Trinitatis
1639 845 1697 900 in
1761 842 2035 915 apostolos

440 936 721 1005 transisse,
752 943 815 991 ut
863 950 959 1008 per
1010 936 1137 992 illos
1189 934 1257 991 ad
1304 950 1495 990 omnes
1543 940 1728 1006 gentes
1756 932 2031 1003 migraret.

438 1025 556 1081 Hoc
599 1032 778 1082 totum
810 1025 878 1081 de
911 1024 1180 1098 quadrato
1234 1023 1415 1096 lapide
1463 1022 1587 1079 ideo
1651 1021 1918 1088 diximus,
1970 1028 2034 1076 ut

437 1114 945 1172 demonstraremus
992 1131 1089 1186 per
1135 1113 1523 1187 quadraturam
1560 1112 1805 1169 civitatis
1845 1111 2035 1184 perfe-

439 1208 683 1266 ctionem
712 1209 973 1265 Ecclesia
1001 1225 1118 1265 esse
1151 1208 1511 1281 designatam.
1538 1208 1611 1263 Et
1639 1205 1771 1279 quia
1799 1205 1917 1262 hac
1944 1205 2035 1262 ci-

438 1299 585 1355 vitas
616 1300 1009 1372 quadraturam
1073 1302 1337 1373 aequalem
1390 1299 1575 1367 habet,
1604 1297 1893 1370 longitudo
1917 1296 2035 1369 ejus

438 1395 595 1444 tanta
623 1404 741 1445 esse
768 1388 995 1458 dicitur,
1018 1397 1223 1461 quanta
1252 1398 1307 1446 et
1327 1387 1581 1445 latitudo:
1611 1404 1707 1460 per
1736 1386 2036 1459 longitudi-

436 1491 564 1535 nem
596 1494 835 1552 namque
861 1486 1065 1534 aterna
1092 1479 1285 1551 gloria,
1326 1496 1422 1553 per
1449 1477 1800 1534 latitudinem
1853 1485 2035 1532 autem

434 1565 677 1625 charitas
705 1566 1045 1640 designatur.
1067 1567 1382 1640 Longitudo
1411 1567 1581 1641 igitur
1609 1566 1776 1640 hujus
1795 1566 2037 1623 civitatis

435 1668 590 1719 tanta
613 1672 717 1733 est,
747 1672 954 1737 quanta
982 1673 1037 1721 et
1068 1664 1305 1721 latitudo
1333 1682 1347 1731 ;
1394 1665 1525 1737 quia
1576 1670 1844 1738 quantum
1868 1680 2037 1721 unus-

2146 500 2310 555 quam
2344 483 2581 556 spatium
2608 491 2828 539 centum
2861 481 3228 555 quadraginta
3264 488 3499 554 quatuor
3536 479 3749 537 cubito.

2140 585 2264 630 rum
2297 593 2310 632 :
2342 573 2574 647 ideoque
2619 590 2713 645 per
2744 572 2922 644 majus
2959 572 3197 644 spatium
3229 588 3343 638 eos,
3373 564 3468 645 qui
3515 571 3741 643 majoris

2142 664 2327 722 meriti
2378 673 2508 722 sunt
2557 664 2697 737 (91),
2757 662 3065 735 intelligere
3123 679 3433 736 possumus.
3484 660 3747 718 Diximus

2143 756 2397 831 superius
2425 773 2521 828 per
2556 753 2850 812 duodecim
2901 755 3081 812 stadia
3124 754 3416 812 duodecim
3471 756 3747 827 apostolos

2145 866 2260 905 esse
2305 847 2616 919 designatos
2651 865 2663 901 :
2699 853 2969 919 martyres
3016 861 3146 917 ergo
3188 853 3244 901 et
3290 845 3652 914 confessores,
3694 857 3748 903 et

2144 938 2328 995 cateri
2381 935 2611 1009 perfecti
2667 934 2797 1004 viri,
2858 933 2955 1009 qui
3007 936 3382 1007 apostolorum
3434 934 3747 992 doctrinam

2144 1049 2241 1105 per
2278 1032 2466 1089 omnia
2510 1036 2643 1086 sunt
2676 1027 2871 1094 secuti,
2901 1036 2955 1085 et
2990 1043 3181 1083 eorum
3224 1033 3378 1083 actus
3430 1025 3655 1094 imitati,
3690 1027 3745 1083 in

2145 1138 2335 1178 eorum
2365 1119 2579 1176 ambitu
2602 1117 2929 1185 metientur;
2950 1116 3079 1189 quia
3106 1114 3353 1171 eamdem
3376 1115 3605 1188 gloriam
3627 1131 3745 1188 pos-

2144 1211 2422 1279 sidebunt,
2444 1226 2605 1283 quam
2636 1217 2690 1266 et
2719 1208 2824 1285 illi.
2844 1209 2946 1265 Per
2965 1224 3151 1263 muros
3180 1222 3335 1275 vero,
3362 1205 3454 1279 qui
3475 1222 3547 1261 ex
3567 1206 3743 1262 mino-

2144 1301 2300 1358 ribus
2327 1300 2605 1373 lapidibus
2633 1299 2800 1369 ﬁunt,
2823 1308 3016 1357 catera
3054 1297 3356 1354 multitudo
3382 1295 3633 1353 ﬁdelium
3656 1297 3741 1353 de-

2145 1394 2394 1465 signatur
2429 1411 2441 1449 :
2475 1392 2572 1467 qui
2619 1392 2890 1449 minorem
2939 1390 3211 1446 ambitum
3260 1388 3546 1457 tenebunt,
3577 1405 3740 1462 quam

2145 1482 2232 1541 illi
2262 1483 2329 1540 de
2359 1482 2561 1557 quibus
2598 1483 2851 1554 superius
2882 1479 3169 1550 diximus;
3198 1478 3328 1552 quia
3372 1478 3466 1551 qui
3511 1477 3740 1534 minoris

2145 1581 2312 1629 erunt
2336 1572 2543 1640 meriti,
2574 1572 2789 1628 minora
2819 1570 3123 1644 percipient
3143 1576 3198 1625 et
3226 1567 3470 1643 pramia.
3494 1567 3739 1635 Quorum

2146 1680 2403 1721 mensura
2460 1663 2520 1719 in
2570 1660 2910 1719 duodenario
2964 1676 3198 1717 numero
3253 1657 3562 1727 consistit;
3615 1658 3741 1733 quia

439 1753 673 1826 quisque
701 1753 882 1810 ﬁdelis
911 1755 970 1810 in
1000 1754 1104 1811 hac
1131 1754 1247 1811 vita
1291 1756 1501 1827 positus
1561 1757 1737 1829 major
1781 1755 1946 1816 fuerit
1970 1760 2030 1817 in
2057 1759 2106 1823 B
2145 1753 2310 1810 ﬁdem
2342 1752 2701 1826 apostolicam
2720 1751 3103 1808 intemeratam
3126 1755 3515 1816 servaverunt;
3538 1748 3738 1805 duode-

434 1844 724 1913 charitate,
757 1852 912 1902 tanto
954 1844 1217 1918 majorem
1265 1846 1494 1918 gloriam
1524 1847 1584 1904 in
1611 1850 1819 1907 caelesti
1846 1849 2033 1908 beati-

432 1933 629 1990 tudine
653 1934 957 2007 possidebit
981 1954 993 1992 :
1027 1944 1081 1993 et
1110 1945 1316 2010 quanto
1345 1937 1529 1995 minor
1556 1938 1724 1996 fuerit
1770 1940 2028 2012 charitas,

432 2029 588 2080 tanto
617 2023 802 2080 minor
815 2025 924 2082 erit
944 2026 1003 2082 in
1032 2025 1224 2099 gloria.

502 2122 577 2177 Et
598 2110 810 2178 mensus
838 2129 913 2179 est
930 2123 1192 2180 civitatem
1214 2142 1313 2196 per
1335 2126 1513 2183 stddia
1536 2127 1805 2184 duodecim
1829 2128 2029 2186 millia:

433 2211 702 2283 longitudo
729 2219 779 2268 et
815 2214 1040 2270 latitudo
1090 2221 1139 2270 et
1180 2214 1410 2272 altitudo
1447 2215 1565 2285 ejus
1622 2218 1853 2287 aqualia
1883 2226 2025 2277 sunt.

428 2301 696 2359 Eamdem
725 2302 1193 2374 signiﬁcationem
1248 2302 1453 2360 habent
1501 2304 1676 2361 stadia
1712 2306 2025 2378 duodecim,

429 2408 595 2466 quam
617 2401 672 2449 et
697 2400 868 2465 porta
906 2392 1200 2449 duodecim
1236 2392 1441 2450 habent
1470 2412 1483 2461 ;
1518 2394 1829 2466 signiﬁcant
1874 2412 2026 2452 nam-

427 2497 534 2555 que
570 2483 866 2554 apostolos.
900 2482 1005 2539 Sed
1048 2482 1302 2555 superius
1334 2483 1737 2556 longitudinem
1760 2492 1812 2544 et
1840 2486 2025 2543 latitu-

426 2571 615 2630 dinem
646 2572 790 2630 hanc
818 2572 1102 2632 civitatem
1129 2574 1394 2647 aqualem
1424 2573 1624 2631 habere
1654 2575 1862 2633 dicitur
1886 2596 1898 2634 :
1933 2576 2026 2635 hic

425 2679 558 2719 vero
613 2663 821 2720 dicitur
855 2664 1005 2737 quod
1054 2663 1362 2736 longitudo,
1416 2664 1650 2722 latitudo
1705 2674 1759 2722 et
1787 2668 2024 2725 altitudo

422 2751 541 2823 ejus
593 2754 825 2826 aqualia
854 2762 1003 2810 sunt.
1062 2753 1359 2811 Possumus
1386 2771 1512 2824 ergo
1549 2756 1609 2811 in
1638 2756 1743 2814 hoc
1783 2758 1905 2813 loco
1928 2775 2025 2830 per

420 2841 529 2898 tria
555 2841 674 2899 hac
718 2859 839 2917 qua
895 2843 1097 2915 posuit,
1161 2843 1350 2913 ﬁdem,
1397 2860 1570 2916 spem,
1602 2853 1656 2901 et
1697 2846 2021 2904 charitatem

423 2928 771 3001 intelligere;
802 2931 879 2987 ita
907 2939 972 2987 ut
999 2948 1096 3003 per
1122 2931 1529 3002 longitudinem
1558 2932 1746 3000 ﬁdem,
1775 2951 1873 3007 per
1902 2937 2021 2992 lati-

420 3018 675 3074 tudinem
707 3018 1052 3090 charitatem,
1086 3038 1183 3094 per
1209 3020 1562 3079 altitudinem
1592 3039 1724 3079 vero
1745 3041 1896 3098 spem
1938 3027 2020 3081 in-

2138 1844 2249 1901 cies
2297 1858 2536 1916 namque
2580 1840 2874 1898 duodecim
2922 1839 3067 1895 ﬁunt
3110 1845 3334 1895 centum
3379 1836 3735 1910 quadraginta

2138 1941 2393 2008 quatuor.
2416 1932 2574 2001 Quod
2603 1939 2789 1988 autem
2818 1929 2957 1987 dicit
2984 1929 3270 1985 civitatem
3301 1935 3354 1984 et
3380 1944 3571 1984 muros
3592 1945 3734 1983 men-

2138 2040 2266 2080 sura
2306 2022 2571 2091 hominis,
2620 2038 2743 2095 qua
2797 2028 2878 2077 est
2928 2018 3131 2092 angeli,
3172 2018 3343 2074 fuisse
3395 2027 3738 2074 mensuratos

2141 2114 2282 2187 (92),
2315 2113 2655 2169 demonstrat
2684 2111 2941 2183 angelum
2991 2108 3048 2164 in
3087 2106 3515 2164 similitudinem
3545 2106 3738 2163 homi-

2136 2203 2223 2260 nis
2248 2202 2353 2259 sibi
2382 2201 2717 2274 apparuisse.
2749 2201 3046 2255 Possumus
3075 2197 3181 2254 hoc
3215 2197 3374 2254 aliter
3402 2197 3732 2270 intelligere.

2134 2293 2445 2350 Mensuram
2477 2290 2724 2347 hominis
2772 2289 2911 2347 dicit
2949 2304 3064 2346 esse
3093 2304 3408 2345 mensuram
3446 2289 3654 2360 angeli,
3683 2296 3735 2344 et

2132 2399 2197 2439 ea
2227 2399 2483 2439 mensura
2505 2381 2789 2438 civitatem
2822 2388 2876 2436 et
2906 2396 3095 2436 muros
3129 2378 3264 2436 dicit
3293 2394 3408 2435 esse
3440 2395 3732 2435 mensura-

2133 2480 2244 2541 tos;
2297 2473 2427 2547 quia
2472 2471 2648 2529 sancti
2698 2470 2808 2527 viri
2861 2469 3231 2553 aqualitatem
3280 2466 3563 2524 habebunt
3607 2485 3729 2525 cum

2131 2565 2361 2638 angelis,
2410 2573 2463 2621 et
2510 2580 2703 2620 eorum
2751 2578 3009 2619 mensura
3050 2559 3553 2628 mensurabuntur;
3606 2562 3733 2634 quia

2131 2662 2379 2719 eamdem
2411 2662 2641 2734 gloriam
2670 2659 3051 2733 possidebunt,
3069 2675 3232 2733 quam
3254 2665 3307 2714 et
3326 2658 3432 2727 illi,
3455 2658 3600 2715 sicut
3626 2659 3732 2713 Do-

2132 2752 2318 2809 minus
2348 2751 2484 2808 dicit
2513 2752 2571 2807 in
2602 2750 2904 2822 Evangelio
2937 2770 2950 2807 :
2999 2750 3095 2805 sIn
3126 2748 3525 2806 resurrectione
3554 2763 3730 2820 neque

2131 2842 2363 2910 nubent,
2394 2857 2571 2913 neque
2600 2857 2804 2896 uxores
2832 2839 3076 2909 ducent;
3109 2838 3204 2895 sed
3230 2846 3394 2896 erunt
3428 2839 3578 2896 sicut
3618 2853 3729 2894 an-

2131 2932 2238 3004 geli
2267 2930 2367 2987 Dei
2404 2930 2463 2986 in
2490 2931 2628 2988 calo
2661 2930 2873 3002 (Matth.
2904 2947 3050 2998 xxn,
3079 2928 3194 3001 30).
3226 2952 3245 2976 ι

2203 3032 2384 3105 (Vers.
2428 3029 2541 3102 18.)
2569 3031 2645 3087 Et
2671 3036 2786 3085 erat
2830 3034 3101 3084 structura
3134 3027 3282 3083 muri
3309 3025 3421 3096 ejus
3452 3043 3521 3081 ea:
3552 3025 3727 3099 lapide

419 3110 752 3183 telligamus.
820 3111 926 3168 Sed
984 3113 1261 3186 quomodo
1309 3115 1540 3187 aqualia
1588 3132 1703 3173 esse
1755 3127 2006 3189 possunt,
2038 3126 2082 3189 α
2117 3120 2359 3197 iaspide;
2390 3120 2507 3191 ipsa
2536 3136 2658 3175 vero
2700 3118 2888 3174 civitas
2927 3135 3063 3173 auro
3106 3116 3305 3172 mundo
3355 3115 3547 3171 similis
3593 3117 3729 3170 vitro

418 3216 546 3259 cum
579 3202 880 3275 Apostolus
898 3202 1076 3260 dicat:
1125 3228 1143 3253 ι
1171 3204 1329 3261 Nunc
1365 3214 1548 3262 autem
1596 3216 1821 3264 manent
1857 3209 2012 3279 ﬁdes,

417 3307 560 3365 spes,
591 3294 853 3364 charitas,
892 3295 1000 3352 tria
1041 3295 1197 3355 hac:
1253 3298 1429 3371 major
1469 3310 1653 3358 autem
1706 3302 1906 3359 horum
1935 3311 2018 3361 est

415 3382 658 3440 charitas
688 3385 748 3457 (Ι
776 3385 902 3443 Cor.
935 3403 1062 3457 xm,
1094 3389 1183 3461 13)
1202 3389 1232 3446 ‘I
1258 3413 1279 3439 ›
1321 3392 1459 3448 Nam
1500 3393 1753 3465 quamvis
1779 3393 2018 3452 charitas

414 3471 595 3543 major
612 3474 686 3531 sit
713 3474 976 3533 omnibus
1004 3477 1328 3548 virtutibus,
1374 3497 1438 3537 eo
1481 3482 1630 3553 quod
1677 3483 1797 3555 ipsa
1833 3494 2019 3542 manet

415 3567 475 3623 in
513 3576 818 3637 aeternum;
862 3570 1165 3628 secundum
1211 3580 1396 3630 tamen
1442 3575 1733 3647 quemdam
1789 3579 2016 3636 modum

416 3655 466 3711 is
494 3653 673 3712 tribus
702 3655 1004 3715 virtutibus
1053 3661 1340 3734 aqualitas
1393 3662 1596 3718 ascribi
1639 3672 1837 3735 potest.
1870 3669 2018 3727 Dicit

414 3742 621 3817 quippe
649 3744 952 3817 Apostolus
976 3748 1106 3822 quia
1120 3748 1256 3806 ﬁdes
1280 3766 1377 3822 per
1395 3748 1720 3809 charitatem
1741 3765 2014 3829 operatur,

414 3840 470 3889 et
512 3831 652 3891 ﬁdes
706 3834 828 3892 sine
883 3835 1145 3909 operibus
1183 3847 1406 3896 mortua
1441 3848 1524 3898 est
1555 3841 1694 3915 (Jac.
1725 3860 1787 3914 ιι,
1815 3846 1930 3919 26).
1959 3848 2017 3905 Si

413 3932 633 3983 mortua
650 3933 753 3996 est,
787 3926 884 3984 ille
920 3928 1012 3985 cui
1042 3936 1263 3987 mortua
1291 3939 1391 4000 est,
1417 3931 1563 3989 nihil
1581 3940 1665 3991 est
1690 3953 1703 3993 :
1745 3943 1798 3993 et
1812 3936 1859 3993 si
1883 3938 2018 3998 ﬁdes

410 4030 510 4089 per
536 4014 861 4073 charitatem
909 4027 1192 4092 operatur,
1243 4029 1298 4078 et
1337 4021 1423 4077 illi
1484 4030 1704 4081 mortua
1748 4033 1830 4083 est
1853 4071 1869 4097 ,
1920 4045 2018 4103 qui

407 4104 698 4163 charitatis
746 4123 912 4180 opera
958 4125 1070 4165 non
1108 4108 1294 4180 habet,
1344 4127 1472 4184 ergo
1525 4112 1665 4170 ﬁdes
1710 4121 1861 4173 tanta
1915 4127 2016 4189 est,

409 4203 614 4269 quanta
640 4204 771 4253 sunt
789 4204 847 4254 et
873 4214 1039 4271 opera
1083 4198 1394 4257 cbaritatis.
1425 4200 1696 4260 Similiter
1722 4222 1845 4278 spes
1865 4215 2019 4266 tanta

352 4360 366 4373 _
409 4292 512 4354 est,
543 4293 748 4358 quanta
776 4286 916 4344 ﬁdes
941 4296 997 4345 et
1024 4287 1286 4358 charitas;
1321 4290 1452 4362 quia
1480 4300 1689 4364 quanta
1707 4303 1839 4351 sunt
1857 4314 2020 4371 Opera

410 4373 564 4442 ﬁdei,
595 4390 717 4446 qua
764 4383 846 4432 est
877 4377 1138 4448 charitas,
1186 4387 1340 4437 tanta
1397 4389 1478 4437 est
1521 4389 1576 4437 et
1606 4387 1747 4455 'spes
1788 4385 2012 4458 gloria:

2122 3211 2342 3268 mundo.
2378 3208 2482 3266 Sed
2511 3217 2564 3266 et
2596 3208 2689 3265 hic
2723 3208 2967 3281 aliquam
2996 3206 3316 3264 distantiam
3355 3206 3503 3262 inter
3544 3222 3729 3262 muros

2124 3311 2180 3361 et
2233 3301 2517 3360 civitatem
2567 3299 2720 3357 fecit.
2763 3299 2951 3356 Muros
3001 3297 3147 3354 dixit
3180 3314 3251 3354 ex
3305 3283 3487 3370 lapide
3516 3295 3729 3369 jaspide

2125 3409 2241 3450 esse
2270 3396 2637 3459 constructos,
2676 3388 2853 3462 ipsam
2882 3404 3013 3446 vero
3044 3387 3324 3445 civitatem
3354 3403 3489 3443 auro
3521 3384 3728 3442 mundo

2125 3490 2180 3540 et
2209 3482 2353 3537 vitro
2383 3477 2592 3537 mundo
2622 3478 2767 3535 dixit
2795 3493 2911 3535 esse
2941 3476 3180 3535 similem
3218 3495 3230 3535 :
3261 3492 3359 3549 per
3384 3476 3725 3533 viriditatem

2126 3587 2367 3644 namque
2409 3568 2643 3643 jaspidis
2700 3567 2837 3624 ﬁdes
2892 3566 3257 3642 designatur;
3308 3582 3404 3641 per
3452 3565 3723 3640 iaspidem

2124 3687 2253 3743 ergo
2293 3666 2439 3724 582
2482 3669 2761 3743 simplices
2790 3668 2993 3743 quique
3031 3674 3086 3725 et
3126 3665 3436 3742 imperfecti
3473 3666 3586 3723 viri
3615 3682 3724 3723 non

2124 3760 2583 3818 inconvenienter
2638 3759 3040 3833 designantur;
3088 3758 3184 3831 qui
3239 3756 3348 3814 ﬁde
3397 3756 3685 3815 salvantur
3704 3801 3722 3826 ,

2124 3850 2268 3909 sicut
2315 3850 2455 3907 dicit
2495 3848 2761 3922 propheta
2793 3867 2807 3905 :
2854 3873 2874 3898 ι
2899 3850 3087 3905 Justus
3134 3854 3320 3905 autem
3366 3846 3425 3903 in
3473 3847 3585 3903 ﬁde
3628 3862 3724 3904 sua

2124 3939 2278 3996 vivet
2308 3939 2533 4012 (Habac.
2565 3956 2628 4009 ιι,
2660 3938 2744 4012 li).
2769 3963 2788 3988 ι
2824 3938 3011 3996 Sancti
3038 3946 3224 3994 autem
3253 3944 3309 3993 et
3336 3935 3568 4010 perfecti
3592 3936 3721 4004 viri,

2125 4029 2222 4101 qui
2250 4046 2344 4101 per
2371 4029 2659 4086 civitatem
2689 4027 3067 4102 designantur,
3098 4044 3234 4084 auro
3262 4026 3472 4083 mundo
3499 4042 3613 4082 non
3641 4025 3722 4081 in-

2125 4118 2519 4175 convenienter
2569 4118 2988 4186 assimilantur;
3039 4133 3104 4173 eo
3162 4115 3311 4190 quod
3355 4123 3409 4172 et
3455 4115 3723 4188 sapientia

2126 4206 2333 4262 fuerint
2371 4205 2584 4278 repleti,
2619 4223 2738 4278 qua
2782 4222 2878 4279 per
2922 4221 3117 4261 aurum
3161 4221 3302 4277 sape
3349 4204 3636 4277 ﬁguratur,
3667 4213 3723 4259 et

2125 4295 2361 4352 diversis
2390 4295 2853 4352 tribulationibus
2896 4294 3133 4369 probati,
3167 4295 3311 4351 sicut
3347 4310 3544 4350 aurum
3573 4290 3722 4366 quod

2124 4402 2221 4459 per
2263 4387 2446 4459 ignem
2493 4394 2774 4458 purgatur.
2820 4385 2922 4441 Per
2975 4385 3184 4441 vitrum
3239 4400 3371 4440 vero
3424 4382 3718 4450 mundum,

408 4462 471 4557 in
499 4472 766 4535 quantum
790 4483 1027 4539 namque
1054 4470 1433 4542 unusquisque
1453 4469 1634 4528 ﬁdelis
1649 4490 1747 4545 per
1763 4476 2017 4537 charita_
2047 4496 2096 4557 D
2127 4476 2274 4551 quod
2302 4477 2507 4533 clarius
2539 4484 2622 4533 est
2651 4475 2911 4533 omnibus
2940 4475 3198 4543 metallis,
3226 4474 3405 4547 angeli
3433 4472 3719 4545 designan-

407 4553 483 4608 tis
509 4570 673 4627 opera
712 4573 770 4613 se
815 4557 1052 4615 dilatare
1087 4562 1459 4632 pravaluerit,
1512 4563 1571 4619 in
1628 4573 1845 4625 tantum
1899 4573 2009 4632 sibi

410 4645 640 4718 gloriam
678 4648 869 4721 patria
897 4650 1134 4707 calestis
1160 4668 1466 4709 accrescere
1486 4670 1597 4710 non
1626 4654 1863 4719 dubitet.
1908 4724 1911 4729 λ

482 4744 666 4818 (Vera.
693 4746 808 4820 17.)
841 4750 914 4804 Et
937 4766 1146 4805 mensus
1173 4757 1248 4807 est
1273 4769 1452 4807 muros
1481 4753 1593 4823 ejus
1615 4772 1717 4828 per
1733 4757 2012 4816 circuitum

412 4840 617 4890 centum
640 4835 1004 4909 quadraginta
1033 4846 1273 4910 quatuor
1305 4840 1598 4897 cubitorum
1628 4861 1875 4903 mensura
1908 4850 2013 4903 lio-

406 4925 587 4995 minis,
612 4942 731 4998 qua:
756 4935 831 4983 est
850 4930 1046 5000 angeli.
1081 4929 1218 4997 Hoc,
1255 4931 1299 4986 si
1333 4932 1615 5005 superiora
1641 4934 2004 5007 attendamus,

406 5013 715 5072 secundum
748 5016 989 5074 litteram
1021 5025 1163 5076 stare
1196 5036 1309 5076 non
1335 5030 1534 5093 potest;
1576 5024 1828 5096 superius
1857 5042 2009 5081 nam-

406 5119 513 5178 que
536 5103 675 5163 dicit
701 5106 831 5180 quia
866 5123 1090 5164 mensus
1108 5116 1190 5165 est
1220 5109 1502 5168 civitatem
1534 5129 1630 5185 per
1656 5113 1832 5170 stadia
1876 5115 2010 5169 duo-

405 5193 618 5266 decim;
652 5197 745 5256 hic
780 5208 965 5258 autem
995 5216 1185 5259 muros
1221 5201 1463 5261 civitatis
1509 5213 1732 5263 centum
1765 5205 2010 5278 quadra-

404 5286 559 5361 ginta
612 5296 850 5363 quatuor
899 5292 1218 5352 cubitorum
1273 5294 1411 5353 dicit
1468 5311 1585 5354 esse
1623 5306 2004 5365 mensuratos;

478 5429 596 5520 (91)
627 5433 848 5517 Eadem
877 5434 1038 5520 edit,
1057 5437 1235 5520 majus
1257 5446 1332 5497 est
1356 5440 1587 5513 spatium
1606 5456 1706 5520 per
1733 5442 1873 5511 quod
1899 5459 2003 5520 eos,

405 5515 767 5630 ἕέἑῑέιχιέφὲηε
800 5515 980 5564 meriti
1025 5517 1166 5580 sunt,
1215 5520 1344 5583 etc.;
1405 5530 1536 5570 mss.
1602 5519 1806 5581 autem,
1835 5521 1898 5570 ut
1946 5516 2004 5571 in

481 5644 600 5716 (92)
623 5645 783 5717 Gill.,
811 5655 861 5707 et
883 5666 1067 5711 muros
1092 5670 1346 5716 mensura
1371 5654 1599 5716 hominis
1622 5662 1720 5727 est,
1755 5658 1839 5717 vel
1862 5673 2003 5717 men-

2120 4579 2231 4639 tur,
2272 4586 2409 4642 quos
2459 4568 2614 4626 nulla
2657 4570 2872 4626 macula
2918 4567 3126 4641 peccati
3165 4582 3408 4639 unquam
3436 4564 3716 4622 sordidare

2119 4659 2318 4731 potuit.

2194 4749 2376 4821 (Vers.
2417 4749 2529 4817 19.)
2558 4748 2923 4804 Fundamenta
2949 4745 3095 4802 muri
3120 4743 3346 4801 civitatis
3371 4744 3514 4800 omni
3544 4742 3716 4815 lapide

2114 4839 2344 4911 pretioso
2395 4845 2611 4897 ornata.
2657 4838 2921 4911 Superius
2972 4837 3221 4893 diximus
3275 4852 3373 4908 per
3420 4834 3713 4891 duodecim

2120 4928 2478 4984 fundamenta
2526 4927 2820 4984 duodecim
2866 4927 3145 4999 apostolos
3192 4942 3307 4981 esse
3353 4924 3709 4994 designatos;

2119 5034 2215 5090 per
2285 5018 2490 5091 lapides
2549 5026 2734 5075 autem
2810 5016 3079 5089 pretiosos
3133 5030 3323 5070 omnes
3367 5012 3503 5086 justi
3556 5009 3712 5067 desi-

2117 5116 2374 5181 gnantur.
2407 5108 2711 5165 Duodecim
2743 5125 2870 5179 ergo
2900 5106 3260 5163 fundamenta
3288 5104 3582 5161 duodecim
3620 5103 3713 5157 la-

2119 5200 2341 5272 pidibus
2369 5200 2715 5256 ornabuntur
2737 5217 2752 5267 ;
2782 5198 2912 5272 quia
2959 5198 3020 5255 in
3059 5198 3156 5253 illa
3197 5195 3538 5253 beatitudine
3577 5210 3712 5265 apo-

2118 5291 2243 5347 stoli
2274 5299 2328 5346 et
2365 5291 2548 5348 cateri
2590 5288 2973 5363 praedicatores
3020 5303 3120 5360 pro
3166 5295 3490 5343 ornamento
3540 5284 3712 5340 habe-

2115 5458 2301 5498 suram
2328 5442 2553 5497 hominis
2594 5442 2722 5499 dicit
2758 5446 2972 5514 angelos
3012 5443 3179 5515 fuisse
3215 5444 3566 5515 mensumtes.
3604 5440 3712 5497 Bo-

2114 5515 2264 5570 mani
2295 5523 2674 5585 correxerunt,
2699 5522 2747 5570 et
2789 5511 2973 5571 muros
3008 5511 3261 5571 mensura
3294 5511 3536 5585 flaminis
3581 5530 3711 5582 esse,

2112 5588 2210 5717 vflt
2221 5602 2474 5717 menpura
2502 5582 2747 5658 hominis,
2769 5594 2905 5657 etc.;
2929 5586 3025 5645 sed
3044 5604 3173 5645 mss.
3201 5582 3403 5641 melius
3423 5584 3605 5644 locum
3626 5601 3714 5643 re-

2111 5674 2139 5715 s
2165 5674 2184 5715 ι
2213 5673 2327 5717 uun
2358 5703 2371 5717 .
