4026 6172
308 367 441 426 1041

1191 372 1649 432 BERENGAUDI
1687 372 1789 430 EX
1819 372 2090 432 POSITIO
2129 328 2217 430 IN‘
2237 371 2743 433 APOCALYPSIN.

3470 372 3613 431 1042

305 498 442 555 bunt
482 510 596 566 eos,
644 497 742 570 qui
787 513 886 571 per
932 514 1025 557 eos
1071 484 1443 568 crediderunt,
1491 498 1752 573 quoniam
1799 515 1898 572 pro
1926 501 1979 560 A
2007 506 2136 555 tuor
2186 498 2358 555 libros
2425 498 2723 566 dividitur,
2762 514 2859 572 per
2900 499 3077 557 multa
3125 500 3246 558 loca
3290 496 3610 556 dissemina-

306 588 417 645 illis
445 588 714 646 omnibus
750 590 1063 649 mercedem
1094 590 1381 665 recipient.

371 686 797 743 Fundamentum
844 686 1083 759 primum
1118 686 1315 758 jaspis.
1370 686 1548 759 Jaspis
1591 685 1791 743 viridis
1847 702 1911 744 ac

306 777 476 851 pressi
506 776 709 834 coloris
734 785 818 833 est
849 777 966 850 (93)
1004 795 1015 833 :
1061 777 1334 850 signiﬁcat
1387 786 1567 834 autem
1598 776 1787 833 ﬁdeles
1815 793 1910 832 sae-

305 866 538 934 culares,
588 866 681 939 qui
731 881 763 920 a
810 865 966 921 vitiis
1008 866 1369 937 abstinentes,
1420 865 1674 940 quamvis
1719 882 1907 922 eorum

308 956 580 1025 viriditas,
632 956 688 1013 id
734 964 815 1013 est
860 956 1018 1026 ﬁdes,
1070 973 1140 1014 ex
1188 957 1382 1013 mundi
1422 957 1634 1014 actibus
1663 956 1910 1029 aliquan-

311 1047 484 1101 tulum
534 1046 902 1115 obfuscetur;
958 1048 1325 1122 eleemosynis
1370 1056 1557 1105 tamen
1598 1056 1651 1103 et
1697 1048 1910 1105 caeteris

305 1135 695 1192 misericordiae
753 1137 1013 1212 operibus
1060 1145 1280 1211 peccata
1325 1154 1422 1194 sua
1474 1137 1741 1194 redimere
1797 1153 1910 1193 non

304 1234 535 1283 cessant.
582 1227 694 1283 Nec
737 1227 836 1283 abs
882 1244 941 1284 re
986 1236 1067 1284 est
1097 1230 1244 1302 quod
1287 1230 1423 1284 tales
1474 1229 1531 1284 in
1579 1228 1759 1301 primo
1788 1228 1909 1284 loco

304 1326 587 1389 ponantur
621 1336 633 1374 :
669 1318 905 1390 apostoli
936 1334 1195 1392 namque,
1229 1318 1371 1375 sicut
1398 1335 1541 1391 saepe
1573 1317 1688 1389 jam
1736 1317 1912 1373 incul-

303 1412 487 1462 catum
540 1413 642 1476 est,
701 1408 963 1463 timentes
1008 1406 1077 1463 iis
1139 1408 1234 1481 qui
1291 1424 1361 1463 ex
1419 1407 1673 1479 gentibus
1731 1407 1911 1479 primo

302 1494 671 1565 crediderant,
715 1496 1021 1553 austeriora
1066 1496 1292 1554 Domini
1346 1504 1614 1570 praecepta
1659 1496 1910 1567 commit-

302 1590 417 1640 tere
444 1602 460 1652 ;
489 1599 559 1639 ne
590 1584 733 1641 forte
765 1585 971 1641 duritia
1001 1595 1398 1658 praeceptorum
1428 1586 1632 1655 territi,
1667 1602 1777 1641 non
1807 1603 1908 1642 au-

301 1672 497 1731 derent
552 1673 621 1729 ad
674 1674 1083 1747 suscipiendam
1140 1675 1347 1733 Christi
1396 1674 1561 1731 ﬁdem
1632 1674 1906 1743 accedere,

298 1764 643 1837 scripserunt
670 1764 750 1821 eis
800 1783 813 1822 :
870 1789 888 1813 ι
935 1766 1150 1823 Placuit
1185 1766 1415 1838 Spiritui
1448 1773 1635 1823 sancto
1665 1773 1719 1821 et
1747 1765 1910 1821 nobis

2015 600 2236 648 verunt.

2092 689 2273 761 (Vers.
2311 687 2428 760 20.)
2464 687 2690 755 Quintus
2726 685 3005 742 sardonire.
3040 685 3316 743 Sardonix
3342 686 3613 746 candidus

2019 786 2120 849 est,
2152 780 2211 835 in
2231 779 2464 835 rubeum
2494 778 2734 835 colorem
2754 794 3052 850 parumper
3079 776 3366 835 declinans
3398 796 3411 835 :
3444 778 3612 852 signi-

2019 869 2146 926 ﬁcat
2174 876 2357 924 autem
2388 867 2669 940 simplices
2704 883 2950 940 quosque
2980 875 3035 923 et
3085 867 3407 926 innocentes
3436 868 3609 937 viros,

2017 957 2112 1031 qui
2160 965 2382 1031 propter
2429 958 2559 1013 vita;
2588 956 2885 1029 puritatem
2915 974 3011 1030 per
3044 958 3283 1030 lapidem
3310 957 3611 1015 candidum

2016 1049 2389 1122 designantur.
2420 1048 2526 1117 Qui
2554 1064 2655 1120 pro
2682 1064 2747 1104 eo
2776 1047 2922 1122 quod
2954 1049 3258 1121 vigilando,
3284 1047 3608 1121 jejunando,

2016 1139 2362 1207 abstinendo,
2394 1153 2459 1195 ac
2510 1138 2744 1195 diversis
2795 1138 2975 1195 modis
3031 1156 3261 1213 corpora
3312 1155 3411 1197 sua
3461 1138 3612 1196 aﬂli-

2018 1232 2214 1305 gendo,
2269 1229 2540 1302 martyria
2608 1228 2714 1284 sibi
2770 1228 3087 1301 imponunt,
3159 1230 3315 1303 quasi
3370 1231 3611 1289 colorem

2017 1320 2249 1377 rubeum
2288 1317 2487 1374 habere
2526 1317 2790 1374 videntur
2820 1335 2832 1373 :
2872 1317 2967 1390 qui
3005 1334 3120 1374 non
3158 1319 3612 1376 inconvenienter

2017 1409 2076 1464 in
2106 1409 2301 1482 quinto
2352 1409 2471 1465 loco
2501 1415 2822 1480 ponuntur;
2870 1424 2965 1480 per
2993 1409 3310 1482 quinarium
3344 1410 3493 1467 enim
3512 1427 3611 1468 nu-

2018 1515 2230 1555 merum
2261 1515 2401 1571 szepe
2440 1499 2684 1572 quinque
2732 1514 2922 1556 sensus
2960 1502 3207 1573 corporis
3234 1500 3608 1574 designantur.

2018 1590 2216 1645 Beatus
2262 1605 2479 1662 quoque
2526 1590 2822 1662 Gregorius
2861 1589 3019 1658 dicit,
3070 1590 3200 1664 quia
3244 1608 3341 1663 per
3368 1591 3614 1665 quinque

2017 1677 2264 1752 corporis
2323 1679 2441 1751 (95)
2504 1694 2695 1733 sensus
2752 1678 3087 1734 exteriorum
3157 1679 3390 1737 scientia
3456 1680 3614 1739 desi—

2017 1777 2214 1842 gnatur
2248 1786 2259 1824 :
2294 1777 2347 1824 et
2368 1767 2498 1840 quia
2514 1766 2962 1823 istiexteriorum
2981 1768 3269 1825 scientiam
3318 1787 3480 1844 quam
3493 1787 3613 1844 per-

300 1856 450 1914 nihil
481 1857 766 1930 imponere
803 1857 962 1915 vobis
992 1857 1197 1928 oneris,
1228 1858 1342 1914 nisi
1365 1866 1428 1914 ut
1459 1857 1779 1914 abstineatis
1808 1875 1906 1915 vos
1940 1861 1987 1923 B
2020 1864 2301 1931 ceperunt,
2334 1856 2459 1912 aliis
2497 1854 2778 1929 impertire
2805 1855 3158 1924 studuerunt,
3197 1865 3340 1914 recte
3372 1859 3432 1915 in
3468 1857 3615 1916 aedi—

302 1949 698 2006 tantummodo
726 1966 759 2005 a
788 1949 1176 2019 fornicatione,
1219 1957 1274 2005 et
1310 1949 1379 2005 ab
1417 1949 1556 2007 escis
1584 1966 1705 2023 quae
1744 1948 1909 2005 idolis

302 2040 690 2110 immolantur,
737 2048 790 2097 et
817 2056 849 2097 a
876 2040 1163 2110 suffocato,
1205 2048 1261 2097 et
1306 2039 1573 2114 sanguine
1624 2040 1768 2111 (Act.
1810 2057 1906 2109 xv,

304 2131 396 2201 28,
446 2133 564 2204 29).
594 2157 615 2181 ι
657 2134 730 2188 Et
765 2133 825 2189 in
868 2133 980 2190 alio
1027 2133 1149 2191 loco
1194 2133 1390 2189 Petrus
1436 2131 1910 2189 conversationem

300 2223 557 2297 gentium
586 2240 837 2290 narrans,
859 2223 998 2282 dicit
1019 2224 1225 2282 Iudaeis
1259 2242 1271 2281 :
1319 2248 1338 2271 ι
1366 2225 1439 2279 Et
1458 2222 1554 2298 qui
1575 2222 1733 2279 novit
1747 2224 1912 2280 corda

299 2315 472 2382 Deus,
519 2314 899 2371 testimonium
946 2314 1250 2387 perhibuit,
1306 2312 1442 2370 dans
1488 2313 1601 2369 illis
1642 2312 1910 2385 Spiritum

297 2410 555 2467 sanctum
584 2404 729 2462 sicut
753 2414 808 2462 et
837 2403 1019 2474 nobis,
1056 2404 1165 2462 ﬁde
1195 2404 1494 2479 puriﬁcans
1524 2403 1692 2461 corda
1719 2418 1909 2459 eorum

299 2492 471 2566 (Ibid.
504 2492 560 2562 8,
591 2493 672 2566 9).
704 2518 723 2542 ι
769 2493 1096 2569 Quicunque
1125 2512 1253 2568 ergo
1282 2496 1417 2551 istos
1441 2494 1735 2551 imitantur
1767 2491 1906 2567 (94),

297 2580 354 2639 in
389 2580 570 2655 ﬁgura
606 2582 806 2657 lapidis
829 2584 1067 2658 jaspidis
1096 2585 1477 2642 continentur.

370 2678 648 2734 Secundus
703 2682 1007 2753 sapphirus.
1074 2681 1378 2755 Sapphirus
1435 2678 1655 2737 caerulei
1711 2678 1911 2736 coloris

295 2777 407 2836 est,
442 2767 586 2825 sicut
615 2767 958 2842 hyacinthus
992 2788 1003 2827 :
1035 2771 1131 2827 sed
1159 2778 1342 2844 guttas
1368 2771 1533 2827 habet
1564 2769 1908 2825 intermistas
1973 2840 1979 2846 ἢ

294 2858 552 2931 ejusdem
583 2858 805 2929 coloris,
839 2860 933 2916 sed
964 2860 1243 2933 nigrioris.
1278 2860 1553 2917 Videntur
1573 2860 1738 2917 etiam
1770 2858 1908 2913 mihi

294 2964 398 3022 per
435 2947 584 3003 hunc
620 2948 859 3021 lapidem
888 2952 1177 3006 saeculares
1207 2949 1432 3023 quidam
1471 2948 1580 3003 viri
1615 2948 1907 3020 designari,

297 3036 558 3096 coelestia
588 3036 812 3110 quidem
843 3037 1235 3105 desiderantes,
1268 3036 1363 3093 sed
1394 3038 1451 3092 in
1484 3036 1669 3093 saeculi
1700 3036 1912 3093 actibus

296 3128 494 3184 adhuc
520 3126 795 3198 occupati,
825 3143 895 3181 ex
924 3143 1032 3199 qua
1075 3126 1434 3198 occupatione
1476 3126 1738 3199 quasdam
1783 3142 1912 3182 ma-

2018 1946 2146 2004 ﬁcio
2181 1945 2423 2003 civitatis
2457 1953 2658 2001 sanctas
2686 1944 2943 2017 quintum
2974 1945 3159 2000 locum
3188 1945 3467 2003 obtinent.

2092 2044 2280 2099 Sextus
2310 2041 2549 2097 sardius.
2583 2040 2810 2098 Sardius
2839 2040 2981 2097 fulvi
3019 2042 3224 2098 coloris
3261 2051 3363 2112 est,
3395 2045 3490 2117 qui
3516 2060 3615 2116 pro

2020 2148 2086 2188 eo
2129 2130 2277 2205 quod
2308 2132 2367 2186 in
2398 2129 2773 2187 rubicundum
2814 2131 3057 2187 colorem
3087 2132 3497 2205 aliquantulum
3524 2133 3615 2190 de-

2020 2225 2228 2280 clinare
2271 2222 2511 2291 videtur,
2560 2237 2855 2295 parumper
2888 2221 3233 2281 obscuratur.
3263 2226 3365 2281 Per
3394 2224 3617 2281 fulvum

2021 2314 2205 2389 itaque
2233 2314 2494 2383 colorem,
2529 2311 2626 2386 qui
2655 2326 2821 2368 aureo
2851 2311 3025 2369 colori
3059 2314 3484 2387 appropinquat,
3514 2312 3613 2369 tri-

2019 2402 2331 2460 bulationes
2358 2415 2492 2475 quas
2519 2399 2694 2458 sancti
2722 2399 2789 2457 ab
2820 2398 3076 2458 hostibus
3100 2402 3470 2475 pertulerunt,
3504 2400 3616 2457 de-

2020 2493 2307 2566 signantur
2338 2510 2350 2548 :
2384 2491 2587 2547 rubens
2618 2507 2753 2547 vero
2790 2492 2943 2548 color
2980 2492 3311 2565 martyrium
3340 2491 3609 2563 designat.

2019 2584 2121 2640 Per
2150 2582 2394 2641 sardium
2422 2581 2593 2655 igitur
2620 2580 2798 2638 sancti
2825 2589 2879 2637 et
2915 2581 3142 2654 perfecti
3164 2580 3271 2637 viri
3310 2580 3615 2651 designan-

2019 2685 2129 2744 tur,
2163 2678 2258 2749 qui
2285 2683 2407 2747 post
2444 2673 2843 2745 experientiam
2880 2672 3131 2728 omnium
3162 2670 3456 2737 virtutum,
3489 2678 3613 2741 post

2017 2767 2263 2823 diversas
2290 2764 2715 2837 persecutiones,
2745 2771 2865 2835 post
2895 2762 3162 2818 immania
3185 2767 3462 2817 tormenta
3487 2777 3611 2834 qua;

2020 2858 2087 2914 ab
2116 2856 2358 2913 inimicis
2403 2857 2768 2929 pertulerunt,
2807 2854 2874 2911 ad
2920 2854 3174 2927 martyrii
3202 2854 3441 2927 palmam
3478 2869 3614 2926 per-

2022 2947 2212 3003 venire
2255 2953 2577 3002 meruerunt
2610 2962 2621 3001 :
2655 2946 2750 3018 qui
2797 2960 2908 3000 non
2957 2944 3257 3015 incongrue
3292 2943 3352 2999 in
3392 2941 3613 2999 senario

2023 3053 2274 3106 numero,
2303 3037 2396 3109 qui
2444 3036 2717 3108 perfectus
2747 3042 2850 3103 est,
2895 3041 3213 3107 ponuntur;
3256 3033 3385 3106 quia
3412 3040 3466 3088 et
3502 3031 3614 3088 vir-

2025 3128 2237 3185 tutibus
2266 3126 2494 3199 perfecti
2525 3126 2879 3195 exstiterunt,
2933 3133 2988 3181 et
3016 3125 3190 3198 ipsam
3220 3122 3612 3197 perfectionem

295 3219 462 3276 culas
506 3217 832 3273 contrahere
871 3215 1152 3272 videntur.
1200 3217 1307 3285 Qui
1352 3233 1451 3289 pro
1498 3234 1562 3273 eo
1606 3216 1754 3290 quod
1794 3233 1908 3272 om-
1939 3231 1983 3291 c
2023 3218 2292 3290 martyrio
2312 3222 2669 3272 ornaverunt.

294 3308 473 3366 nibus
527 3306 675 3365 curis
721 3306 966 3363 cmlestia
1005 3313 1368 3379 anteponunt,
1399 3306 1524 3364 coeli
1580 3305 1781 3362 habere
1823 3322 1911 3363 co-

295 3400 481 3456 lorem
512 3396 776 3455 dicuntur
806 3417 818 3454 :
850 3397 947 3477 qui
984 3396 1046 3453 in
1082 3398 1325 3455 secundo
1371 3414 1605 3454 numero
1653 3396 1777 3453 ideo
1818 3414 1910 3470 po-

297 3495 538 3556 nuntur,
572 3487 702 3560 quia
730 3489 909 3545 Deum
937 3504 1100 3561 super
1129 3488 1337 3559 omnia,
1368 3495 1423 3545 et
1459 3486 1743 3562 proximos
1770 3487 1913 3545 sicut

298 3584 515 3659 seipsos
545 3583 770 3639 student
798 3582 1049 3657 diligere.

383 3683 596 3741 Tertius
626 3683 1013 3741 chalcedonius.
1055 3681 1457 3741 Chalcedonius
1485 3681 1720 3739 rubeum
1747 3681 1913 3738 habet

304 3774 577 3841 colorem,
625 3775 720 3831 sed
766 3784 949 3832 tamen
995 3774 1312 3844 obscurum,
1365 3774 1472 3832 nisi
1517 3772 1762 3831 cavendo
1782 3780 1913 3830 atte-

305 3872 518 3922 nuetur
552 3884 563 3922 :
598 3865 718 3937 ipsa
762 3884 895 3924 vero
936 3867 1249 3925 concavitas
1284 3865 1721 3939 pulcherrimum
1754 3866 1914 3921 colo-

307 3969 431 4009 rem
480 3962 535 4010 et
586 3956 955 4025 gratissimum
1015 3957 1065 4012 ei
1115 3957 1349 4014 confert.
1400 3956 1685 4028 Signiﬁcat
1732 3961 1915 4011 autem

309 4051 369 4100 et
402 4044 506 4099 iste
556 4046 843 4101 saeculares
884 4047 1147 4117 quosdam
1194 4048 1365 4115 viros,
1410 4046 1507 4119 qui
1548 4053 1764 4118 quantas
1796 4062 1914 4101 san-

307 4133 525 4193 ctitatis
549 4142 676 4190 ante
705 4135 1105 4207 persecutionis
1143 4143 1360 4208 tempus
1402 4134 1631 4203 fuerint,
1662 4134 1917 4191 homines

310 4224 484 4283 latuit
525 4224 658 4281 :sed
716 4239 748 4279 a
791 4224 1231 4295 persecutoribus
1279 4225 1392 4281 suis
1422 4223 1657 4280 diversis
1690 4222 1917 4280 tribula-

311 4314 567 4373 tionibus
610 4314 902 4381 attenuati,
947 4321 1185 4386 quantus
1223 4314 1483 4387 splendor
1524 4314 1831 4372 sanctitatis
1859 4315 1916 4371 in

312 4407 401 4465 eis
431 4404 673 4472 latuerit,
702 4402 918 4461 cunctis
946 4404 1126 4477 patuit
1163 4423 1175 4462 ;
1206 4404 1301 4477 qui
1334 4421 1445 4460 non
1466 4404 1920 4463 inconvenienter

315 4499 380 4555 in
417 4495 581 4553 tertio
622 4496 743 4551 loco
775 4501 1060 4567 ponuntur
1100 4512 1114 4563 ;
1175 4510 1240 4551 eo
1282 4495 1430 4569 quod
1472 4496 1531 4550 in
1577 4496 1920 4554 confessione

2094 3317 2356 3388 Septimus
2401 3314 2771 3385 chrysolithus.
2822 3311 3213 3386 Chrysolithus
3239 3317 3391 3365 totus
3417 3322 3618 3363 aureus

2022 3412 2122 3475 est,
2155 3414 2210 3461 et
2253 3420 2394 3477 sepe
2442 3420 2539 3477 per
2584 3419 2780 3459 aurum
2831 3401 3100 3474 sapientia
3140 3399 3475 3470 designatur.
3515 3396 3619 3451 Per
3690 3448 3705 3461 ,

2022 3493 2431 3568 chrysolithum
2481 3508 2608 3565 ergo
2653 3492 2927 3565 sapientes
2967 3489 3025 3545 in
3070 3486 3320 3546 Ecclesia
3346 3484 3457 3541 viri
3511 3483 3618 3540 de-

2022 3589 2338 3661 signantur,
2401 3587 2497 3661 qui
2545 3593 2770 3659 propter
2807 3585 3077 3657 fulgorem
3137 3578 3417 3653 sapientiae
3465 3573 3617 3632 aurei

2024 3678 2168 3751 apud
2203 3677 2458 3734 homines
2495 3683 2640 3735 recte
2668 3675 2779 3733 dici
2810 3679 3077 3748 possunt;
3126 3669 3222 3746 qui
3251 3673 3619 3742 congruenter

2024 3768 2083 3824 in
2116 3768 2347 3841 septimo
2388 3769 2509 3825 loco
2561 3774 2885 3841 ponuntur;
2934 3780 3000 3822 eo
3043 3763 3190 3839 quod
3218 3768 3424 3835 septem
3458 3758 3620 3817 donis

2022 3858 2261 3931 Spiritus
2292 3857 2465 3915 sancti
2512 3858 2730 3930 repleti,
2777 3856 2983 3913 multos
3025 3852 3212 3911 verbis
3253 3858 3310 3908 et
3350 3846 3620 3921 exemplis

2024 3949 2092 4004 ab
2114 3946 2405 4020 iniquitate
2429 3946 2762 4004 everterint.

2100 4057 2324 4113 Octavus
2353 4055 2605 4127 behyllus.
2636 4052 2893 4125 Beryllus
2928 4049 3148 4107 eximias
3189 4045 3460 4105 claritatis
3512 4051 3615 4113 est,

2025 4146 2318 4203 caaruleum
2372 4145 2610 4200 colorem
2671 4141 2882 4198 habens
2950 4138 3285 4203 admistum;
3346 4132 3620 4205 signiﬁcat

2025 4242 2207 4291 autem
2249 4249 2398 4306 purae
2436 4232 2564 4288 vitae
2610 4230 2885 4297 homines,
2924 4234 2974 4282 et
3010 4243 3042 4282 a
3070 4224 3258 4282 saeculi
3287 4224 3497 4280 actibus
3526 4238 3624 4296 per

2027 4325 2216 4382 omnia
2256 4324 2465 4380 alienos
2499 4340 2510 4379 :
2551 4322 2645 4396 qui
2675 4337 2745 4377 ne
2774 4318 3081 4377 claritatem
3119 4316 3249 4371 vita:
3293 4331 3403 4371 suat
3432 4314 3621 4387 aliquo

2028 4413 2192 4470 modo
2223 4414 2580 4479 macularent,
2611 4410 2775 4467 etiam
2799 4425 2829 4463 a
2850 4405 3128 4463 consortio
3156 4409 3479 4461 caaterorum
3510 4402 3623 4459 ho-

2029 4503 2246 4559 minum
2294 4501 2624 4575 sequestrari
2673 4498 2967 4553 valuerunt
3001 4514 3013 4551 :
3048 4510 3284 4569 quorum
3314 4492 3535 4550 claritas
3564 4490 3622 4546 in

314 4594 523 4645 sanctae
548 4585 836 4642 Trinitatis
861 4583 1243 4658 perdurantes,
1287 4584 1356 4642 ad
1385 4585 1641 4660 martyrii
1679 4588 1916 4661 palmam

2033 4593 2329 4650 caeruleum
2383 4591 2625 4648 colorem
2653 4589 3007 4655 vertebatur;
3064 4586 3195 4661 quia
3231 4586 3370 4641 coelo
3412 4598 3626 4655 semper

317 4675 612 4749 pervenire
642 4674 965 4731 meruerint.

398 4777 635 4845 Quartus
686 4774 1020 4848 smaragdus.
1076 4774 1315 4831 Eximius
1362 4773 1798 4849 pulchritudinis
1843 4784 1921 4833 at-

318 4884 432 4942 que
474 4866 780 4924 viriditatis
818 4873 920 4935 est,
969 4865 1027 4922 in
1074 4874 1288 4923 tantum
1330 4876 1394 4924 ut
1436 4884 1501 4923 ea
1529 4884 1649 4940 quas
1692 4866 1839 4924 circa
1866 4883 1922 4924 se

319 4964 475 5026 sunt,
506 4973 607 5013 sua
635 4954 917 5011 viriditate
946 4954 1177 5011 inﬁciat.
1212 4955 1496 5028 Signiﬁcat
1517 4964 1701 5012 autem
1728 4956 1922 5029 praedi-

320 5056 539 5105 catores
566 5052 803 5114 sanctos,
824 5044 989 5117 quiet
1013 5044 1120 5100 ﬁde
1140 5044 1368 5113 virides,
1390 5052 1444 5101 et
1467 5045 1771 5103 virtutibus
1792 5063 1923 5119 prae-

320 5135 486 5204 clari,
542 5134 889 5207 splendorem
936 5150 1049 5190 suae
1095 5133 1224 5190 ﬁdei
1269 5133 1622 5206 pradicando
1675 5135 1925 5193 circum-

323 5240 546 5298 quaque
594 5231 910 5297 sparserunt
945 5242 957 5280 :
990 5222 1085 5297 qui
1141 5223 1265 5280 ideo
1321 5223 1380 5278 in
1430 5233 1625 5297 quarto
1679 5226 1802 5283 loco
1833 5242 1924 5298 po-

324 5322 563 5383 nuntur,
590 5332 655 5372 eo
682 5315 830 5388 quod
858 5313 1165 5371 doctrinam
1196 5314 1504 5387 Evangelii,
1538 5331 1660 5388 qua)
1688 5315 1749 5371 in
1781 5332 1928 5389 qua-

405 5477 527 5561 (9ἒξ)
552 5478 634 5561 Ita
659 5493 835 5561 mss._;
876 5474 1010 5533 edit.
1040 5481 1247 5545 autem,
1276 5476 1459 5549 Jaspis
1484 5495 1604 5534 vero
1631 5477 1825 5533 viridis
1866 5494 1929 5533 ac

328 5551 495 5623 spissi
519 5551 711 5605 coloris
738 5555 830 5605 est.

338 5693 350 5704 .
390 5621 525 5704 Δ(94)
558 5622 761 5704 anes
792 5621 952 5687 edit.,
980 5621 1145 5676 Deum
1176 5620 1459 5677 imitantur
1488 5639 1502 5689 _:
1544 5638 1738 5678 omnes
1767 5638 1923 5689 mss.,

329 5699 462 5749 istos
488 5699 786 5749 imitantur.

411 5766 528 5840 (95)
576 5765 794 5823 Easdem
840 5763 999 5837 edit.,
1045 5764 1406 5838 designantur.
1454 5767 1594 5836 Quia
1631 5765 1798 5839 igitur
1830 5782 1930 5837 per

2029 4683 2252 4753 intenti,
2312 4680 2616 4753 angelicam
2666 4678 2841 4734 vitam
2896 4675 3041 4732 inter
3097 4672 3350 4730 homines
3400 4670 3628 4729 duxisse

2027 4752 2499 4846 comprobantur:
2535 4769 2629 4843 qni
2674 4784 2787 4824 non
2839 4763 3299 4822 inconvenienter
3339 4763 3399 4819 in
3429 4770 3628 4820 octavo

2030 4865 2152 4921 loco
2180 4870 2497 4936 ponuntur;
2520 4860 2609 4917 bis
2631 4874 2865 4932 namque
2887 4856 3137 4929 quaterni
3170 4853 3311 4910 ﬁunt
3330 4860 3455 4910 octo
3482 4852 3624 4924 (96).

2030 4950 2452 5021 Quaternarium
2501 4949 2685 5021 itaque
2742 4960 3034 5002 numerum
3078 4942 3174 4999 isti
3216 4941 3624 5015 impleverunt;

2034 5043 2164 5116 quia
2194 5038 2482 5111 Evangelii
2514 5043 2843 5111 praeceptum
2874 5031 3047 5090 secuti
3076 5037 3224 5100 sunt,
3266 5029 3413 5103 quod
3441 5028 3579 5084 dicit
3612 5046 3624 5084 :

2048 5158 2067 5181 ι
2105 5131 2278 5200 Vade,
2306 5129 2483 5186 vende
2512 5127 2699 5185 omnia
2727 5142 2847 5198 quas
2876 5123 3066 5193 habes,
3097 5128 3153 5179 et
3179 5120 3249 5177 da
3275 5117 3626 5193 pauperibus,

2034 5229 2087 5279 et
2115 5219 2344 5278 habebis
2390 5219 2709 5275 thesaurum
2740 5216 2795 5271 in
2827 5214 2987 5281 cmlo,
3015 5220 3069 5269 et
3100 5210 3250 5277 veni,
3286 5223 3511 5282 sequere
3544 5224 3629 5263 me

2036 5311 2251 5386 (Matth.
2308 5324 2428 5377 xxx,
2476 5306 2593 5377 21).
2635 5330 2655 5354 ›
2706 5300 3127 5371 Quaternarium
3182 5312 3476 5356 numerum
3531 5294 3631 5353 du-

2035 5471 2263 5543 quinque
2284 5486 2464 5546 sensus
2490 5468 2758 5546 carparis;
2801 5473 2994 5546 contra
3022 5478 3153 5546 vero
3181 5459 3371 5519 cuncti
3400 5473 3531 5514 mss.
3568 5455 3628 5514 in

2036 5540 2276 5599 nostram
2310 5540 2716 5599 restitutionem
2749 5540 3119 5594 consentiunt.

2111 5615 2227 5687 (96)
2285 5615 2383 5671 Bis
2432 5627 2656 5683 namque
2702 5606 2952 5681 quaterni
3001 5607 3139 5679 ﬁunt
3180 5610 3314 5673 octo,
3372 5618 3443 5659 ex
3497 5618 3628 5658 mss.

2037 5686 2370 5745 restituitur.
