4060 6208
517 423 654 482 1043

1530 424 1626 481 AD
1665 421 1901 481 OPERA
1937 423 1993 480 S.
2037 419 2368 480 AMBROSII
2397 417 2778 476 APPENDIX.

3687 419 3826 476 1044

515 551 894 624 plicaverunt;
928 549 1058 623 quia
1086 548 1155 606 ad
1175 552 1320 613 583
1341 548 1485 606 idem
1503 549 1856 623 perfectionis
1883 548 2104 605 culmen
2132 551 2183 609 A
2210 546 2396 602 uarius
2451 545 2652 618 quippe
2699 558 2964 600 numerus
3013 540 3219 600 dividit
3261 549 3315 599 et
3360 540 3582 614 perﬁcit
3629 560 3832 601 omnes

515 653 722 708 multos
767 650 904 706 alios
932 665 1116 705 secum
1150 648 1516 705 conscendere
1543 654 1851 704 suaserunt.

583 743 769 798 Nonus
785 740 1048 812 topazius.
1074 739 1340 812 Topazius
1357 739 1482 794 aerei
1500 738 1759 810 aureique
1777 735 1978 793 coloris
1995 749 2110 790 esse

514 829 742 898 dicitur,
761 829 928 902 jubar
974 845 1135 884 suum
1175 828 1601 901 circumquaque
1647 843 1924 899 spargens.
1959 825 2109 896 Sape

515 936 612 993 per
641 937 838 976 aurum
874 919 1087 992 probati
1113 918 1245 987 viri,
1285 918 1533 991 qui‘igne
1566 915 1944 973 tribulationis
1974 930 2111 986 pro-

514 1007 737 1078 bantur,
771 1009 1158 1082 designantur:
1193 1007 1435 1080 ipsaque
1460 1006 1850 1062 tribulationes
1877 1004 2108 1058 diversa

514 1106 646 1166 sunt
671 1117 684 1165 ;
718 1098 1016 1170 aliquando
1045 1114 1281 1170 namque
1311 1097 1485 1152 sancti
1529 1095 1635 1149 viri
1663 1095 1898 1150 diversis
1921 1100 2112 1148 tenta—

516 1187 764 1242 tionibus
794 1203 929 1259 quas
970 1203 1002 1240 a
1044 1185 1388 1242 damonibus
1419 1184 1726 1256 patiuntur,
1757 1180 2062 1254 probantur
2092 1197 2104 1235 :

516 1275 815 1347 aliquando
846 1290 942 1346 per
970 1273 1376 1340 tribulationes,
1409 1290 1528 1345 qua
1559 1272 1638 1328 eis
1671 1288 1703 1327 a
1751 1271 1910 1326 malis
1934 1269 2109 1325 homi-

516 1365 682 1420 nibus
712 1365 1070 1436 ingeruntur;
1120 1364 1418 1436 aliquando
1450 1380 1545 1435 per
1593 1362 1944 1430 aﬂlictiones,
1977 1377 2111 1432 quas

518 1455 622 1526 ipsi
672 1455 778 1510 sibi
811 1455 1109 1526 ingerunt;
1168 1455 1466 1528 aliquando
1523 1454 1754 1525 ﬂagellis
1801 1453 1900 1509 Dei
1947 1452 2111 1507 etiam

518 1545 843 1618 probantur,
891 1553 945 1601 et
988 1561 1085 1618 per
1131 1545 1326 1602 activa
1356 1545 1484 1600 vita
1525 1545 1805 1601 exercitia.
1839 1543 2114 1600 Videntur

518 1636 707 1709 itaque
737 1635 877 1691 mihi
907 1653 1003 1708 per
1033 1636 1269 1708 lapidem
1305 1634 1576 1707 topazium
1617 1634 1657 1688 ii
1687 1632 1985 1704 designari,
2018 1632 2113 1704 qui

520 1727 672 1798 prius
720 1742 816 1797 per
863 1726 1055 1781 activa
1115 1726 1233 1796 (97)
1292 1725 1420 1779 vita
1476 1740 1640 1796 opera
1695 1723 2030 1795 probantur;
2061 1729 2115 1777 et

520 1821 708 1885 postea
734 1821 1020 1868 transeunt
1049 1813 1118 1868 ad
1145 1812 1655 1883 contemplativam.
1672 1813 1770 1867 Ille
1799 1811 1946 1866 enim
1969 1828 2115 1867 com-

520 1902 728 1973 petenti
755 1901 926 1973 gradu
955 1903 1022 1958 ad
1049 1900 1535 1975 contemplativam
1565 1901 1734 1957 vitam
1769 1900 2112 1968 conscendit,
2147 1915 2192 1974 Β

520 1991 616 2062 qui
691 1992 845 2062 prius
922 2009 1020 2064 per
1077 1993 1272 2048 activa
1337 1993 1466 2048 vita
1532 1992 1798 2050 exercitia
1859 1993 2119 2064 probatus

520 2080 727 2147 fuerit;
771 2097 899 2137 nam
931 2083 1024 2155 qui
1053 2083 1238 2139 subito
1265 2084 1334 2140 ad
1362 2083 1806 2156 contemplativa
1838 2083 1964 2138 vita
1995 2084 2119 2139 cel-

521 2169 820 2225 situdinem
851 2173 969 2226 sine
998 2172 1278 2228 exercitiis
1323 2174 1517 2228 activa
1548 2173 1676 2229 vita
1705 2173 1924 2240 transit,
1958 2172 2119 2228 facile

523 2262 746 2318 labitur.
768 2264 925 2330 Quod
946 2272 1128 2320 autem
1152 2265 1244 2322 hic
1265 2265 1402 2337 lapis
1422 2265 1602 2321 radios
1624 2281 1752 2320 suos
1772 2265 2118 2337 circumqua-

522 2368 627 2423 que
662 2369 914 2423 spargere
939 2353 1166 2422 dicitur,
1211 2353 1486 2425 signiﬁcat
1524 2355 1650 2409 illos
1681 2353 1850 2422 viros,
1900 2353 1995 2424 qui
2026 2369 2120 2424 per

523 2458 646 2497 eum
667 2442 1104 2516 designantur,et
1123 2445 1190 2500 ad
1219 2445 1412 2502 activa
1438 2445 1566 2502 vita
1590 2462 1754 2518 opera
1775 2445 2120 2517 praedicando

523 2532 726 2587 multos
758 2534 1110 2604 pertraxisse,
1140 2543 1193 2591 et
1220 2535 1289 2591 ad
1323 2535 1766 2608 contemplativa
1797 2536 1925 2591 vita
1963 2534 2119 2592 celsi-

525 2620 774 2676 tudinem
806 2623 1010 2680 multos
1048 2624 1214 2680 etiam
1251 2641 1438 2681 secum
1459 2624 1684 2681 duxisse
1716 2643 1728 2692 ;
1763 2625 1860 2697 qui
1887 2641 1999 2680 non
2021 2624 2124 2679 in-

524 2725 764 2781 congrue
819 2711 877 2767 in
923 2729 1070 2768 nono
1119 2715 1241 2770 loco
1288 2723 1606 2785 ponuntur:
1659 2723 1741 2769 ter
1778 2713 1926 2770 enim
1975 2713 2120 2769 terni

526 2797 676 2854 ﬁunt
714 2815 938 2857 novem.
981 2801 1167 2858 Sancti
1207 2817 1334 2874 ergo
1364 2802 1470 2858 viri
1501 2803 1596 2875 qui
1628 2809 1850 2875 propter
1875 2818 2120 2858 amorem

529 2895 732 2944 sancta
753 2889 1040 2945 Trinitatis
1062 2891 1119 2946 in
1139 2891 1334 2947 activa
1354 2890 1480 2946 vita
1502 2890 1663 2946 bonis
1693 2891 1950 2964 operibus
1971 2892 2124 2964 prius

533 2977 840 3049 aﬂligentes
859 2979 1198 3050 semetipsos,
1219 2981 1332 3035 suis
1349 2980 1832 3038 exhortationibus
1853 2999 2123 3056 quoscun-

531 3083 636 3138 que
669 3075 986 3138 potuerunt,
1019 3068 1087 3124 ad
1117 3086 1270 3125 suam
1298 3069 1666 3127 imitationem
1698 3080 2120 3143 pertraxerunt;

529 3162 583 3210 et
615 3154 813 3210 iterum
835 3155 903 3211 ad
928 3157 1406 3232 contemplandam
1437 3157 1684 3232 ejusdem
1710 3168 1911 3216 sancta
1943 3161 2122 3218 Trini-

527 3243 659 3299 tatis
687 3243 1037 3302 divinitatem
1067 3248 1518 3318 conscendentes,
1551 3250 1754 3306 multos
1785 3266 1971 3306 secum
2004 3267 2121 3322 per-
2156 3276 2199 3336 ο

525 3332 944 3403 duxerunt,non
961 3335 1415 3394 inconvenienter
1434 3339 1494 3394 in
1516 3355 1663 3394 nono
1679 3339 1798 3395 loco
1816 3347 2119 3411 ponuntur;

525 3437 591 3478 eo
646 3422 792 3495 quod
848 3426 1118 3482 talentum
1169 3427 1317 3500 quod
1369 3443 1400 3482 a
1455 3426 1694 3484 Domino
1742 3436 2121 3498 perceperunt,

526 3527 638 3568 non
692 3514 873 3570 solum
911 3515 1358 3586 duplicaverunt,
1413 3516 1510 3572 sed
1567 3524 1621 3572 et
1678 3516 2122 3588 triplicaverunt.

595 3608 838 3663 Decimus
877 3611 1277 3682 chrysoprasus.
1319 3612 1726 3684 Chrysoprasus
1764 3613 1902 3684 lapis
1929 3612 2126 3669 viridis

525 3697 785 3769 aureique
828 3699 1032 3754 coloris
1066 3715 1181 3755 esse
1213 3701 1534 3772 perhibetur
1566 3719 1578 3757 :
1616 3701 1711 3774 qui
1751 3718 1848 3774 pro
1879 3717 1942 3758 eo
1979 3701 2126 3775 quod

525 3783 584 3840 in
612 3783 827 3842 decimo
858 3787 978 3844 loco
999 3787 1246 3860 ponitur,
1278 3807 1569 3862 possumus
1589 3808 1684 3864 per
1702 3807 1827 3847 eum
1859 3791 2125 3864 quosdam

525 3875 776 3933 doctores
803 3877 1064 3934 Ecclesia
1095 3878 1426 3952 intelligere,
1456 3882 1551 3954 qui
1583 3890 1636 3938 et
1666 3881 1849 3938 verbis
1895 3882 1954 3937 in
1993 3899 2127 3940 cor-

525 3967 754 4041 poribus
801 3969 966 4042 positi
1015 3972 1220 4029 multos
1252 3973 1581 4040 docuerunt,
1625 3983 1681 4030 et
1720 3975 1896 4030 multo
1941 3975 2127 4047 plures

528 4057 645 4113 suis
691 4058 912 4130 scriptis
959 4059 1285 4118 erudierunt
1327 4071 1381 4118 et
1413 4063 1676 4119 erudiunt
1706 4063 1952 4136 quotidie
1983 4065 2124 4136 (98),

527 4156 588 4202 ut
636 4145 862 4204 fuerunt
913 4147 1309 4222 Hieronymus,
1341 4151 1704 4223 Augustinus,
1735 4151 2028 4225 Gregorius
2073 4163 2127 4210 et

527 4236 691 4291 multi
728 4237 858 4305 alii;
899 4239 992 4311 qui
1022 4239 1186 4295 etiam
1226 4249 1282 4296 et
1312 4240 1524 4297 lumina
1547 4241 1808 4298 Ecclesia
1839 4250 1987 4298 recte
2015 4242 2128 4299 dici

524 4331 755 4396 possunt
787 4343 798 4381 :
834 4327 928 4399 qui
959 4345 1056 4400 per
1096 4328 1336 4386 viridem
1379 4337 1432 4384 et
1471 4345 1700 4385 aureum
1739 4330 1982 4386 colorem
2021 4331 2127 4386 de-

524 4411 849 4483 signantur;
891 4431 956 4471 eo
1005 4417 1152 4488 quod
1195 4418 1478 4474 viriditate
1525 4417 1654 4473 ﬁdei
1701 4417 1910 4474 fuerint
1956 4418 2122 4486 ﬁrmi,

524 4508 578 4556 et
606 4503 895 4575 sapientia,
926 4514 989 4561 ut
1019 4523 1214 4562 aurum
1258 4507 1477 4580 fulgidi.
1511 4508 1614 4563 Per
1660 4507 1948 4564 denarium
1996 4526 2126 4566 vero

523 4607 818 4648 numerum
847 4601 1007 4650 vetus
1038 4594 1468 4666 Testamentum,
1501 4604 1723 4668 propter
1756 4596 1944 4653 decem
1975 4598 2123 4654 vide-

523 4680 653 4738 licet
681 4691 950 4756 pracepta
979 4683 1156 4756 Legis,
1189 4701 1480 4757 possumus
1510 4686 1837 4759 intelligere.
1879 4689 1952 4744 Et
1994 4689 2124 4762 quia

525 4779 690 4829 vetus
719 4773 1126 4830 Testamentum
1167 4773 1286 4830 sine
1330 4773 1580 4832 doctrina
1616 4775 1750 4831 novi
1789 4777 2123 4834 Testamenti

519 4864 708 4919 nullus
736 4863 1044 4936 intelligere
1077 4871 1275 4936 potest,
1310 4882 1373 4922 eo
1417 4866 1564 4938 quod
1603 4867 1871 4939 spiritalis
1901 4868 2120 4923 intelli-

519 4953 704 5025 gentia
753 4952 811 5007 in
852 4953 1024 5007 veteri
1056 4953 1406 5010 Testamento
1447 4954 1590 5010 nihil
1636 4955 1708 5011 sit
1747 4957 1922 5024 aliud,
1955 4971 2118 5028 quam

516 5057 725 5098 novum
761 5042 1202 5109 Testamentum;
1256 5059 1368 5098 non
1415 5043 1875 5101 inconvenienter
1916 5045 1975 5100 in
2014 5044 2119 5100 de-

513 5133 660 5191 cimo
717 5133 840 5190 loco
889 5140 1193 5206 ponuntur,
1251 5147 1315 5188 eo
1371 5132 1519 5205 quod
1574 5133 1861 5191 scientiam
1917 5133 2119 5190 veteris

513 5221 851 5279 Testamenti
882 5237 945 5278 ac
977 5219 1108 5276 novi
1135 5220 1510 5292 plenissimam
1558 5223 1874 5280 habuerint.
1909 5224 2118 5280 Possu-

512 5326 635 5365 mus
671 5317 726 5365 et
769 5308 1056 5366 denarium
1104 5324 1397 5364 numerum
1435 5310 1598 5366 aliter
1643 5310 1987 5382 intelligere;
2026 5309 2116 5367 de-

580 5509 698 5581 (97)
721 5511 856 5581 Mss.
881 5510 1050 5565 etiam
1081 5509 1338 5566 omnibus
1368 5507 1600 5581 debetur
1637 5507 1755 5566 hac
1783 5508 2066 5566 restitutio
2097 5528 2108 5566 :

503 5581 561 5636 in
591 5579 725 5636 edit.
773 5580 929 5653 enim,
951 5581 1251 5652 legebatur,
1283 5579 1376 5650 qui
1410 5581 1730 5653 peractivce
1777 5581 1914 5653 vita
1945 5597 2110 5653 opera

501 5650 1054 5775 ad‘conteir'tplativain
1083 5653 1246 5706 vitam
1286 5650 1658 5719 conscendunt,
1697 5653 1790 5724 qui
1822 5650 1992 5725 prius
2005 5671 2109 5725 per

500 5739 562 5776 ac
589 5738 706 5778 ww.
738 5739 765 5776 e
794 5740 843 5778 c.

574 5791 690 5861 (98)
723 5792 804 5847 Ita
831 5807 997 5860 mss.;
1033 5791 1165 5850 edit.
1198 5808 1352 5864 vero,
1372 5800 1421 5850 et
1441 5795 1710 5852 erudiunt.
1742 5795 1847 5865 Qui
1875 5795 2033 5854 etiam
2057 5800 2105 5853 et

2220 650 2477 691 numeros
2507 651 2519 688 ε
2555 633 2632 688 ita
2659 641 2714 690 et
2758 633 2852 688 isti
2883 631 3198 688 diviserunt
3225 631 3637 706 quodammodo
3671 634 3834 690 Scri-

2221 736 2428 799 pturas,
2457 741 2584 781 cum
2615 741 2705 781 eas
2733 723 3062 796 exponendo
3104 740 3200 796 per
3242 723 3542 779 sententias
3573 731 3629 778 et
3658 725 3834 783 libros

2224 815 2418 889 partiti
2449 823 2579 870 sunt
2611 831 2622 869 :
2658 812 3057 870 ordinaverunt
3097 829 3207 881 eas,
3238 829 3362 868 cum
3401 829 3590 868 earum
3623 813 3837 871 obscu-

2221 905 2410 961 ritates
2437 910 2770 976 aperuerunt
2802 920 2816 969 ;
2857 911 2911 959 et
2948 919 3069 975 qua
3118 902 3432 958 inordinata
3468 902 3832 972 videbantur,

2222 1009 2385 1066 quam
2416 999 2627 1048 rectum
2658 990 2908 1047 ordinem
2940 990 3260 1060 habuerint,
3287 991 3831 1049 manifestaverunt:

2223 1082 2569 1154 perfecerunt
2595 1088 2801 1146 autem,
2831 1097 2958 1136 cum
2991 1096 3055 1136 ea
3100 1096 3221 1152 qua
3250 1079 3435 1136 deesse
3465 1080 3833 1150 videbantur,

2224 1172 2644 1242 suppleverunt.

2301 1260 2610 1317 Undecimus
2662 1258 2991 1329 hyacinthus.
3043 1257 3391 1331 Hyacinthus
3433 1256 3593 1329 cujus
3625 1259 3841 1332 species

2225 1348 2592 1422 hyacinthino
2622 1348 2796 1404 colori
2844 1363 3044 1403 nomen
3076 1347 3361 1418 imposuit,
3396 1347 3839 1419 pretiosissimus

2225 1447 2325 1507 est,
2370 1438 2495 1494 coeli
2542 1436 2722 1492 sereni
2771 1437 3010 1492 colorem
3043 1435 3269 1502 habens,
3303 1436 3447 1492 sicut
3486 1436 3792 1509 sapphirus
3823 1455 3836 1492 :

2227 1526 2321 1582 sed
2368 1527 2463 1582 ille
2509 1525 2754 1582 maculas
2806 1524 2989 1592 habet,
3041 1523 3201 1580 istius
3243 1523 3604 1595 pulchritudo
3666 1527 3839 1582 nullis

2227 1614 2460 1672 maculis
2505 1614 2851 1687 deturpatur.
2888 1612 3176 1685 Signiﬁcat
3215 1621 3398 1669 autem
3426 1620 3650 1670 sanctos
3690 1616 3838 1672 viros

2227 1703 2293 1759 ab
2350 1702 2608 1758 omnibus
2663 1701 2917 1758 sordibus
2957 1710 3306 1773 peccatorum
3347 1701 3582 1768 alienos,
3636 1709 3835 1760 terram

2227 1793 2573 1866 corporibus,
2606 1793 2805 1848 coelum
2844 1791 3126 1848 mentibus
3155 1808 3370 1864 semper
3408 1791 3792 1849 inhabitantes
3821 1813 3834 1862 ;

2229 1886 2295 1941 de
2325 1885 2580 1958 qualibus
2623 1885 2730 1941 fuit
2776 1886 3091 1958 Apostolus,
3141 1885 3236 1958 qui
3280 1885 3540 1942 dicebat:
3588 1908 3609 1932 ι
3642 1886 3838 1942 Nostra

2228 1984 2412 2031 autem
2429 1975 2849 2030 conversatioin
2867 1974 3020 2031 coelis
3037 1983 3119 2030 est
3144 1974 3404 2046 (Philipp.
3435 1992 3519 2042 in,
3547 1973 3670 2046 20).
3687 1999 3705 2023 ι
3735 1975 3837 2044 Qui

2230 2081 2342 2120 non
2387 2063 2845 2120 inconvenienter
2890 2063 2948 2118 in
2994 2063 3292 2122 undecimo
3336 2065 3456 2120 loco
3499 2075 3836 2136 ponuntur;

2229 2171 2324 2226 per
2344 2153 2530 2210 decem
2550 2169 2789 2226 namque
2809 2154 3039 2209 scientia
3059 2153 3375 2210 divinarum
3400 2155 3838 2227 Scripturarum,

2228 2243 2372 2299 sicut
2400 2243 2652 2313 superius
2681 2241 2949 2310 diximus,
2976 2240 3093 2312 jam
3123 2241 3481 2315 designatur;
3527 2261 3684 2300 unus
3715 2262 3839 2301 vero

2229 2331 2323 2405 qui
2353 2331 2482 2388 dece
2501 2347 2539 2385 n
2571 2331 2840 2404 sequitur,
2876 2339 2937 2388 ut
2967 2331 3224 2389 undecim
3256 2332 3412 2402 ﬁant,
3442 2334 3513 2390 ad
3544 2337 3722 2391 unius
3749 2338 3840 2393 Dei

2228 2420 2747 2492 contemplationem
2772 2421 3030 2493 pertinet.
3063 2423 3159 2478 Isti
3190 2440 3316 2495 ergo
3347 2423 3524 2480 sancti
3555 2424 3838 2480 decimum

2231 2527 2523 2567 numerum
2579 2513 2696 2584 (99)
2747 2515 3210 2586 compleverunt;
3246 2515 3374 2588 quia
3422 2516 3663 2573 scientia
3705 2519 3842 2573 div-i-

2230 2617 2426 2658 narum
2486 2602 2894 2674 Scripturarum
2968 2604 3183 2676 repleti,
3255 2607 3459 2662 multos
3529 2606 3654 2662 suis
3713 2625 3843 2681 pra-

2231 2690 2604 2747 dicationibus
2669 2691 2738 2747 ad
2797 2691 2971 2747 vitam
3051 2701 3312 2749 aternam
3382 2695 3778 2768 perduxerunt
3829 2716 3841 2752 :

2231 2795 2410 2837 unum
2468 2799 2762 2838 numerum
2831 2785 3248 2857 compleverunt
3298 2804 3312 2854 ;
3393 2789 3523 2861 quia
3578 2788 3642 2843 in
3706 2807 3846 2846 con-

2232 2872 2590 2942 templatione
2620 2873 2721 2928 Dei
2750 2874 3145 2946 omnipotentis
3175 2875 3381 2932 assidui
3431 2877 3666 2932 fuerunt
3702 2894 3715 2931 :
3751 2895 3848 2933 nec

2232 2964 2499 3020 instantia
2543 2965 2950 3037 praedicationis
2994 2983 3024 3022 a
3071 2967 3554 3038 contemplatione,
3616 2986 3730 3026 nec
3757 2986 3847 3024 as-

2237 3054 2396 3110 sidua
2447 3055 2840 3127 contemplatio
2886 3072 2917 3110 a
2962 3055 3350 3128 pradicatione
3394 3074 3485 3112 eos
3545 3059 3839 3122 retraxit;

2235 3141 2660 3199 similitudinem
2715 3151 2983 3216 gestantes
3029 3145 3368 3216 angelorum,
3423 3146 3518 3218 qui
3568 3153 3627 3200 et
3678 3162 3849 3217 ange-

2235 3231 2405 3288 licum
2463 3231 2706 3287 ofﬁcium
2769 3248 2983 3305 semper
3039 3232 3291 3304 implent,
3363 3239 3417 3288 et
3486 3248 3522 3287 a
3589 3243 3844 3291 contem-

2234 3327 2478 3399 platione
2525 3326 2626 3381 Dei
2672 3327 3070 3399 omnipotentis
3115 3343 3400 3400 nunquam
3453 3327 3628 3383 alieni
3691 3328 3843 3384 exsi-

2233 3424 2406 3472 stunt.
2455 3417 2534 3471 De
2577 3415 2781 3472 talibus
2820 3415 3041 3472 videtur
3079 3415 3218 3471 mihi
3267 3416 3536 3488 propheta
3580 3417 3838 3473 dixisse:

2249 3526 2268 3550 ι
2298 3503 2464 3559 Labia
2502 3503 2798 3560 sacerdotis
2839 3504 3162 3562 custodiunt
3202 3505 3516 3574 scientiam,
3564 3515 3620 3561 et
3675 3510 3840 3579 legem

2234 3593 2524 3666 requirunt
2555 3609 2625 3649 ex
2650 3610 2742 3650 ore
2771 3593 2889 3666 ejus
2916 3614 2930 3663 ;
2982 3594 3112 3668 quia
3139 3597 3364 3668 angelus
3407 3596 3642 3652 Domini
3682 3614 3842 3653 exer-

2234 3682 2444 3739 cituum
2476 3689 2556 3738 est
2588 3684 2843 3755 (Malach.
2878 3701 2940 3752 II,
2975 3685 3053 3756 7).
3079 3708 3096 3732 ι
3131 3686 3208 3741 De
3231 3685 3432 3741 talibus
3461 3685 3577 3742 fuit
3605 3687 3843 3743 Joannes

2235 3769 2500 3842 Baptista,
2533 3771 2600 3826 de
2627 3788 2734 3845 quo
2761 3772 3030 3829 Dominus
3051 3773 3268 3830 dicebat
3299 3792 3310 3829 :
3360 3798 3378 3823 ι
3410 3774 3515 3831 Hic
3535 3783 3624 3831 est
3652 3777 3721 3832 de
3743 3792 3841 3849 quo

2235 3859 2502 3932 scriptum
2551 3869 2632 3917 est
2684 3880 2695 3918 :
2745 3864 2886 3919 Ecce
2945 3863 3105 3919 mitto
3160 3863 3416 3936 angelum
3467 3879 3667 3921 meum
3726 3874 3841 3922 ante

2235 3947 2431 4005 faciem
2485 3956 2658 4018 tuam,
2704 3951 2799 4024 qui
2846 3951 3174 4024 praparabit
3206 3951 3356 4008 viam
3401 3959 3559 4009 tuam
3604 3964 3742 4012 ante
3789 3966 3835 4010 te

2237 4037 2390 4108 (Luc.
2422 4055 2522 4106 vn,
2553 4039 2668 4111 27).
2709 4064 2727 4086 ι

2304 4129 2655 4184 Duodecimus
2735 4130 3070 4202 amethystus.
3151 4130 3302 4204 Sape
3374 4147 3470 4204 per
3545 4131 3843 4190 duodena-

2234 4217 2379 4272 rium
2424 4233 2716 4273 numerum
2764 4221 2996 4292 apostoli
3022 4219 3380 4294 designantur
3424 4238 3436 4277 :
3487 4222 3844 4296 amethystus

2235 4321 2366 4361 vero
2396 4322 2704 4378 purpureus
2733 4315 2815 4364 est
2842 4326 2856 4375 ;
2897 4316 2950 4364 et
2979 4309 3186 4365 scimus
3222 4310 3350 4382 quia
3391 4326 3641 4382 purpura
3673 4331 3842 4368 orna—

2235 4406 2482 4454 mentum
2516 4404 2597 4454 est
2627 4399 2825 4470 regale.
2857 4399 2959 4454 Per
2993 4397 3370 4472 amethystum
3399 4399 3574 4472 igitur
3600 4403 3838 4474 apostoli

2234 4503 2533 4561 eorumque
2589 4487 2798 4544 similes
2854 4486 3228 4560 designantur,
3289 4489 3384 4562 qui
3443 4501 3839 4548 ornamentum

2235 4577 2460 4633 fuerunt
2504 4576 2651 4646 Dei;
2700 4576 2829 4650 quia
2875 4593 2999 4632 eum
3047 4594 3142 4650 per
3187 4577 3509 4634 universum
3565 4582 3839 4638 mundum

2153 4639 2203 4698 D
2234 4639 3140 4739 pradicaverunt..0rnamentum
3193 4666 3292 4722 Dei
3333 4666 3442 4724 fuit
3491 4667 3722 4738 Petrus,
3772 4670 3836 4726 de

2231 4773 2340 4830 quo
2393 4755 2658 4828 scriptum
2705 4762 2786 4812 est
2840 4755 2988 4830 quod
3043 4755 3430 4813 clariﬁcaverit
3455 4757 3637 4813 Deum
3669 4767 3841 4815 morte

2230 4861 2328 4900 sua
2377 4846 2557 4917 (Joan.
2608 4861 2730 4914 xxr,
2779 4846 2870 4917 i9)
2922 4863 2934 4900 :
2976 4843 3234 4901 similiter
3273 4853 3328 4901 et
3369 4846 3554 4901 cateri
3602 4845 3839 4919 apostoli

2229 4939 2612 4990 ornamentum
2643 4933 2741 4990 Dei
2771 4933 2998 4989 fuerunt
3052 4950 3064 4988 :
3111 4934 3240 5005 quia
3284 4949 3409 4990 eum
3456 4934 3838 5006 praedicando,

2229 5024 2492 5080 miracula
2521 5021 2793 5092 faciendo,
2826 5038 2926 5095 pro
2959 5021 3184 5078 nomine
3213 5020 3333 5094 ejus
3362 5023 3684 5097 moriendo,
3717 5029 3835 5084 cla-

2227 5112 2603 5170 riﬁcaverunt.

2300 5211 2482 5285 (Vers.
2515 5210 2632 5282 2t.)
2675 5211 2749 5267 Et
2777 5209 3050 5266 duodecim
3083 5216 3258 5284 porta
3288 5209 3567 5266 duodecim
3603 5228 3843 5285 marga-

2222 5306 2342 5362 ritae
2366 5323 2463 5379 per
2498 5306 2734 5378 singulas
2765 5323 2783 5362 .·
2820 5313 2868 5362 et
2893 5306 3116 5378 singulae
3135 5312 3312 5379 porta:
3339 5312 3496 5363 erant
3547 5324 3615 5363 ea;
3643 5309 3842 5380 singu—

2224 5509 2425 5566 lumina
2460 5510 2797 5566 Ecclesia...
2829 5524 2885 5564 eo
2913 5508 3054 5578 quod
3083 5505 3354 5578 viriditate
3399 5505 3548 5577 ﬁdei,
3581 5506 3845 5578 ﬁrmitate

2218 5588 2267 5636 et
2287 5581 2567 5660 sapientia,
2597 5588 2653 5636 ut
2679 5596 2874 5660 aurum
2901 5577 3101 5660 futgidi
3128 5577 3372 5660 fuerunt.

2291 5653 2407 5724 (99)
2439 5653 2639 5710 Omnes
2669 5652 2826 5720 edit.,
2875 5652 3230 5724 undeuarium
3287 5666 3609 5724 numerum;
3644 5666 3846 5706 omnes

2218 5719 2666 5792 mss.,'decimum
2711 5719 3006 5780 numerum.
3048 5722 3270 5792 Melius,
3321 5737 3447 5780 cum
3496 5719 3572 5778 de
3620 5724 3843 5780 unitate

2214 5795 2361 5853 infra
2397 5795 2633 5856 dicatur.
