4026 6172
333 239 479 300 1045

1251 241 1709 301 BERENGAUDI
1747 239 2121 300 EXPOSITIO
2155 241 2230 300 IN
2264 241 2774 302 APOCALYPSIN.

3497 245 3639 306 1046

335 368 402 425 lis
448 365 783 438 margaritis.
835 364 952 422 Hoc
995 364 1296 422 secundum
1345 366 1582 423 litteram
1629 375 1774 424 stare
1817 383 1929 422 non
1957 368 2010 428 A
2037 366 2288 424 incedere
2317 385 2425 424 non
2459 377 2636 442 potest
2668 387 2680 427 :
2709 369 2765 426 in
2796 369 2894 426 illa
2920 371 3106 427 autem
3137 369 3502 441 beatitudine,
3533 371 3640 430 ubi

333 463 531 532 potest.
563 455 620 512 Si
650 454 883 527 singulae
921 462 1093 526 portae
1124 462 1279 510 erant
1305 471 1375 511 ex
1400 457 1635 530 singulis
1675 456 1934 531 margari-

333 549 427 617 tis,
459 545 738 622 quomodo
766 561 864 618 per
901 562 1348 619 unamquamque
1377 547 1672 605 duodecim
1713 563 1935 619 marga-

334 639 456 696 ritae
486 637 655 694 fuisse
683 636 948 692 dicuntur
968 636 996 692 ?
1021 635 1124 691 Sed
1155 636 1479 708 spiritaliter
1510 637 1934 710 intelligendum

335 736 457 798 est;
504 727 796 785 duodecim
827 743 1063 800 namque
1107 729 1412 800 margaritae
1442 735 1591 796 sunt,
1637 745 1706 783 ex
1736 728 1938 801 quibus

337 819 570 892 singulas
601 824 803 890 porteae
848 832 964 872 esse
993 815 1278 885 dicuntur,
1326 817 1382 872 id
1408 825 1509 883 est,
1541 824 1761 873 centum
1793 833 1938 891 qua-

337 908 590 981 draginta
617 913 872 980 quatuor,
905 921 1002 977 per
1031 922 1164 978 quas
1193 908 1566 978 apostolorum
1598 923 1936 963 successores

337 997 590 1054 doctores
637 997 898 1052 Ecclesiae
942 996 1320 1068 designantur,
1368 997 1463 1070 qui
1512 996 1675 1052 ﬁdem
1719 996 1937 1052 doctri-

337 1102 574 1160 namque
621 1087 996 1159 apostolorum
1027 1095 1154 1142 sunt
1194 1086 1389 1154 secuti,
1420 1093 1473 1142 et
1497 1093 1651 1142 actus
1685 1085 1887 1141 imitati
1917 1103 1932 1153 ;

337 1178 434 1251 qui
485 1185 708 1249 propter
751 1177 882 1231 vitae
914 1175 1244 1232 munditiam
1276 1183 1330 1232 et
1356 1175 1698 1232 sanctitatem
1735 1174 1937 1247 praeci—

337 1284 502 1340 puam
569 1283 665 1338 per
709 1265 1003 1322 candorem
1066 1265 1483 1336 margaritarum
1532 1264 1935 1335 signiﬁcantur.

337 1357 412 1412 Et
429 1356 621 1427 plateae
646 1353 876 1409 civitatis
906 1370 1102 1408 aurum
1130 1354 1407 1421 mundum,
1451 1360 1704 1423 tanquam
1739 1353 1939 1408 vitrum

331 1444 684 1516 perlucidum.
719 1442 983 1516 Superius
1008 1459 1104 1515 per
1131 1460 1327 1499 aurum
1351 1442 1621 1498 mundum
1648 1450 1701 1498 et
1732 1442 1939 1497 vitrum

338 1533 608 1592 mundum
656 1533 926 1605 perfectos
980 1533 1130 1589 viros
1158 1541 1212 1588 et
1253 1539 1471 1588 sanctos
1519 1533 1740 1605 angelos
1783 1530 1942 1586 dixi-

340 1641 463 1682 mus
517 1622 901 1697 signiﬁcatos:
959 1623 1053 1679 sed
1114 1623 1208 1679 hic
1263 1639 1359 1695 per
1414 1623 1646 1694 plateam
1699 1621 1942 1678 civitatis

2043 458 2210 514 nullae
2239 458 2475 514 tenebrae
2504 467 2688 528 erunt,
2721 461 2878 516 nulla
2924 459 3177 526 offensio,
3207 460 3352 516 nihil
3386 460 3642 517 incorre—

2042 555 2193 605 ctum
2223 548 2368 621 quod
2398 549 2599 620 corrigi
2631 550 2826 621 possit,
2852 551 2950 606 lux
2979 551 3112 605 novi
3141 567 3204 606 ac
3225 551 3432 607 veteris
3459 551 3643 608 Testa-

2045 639 2217 693 menti
2243 639 2546 694 necessaria
2581 655 2691 694 non
2725 639 2831 696 erit
2870 658 2884 706 ;
2921 638 3074 695 illius
3108 639 3257 696 enim
3279 641 3491 698 lumine
3517 657 3642 697 san-

2044 727 2117 784 cti
2149 726 2267 782 sine
2297 727 2405 784 ﬁne
2443 729 2814 800 perfruentur,
2845 729 2941 802 qui
2987 736 3180 786 auctor
3225 737 3307 786 est
3345 731 3506 800 lucis,
3546 731 3644 804 qui

2059 817 2386 873 «illuminat
2440 834 2659 874 omnem
2707 818 2992 876 hominem
3027 818 3340 876 venientem
3392 819 3450 875 in
3493 819 3646 878 hunc

2044 906 2313 962 mundum
2348 907 2528 978 (Joan.
2561 925 2602 972 ι,
2624 907 2704 978 9).
2739 931 2756 955 ι

2120 996 2301 1066 (Vers.
2329 995 2445 1067 24.)
2485 999 2559 1052 Et
2596 997 2943 1053 ambulabunt
2995 1004 3167 1068 gentes
3203 1012 3297 1069 per
3332 997 3505 1052 lumen
3533 995 3646 1066 ejus

2045 1091 2093 1140 et
2137 1103 2278 1157 reges
2331 1094 2488 1142 terra:
2515 1089 2738 1157 a/ferent
2777 1089 3006 1160 gloriam
3037 1107 3192 1145 suam
3239 1096 3288 1145 et
3313 1091 3562 1146 honorem
3590 1088 3649 1144 in

2045 1175 2218 1231 illam.
2268 1177 2371 1232 Per
2416 1185 2601 1249 gentes
2655 1195 2846 1235 omnes
2901 1180 3062 1235 electi
3120 1181 3498 1252 designantur.
3540 1179 3649 1236 Sed

2047 1264 2324 1337 quomodo
2370 1267 2790 1323 ambulabunt?
2837 1268 3221 1324 Ambulabunt
3267 1277 3471 1336 mente,
3535 1283 3648 1322 non

2049 1373 2318 1428 corpore:
2369 1359 2482 1414 non
2530 1359 2795 1414 mutando
2844 1359 3050 1424 locum,
3109 1359 3204 1415 sed
3250 1357 3649 1416 considerando

2050 1447 2528 1517 omnipotentiam,
2568 1447 2920 1504 divinitatem
2951 1457 3113 1520 atque
3145 1446 3510 1520 majestatem.
3549 1447 3652 1501 Per

2051 1535 2237 1591 lumen
2266 1537 2527 1593 Ecclesiae
2557 1537 2920 1593 ambulabunt
2953 1556 2966 1605 ;
3001 1537 3130 1610 quia
3156 1544 3217 1593 ut
3246 1537 3352 1594 hoc
3383 1536 3490 1592 iter
3518 1551 3652 1608 per-

2051 1623 2212 1681 ﬁcere
2259 1625 2491 1696 possint,
2545 1626 2644 1681 illo
2707 1626 2919 1682 lumine
2968 1625 3458 1692 illuminabuntur,
3503 1623 3653 1697 quod

339 1723 552 1773 mentes
574 1714 824 1771 ﬁdelium
864 1732 877 1782 ;
914 1730 1012 1787 per
1035 1729 1232 1769 aurum
1262 1729 1394 1768 vero
1428 1712 1720 1779 mundum,
1754 1721 1810 1767 et
1846 1711 1944 1766 vi-
1971 1735 2017 1795 Β
2054 1721 2266 1770 cunctas
2316 1713 2576 1771 Ecclesiae
2645 1715 2998 1786 omnipotens
3043 1717 3187 1771 Deus
3239 1715 3470 1770 daturus
3520 1720 3604 1770 est
3637 1729 3649 1768 :

339 1815 488 1863 trum
521 1804 866 1877 perlucidum
896 1802 1175 1859 munditia
1202 1803 1473 1860 mentium
1517 1801 1808 1858 hominum
1838 1800 1944 1857 de-

340 1894 609 1966 signatur,
658 1900 819 1966 atque
865 1893 1226 1964 angelorum;
1270 1891 1400 1965 quia
1446 1892 1590 1946 sicut
1641 1890 1709 1946 ad
1739 1897 1945 1946 mentes

341 1992 663 2063 angelorum
691 1992 844 2047 nulla
877 2007 1122 2063 unquam
1149 2006 1290 2045 vana
1319 1985 1466 2044 584
1493 1987 1754 2060 cogitatio
1783 2003 1947 2044 acce-

342 2080 474 2138 dere
500 2081 698 2154 potuit,
731 2097 852 2154 quas
885 2098 977 2137 eos
1009 2080 1311 2137 macularet
1341 2097 1354 2147 ;
1389 2078 1465 2134 ita
1494 2087 1547 2134 et
1578 2077 1792 2134 sanctis
1825 2085 1947 2149 post

342 2171 830 2228 ressurrectionem
849 2170 1001 2226 nulla
1017 2186 1259 2242 unquam
1279 2169 1495 2225 inutilis
1509 2165 1770 2240 cogitatio
1785 2165 1945 2220 adve-

341 2261 477 2330 niet,
509 2277 631 2334 qua:
661 2277 852 2316 eorum
885 2269 1096 2316 mentes
1126 2261 1510 2316 commaculet.

415 2352 598 2424 (Vers.
644 2351 762 2422 22.)
793 2353 866 2406 Et
897 2353 1141 2421 templum
1172 2366 1278 2404 non
1305 2349 1418 2404 vidi
1461 2349 1519 2402 in
1548 2365 1605 2403 ea
1640 2365 1654 2414 ;
1686 2346 1946 2403 Dominus

349 2439 487 2496 enim
529 2440 850 2511 omnipotens
890 2440 1137 2509 templum
1173 2438 1325 2493 illius
1369 2442 1462 2505 est,
1517 2443 1566 2492 et
1607 2436 1812 2506 Agnus.
1846 2436 1946 2490 Per

343 2532 634 2603 templum,
684 2531 743 2586 in
773 2547 882 2602 quo
933 2529 1127 2585 hostias
1157 2536 1211 2584 et
1236 2526 1504 2584 sacriﬁcia
1551 2526 1942 2593 offerebantur,

346 2639 583 2696 praesens
627 2621 874 2679 Ecclesia
917 2621 1253 2692 designatur,
1303 2620 1362 2674 in
1389 2634 1496 2690 qua
1542 2633 1652 2672 non
1683 2615 1943 2683 carnalia,

343 2709 438 2766 sed
508 2709 782 2782 spiritalia
821 2708 1090 2766 sacriﬁcia
1137 2706 1384 2782 quotidie
1443 2707 1556 2761 Deo
1613 2704 1941 2759 offeruntur.

340 2799 478 2854 Nam
526 2799 669 2855 sicut
718 2799 836 2856 illic
876 2798 1178 2855 secundum
1229 2795 1552 2869 qualitatem
1594 2803 1942 2865 peccatorum
1984 2804 1988 2808 '

342 2889 698 2946 exercebatur
747 2889 886 2944 ritus
927 2887 1360 2952 sacriﬁciorum;
1413 2885 1491 2939 ita
1519 2893 1574 2940 et
1605 2883 1662 2937 in
1699 2881 1945 2938 Ecclesia

341 2977 646 3034 secundum
690 2977 914 3034 modum
964 2979 1251 3048 culparum
1281 2974 1484 3030 debent
1521 2988 1636 3028 esse
1671 2970 1940 3027 sacriﬁcia

343 3067 702 3140 poenitentiae,
750 3065 1018 3123 sacriﬁcia
1070 3064 1404 3131 orationum,
1457 3061 1709 3128 ﬂetuum,
1761 3059 1944 3116 cordis

341 3155 854 3228 compunctionum.
923 3156 1002 3210 De
1057 3152 1260 3209 talibus
1330 3150 1614 3207 sacriﬁciis
1668 3148 1942 3221 Propheta

342 3246 588 3320 loquitur
630 3246 854 3303 dicens:
922 3267 940 3292 ι
985 3241 1328 3301 Sacriﬁcium
1371 3243 1484 3297 Deo
1530 3239 1757 3312 spiritus
1800 3254 1942 3295 con-

342 3343 639 3400 tribulatus
688 3343 862 3412 (Psal.
896 3357 948 3408 L,
997 3340 1086 3408 19)
1114 3357 1127 3405 ;
1158 3361 1177 3386 ›
1237 3346 1292 3394 et
1322 3337 1559 3392 iterum:
1609 3359 1628 3384 ι
1659 3336 1813 3391 Tunc
1840 3351 1943 3390 ac-

341 3435 583 3507 ceptabis
637 3430 970 3488 sacriﬁcium
1007 3427 1240 3501 justitiai
1285 3427 1446 3500 (Ibid.
1505 3426 1621 3496 21).
1673 3448 1692 3472 ι
1761 3424 1818 3480 Si
1861 3431 1944 3479 est

340 3523 674 3581 sacriﬁcium
722 3519 974 3592 justitia,
1032 3525 1113 3573 est
1168 3523 1223 3572 et
1276 3515 1555 3588 patientia:
1615 3513 1721 3586 (l),
1781 3520 1864 3568 est
1889 3519 1944 3567 et

341 3612 709 3680 abstinentiae,
761 3619 842 3667 est
891 3616 946 3666 et
991 3607 1323 3664 humilitatis
1359 3614 1789 3676 ceterarumque
1818 3602 1943 3656 vir-

341 3710 544 3759 tutum.
586 3703 714 3758 Haec
763 3707 892 3756 sunt
945 3697 1233 3766 sacriﬁcia,
1264 3713 1384 3769 qua:
1414 3694 1638 3750 odorem
1667 3690 1943 3748 suavissi-

341 3809 494 3849 mum
537 3793 782 3865 praebent
816 3792 1076 3859 Domino,
1107 3805 1220 3846 non
1267 3805 1456 3845 carnes
1487 3785 1780 3860 pecudum,
1821 3798 1942 3856 quae

342 3882 401 3937 in
455 3883 615 3937 altari
651 3883 1054 3939 cremabantur.
1096 3881 1354 3947 Joannes,
1395 3895 1525 3949 ergo
1582 3876 1849 3947 templum
1880 3874 1940 3928 in

343 3976 532 4024 sancta
559 3969 782 4024 civitate
812 3985 868 4024 se
903 3985 1015 4023 non
1045 3968 1250 4024 vidisse
1279 3968 1425 4024 dixit
1459 3984 1473 4032 ;
1508 3965 1638 4038 quia
1664 3965 1782 4020 haec
1811 3979 1941 4018 om-

343 4055 436 4113 nia
463 4071 584 4129 quze
611 4055 877 4122 diximus,
901 4056 959 4111 in
988 4058 1084 4112 illa
1109 4057 1452 4113 beatitudine
1492 4054 1800 4110 necessaria
1829 4069 1940 4107 non

341 4153 548 4203 erunt:
602 4145 872 4216 Absterget
914 4145 1063 4201 enim
1115 4147 1258 4201 Deus
1304 4163 1507 4201 munem
1556 4147 1845 4214 lacrymam
1875 4143 1940 4197 ab

341 4237 507 4292 oculis
536 4241 860 4304 sanctorum,
888 4241 936 4290 et
953 4251 1096 4288 mors
1124 4235 1268 4288 ultra
1298 4252 1404 4289 non
1433 4234 1551 4302 erit,
1583 4250 1745 4304 neque
1776 4235 1943 4287 luctus

341 4341 506 4395 neque
550 4325 775 4388 clamor,
836 4339 1000 4393 neque
1042 4323 1198 4377 dolor
1242 4321 1343 4376 erit
1389 4323 1557 4390 ultra,
1605 4339 1722 4392 quae
1760 4321 1942 4393 prima

341 4417 590 4508 abierunt
623 4416 796 4488 (supr.
829 4431 966 4471 vers.
997 4414 1078 4488 4).
1110 4413 1382 4508 Dominus
1423 4428 1556 4468 vero
1584 4414 1850 4485 templum
1878 4411 1940 4467 il-
1970 4449 2018 4508 Β

343 4507 451 4562 lius
479 4507 585 4564 erit
613 4516 667 4563 et
710 4509 936 4578 Agnus;
970 4505 1100 4577 quia
1139 4503 1198 4559 in
1230 4503 1328 4558 illo
1376 4510 1539 4558 erunt
1567 4505 1764 4574 sancti,
1800 4513 1854 4560 et
1883 4503 1941 4558 in

344 4596 442 4652 illo
499 4594 846 4662 habitabunt,
896 4594 1040 4650 sicut
1089 4594 1204 4666 ipse
1253 4591 1400 4650 dixit
1449 4591 1739 4666 discipulis
1785 4591 1933 4649 suis:

355 4709 376 4734 ι
404 4686 559 4742 Sicut
582 4701 679 4757 ego
722 4684 783 4740 in
809 4685 988 4753 Patre,
1021 4691 1075 4739 et
1102 4699 1200 4739 vos
1227 4682 1288 4738 in
1329 4697 1438 4752 me,
1469 4689 1524 4738 et
1551 4698 1650 4756 ego
1684 4683 1746 4738 in
1779 4681 1940 4738 vobis

345 4774 527 4846 (Joan.
560 4789 677 4840 xxv,
712 4771 828 4844 20).
869 4796 888 4820 ι

419 4863 600 4935 (Vers.
648 4863 764 4936 23.)
809 4863 884 4919 Et
926 4861 1112 4916 civitas
1162 4877 1269 4914 non
1298 4867 1404 4931 eget
1440 4861 1567 4927 sole,
1597 4877 1758 4931 neque
1789 4860 1936 4927 luna,

343 4961 402 5010 ut
434 4955 639 5009 luceant
661 4953 717 5008 in
755 4970 852 5018 ea;
902 4968 1028 5007 nam
1059 4950 1280 5006 claritas
1309 4950 1409 5004 Dei
1448 4950 1776 5007 illuminabit
1803 4965 1935 5017 eam,

343 5049 392 5100 et
422 5043 636 5099 lucerna
682 5043 796 5113 ejus
824 5047 898 5096 est
925 5041 1127 5112 Agnus.
1178 5038 1281 5094 Per
1309 5038 1479 5093 solem
1507 5054 1711 5094 novum
1743 5038 1940 5093 Testa-

346 5141 614 5200 mentum,
666 5147 762 5204 per
788 5132 973 5186 lunam
1014 5138 1171 5184 vetus
1199 5126 1537 5199 designatur.
1566 5126 1787 5199 Absque
1818 5125 1938 5182 istis

344 5221 562 5278 duobus
612 5219 978 5276 luminaribus
1006 5216 1250 5274 Ecclesia
1278 5233 1372 5288 per
1403 5217 1547 5271 viam
1589 5215 1940 5273 rectitudinis

344 5313 404 5369 in
448 5310 688 5370 tenebris
729 5309 895 5382 hujus
919 5307 1106 5365 saeculi
1133 5306 1253 5363 sine
1290 5306 1498 5363 crebris
1542 5307 1940 5364 offensionibus

420 5540 502 5611 (1)
545 5537 767 5611 Εωάθιιι
793 5533 953 5611 edit.,
997 5539 1070 5590 est
1097 5540 1144 5590 et
1171 5533 1470 5607 sapientiai;
1506 5551 1635 5592 mss.
1669 5550 1698 5592 θ
1723 5542 1936 5594 contra.

346 5607 451 5682 rio,
483 5607 556 5668 est
582 5617 631 5668 et
651 5607 939 5682 patientia.

2055 1819 2150 1874 per
2179 1819 2331 1875 reges
2371 1811 2554 1859 autem
2600 1810 2757 1858 terrae
2796 1802 3030 1874 apostoli
3078 1810 3133 1858 et
3163 1803 3343 1858 caeteri
3382 1802 3648 1874 pradica-

2054 1899 2200 1948 tores
2229 1893 2588 1965 designantur
2617 1911 2629 1948 :
2664 1892 2894 1964 gloriam
2940 1907 3072 1948 vero
3109 1899 3162 1946 et
3204 1891 3471 1946 honorem
3500 1908 3652 1964 pra-

2055 1987 2363 2045 dicatorum
2393 2005 2485 2045 eos
2513 1997 2694 2058 vocat,
2728 1988 2823 2062 qui
2854 2003 2949 2062 per
2977 2005 3068 2044 eos
3089 1988 3467 2056 crediderunt,
3499 1988 3647 2045 sicut

2055 2081 2335 2152 apostolus
2368 2080 2570 2135 Paulus
2613 2079 2749 2136 dicit
2799 2079 3089 2152 discipulis
3119 2080 3264 2146 suis;
3309 2096 3437 2136 nam
3481 2078 3657 2152 gloria

2056 2179 2244 2227 nostra
2272 2187 2372 2226 vos
2399 2172 2532 2227 estis
2562 2171 2619 2226 in
2647 2169 2885 2226 Domino
2919 2171 3008 2241 (ΙΙ
3037 2171 3162 2225 Cor.
3191 2188 3230 2238 ι,
3255 2169 3370 2239 14).
3405 2169 3657 2225 Atl‘erent

2057 2277 2185 2334 ergo
2238 2261 2468 2332 gloriam
2517 2277 2673 2316 suam
2720 2267 2774 2315 et
2837 2259 3104 2314 honorem
3149 2258 3209 2314 in
3254 2259 3409 2314 illam
3462 2275 3476 2324 ;
3527 2273 3655 2314 cum

2056 2370 2148 2410 eos
2192 2355 2287 2428 qui
2334 2371 2430 2429 per
2480 2372 2572 2412 eos
2609 2353 2982 2421 crediderunt,
3025 2353 3264 2409 Domino
3287 2361 3658 2426 repraesenta-

2056 2443 2221 2501 bunt.

2130 2535 2313 2608 (Vers.
2340 2534 2457 2606 25.)
2480 2536 2554 2591 Et
2577 2541 2749 2606 porta:
2773 2534 2885 2604 ejus
2903 2551 3011 2589 non
3033 2533 3345 2589 claudentur
3364 2547 3464 2602 per
3487 2530 3658 2596 diem;

2054 2642 2164 2680 non:
2179 2625 2315 2678 enim
2334 2641 2442 2678 non
2461 2624 2561 2677 erit
2576 2624 2708 2678 illic.
2731 2622 2994 2694 Superius
3020 2637 3116 2692 per
3135 2619 3428 2674 duodecim
3450 2625 3656 2690 portas,

2057 2729 2179 2785 quae
2195 2728 2265 2766 ex
2280 2709 2573 2766 duodecim
2590 2709 2898 2782 margaritis
2912 2709 3081 2763 fuisse
3091 2707 3661 2778 dicuntur,apostolos

2057 2801 2224 2857 fuisse
2255 2802 2503 2857 diximus
2532 2799 2845 2872 designatos
2870 2817 2882 2855 :
2916 2798 3011 2855 sed
3041 2798 3134 2854 hic
3153 2797 3248 2854 ubi
3270 2797 3391 2854 sine
3419 2813 3653 2853 numero

2054 2898 2356 2962 ponuntur,
2380 2889 2545 2944 aliam
2577 2887 3038 2962 signiﬁcationem
3060 2887 3302 2954 habent;
3335 2885 3654 2958 signiﬁcant

2054 2995 2290 3051 namque
2306 2979 2472 3036 corda
2491 2980 2762 3045 ﬁdelium,
2776 2979 2964 3034 ﬁdeles
2981 2993 3218 3049 namque
3235 2975 3292 3032 in
3306 2976 3409 3032 hac
3426 2975 3541 3031 vita
3559 2992 3657 3048 po-

1975 3088 2019 3149 ο
2055 3071 2150 3126 siti
2178 3078 2393 3126 noctem
2412 3070 2718 3142 patiuntur,
2741 3069 2797 3125 id
2820 3075 2922 3136 est,
2944 3067 3223 3124 daemones
3246 3073 3302 3123 et
3325 3065 3525 3138 impios
3547 3065 3644 3122 hoc

2056 3162 2250 3217 mines.
2282 3162 2474 3216 Portus
2503 3167 2686 3215 autem
2717 3159 2774 3214 in
2805 3166 2966 3213 nocte
2995 3156 3278 3221 claudunt.
3312 3171 3438 3212 cum
3461 3163 3656 3213 contra

2055 3249 2242 3304 omnia
2276 3256 2617 3304 tentamenta
2641 3247 2954 3303 daemonum
2985 3245 3168 3302 aditus
3211 3244 3482 3301 mentium
3514 3259 3652 3299 sua-

2052 3357 2173 3395 rum
2203 3339 2515 3406 obstruunt,
2544 3354 2713 3411 eaque
2733 3354 2765 3392 a
2783 3354 2840 3394 se
2865 3337 3158 3408 repellunt.
3189 3333 3470 3392 Claudunt
3488 3333 3655 3388 etiam

2052 3438 2237 3502 portas
2267 3429 2325 3484 in
2356 3437 2536 3496 nocte,
2567 3444 2695 3484 cum
2719 3434 2912 3483 contra
2931 3425 3201 3480 malitiam
3232 3439 3528 3496 pravorum
3558 3421 3657 3478 ho-

2055 3518 2269 3574 minum
2292 3517 2458 3574 corda
2480 3534 2579 3574 sua
2599 3515 2890 3582 muniunt;
2924 3522 3118 3570 utnon
3147 3513 3378 3569 audiant
3407 3510 3654 3583 linguam

2052 3609 2456 3676 detrahentem,
2505 3623 2617 3664 non
2659 3605 2892 3664 reddant
2937 3605 3145 3660 malum
3195 3619 3294 3677 pro
3341 3603 3508 3671 malo,
3557 3601 3647 3658 vel

2053 3699 2408 3756 maledictum
2431 3715 2530 3772 pro
2544 3689 2872 3765 maledicto,
2893 3704 2956 3753 ut
2975 3693 3278 3752 secundum
3299 3692 3655 3765 prophetam:

2065 3813 2085 3839 ι
2114 3789 2421 3845 Excutiant
2453 3804 2648 3843 manus
2675 3803 2802 3843 suas
2827 3785 2896 3842 ab
2937 3783 3090 3840 omni
3120 3799 3367 3852 munere,
3399 3791 3453 3839 et
3480 3781 3655 3838 obtu-

2051 3888 2174 3936 rent
2202 3897 2360 3936 aures
2388 3895 2533 3946 suas,
2567 3894 2636 3933 ne
2657 3877 2886 3933 audiant
2914 3874 3240 3947 sanguinem
3263 3892 3279 3942 ;
3310 3881 3365 3929 et
3393 3873 3656 3930 claudant

2051 3969 2241 4024 oculos
2269 3984 2415 4035 suos,
2451 3983 2519 4022 ne
2549 3965 2774 4021 videant
2805 3967 3013 4020 malum
3060 3965 3195 4035 (Isa.
3227 3979 3434 4031 χχχιιι,
3473 3962 3585 4030 15).
3617 3985 3637 4009 ι

2051 4056 2220 4110 Porro
2243 4055 2299 4109 in
2329 4054 2425 4109 illa
2453 4053 2818 4118 beatitudine,
2849 4051 2944 4107 ubi
2974 4051 3162 4105 nullus
3182 4048 3420 4116 daemon,
3450 4047 3640 4103 nullus

2053 4143 2316 4216 reprobus
2364 4158 2479 4197 esse
2523 4141 2748 4214 poterit,
2796 4140 2892 4212 qui
2941 4138 3086 4193 mala
3129 4135 3374 4204 suadeat,
3425 4135 3521 4207 qui
3552 4151 3650 4208 per

2052 4240 2268 4289 noctem
2326 4231 2704 4303 designantur,
2757 4235 3064 4301 portarum,
3124 4223 3183 4280 id
3228 4232 3329 4289 est,
3373 4225 3647 4281 mensium

2051 4321 2364 4378 observatio
2400 4318 2706 4376 necessaria
2754 4332 2866 4373 non
2914 4315 3056 4382 erit;
3088 4331 3216 4370 nam
3260 4321 3315 4371 et
3343 4313 3647 4371 secundum

2051 4411 2292 4467 litteram
2314 4409 2420 4466 erit
2447 4409 2524 4464 ibi
2562 4407 2682 4464 dies
2729 4412 3042 4478 perpetuus,
3080 4404 3235 4460 nulla
3261 4412 3421 4461 nocte
3449 4420 3649 4461 succe-

2051 4500 2234 4556 dente.

2120 4590 2303 4662 (Vers.
2336 4587 2452 4660 26.)
2483 4589 2556 4644 Et
2606 4588 2828 4659 afferent
2868 4585 3098 4659 gloriam
3121 4585 3371 4656 gentium,
3406 4589 3454 4640 et
3479 4585 3645 4640 hono-

2047 4697 2158 4735 rem
2183 4679 2239 4734 in
2265 4679 2438 4734 illam.
2485 4678 2746 4750 Superius
2775 4692 2926 4750 reges
2954 4684 3135 4743 terrae,
3179 4672 3238 4729 id
3283 4680 3384 4742 est,
3436 4671 3647 4745 praedi-

2047 4780 2258 4829 catores
2290 4777 2526 4838 sanctos,
2559 4769 2786 4841 gloriam
2815 4784 2969 4824 suam
2999 4766 3060 4822 in
3085 4765 3366 4822 civitatem
3398 4771 3645 4821 sanctam

2050 4861 2314 4920 detulisse
2347 4861 2484 4917 dicit
2517 4879 2526 4915 :
2570 4876 2666 4934 per
2695 4877 2858 4934 quam
2889 4857 3117 4931 gloriam
3161 4866 3368 4930 gentes,
3403 4872 3522 4929 qua:
3551 4870 3647 4928 per

2048 4971 2140 5010 eos
2169 4953 2542 5019 crediderunt,
2565 4949 2812 5006 diximus
2853 4948 3022 5004 fuisse
3066 4946 3397 5019 designatas.
3429 4943 3484 5000 Si
3516 4958 3645 5014 ergo

2048 5042 2221 5115 gloria
2275 5040 2694 5115 praedicatorum
2745 5045 2930 5112 gentes
2981 5044 3130 5105 sunt,
3181 5035 3354 5108 gloria
3397 5031 3643 5104 gentium

2047 5151 2168 5208 quae
2196 5135 2324 5191 est?
2349 5133 2468 5189 Nisi
2507 5133 2648 5188 forte
2693 5129 2997 5188 secundum
3041 5129 3388 5185 Salomonem
3419 5124 3524 5180 hoc
3555 5123 3642 5178 di-

2047 5232 2196 5282 ctum
2232 5223 2628 5297 intelligamus,
2674 5222 2767 5294 qui
2799 5221 2938 5278 dicit
2971 5238 2982 5275 :
3041 5243 3059 5266 ε
3081 5217 3269 5274 Gloria
3313 5230 3508 5270 senum
3537 5213 3642 5269 ﬁlii

2047 5314 2289 5371 ﬁliorum
2323 5333 2335 5371 :
2369 5322 2423 5370 et
2452 5313 2622 5387 gloria
2652 5311 2895 5369 ﬁliorum
2920 5311 3000 5382 (2)
3031 5315 3211 5382 patres
3238 5321 3426 5362 eorum
3451 5305 3640 5377 (Prov.

2121 5535 2203 5608 (2)
2242 5538 2447 5593 Omnes
2490 5536 2649 5603 edit.,
2693 5541 2901 5608 patres_
2927 5547 3137 5608 eorum=
3186 5527 3376 5587 Gloria
3420 5544 3543 5584 vero
3585 5528 3644 5599 ﬁ-

2051 5603 2245 5666 liorum
2274 5626 2297 5676 ;
2323 5608 2418 5667 sed
2447 5603 2711 5668 lacunam'
2725 5603 2938 5678 egregie
2979 5603 3240 5676 supplent
3283 5617 3474 5658 omnes
3512 5616 3645 5658 mss.
