4026 6172
468 339 604 398 1047

1503 331 1602 388 AD
1640 328 1875 387 OPERA
1912 327 1971 386 S.
2008 324 2343 386 AMBROSII
2379 321 2760 381 APPENDIX.

3648 315 3781 374 1048

467 483 615 537 xvn,
645 465 728 539 6.)
758 487 779 514 ι
822 461 1011 520 Gloria
1047 474 1284 533 namque
1334 472 1550 527 senum,
1578 455 1637 513 id
1662 462 1763 526 est,
1796 454 2064 529 apostolo-
2098 459 2150 518 Α
2182 449 2242 508 id
2290 457 2391 520 est,
2440 449 2508 506 de
2553 445 2803 507 Ecclesia
2831 444 3141 539 egreditur,
3178 443 3245 501 ab
3273 459 3368 539 ore
3403 441 3621 539 scilicet
3646 458 3782 516 pra-

469 574 614 625 rum,
646 554 752 611 ﬁlii
780 560 909 611 sunt
923 551 1192 618 ﬁliorum,
1214 548 1272 605 id
1304 555 1406 617 est,
1428 554 1616 621 gentes
1636 562 1756 619 qua
1776 560 1872 618 per
1902 544 2067 617 ipsos,

471 654 525 705 et
552 662 649 719 per
677 644 845 713 ﬁlios,
871 643 931 699 id
959 650 1059 706 est,
1092 639 1396 712 discipulos
1426 655 1619 695 eorum
1676 635 2067 702 crediderunt;

469 734 644 808 gloria
698 749 831 788 vero
881 731 1125 787 ﬁliorum
1184 736 1347 785 erunt
1401 735 1580 800 patres
1629 742 1818 781 eorum
1873 742 1887 793 ;
1944 724 2074 797 quia

471 821 788 897 gaudebunt
815 829 1023 895 gentes,
1076 836 1141 875 eo
1188 817 1337 891 quod
1383 817 1525 873 tanti
1567 814 1751 871 meriti
1797 821 2073 885 tantaque

470 913 812 972 excellentia
841 920 1022 984 patres
1052 910 1311 977 habeant,
1344 925 1468 965 cum
1502 923 1696 963 eorum
1728 905 1913 978 gloria
1944 920 2071 976 par-

468 1003 666 1076 ticipes
707 1018 824 1058 esse
867 1000 1189 1057 meruerint.
1240 997 1398 1066 Quod
1445 1005 1627 1052 autem
1666 994 1804 1051 dicit
1831 995 2074 1064 a/ferent,

470 1108 763 1168 possumus
800 1090 868 1147 ad
921 1090 1144 1161 angelos
1190 1088 1438 1153 referre;
1497 1084 1591 1157 qui
1638 1084 1696 1139 in
1741 1083 1830 1140 die
1874 1081 2075 1153 judicii

470 1192 688 1242 sanctos
735 1183 836 1240 Dei
884 1182 953 1239 ad
982 1178 1337 1254 percipienda
1358 1175 1585 1250 praniia
1612 1174 1943 1247 repromissa
1972 1175 2078 1230 de—

473 1276 701 1342 ducent,
733 1275 876 1331 sicut
902 1272 1175 1329 Dominus
1202 1268 1340 1324 dicit
1370 1268 1430 1323 in
1459 1266 1765 1338 Evangelio
1791 1283 1802 1321 :
1850 1288 1868 1312 ‹
1898 1264 2079 1322 Mittet

473 1367 651 1425 Filius
680 1362 923 1421 hominis
970 1363 1192 1434 angelos
1242 1376 1389 1427 suos,
1432 1364 1486 1414 et
1516 1354 1928 1429 congregabunt
1959 1354 2080 1409 ele-

473 1465 592 1514 ctos
621 1454 738 1527 ejus
768 1470 800 1509 a
828 1460 1063 1526 quatuor
1087 1449 1270 1507 ventis
1298 1447 1446 1515 coeli,
1478 1454 1533 1502 et
1564 1462 1596 1502 a
1627 1443 1950 1501 summitate
1975 1459 2079 1501 cce-

478 1548 659 1603 lorum
690 1545 907 1616 (Matth.
943 1559 1104 1609 xxiv,
1135 1540 1251 1611 31).
1284 1564 1303 1589 ι

548 1635 731 1707 (Vers.
763 1633 881 1701 27.)
912 1633 1015 1689 Nec
1043 1628 1265 1685 intrabit
1301 1627 1359 1682 in
1397 1643 1510 1682 eam
1534 1624 1745 1695 aliquid
1772 1621 2077 1693 coinquina-

477 1730 606 1791 tum,
657 1728 705 1777 et
751 1720 953 1790 facietis
992 1717 1434 1775 abominationem
1476 1722 1524 1770 et
1571 1713 1922 1781 mendacium,
1977 1711 2083 1766 nisi

476 1815 571 1885 qui
600 1812 787 1883 scripti
813 1816 939 1866 sunt
961 1810 1019 1865 in
1051 1809 1187 1865 libro
1216 1808 1336 1862 vita
1360 1806 1525 1878 Agni.
1568 1805 1892 1879 Inquinatos
1918 1812 2081 1861 vocat
2108 1842 2153 1902 B

480 1918 592 1970 eos,
631 1900 727 1974 qui
761 1915 817 1955 se
846 1898 1082 1955 diversis
1121 1896 1421 1955 sceleribus
1449 1895 1919 1970 inquinaverunt:
1952 1894 2077 1951 abo-

480 1993 841 2051 minationem
872 1999 1053 2048 autem
1084 1990 1315 2059 faciunt,
1357 1990 1453 2064 qui
1484 1991 1691 2045 malum
1724 1996 2021 2061 operantur
2064 2006 2076 2044 :

480 2085 623 2142 nihil
654 2082 801 2139 enim
830 2081 1182 2138 abominatur
1208 2082 1376 2149 Deus,
1405 2079 1515 2135 nisi
1537 2078 1827 2148 malitiam,
1859 2078 2003 2135 sicut
2024 2078 2082 2135 in

484 2176 636 2232 libro
670 2173 963 2246 Sapientia
992 2171 1262 2244 scriptum
1289 2178 1372 2227 est
1402 2188 1413 2227 :
1455 2193 1474 2217 ι
1503 2170 1777 2227 Misereris
1807 2170 2080 2238 omnium,

480 2265 739 2332 Domine,
773 2270 827 2318 et
852 2260 995 2318 nihil
1024 2278 1216 2317 eorum
1247 2258 1435 2328 odisti,
1467 2274 1587 2331 qua
1610 2258 1790 2315 fecisti
1822 2258 1974 2330 (Sap.
1998 2274 2083 2326 xx,

483 2353 605 2423 25).
636 2377 655 2401 ι
712 2350 895 2419 Quari
944 2357 1126 2405 autem
1184 2356 1364 2421 potest
1416 2363 1515 2405 cur
1555 2345 1902 2404 mendacium
1958 2347 2083 2403 ﬁeri

481 2442 724 2499 dicatur.
757 2439 915 2509 Quod
944 2447 1126 2496 autem
1159 2440 1413 2507 facimus,
1445 2437 1562 2509 jam
1596 2454 1707 2494 non
1734 2450 1817 2494 est
1862 2439 2081 2494 menda-

482 2532 658 2599 cium,
693 2530 824 2602 quia
850 2529 997 2602 quod
1048 2528 1254 2585 factum
1285 2535 1387 2596 est,
1427 2544 1539 2584 non
1576 2536 1755 2601 potest
1807 2544 1919 2584 non
1969 2545 2084 2585 esse

487 2620 719 2689 factum,
752 2626 813 2674 ut
842 2618 915 2674 sit
943 2616 1314 2674 mendacium.
1346 2616 1452 2672 Sed
1480 2617 1687 2673 factum
1718 2634 1817 2691 pro
1848 2618 2083 2674 locutio-

488 2727 559 2767 ne
615 2708 832 2782 posuit;
884 2715 1170 2781 peccatum
1229 2705 1430 2780 quippe
1479 2705 1755 2763 mendacii
1810 2706 2086 2780 loquendo

489 2800 744 2868 facimus,
775 2815 888 2855 non
918 2796 1215 2871 operando.
1248 2797 1545 2851 Possumus
1582 2796 1750 2852 etiam
1793 2813 1890 2870 per
1936 2812 2085 2852 men-

488 2892 710 2949 dacium
753 2906 914 2945 omne
960 2895 1243 2961 peccatum
1278 2887 1613 2959 intelligere;
1677 2888 1883 2945 scimus
1938 2889 2086 2945 enim

496 2981 626 3054 quia
667 2982 814 3037 Deus
844 2978 1047 3033 veritas
1094 2984 1197 3045 est,
1249 2984 1531 3047 peccatum
1570 2992 1701 3033 vero
1730 2978 1979 3051 deceptio
2009 2987 2089 3035 est

496 3069 831 3126 animarum.
861 3065 1143 3139 Quidquid
1168 3081 1297 3138 ergo
1325 3065 1665 3123 contrarium
1718 3076 1800 3125 est
1841 3069 2085 3139 veritati,

488 3167 652 3232 atque
681 3156 749 3213 ad
780 3156 1157 3228 deceptionem
1196 3156 1506 3213 animarum
1535 3156 1794 3230 pertinet,
1837 3158 2090 3232 quamvis

490 3250 745 3307 videatur
783 3265 998 3318 verum,
1049 3247 1397 3305 mendacium
1447 3258 1591 3307 recte
1628 3250 1740 3307 dici
1788 3258 1982 3323 potest.
2024 3252 2087 3306 In

489 3340 587 3397 illa
611 3340 795 3413 itaque
822 3345 1009 3395 sancta
1038 3337 1263 3395 civitate
1284 3354 1397 3394 non
1425 3338 1659 3396 intrabit
1687 3340 1902 3414 aliquid
1932 3338 2083 3397 coin-

488 3436 801 3511 quinatum,
832 3443 887 3491 et
915 3434 1120 3491 faciens
1149 3440 1296 3497 585
1324 3434 1797 3492 abominationem
1854 3443 1910 3492 et
1938 3451 2085 3492 men-

490 3532 708 3588 dacium
740 3547 754 3596 ;
787 3530 918 3602 quia
967 3529 1026 3584 in
1082 3531 1172 3586 die
1208 3530 1410 3602 judicii
1467 3555 1487 3579 ι
1515 3531 1750 3587 exibunt
1786 3532 1990 3604 angeli,
2032 3540 2088 3588 et

492 3620 822 3693 separahunt
873 3620 1047 3674 malos
1100 3620 1167 3675 de
1223 3620 1408 3676 medio
1445 3619 1748 3691 justorum,
1778 3630 1833 3678 et
1864 3624 2088 3679 mittent

491 3728 584 3769 eos
610 3710 669 3764 in
699 3706 1136 3780 caminumignis
1163 3708 1407 3765 ardentis
1426 3710 1637 3781 (Matth.
1663 3727 1789 3780 xm,
1809 3710 2029 3785 49,50.)
2053 3737 2072 3763 »

490 3802 625 3859 Nam
655 3806 709 3854 et
736 3797 850 3854 illis
879 3798 975 3871 qui
1001 3799 1183 3855 oleum
1229 3797 1514 3857 cbaritatis
1543 3801 1600 3857 in
1645 3801 1791 3858 vasis
1823 3802 1936 3858 suis
1974 3819 2087 3859 non

490 3888 807 3957 habuerint,
850 3886 1320 3961 claudeturjanua
1346 3889 1501 3962 regni
1529 3890 1768 3949 caelestis
1802 3910 1815 3960 ;
1847 3890 2087 3949 dicetur-

490 3995 597 4053 que
621 3979 735 4034 illis
762 3993 795 4033 a
830 3977 1068 4034 Domino
1093 3996 1105 4033 :
1153 4003 1172 4026 ι
1200 3979 1379 4035 Amen
1402 3980 1530 4037 dico
1558 3980 1737 4051 vobis,
1770 3981 1957 4039 nescio
1988 3998 2087 4038 vos

493 4069 709 4142 (Matth.
734 4083 872 4135 xxv,
900 4066 1014 4139 12).
1044 4091 1063 4115 ι

558 4157 787 4214 CAPUT
816 4157 998 4214 XXII.
1029 4186 1102 4199 —
1132 4156 1317 4230 (Vers.
1362 4158 1440 4231 1.)
1469 4160 1546 4216 Et
1568 4160 1793 4217 ostendit
1814 4160 1944 4217 mihi
1972 4164 2087 4233 flu-

488 4248 634 4303 vium
676 4264 830 4318 aqua
879 4248 1020 4316 vita,
1075 4246 1412 4319 splendidum
1475 4254 1730 4319 tanquam
1774 4253 2087 4322 crystallum

483 4336 847 4409 procedentem
897 4336 960 4391 de
989 4336 1103 4392 sede
1143 4335 1244 4392 Dei
1297 4342 1347 4391 et
1373 4335 1535 4408 Agni,
1568 4339 1627 4394 in
1679 4339 1850 4396 medio
1896 4341 2088 4411 platea

489 4426 621 4496 ejus.
654 4426 934 4483 Ezechieli
959 4429 1016 4483 in
1037 4428 1235 4484 ultima
1262 4426 1477 4484 visione
1506 4436 1720 4485 torrens
1748 4430 2087 4487 demonstra-

490 4525 581 4573 tus
598 4523 699 4585 est,
737 4517 832 4590 qui
861 4515 928 4573 de
949 4517 1154 4588 templo
1168 4517 1375 4585 exibat,
1400 4524 1455 4573 et
1481 4517 1807 4575 decurrebat
1835 4519 1893 4575 in
1914 4536 2083 4589 mare,

492 4604 558 4661 de
582 4621 692 4678 quo
722 4605 799 4661 ita
830 4604 1077 4679 loquitur
1108 4624 1120 4662 :
1159 4628 1178 4654 ι
1207 4607 1280 4664 Et
1308 4607 1470 4664 duxit
1499 4624 1605 4677 me,
1630 4608 1834 4683 inquit,
1857 4610 2087 4683 angelus

489 4693 646 4750 mille
679 4692 918 4762 cubitos,
973 4701 1028 4751 et
1084 4694 1400 4752 transduxit
1431 4712 1518 4753 me
1558 4713 1653 4769 per
1684 4713 1881 4769 aquam
1912 4715 2084 4773 usque

489 4783 559 4839 ad
587 4784 746 4840 talos.
765 4784 837 4839 Et
857 4782 1024 4840 duxit
1044 4800 1133 4840 me
1148 4784 1304 4841 mille
1323 4785 1558 4855 cubitos,
1584 4796 1637 4844 et
1662 4788 1978 4845 transduxit
1996 4804 2082 4845 me

487 4889 585 4946 per
597 4889 793 4947 aquam
813 4889 984 4947 usque
1000 4873 1071 4930 ad
1084 4891 1278 4947 genua.
1302 4876 1374 4932 Et
1393 4875 1555 4933 duxit
1570 4892 1656 4932 me
1675 4878 1827 4934 mille
1842 4877 2080 4945 cubitos,

485 4971 539 5020 et
565 4962 883 5020 transduxit
897 4979 983 5019 me
1002 4979 1098 5037 per
1112 4980 1310 5037 aquam
1338 4980 1511 5038 usque
1532 4964 1602 5022 ad
1620 4981 1798 5022 renes.
1821 4966 1893 5019 Et
1919 4963 2084 5019 duxit

496 5069 586 5110 me
604 5053 757 5110 mille
775 5052 1014 5123 cubitos,
1031 5060 1442 5128 torrentemque
1453 5071 1563 5110 non
1591 5053 1746 5127 potui
1770 5052 2081 5109 transvada-

484 5157 564 5209 re;
588 5141 717 5213 quia
732 5141 1111 5198 intumuerant
1129 5158 1284 5214 aqua
1312 5141 1594 5211 torrentis,
1615 5140 1708 5214 qui
1736 5138 2080 5197 transvadari

483 5245 594 5285 non
627 5230 1030 5303 potest(Ezech.
1062 5246 1235 5298 van,
1269 5230 1407 5300 3-5).
1433 5255 1451 5279 ι
1491 5231 1591 5286 Per
1614 5236 1907 5285 terrentem
1935 5227 2078 5283 Scri-

480 5329 699 5393 pturam
716 5320 964 5379 divinam
987 5319 1295 5391 intelligere
1317 5318 1598 5388 debemus,
1624 5334 1744 5391 qua
1762 5319 1829 5374 de
1844 5318 2075 5390 templo,

554 5484 634 5556 (3)
668 5485 729 5540 In
759 5483 894 5541 edit.
926 5483 1044 5541 hac
1059 5483 1248 5551 verba,
1272 5481 1489 5553 angelus
1508 5479 1675 5556 igitur
1706 5482 2070 5543 transducit...

480 5556 808 5627 intelligendi
840 5556 1169 5628 Scripturas,
1193 5570 1357 5628 supra
1381 5556 1737 5628 ponebantur
1759 5563 1881 5626 post
1910 5572 2069 5614 voces

480 5574 808 5627 ιηιειιιῃεηαι
840 5574 959 5611 δοιοί
1000 5574 1169 5619 utras,
1193 5574 1357 5628 supra
1381 5574 1728 5626 ponebantur
1760 5574 1881 5626 ροδι
1910 5574 2069 5614 V0085

477 5627 767 5702 Dominum
804 5574 1103 5699 signi/{tau
1148 5628 1243 5685 sed
1290 5626 1350 5684 in
1400 5640 1531 5681 mss.
1581 5623 1687 5684 hoc
1724 5626 1845 5686 loco
1890 5630 2072 5702 aptius

476 5698 834 5756 collocantur.

2182 542 2489 601 dicatorum
2524 558 2535 596 :
2566 539 2794 612 angelus
2823 554 2956 594 vero
2984 537 3281 595 Dominum
3313 534 3593 609 signiﬁcat
3619 551 3634 589 ε
3668 549 3785 605 pro-

2182 632 2345 705 pheta
2372 639 2553 686 autem
2598 635 2795 701 typum
2838 634 2988 683 tenet
3031 642 3221 683 eorum
3250 625 3346 699 qui
3379 623 3603 680 divinas
3647 622 3788 679 Serio

2183 730 2371 795 pturas
2392 718 2462 776 ad
2482 717 2589 774 hoc
2614 717 2823 773 discere
2842 716 3055 784 volunt,
3078 723 3142 771 ut
3169 714 3273 787 ipsi
3296 715 3353 769 in
3370 714 3449 771 eis
3466 711 3783 785 proﬁciant,

2183 820 2237 867 et
2262 810 2400 866 alios
2427 825 2523 882 per
2548 823 2736 864 earum
2760 805 3048 862 scientiam
3072 805 3351 862 instruant
3386 822 3397 860 :
3431 802 3781 859 millenarius

2184 918 2313 958 vero
2332 916 2593 956 numerus
2611 896 3001 970 perfectionem
3020 893 3256 975 alicujus
3278 892 3355 949 rei
3389 909 3534 965 sape
3553 891 3781 947 demon-

2184 1000 2338 1048 strat.
2349 992 2415 1045 Et
2430 989 2608 1062 prima
2623 986 2964 1043 transductio
2984 984 3052 1040 ad
3068 983 3314 1040 historia
3332 981 3782 1054 intelligentiam,

2185 1079 2425 1137 secunda
2472 1076 2541 1134 ad
2577 1078 2863 1143 moralem,
2892 1073 3055 1131 tertia
3086 1073 3324 1146 pertinet
3356 1071 3421 1127 ad
3451 1070 3785 1144 spiritalem.

2258 1168 2499 1241 Angelus
2542 1166 2713 1239 igitur
2760 1164 3082 1238 prophetam
3140 1162 3293 1218 mille
3348 1162 3571 1218 cubitos
3615 1160 3787 1229 ducit,

2187 1275 2312 1314 cum
2344 1257 2612 1314 Dominus
2639 1254 2844 1313 alicubi
2874 1254 3025 1311 ﬁdeli
3060 1269 3160 1309 suo
3189 1251 3524 1309 desiderium
3551 1252 3790 1324 largitur

2188 1354 2535 1427 intelligendi
2559 1354 2867 1426 Scripturas
2890 1352 2970 1424 (3)
3000 1349 3338 1408 :transducit
3365 1366 3491 1405 eum
3521 1365 3700 1423 usque
3727 1349 3790 1406 ad

2190 1451 2347 1518 talos,
2404 1465 2531 1505 cum
2577 1448 2629 1503 ei
2676 1445 2923 1503 historiae
2970 1444 3316 1501 intellectum
3364 1442 3567 1498 tribuit
3604 1442 3790 1514 ;quis-

2190 1541 2315 1614 quis
2331 1539 2477 1595 enim
2500 1538 2760 1595 moralem
2785 1546 2839 1593 et
2859 1535 3163 1608 spiritalem
3185 1532 3612 1605 intelligentiam
3635 1533 3693 1588 in
3716 1531 3790 1587 di-

2191 1632 2339 1687 vinis
2364 1631 2663 1703 Scripturis
2683 1628 3014 1702 investigare
3054 1625 3347 1694 desiderat,
3371 1641 3594 1682 necesse
3623 1632 3707 1681 est
3734 1632 3792 1680 ut

2192 1722 2436 1779 historia
2494 1717 2919 1791 intelligentiam
2988 1716 3143 1791 prius
3186 1714 3493 1789 possideat:
3554 1714 3793 1772 secundo

2191 1812 2418 1885 angelus
2445 1809 2768 1883 prophetam
2799 1807 2952 1864 mille
2995 1805 3211 1863 cubitos
3242 1804 3417 1872 ducit,
3449 1821 3580 1862 cum
3610 1806 3793 1861 Domi-

2192 1919 2296 1958 nus
2326 1900 2545 1956 ﬁdelem
2573 1914 2735 1955 suum
2772 1896 2841 1953 ad
2874 1896 3137 1953 moralem
3169 1895 3596 1969 intelligentiam
3627 1895 3792 1967 perci-

2191 1992 2451 2064 piendam
2483 1988 2767 2048 accendit:
2800 2006 2896 2063 per
2933 2004 3131 2063 aquam
3159 2004 3335 2063 usque
3364 1988 3434 2044 ad
3461 2005 3643 2061 genua
3673 2004 3791 2044 eum

2191 2082 2518 2151 transducit,
2568 2098 2693 2139 cum
2741 2081 2967 2137 moralis
3011 2079 3253 2138 scientia
3302 2096 3498 2137 sensus
3526 2080 3579 2136 ei
3627 2079 3794 2135 mani-

2189 2173 2368 2230 festat.
2400 2172 2585 2228 Tertio
2631 2172 2857 2245 angelus
2902 2170 3223 2245 prophetam
3257 2170 3338 2243 (4)
3382 2170 3536 2226 mille
3569 2170 3790 2227 cubitos

2192 2262 2370 2333 ducit,
2415 2278 2543 2319 cum
2590 2262 2861 2318 Dominus
2905 2269 3027 2334 post
3058 2261 3320 2317 moralem
3365 2260 3795 2333 intelligentiam

2194 2352 2410 2409 ﬁdelem
2454 2367 2616 2407 suum
2683 2350 2753 2406 ad
2811 2349 3118 2423 spiritualis
3162 2349 3543 2421 intelligentia
3603 2365 3794 2406 sensus

2193 2440 2561 2499 enucleandos
2613 2458 2710 2512 per
2739 2439 3074 2496 desiderium
3107 2438 3314 2495 evehit.
3348 2440 3450 2495 Per
3476 2456 3684 2513 aquam
3713 2456 3796 2495 us-

2194 2548 2298 2605 que
2325 2530 2395 2587 ad
2430 2546 2585 2587 renes
2613 2546 2740 2586 eum
2772 2529 3102 2598 transducit,
3140 2546 3267 2586 cum
3289 2529 3604 2602 spiritualis
3628 2530 3796 2587 scieno

2194 2623 2284 2680 tia
2345 2637 2536 2677 sensus
2589 2622 2639 2676 ei
2690 2620 2886 2693 aperit.
2947 2620 3152 2689 Quarto
3214 2619 3535 2692 prophetam
3571 2621 3799 2692 angelus

2198 2713 2350 2770 mille
2388 2711 2604 2769 cubitos
2650 2711 2823 2780 ducit,
2873 2727 2999 2767 cum
3031 2720 3153 2783 post
3199 2711 3628 2782 intelligentiam
3661 2711 3801 2767 Scri-

2197 2812 2485 2876 pturarum
2515 2801 2733 2857 ﬁdelem
2755 2817 2916 2857 suum
2964 2799 3233 2856 Dominus
3262 2801 3330 2855 ad
3360 2800 3799 2874 contemplanda

2201 2892 2395 2949 divina
2423 2899 2477 2948 et
2495 2891 2738 2948 caelestia
2767 2896 3106 2947 sacramenta
3135 2890 3331 2945 elevat.
3362 2889 3799 2962 Torrentemque

2199 2998 2310 3038 non
2342 2982 2523 3055 potuit
2548 2979 2925 3046 transvadare;
2959 2978 3089 3051 quia
3119 2978 3551 3051 profunditatem
3585 2979 3801 3036 divino-

2197 3090 2323 3131 rum
2367 3073 2781 3147 coelestiumque
2831 3072 3220 3146 mysteriorum
3267 3074 3477 3142 nullus,
3510 3075 3659 3131 sicut
3698 3083 3799 3143 est,

2201 3164 2530 3239 perscrutari
2577 3171 2791 3236 potest:
2851 3187 2871 3210 ι
2899 3164 2987 3220 Ex
3032 3172 3185 3235 parte
3215 3164 3359 3219 enim
3387 3165 3798 3236 cognoscimus,

2197 3262 2251 3312 et
2278 3271 2349 3309 ex
2395 3261 2547 3325 parte
2591 3251 3000 3324 prophetamus,
3034 3274 3051 3299 ι
3096 3251 3238 3309 sicut
3284 3250 3419 3308 dicit
3449 3254 3755 3326 Apostolus
3786 3272 3797 3309 :

2212 3370 2233 3396 ι
2252 3345 2401 3403 Cum
2453 3353 2636 3401 autem
2665 3344 2879 3400 venerit
2928 3343 3075 3417 quod
3098 3343 3404 3417 perfectum
3434 3355 3537 3414 est,
3569 3363 3801 3403 evacua-

2197 3434 2349 3490 bitur
2378 3434 2527 3507 quod
2554 3451 2623 3489 ex
2650 3440 2803 3507 parte
2827 3441 2908 3489 est
2938 3432 2996 3506 (Ι
3016 3432 3143 3490 Cor.
3173 3450 3296 3502 xm,
3325 3434 3378 3502 9,
3405 3435 3496 3507 10)
3530 3454 3544 3502 ;
3568 3460 3588 3483 ι
3621 3444 3675 3491 et
3704 3436 3798 3490 ite-

2197 3541 2321 3581 rum
2348 3544 2359 3581 :
2407 3549 2425 3573 ι
2476 3524 2745 3583 Videmus
2773 3539 2922 3579 nunc
2952 3539 3047 3595 per
3076 3526 3358 3596 speculum
3390 3524 3445 3579 in
3477 3524 3794 3598 anigmate,

2197 3621 2332 3671 tunc
2367 3623 2551 3671 autem
2581 3612 2719 3669 facie
2741 3612 2815 3669 ad
2846 3612 3041 3669 faciem
3075 3613 3239 3683 (Ibid.
3273 3613 3384 3685 12).
3417 3638 3435 3661 ι
3482 3614 3646 3669 Hunc
3689 3623 3797 3670 ιον»

2198 3710 2409 3760 rentem
2457 3702 2603 3758 idem
2636 3702 2837 3758 Paulus
2882 3710 3215 3759 transmeare
3253 3718 3309 3759 se
3343 3720 3454 3758 non
3484 3719 3647 3776 posse
3672 3721 3797 3761 con~

2196 3795 2441 3853 siderans
2469 3794 2683 3851 dicebat
2710 3812 2721 3850 :
2765 3818 2784 3843 ι
2813 3793 2858 3851 Ο
2885 3795 3121 3852 altitudo
3160 3795 3482 3852 divitiarum
3516 3796 3799 3869 sapientia

2196 3893 2250 3941 et
2283 3885 2526 3941 scientia
2546 3884 2667 3953 Dei,
2697 3901 2859 3958 quam
2895 3885 3480 3958 incomprehensibilia
3500 3895 3634 3943 sunt
3648 3886 3799 3958 judi-

2196 3978 2283 4035 cia
2310 3974 2445 4049 ejus,
2478 3985 2532 4032 et
2579 3976 2992 4049 investigabiles
3033 3977 3137 4033 via
3161 3976 3278 4049 ejus
3314 3978 3326 4033 l
3359 3977 3497 4045 Quis
3525 3977 3679 4033 enim
3708 3994 3799 4034 ω-

2197 4065 2390 4139 gnovit
2436 4080 2657 4120 sensum
2697 4065 2943 4135 Domini,
2989 4073 3082 4122 aut
3126 4065 3251 4139 quis
3279 4066 3633 4123 consiliarius
3679 4065 3803 4138 ejus

2196 4155 2322 4223 fuit,
2370 4162 2464 4209 aut
2509 4152 2633 4225 quis
2680 4152 2832 4226 prior
2873 4153 3025 4211 dedit
3071 4154 3177 4224 illi,
3223 4163 3276 4210 et
3324 4156 3666 4212 retribuetur
3695 4156 3746 4211 ei
3774 4156 3803 4212 ‘P

2196 4242 2467 4310 Quoniam
2517 4258 2588 4298 ex
2634 4242 2772 4315 ipso,
2828 4250 2883 4298 et
2928 4258 3024 4315 per
3065 4242 3265 4315 ipsum,
3316 4252 3369 4300 et
3408 4244 3468 4299 in
3516 4245 3640 4317 ipso
3669 4254 3803 4302 sunt

2196 4333 2385 4389 omnia
2405 4351 2415 4388 :
2441 4333 2547 4407 ipsi
2568 4334 2741 4407 gloria
2761 4333 2820 4389 in
2840 4336 3039 4391 sacula
3059 4334 3409 4404 saculorum,
3430 4351 3591 4390 amen
3616 4336 3797 4407 (Rom.

2193 4439 2273 4490 χι,
2303 4422 2516 4497 33-36).
2548 4450 2567 4474 ι
2615 4427 2687 4481 Et
2723 4426 2990 4500 propheta
3037 4426 3240 4483 Isaias:
3281 4452 3298 4476 ι
3330 4426 3539 4484 Oculus
3570 4444 3686 4485 non
3715 4428 3796 4483 vi-

2198 4513 2301 4584 dit,
2325 4516 2488 4584 Deus,
2516 4512 2720 4589 absque
2747 4523 2822 4587 te,
2852 4534 2971 4591 qua
3013 4518 3326 4592 praeparasti
3347 4519 3799 4591 exspectantibus

2199 4612 2253 4661 te
2284 4605 2417 4676 (Isa.
2451 4622 2603 4675 uiv,
2644 4606 2724 4678 4).
2747 4630 2766 4655 ι
2810 4608 2953 4665 Ecce
2999 4609 3226 4683 angelus
3262 4609 3590 4683 prophetam
3622 4625 3797 4682 usque

2191 4693 2260 4749 ad
2289 4696 2469 4752 locum
2498 4697 2831 4769 praﬁnitum
2852 4699 3033 4769 duxit,
3058 4711 3113 4759 et
3141 4718 3253 4757 non
3277 4718 3401 4757 eum
3432 4701 3754 4757 transduxit
3776 4721 3792 4769 ;

2192 4784 2320 4858 quia
2362 4786 2709 4860 omnipotens
2750 4790 2897 4845 Deus
2941 4806 3067 4846 suos
3097 4798 3312 4847 sanctos
3341 4805 3517 4864 usque
3562 4791 3632 4847 ad
3661 4808 3792 4847 con-

2192 4878 2510 4949 templanda
2555 4890 2761 4939 secreta
2790 4891 2845 4939 et
2889 4900 3086 4942 arcana
3114 4882 3377 4956 mysteria
3424 4899 3537 4938 sua
3583 4882 3793 4939 divini-

2194 4966 2326 5023 tatis
2352 4970 2635 5041 perducit:
2677 4972 2772 5029 sed
2798 4990 3145 5047 nequaquam
3170 4990 3263 5030 eos
3280 4972 3626 5040 transducit;
3662 4972 3794 5045 quia

2189 5056 2457 5129 fragilitas
2505 5060 2747 5118 humana
2778 5064 3018 5136 perfecte
3057 5079 3167 5119 non
3206 5068 3383 5135 potest
3430 5061 3795 5133 comprehen-

2188 5146 2315 5205 dere
2358 5150 2455 5206 illa
2476 5152 2879 5209 inscrutabilia
2922 5160 2975 5209 et
2999 5152 3195 5209 divina
3225 5151 3511 5225 mysteria.
3542 5151 3614 5207 Et
3646 5151 3794 5207 sicut

2187 5240 2283 5312 qui
2329 5241 2507 5313 regios
2555 5243 2707 5300 cibos
2751 5244 3013 5300 odoratus
3055 5251 3156 5311 est,
3205 5252 3259 5298 et
3299 5258 3490 5298 eorum
3540 5239 3795 5297 dulcedi-

2186 5344 2312 5385 nem
2359 5332 2736 5404 pragustavit,
2767 5334 3007 5407 amplius
3035 5349 3129 5391 eos
3159 5331 3458 5400 desiderat,
3489 5346 3656 5404 quam
3694 5329 3793 5385 ille

2256 5489 2337 5563 (4)
2361 5491 2645 5566 Quidquid
2673 5511 2705 5550 a
2725 5495 2973 5564 vocibus,
3006 5496 3179 5553 Tertio
3208 5495 3425 5566 angelus
3440 5494 3789 5565 prophetam,

2181 5578 2353 5643 usque
2396 5563 2464 5620 ad
2485 5563 2841 5643 sacramenta
2898 5563 3063 5625 elevat
3098 5563 3415 5635 intercedit,
3439 5563 3471 5623 ὁ
3495 5563 3627 5622 mss.
3665 5581 3787 5621 om-

2181 5634 2345 5692 nibus
2368 5636 2696 5695 restituitur.
