4060 6208
328 422 464 482 1049

1215 412 1676 473 BERENGAUDI
1716 408 2091 469 EXPOSITIO
2124 409 2197 467 IN
2233 407 2740 469 APOCALYPSIN.

2332 252 2343 287 l

3488 408 3627 468 {050

324 548 421 623 qui
446 563 549 604 nec
577 560 670 603 eos
700 543 864 613 vidit,
896 558 1000 601 nec
1022 542 1284 600 odoratus
1311 550 1413 610 est,
1462 556 1565 598 nec
1610 538 1789 614 qualis
1828 555 1925 595 es-
1951 548 2001 609 Α
2034 537 2194 593 illum
2230 535 2447 606 tendit,
2494 536 2591 612 qui
2641 551 2788 593 unus
2828 544 2931 605 est,
2980 544 3035 594 et
3075 536 3135 593 in
3163 552 3274 611 quo
3318 536 3490 596 etiam
3520 536 3627 611 ipsi

324 646 405 696 set
433 652 621 694 eorum
650 633 888 692 dulcedo
924 632 1194 706 gustando
1237 630 1409 688 sensit
1440 648 1451 685 :
1503 629 1581 685 ita
1626 637 1680 685 et
1726 627 1922 697 sancti,

324 727 421 801 qui
450 743 545 799 per
571 722 1054 796 contemplationis
1085 719 1317 794 gratiam
1355 717 1705 776 dulcedinem
1737 717 1926 790 patriae

323 816 561 875 cmlestis
608 829 748 887 saepe
796 811 1109 884 degustant,
1171 811 1349 865 multo
1408 808 1646 881 amplius
1698 806 1756 862 in
1809 806 1926 878 ejus

322 922 506 963 amore
528 902 775 978 quotidie
803 901 1193 968 exardescunt,
1226 915 1389 973 quam
1430 897 1517 953 illi
1561 896 1655 971 qui
1703 904 1926 971 propter

322 992 670 1052 dulcedinem
702 990 892 1049 saeculi
939 989 1289 1047 dulcedinem
1338 1002 1451 1043 non
1497 986 1745 1042 sentiunt
1794 985 1924 1041 vitae

323 1092 560 1140 aeternae.

395 1171 543 1228 Dicit
595 1168 742 1226 idem
790 1167 1059 1242 propheta
1106 1166 1166 1223 in
1214 1165 1569 1239 sequentibus
1608 1164 1815 1221 vidisse
1868 1180 1923 1220 se

326 1262 473 1333 ligna
528 1260 586 1315 in
644 1266 876 1331 utraque
933 1258 1052 1330 ripa
1098 1257 1380 1324 torrentis,
1428 1273 1663 1329 quorum
1711 1256 1925 1311 fructus

324 1363 478 1412 erant
508 1354 567 1409 in
597 1352 807 1419 cibum,
837 1359 891 1406 et
922 1349 1055 1404 folia
1082 1349 1151 1405 ad
1201 1347 1554 1404 medicinam.
1604 1348 1736 1403 Duae
1791 1345 1923 1418 ripae

322 1448 433 1503 duo
462 1446 808 1501 Testamenta
843 1440 1204 1513 signiﬁcant:
1253 1440 1398 1496 inter
1446 1438 1544 1494 has
1594 1438 1731 1493 duas
1778 1439 1925 1511 ripas

320 1552 550 1609 magnus
578 1542 793 1590 torrens
830 1532 1259 1603 Scripturarum,
1292 1529 1388 1603 qui
1417 1545 1449 1584 a
1479 1530 1686 1585 sanctis
1733 1530 1923 1585 Patri-

319 1627 424 1683 bus
461 1625 644 1682 editus
672 1631 773 1691 est,
814 1622 1105 1679 decurrit:
1155 1638 1254 1695 per
1301 1622 1451 1693 ligna
1496 1638 1627 1677 vero
1672 1621 1923 1679 doctores

319 1716 580 1774 Ecclesiae
609 1713 987 1787 designantur,
1019 1712 1113 1786 qui
1143 1712 1200 1768 in
1230 1712 1517 1785 utriusque
1540 1712 1698 1784 ripis,
1729 1711 1787 1768 id
1816 1721 1919 1783 est,

321 1812 380 1869 in
408 1810 661 1868 doctrina
687 1806 891 1864 veteris
919 1823 982 1864 ac
1020 1806 1152 1862 novi
1172 1803 1505 1861 Testamenti
1540 1803 1774 1875 plantati
1806 1820 1921 1861 esse

320 1902 621 1968 dicuntur;
673 1897 822 1955 unde
860 1912 1028 1969 aquas
1066 1911 1208 1952 verae
1250 1894 1495 1951 scientiae
1541 1892 1840 1961 trahentes,
1869 1902 1922 1949 et
1956 1915 2000 1975 B

319 1990 535 2047 fructus
564 1988 821 2061 gignunt,
852 1995 906 2042 et
934 1984 1070 2042 folia
1095 2002 1106 2040 :
1141 1999 1237 2056 per
1256 1983 1472 2040 fructus
1496 1997 1733 2053 namque
1762 1998 1927 2055 opera

321 2079 483 2148 bona,
534 2094 631 2151 per
675 2077 810 2135 folia
853 2085 1036 2133 autem
1086 2074 1255 2130 verba
1294 2071 1708 2146 praedicationis
1768 2071 1926 2127 desi-

321 2183 577 2250 gnantur.
610 2177 846 2232 Fructus
875 2173 936 2228 in
965 2172 1177 2240 cibum,
1211 2179 1265 2228 et
1307 2170 1442 2227 folia
1476 2170 1546 2225 ad
1592 2169 1922 2227 medicinam

320 2268 618 2343 proﬁciunt
642 2286 658 2335 ;
687 2264 820 2339 quia
846 2263 1227 2338 unusquisque
1257 2262 1451 2319 doctor
1479 2262 1764 2335 languenti
1790 2261 1925 2317 ani—

321 2375 423 2414 mae
464 2356 793 2414 medicinam
845 2354 1142 2413 verborum
1185 2353 1522 2410 salutiferam
1568 2361 1703 2409 tunc
1748 2352 1926 2408 mini—

323 2455 478 2516 strat,
507 2462 635 2504 cum
687 2461 807 2501 eam
856 2443 1011 2517 prius
1050 2443 1320 2516 exemplis
1366 2442 1644 2499 bonorum
1697 2459 1924 2516 operum

322 2533 553 2611 paverit.

392 2632 534 2688 Ecce
588 2626 845 2687 Ezechiel
901 2632 1201 2682 torrentem
1248 2624 1315 2681 de
1363 2623 1571 2697 templo
1621 2624 1822 2681 exiisse
1869 2642 1926 2683 se

327 2718 531 2775 vidisse
560 2718 705 2775 dixit
736 2716 952 2790 (Ezech.
986 2732 1163 2783 xnvu,
1194 2715 1252 2784 5)
1277 2732 1289 2771 :
1332 2714 1568 2771 Joannes
1598 2721 1781 2771 autem
1812 2732 1925 2771 non

327 2816 648 2877 torrentem,
697 2806 791 2864 sed
816 2805 1055 2861 ﬂuvium
1083 2822 1115 2861 a
1140 2805 1268 2861 sede
1295 2805 1396 2862 Dei
1434 2814 1488 2861 et
1532 2804 1677 2877 Agni
1724 2820 1927 2877 proce-

326 2898 544 2956 dentem
569 2898 676 2954 sibi
702 2907 981 2955 ostensum
1008 2898 1178 2954 fuisse
1206 2897 1363 2954 dicit.
1396 2898 1629 2954 Torrens
1651 2914 1720 2954 ex
1749 2897 1925 2954 nimio

325 2988 518 3046 ardore
547 2989 680 3046 solis
710 2990 848 3046 solet
875 2988 1094 3057 siccari,
1146 2987 1352 3044 ﬂuvius
1386 3004 1517 3045 vero
1548 2989 1703 3044 nullo
1733 2987 1926 3044 ardore

325 3079 674 3138 exsiccatur:
710 3097 825 3136 non
872 3078 1330 3136 inconvenienter
1380 3095 1509 3152 ergo
1560 3095 1656 3151 per
1716 3085 1923 3134 torren-

324 3179 435 3228 tem
494 3171 687 3228 divina
738 3172 1023 3244 Scriptura
1070 3170 1423 3242 exprimitur,
1490 3188 1611 3245 quae
1667 3173 1925 3230 veniente

2036 642 2207 683 unum
2238 625 2401 682 ﬁunt.

2107 744 2341 801 Fluvius
2394 761 2521 817 ergo
2569 744 2692 814 iste,
2733 743 2830 818 qui
2882 743 3112 817 gloriam
3142 750 3461 801 sanctorum
3489 746 3631 803 desi-

2035 842 2183 907 gnat,
2233 833 2579 907 splendorem
2628 833 2878 907 crystalli
2910 833 3115 889 habere
3167 832 3377 889 dicitur
3426 853 3441 902 ;
3505 836 3636 908 quia

2035 923 2333 998 unicuique
2374 924 2621 981 ﬁdelium
2675 923 2979 981 secundum
3023 922 3348 995 qualitatem
3403 939 3631 996 operum

2033 1032 2264 1071 suorum
2312 1014 2563 1088 refulget,
2616 1014 2758 1072 sicut
2809 1013 2946 1070 dicit
2989 1015 3334 1088 Apostolus:
3400 1036 3418 1060 ‹
3463 1014 3634 1070 Stella

2034 1103 2179 1159 enim
2210 1104 2278 1159 ab
2310 1105 2468 1160 stella
2496 1104 2679 1161 diﬂert
2708 1105 2766 1159 in
2796 1103 3066 1171 claritate,
3097 1103 3177 1159 sic
3214 1110 3269 1158 et
3300 1102 3633 1160 resurrectio

2034 1204 2379 1253 mortuorum
2432 1197 2491 1269 (Ι
2533 1197 2659 1253 Cor.
2691 1213 2788 1265 xv,
2822 1195 2939 1268 41).
2967 1221 2985 1244 ι
3033 1194 3139 1264 Qui
3186 1194 3253 1250 de
3295 1194 3421 1251 sede
3450 1193 3548 1251 Dei
3577 1201 3633 1251 et

2033 1288 2177 1361 Agni
2208 1289 2499 1361 procedere
2519 1288 2753 1356 dicitur;
2775 1287 2904 1362 quia
2930 1287 2999 1343 ab
3026 1288 3145 1359 ipso
3174 1286 3431 1360 procedet
3448 1286 3630 1342 omnis

2034 1379 2205 1450 gloria
2232 1387 2571 1449 sanctorum,
2605 1379 2697 1452 qui
2721 1387 2913 1436 auctor
2935 1388 3017 1436 est
3047 1377 3298 1433 omnium
3326 1378 3625 1433 bonorum:

2038 1469 2132 1540 qui
2162 1468 2327 1525 etiam
2361 1470 2419 1525 in
2450 1468 2632 1527 medio
2662 1469 2853 1542 plateae
2884 1467 3129 1526 civitatis
3157 1467 3449 1524 decurrere
3497 1464 3630 1522 dici-

2031 1563 2123 1611 tur
2149 1574 2162 1623 ;
2195 1558 2325 1629 quia
2346 1559 2512 1614 corda
2541 1566 2856 1615 sanctorum
2886 1567 3147 1633 perpetua
3176 1554 3467 1614 suavitatis
3509 1554 3633 1612 dul-

2032 1648 2225 1704 cedine
2256 1648 2579 1705 lcetiﬁcabit.

2100 1756 2176 1811 Et
2201 1772 2267 1810 ex
2294 1761 2519 1827 utraque
2570 1762 2727 1828 parte
2776 1756 3010 1827 ﬂuminis
3069 1756 3267 1826 lignum
3313 1756 3453 1814 vitae.
3484 1757 3631 1814 Eze-

2029 1844 2199 1903 chieli
2240 1846 2299 1902 in
2344 1853 2578 1918 utraque
2624 1845 2743 1919 ripa
2769 1845 3031 1902 torrentis
3062 1847 3280 1918 (Ezech.
3313 1864 3487 1916 xnvrr,
3550 1848 3630 1919 7),

2034 1936 2274 2007 plurima
2302 1935 2451 2008 ligna
2468 1935 2843 1992 demonstrata
2870 1944 3020 2005 sunt,
3053 1934 3120 1992 de
3150 1936 3352 2008 quibus
3381 1936 3634 2010 superius

2036 2026 2210 2083 locuti
2259 2043 2451 2083 sumus
2493 2044 2505 2082 :
2545 2028 2637 2084 hic
2675 2035 2857 2084 autem
2888 2028 3017 2084 vitae
3074 2028 3289 2102 lignum
3340 2035 3632 2100 utramque

2035 2126 2244 2189 partem
2273 2117 2522 2174 ﬂuminis
2546 2134 2839 2190 occupasse
2868 2117 3025 2175 dicit.
3057 2118 3163 2175 Sed
3188 2118 3307 2175 illic
3336 2134 3433 2191 per
3459 2120 3636 2175 multa

2036 2206 2187 2278 ligna
2215 2206 2378 2263 multi
2407 2207 2793 2280 praedicatores
2818 2226 2829 2263 :
2855 2207 2947 2264 hic
2972 2217 3156 2264 autem
3180 2224 3277 2281 per
3305 2224 3480 2264 unum
3502 2208 3633 2266 vita;

2036 2296 2247 2368 lignum
2277 2313 2420 2353 unus
2448 2296 2698 2355 Christus
2728 2298 3069 2369 designatur,
3101 2298 3199 2371 qui
3228 2304 3315 2354 est
3338 2298 3455 2353 vita
3481 2314 3636 2355 cun-

2035 2391 2253 2442 ctorum
2287 2385 2537 2443 ﬁdelium
2563 2403 2690 2459 :per
2721 2395 3011 2460 utramque
3040 2403 3170 2443 vero
3211 2394 3421 2459 partem
3454 2386 3634 2444 ﬂumi-

2035 2474 2122 2531 nis
2147 2490 2437 2546 possumus
2463 2476 2687 2548 angelos
2702 2483 2755 2532 et
2776 2476 3030 2533 homines
3051 2476 3379 2551 intelligere.
3404 2478 3633 2534 Utram-

2034 2583 2141 2638 que
2187 2567 2359 2640 igitur
2386 2578 2594 2640 partem
2625 2569 2874 2626 ﬂuminis
2904 2570 3117 2642 lignum
3147 2570 3277 2627 vitae
3318 2571 3628 2627 obtinebit:

2036 2655 2165 2727 quia
2192 2664 2247 2712 et
2277 2657 2499 2730 angelos
2537 2666 2592 2714 et
2629 2658 2883 2717 homines
2913 2669 3131 2716 sanctos
3159 2660 3415 2719 Christus
3455 2677 3631 2733 aequa-

2037 2744 2163 2800 liter
2197 2746 2516 2817 possidebit.
2554 2747 2795 2818 Alferens
2830 2747 3039 2817 fructus
3066 2750 3358 2806 duodecim.
3394 2752 3632 2807 Fructus

2039 2833 2331 2891 duodecim
2377 2836 2611 2909 apostoli
2653 2844 2804 2907 sunt,
2856 2854 3157 2911 omnesque
3188 2839 3285 2912 qui
3316 2855 3506 2896 eorum
3537 2840 3632 2896 do-

2036 2922 2272 2980 ctrinam
2303 2934 2432 2982 sunt
2459 2926 2662 2983 secuti:
2694 2927 2907 2984 fructus
2937 2927 3233 2986 duodecim
3265 2928 3478 3000 lignum
3500 2928 3632 2986 vitae

2036 3014 2267 3081 aﬁeret;
2301 3016 2431 3087 quia
2476 3016 2534 3072 in
2578 3017 2676 3074 illa
2716 3017 3061 3075 beatitudine
3112 3018 3368 3077 Christus
3407 3036 3627 3076 omnem

2036 3105 2452 3163 multitudinem
2499 3107 2748 3164 ﬁdelium
2796 3108 3109 3166 collocabit.
3142 3111 3249 3166 Per
3295 3128 3494 3166 menses
3524 3112 3629 3166 sin-

2034 3196 2186 3265 gulos
2212 3196 2434 3252 reddens
2478 3197 2715 3268 fructum
2758 3216 2930 3255 suum.
2948 3201 3161 3256 Menses
3187 3201 3392 3274 singuli
3422 3210 3630 3275 tempo-

323 3265 458 3335 8010,
491 3264 550 3320 id
580 3271 681 3331 θεῖ»
710 3263 947 3362 Πέῖωίίὶο
975 3261 1742 3362 ἃάλῖιιξίίοίιιξυιβίξοοᾶδίῖυτὲ
1788 3265 1918 3362 (lui-3
1953 3282 1997 3343 C
2028 3261 2089 3340 ra
2119 3293 2249 3341 sunt
2277 3286 2345 3343 ab
2396 3261 2560 3343 initio
2612 3289 2807 3345 mundi
2837 3305 3012 3362 usque
3061 3290 3133 3346 ad
3180 3261 3349 3347 ﬁnevm
3383 3261 3631 3362 ejus,.de

323 3364 446 3431 post
511 3354 969 3413 resurrectionem
1027 3352 1220 3411 divina
1279 3351 1564 3426 Scriptura
1617 3355 1922 3412 necessaria

323 3472 435 3512 non
461 3453 586 3511 erit.
620 3453 790 3509 Porro
818 3468 914 3525 per
943 3451 1199 3520 ﬂuvium,
1248 3449 1344 3524 qui
1393 3450 1550 3506 nullo
1596 3449 1789 3507 ardore
1831 3466 1922 3507 so-

322 3548 392 3604 lis
440 3548 769 3615 exsiccatur,
825 3545 998 3618 gloria
1037 3551 1353 3601 sanctorum
1405 3550 1667 3615 perpetua
1718 3542 1922 3598 intelli-

322 3647 490 3720 gitur,
521 3646 616 3720 qui
669 3662 701 3702 a
747 3644 873 3701 sede
901 3644 999 3701 Dei
1050 3651 1104 3700 et
1149 3641 1293 3715 Agni
1339 3641 1633 3715 procedere
1680 3640 1919 3709 dicitur;

320 3738 449 3813 quia
483 3739 679 3796 abillo
709 3736 913 3794 ﬂuvius
959 3735 1147 3808 glorise
1198 3743 1512 3792 sanctorum
1562 3731 1841 3804 procedet,
1890 3748 1924 3787 a

318 3853 447 3911 quo,
478 3836 593 3892 illis
622 3836 682 3893 in
709 3850 871 3893 carne
897 3831 1112 3907 positis,
1153 3832 1422 3906 processit
1466 3830 1623 3887 rivus
1668 3829 1918 3886 omnium

315 3930 610 3987 bonorum.

390 4020 496 4089 Qui
536 4018 741 4075 ﬂuvius
788 4017 1110 4091 splendidus
1151 4025 1413 4090 tanquam
1463 4016 1760 4090 crystallus
1804 4030 1921 4071 esse

318 4109 527 4166 dicitur
553 4125 564 4164 :
599 4125 790 4165 verum
818 4108 948 4181 quia
982 4107 1151 4180 hujus
1178 4105 1379 4180 lapidis
1409 4105 1466 4162 in
1489 4106 1593 4162 hoc
1614 4106 1756 4162 libro
1775 4120 1919 4175 saepe

317 4209 382 4265 ﬁt
412 4207 641 4277 mentio,
684 4206 894 4280 placuit
938 4213 1001 4262 ut
1047 4206 1115 4261 de
1164 4213 1360 4260 natura
1415 4210 1469 4259 et
1516 4201 1920 4275 signiﬁcatione

315 4299 433 4372 ejus
462 4314 635 4372 pauca
663 4297 931 4355 dicamus.
984 4295 1085 4351 Hic
1114 4295 1253 4367 lapis
1282 4294 1486 4351 clarior
1530 4301 1613 4349 est
1660 4292 1918 4348 omnibus

316 4391 595 4463 lapidibus
629 4408 640 4446 :
674 4389 921 4445 nascitur
956 4397 1140 4445 autem
1186 4388 1244 4444 in
1288 4387 1668 4460 frigidissimis
1699 4386 1859 4454 locis,
1887 4402 1918 4440 a

315 4484 519 4558 quibus
548 4484 724 4557 frigus
764 4498 1045 4555 nunquam
1095 4480 1322 4538 recedit.
1372 4480 1512 4548 Quia
1554 4495 1622 4535 ex
1667 4478 1916 4536 inferiori

314 4582 465 4648 parte
502 4590 636 4631 saxo
674 4570 1081 4644 aliquantulum
1112 4570 1357 4627 molliori
1390 4570 1641 4636 inhaeret,
1674 4570 1915 4628 radicem

2032 3374 2235 3446 quibus
2263 3376 2579 3451 frequenter
2607 3378 2872 3435 diximus.
2903 3381 3006 3435 Per
3054 3395 3268 3436 menses
3293 3395 3420 3451 ergo
3445 3379 3629 3450 singu-

2032 3462 2116 3519 los
2165 3464 2359 3523 reddet
2409 3468 2653 3525 fructum
2712 3485 2874 3526 suum
2918 3486 2934 3537 ;
2993 3468 3122 3542 quia
3177 3484 3369 3524 omnes
3425 3469 3632 3525 electos

2031 3552 2128 3625 qui
2158 3552 2393 3627 singulis
2420 3556 2761 3630 temporibus
2789 3557 3034 3627 fuerunt,
3064 3564 3119 3614 et
3158 3564 3320 3613 erunt
3357 3573 3532 3630 usque
3559 3556 3630 3612 ad

2031 3642 2220 3713 ﬁnem,
2263 3647 2322 3701 in
2349 3645 2449 3701 illa
2494 3646 2839 3703 beatitudine
2886 3648 3035 3704 Patri
3074 3645 3504 3719 repraesentabit.
3557 3647 3631 3702 Et

2029 3734 2167 3805 folia
2209 3735 2341 3807 ligni
2385 3736 2459 3792 ad
2508 3738 2786 3793 sanitatem
2827 3738 3076 3809 gentium.
3111 3736 3266 3792 Folia
3294 3735 3432 3807 ligni
3462 3733 3630 3791 verba

2029 3832 2161 3880 sunt
2190 3825 2498 3898 Evangelii,
2531 3843 2650 3901 qua:
2681 3828 2971 3883 sanitatem
2994 3827 3186 3883 multis
3216 3825 3470 3900 gentibus
3494 3841 3627 3897 pra:-

2030 3914 2309 3969 stiterunt.
2341 3914 2413 3971 Et
2466 3922 2547 3971 est
2593 3932 2784 3971 sensus
2826 3933 2838 3971 ;
2874 3916 3077 3972 Omnes
3127 3923 3314 3988 gentes
3362 3931 3484 3988 quae
3532 3928 3628 3984 per

2028 4000 2339 4058 doctrinam
2367 4002 2656 4075 Evangelii
2682 4022 2714 4060 a
2734 4004 3093 4076 languoribus
3119 4005 3429 4060 animarum
3460 4003 3626 4059 salva:

2028 4091 2185 4149 facta
2216 4098 2367 4159 sunt,
2399 4090 2458 4146 in
2488 4091 2697 4149 caelesti
2726 4091 3071 4149 beatitudine
3099 4094 3417 4150 constituet.

2102 4208 2283 4278 (Vers.
2334 4209 2413 4280 3.)
2464 4212 2537 4266 Et
2563 4225 2713 4264 omne
2740 4209 3077 4265 maledictum
3102 4226 3209 4264 non
3237 4210 3341 4264 erit
3365 4207 3621 4280 amplius.

2029 4297 2165 4355 Cum
2198 4297 2353 4366 dicit,
2412 4315 2560 4353 omne
2587 4299 2946 4368 maledictum,
2980 4298 3322 4355 demonstrat
3356 4298 3625 4372 plurimas

2028 4403 2142 4444 esse
2173 4387 2608 4445 maledictiones.
2660 4389 3106 4447 Maledictionem
3159 4389 3354 4446 mortis
3410 4390 3625 4463 primus

2027 4477 2194 4533 homo
2231 4479 2468 4536 incurrit
2507 4480 2661 4552 (Gen.
2714 4496 2795 4548 nr,
2848 4479 2962 4551 19),
3001 4477 3223 4551 quando
3251 4480 3518 4551 peccavit,
3571 4490 3626 4540 et

2029 4572 2098 4628 ab
2122 4571 2221 4628 illo
2250 4572 2308 4628 in
2339 4590 2528 4630 omnes
2555 4572 2808 4628 homines
2835 4572 3191 4644 pertransivit
3216 4573 3393 4644 (Rom.
3426 4590 3483 4643 v,
3508 4574 3623 4646 l2).

314 4663 371 4720 in
399 4680 465 4720 eo
503 4678 796 4737 parumper
841 4660 1104 4733 deﬁgens,
1149 4676 1475 4733 sursumque
1516 4676 1765 4717 crescens
1800 4661 1919 4717 eri-
1948 4650 1997 4709 D
2030 4662 2103 4717 Et
2128 4661 2195 4718 de
2225 4662 2444 4720 Christo
2491 4664 2694 4719 Paulus
2741 4662 2878 4720 dicit
2907 4662 3055 4737 quod
3088 4663 3266 4721 factus
3294 4663 3367 4722 sit
3395 4664 3624 4722 maledi-

313 4753 480 4827 gitur,
513 4769 607 4809 sex
641 4752 871 4825 angulos
901 4751 1112 4807 habens
1134 4750 1193 4807 in
1223 4751 1543 4807 summitate
1591 4766 1722 4805 vero
1769 4751 1916 4806 acui-

312 4852 438 4911 tur;
471 4843 724 4899 eumdem
753 4850 936 4898 tamen
965 4840 1218 4897 ordinem
1246 4857 1344 4897 sex
1375 4841 1703 4913 angulorum
1743 4856 1915 4912 usque

312 4932 383 4989 ad
431 4931 806 4988 summitatem
859 4946 1101 4985 servans.
1154 4928 1439 5001 Signiﬁcat
1482 4937 1663 4986 autem
1714 4944 1915 4984 unum-

312 5040 584 5097 quemque
614 5023 915 5096 perfectum
940 5020 1125 5075 virum
1152 5040 1163 5076 :
1194 5020 1333 5093 lapis
1354 5036 1506 5089 vero,
1540 5022 1629 5077 cui
1658 5021 1913 5088 inhaeret,

311 5113 595 5173 Christum
652 5111 902 5184 designat
960 5128 972 5166 :
1037 5110 1259 5166 claritas
1310 5109 1559 5181 crystalli
1615 5111 1910 5181 puritatem

311 5210 582 5267 mentium
610 5206 757 5264 586
785 5215 1101 5265 sanctorum
1129 5224 1141 5263 :
1178 5225 1276 5265 sex
1304 5206 1489 5279 anguli
1518 5207 1908 5278 perfectionem

308 5302 690 5359 demonstrant
720 5318 947 5375 Operam
976 5299 1273 5357 bonorum.
1316 5300 1579 5357 Ordinem
1616 5318 1714 5357 sex
1745 5318 1911 5374 angu-

308 5393 487 5449 lorum
516 5408 688 5466 usque
717 5393 787 5449 ad
813 5390 1189 5449 summitatem
1221 5390 1406 5460 ducit;
1448 5391 1578 5465 quia
1605 5391 1781 5449 sancti
1807 5390 1909 5447 hoc

308 5480 549 5551 student,
583 5490 645 5539 ut
673 5482 1065 5555 perfectionem
1092 5480 1364 5537 bonorum
1398 5497 1625 5553 operum
1648 5497 1820 5555 usque
1840 5483 1908 5538 ad

308 5573 471 5631 ﬁnem
501 5574 631 5631 vita
660 5573 961 5647 perducant
987 5592 998 5629 :
1032 5573 1089 5628 in
1117 5572 1491 5645 superioribus
1510 5588 1643 5629 vero
1672 5574 1905 5630 summi-

307 5671 416 5720 tate
465 5665 713 5735 acuitur;
777 5663 907 5739 quia
958 5664 1146 5721 omnis
1196 5664 1432 5721 intentio
1478 5672 1792 5720 sanctorum
1839 5663 1906 5719 ad

2026 4764 2176 4812 ctum
2219 4771 2319 4828 pro
2355 4756 2516 4812 nobis
2558 4756 2764 4828 (Galat.
2796 4772 2882 4824 ιιι,
2916 4755 3027 4827 13);
3058 4755 3188 4829 quia
3213 4763 3470 4822 mortem,
3501 4771 3623 4829 quas

2027 4855 2108 4903 est
2153 4844 2468 4902 maledictio
2519 4845 2685 4917 primi
2728 4845 2992 4914 hominis,
3052 4862 3152 4917 pro
3202 4852 3391 4902 nostra
3446 4846 3623 4903 salute

2026 4934 2286 5008 suscepit.
2318 4935 2423 4992 Sed
2452 4942 2506 4991 et
2521 4935 2656 4994 Cain
2677 4952 2777 5008 pro
2799 4944 2952 4992 reatu
2979 4934 3272 4992 homicidii
3293 4935 3620 4992 maledictus

2028 5037 2110 5085 est
2159 5044 2190 5083 a
2236 5029 2349 5084 Deo
2394 5026 2549 5101 (Gen.
2584 5042 2661 5094 Iv,
2699 5026 2814 5097 11).
2863 5026 2937 5082 Et
2965 5024 3436 5098 contemptoribus
3462 5024 3619 5096 Legis

2028 5117 2166 5175 dicit
2192 5118 2411 5190 Moyses
2438 5135 2449 5173 :
2500 5139 2519 5163 ι
2548 5116 2872 5173 Maledictus
2903 5116 2997 5189 qui
3036 5131 3148 5171 non
3177 5113 3538 5187 permanserit
3556 5112 3615 5169 in

2027 5207 2372 5264 sermonibus
2409 5206 2536 5262 libri
2590 5205 2757 5278 hujus
2783 5207 2865 5279 (5)
2900 5206 3080 5279 (Deut.
3117 5221 3295 5272 xxvn,
3328 5202 3447 5273 26).
3477 5226 3495 5249 ι
3539 5201 3619 5258 Si-

2023 5297 2232 5355 militer
2254 5305 2308 5352 et
2338 5314 2439 5353 nos
2466 5313 2591 5354 cum
2625 5296 2864 5369 graviter
2890 5310 3196 5368 peccamus,
3227 5291 3333 5365 ipsi
3363 5307 3464 5348 nos
3482 5300 3617 5350 met-

2024 5387 2170 5460 ipsos
2225 5385 2460 5459 pessima
2490 5385 2876 5443 maledictione
2926 5385 3271 5441 damnamus.
3312 5381 3487 5439 Omne
3514 5380 3614 5454 igi-

2022 5486 2113 5534 tur
2151 5476 2505 5533 maledictum
2534 5493 2644 5532 non
2691 5477 2797 5532 erit
2824 5475 3092 5547 amplius;
3138 5472 3268 5546 quia
3318 5479 3607 5545 peccatum

2020 5585 2133 5625 non
2184 5568 2309 5637 erit,
2360 5584 2461 5625 nec
2516 5568 2729 5641 aliquid
2775 5566 2922 5637 quod
2973 5564 3314 5620 occasionem
3372 5560 3612 5635 praebeat

2018 5657 2297 5731 peccandi.
2341 5658 2657 5718 Maledictio
2685 5674 2903 5733 quoque
2940 5655 3103 5729 primi
3131 5652 3375 5712 hominis
3432 5653 3492 5711 in
3521 5668 3599 5713 re-

379 5801 461 5876 (5)
489 5802 692 5862 Omnes
722 5801 881 5874 edit.,
912 5802 969 5860 in
998 5801 1240 5862 omnibus
1272 5802 1381 5869 iis;
1428 5819 1616 5861 omnes
1656 5820 1812 5877 mss.,
1842 5804 1899 5860 in
1939 5804 2266 5861 sermonibus
2296 5804 2421 5860 libri
2452 5804 2630 5873 hujus.
