4026 6172
537 266 673 325 1051

1553 266 1649 322 AD
1689 262 1922 320 OPERA
1959 263 2016 319 S.
2058 259 2392 318 AMBROSII
2431 258 2809 318 APPENDIX.

3705 259 3861 318 1082

533 391 872 449 surrectione
917 391 1207 461 delebitur,
1262 407 1390 448 cum
1435 391 1820 448 immortalitas
1859 390 2116 446 omnibus
2149 392 2200 450 A
2228 387 2360 456 cito,
2395 404 2426 443 a
2455 390 2567 444 Deo
2606 405 2664 444 se
2700 387 2838 445 dicit
2883 403 3000 444 esse
3049 387 3326 443 missum?
3384 386 3525 454 Quia
3574 387 3860 447 nimirum

534 480 720 537 electis
747 480 912 536 fuerit
941 480 1224 537 attributa.
1259 483 1332 537 Et
1367 482 1508 537 sedes
1538 481 1636 536 Dei
1681 487 1729 534 et
1773 479 1914 552 Agni
1941 479 2000 535 in
2024 480 2126 535 illa

533 576 705 625 erunt.
751 570 808 626 Si
839 569 1003 626 modo
1047 580 1175 626 sunt
1227 571 1400 628 sancti
1445 572 1544 627 Dei
1594 571 1651 627 in
1683 572 1784 628 hac
1813 571 1930 627 vita
1960 570 2124 643 positi

533 659 685 714 sedes
704 656 824 726 Dei,
861 666 1067 730 quanto
1100 658 1272 730 magis
1305 668 1456 728 tunc,
1487 676 1611 715 cum
1643 661 2002 731 corruptibile
2023 660 2128 717 hoc

531 745 775 803 induerit
798 747 1293 820 incorruptionem,
1310 755 1363 803 et
1387 750 1618 804 mortale
1638 749 1744 804 hoc
1768 748 2012 804 induerit
2028 749 2127 804 im-

531 837 922 893 mortalitatem
945 838 1004 909 (I
1023 838 1384 910 Cor.xv,53)?
1405 841 1478 894 Et
1496 839 1632 894 servi
1645 839 1758 908 ejus
1778 839 2003 894 servient
2022 839 2124 895 illi.

530 926 663 994 Quae
691 934 774 982 est
799 927 906 983 ista
934 928 1193 996 servitus,
1225 943 1333 1001 qua
1380 929 1526 983 servi
1556 928 1655 984 Dei
1686 927 1929 984 servient
1958 929 2070 984 Deo
2101 928 2129 984 ?

530 1013 784 1072 Amando
831 1015 1090 1074 videlicet
1120 1033 1268 1086 eum,
1299 1026 1355 1073 et
1383 1018 1501 1073 sine
1527 1018 1636 1074 ﬁne
1669 1035 1794 1074 eum
1829 1018 2124 1075 laudando.

605 1107 786 1178 (Vers.
827 1109 906 1181 4.)
938 1111 1014 1165 Et
1038 1110 1285 1166 videbunt
1314 1109 1505 1181 faciem
1533 1110 1667 1180 ejus,
1715 1115 1763 1164 et
1790 1126 1978 1164 nomen
2015 1109 2129 1180 ejus

531 1199 589 1255 in
624 1198 890 1269 frontibus
935 1218 1134 1258 eorum.
1185 1202 1399 1270 Quanta
1445 1203 1520 1258 sit
1558 1201 1732 1274 gloria
1781 1209 1835 1257 et
1887 1200 2128 1258 suavitas

533 1307 653 1364 quae
683 1291 887 1349 sanctis
926 1292 1352 1362 ministrabitur,
1408 1309 1564 1348 mens
1617 1291 1859 1347 humana
1885 1307 2128 1363 compre-

532 1381 771 1438 hendere
808 1399 921 1438 non
951 1391 1148 1456 potest,
1204 1383 1350 1440 sicut
1391 1382 1527 1440 dicit
1569 1382 1850 1454 apostolus
1881 1381 2123 1436 Paulus:

545 1496 565 1520 ‹
592 1472 750 1539 Quod
780 1474 970 1530 oculus
1000 1490 1113 1530 non
1143 1474 1306 1542 vidit,
1341 1490 1441 1531 nec
1470 1473 1620 1528 auris
1672 1471 1910 1539 audivit,
1941 1487 2043 1527 nec
2069 1470 2128 1525 in

530 1580 625 1620 cor
645 1563 888 1621 hominis
906 1563 1171 1632 ascendit,
1205 1580 1325 1636 quas
1356 1561 1684 1634 praeparavit
1702 1563 1876 1617 Deum
1898 1559 2129 1632 diligen-

529 1653 678 1709 tibus
717 1671 774 1710 se
823 1655 881 1726 (Ι
919 1655 1043 1710 Cor.
1079 1672 1136 1722 Il,
1170 1655 1251 1724 9).
1301 1677 1319 1700 ι
1377 1653 1482 1709 Sed
1530 1667 1749 1708 omnem
1779 1648 2128 1706 dulcedinem

2235 477 2508 550 praeterita
2544 477 2705 534 facile
2733 477 3140 550 dignoscuntur
3175 495 3186 534 :
3233 476 3422 532 futura
3448 484 3636 532 autem
3667 487 3730 534 et
3761 478 3862 535 in-

2234 571 2452 641 cognita
2467 569 2785 625 hominibus
2806 585 2919 624 non
2937 568 3042 624 nisi
3070 585 3168 641 per
3196 566 3591 623 revelationem
3605 568 3860 641 Spiritus

2236 658 2432 726 sancti,
2477 666 2571 714 aut
2610 675 2706 732 per
2747 661 3068 732 angelorum
3117 658 3487 714 ministerium
3535 658 3859 731 intelligere

2236 763 2547 819 possumus.
2617 748 2795 805 Aliter
2853 748 3124 822 quidquid
3189 748 3527 821 ignoramus,
3593 747 3859 806 futurum

2237 838 2398 894 nobis
2439 845 2557 906 est;
2609 839 2737 912 quia
2788 839 3037 896 futurum
3088 848 3169 896 est
3207 846 3267 894 ut
3326 838 3395 894 ad
3444 857 3540 896 cor
3594 851 3856 897 nostrum

2236 927 2445 997 veniat,
2477 929 2624 1002 quod
2654 929 2965 997 nescimus;
3011 930 3154 986 illud
3189 931 3473 999 videlicet,
3515 931 3670 1005 quod
3707 933 3854 988 Deus

2237 1017 2652 1088 praedestinavit
2681 1028 2745 1075 ut
2772 1019 3080 1085 sciremus;
3123 1035 3235 1076 non
3264 1021 3413 1076 enim
3445 1021 3684 1077 scientia
3721 1021 3853 1077 mali

2237 1107 2398 1164 nobis
2428 1109 2814 1181 praedestinata
2839 1116 2943 1179 est,
2980 1109 3075 1166 sed
3103 1125 3171 1166 ex
3202 1109 3459 1183 originali
3491 1111 3855 1184 peccatodes-

2236 1198 2443 1255 cendit.

2317 1292 2463 1350 587
2503 1296 2685 1366 (Vers.
2718 1296 2796 1369 7.)
2840 1297 2914 1353 Et
2967 1313 3072 1352 ecce
3112 1297 3261 1352 uenio
3307 1296 3571 1352 velociter.
3629 1299 3755 1356 Hoc
3797 1299 3852 1354 in

2239 1400 2469 1457 persona
2510 1385 2756 1459 loquitur
2786 1386 3017 1453 Christi,
3057 1386 3375 1459 signiﬁcans
3413 1404 3534 1444 eum
3588 1387 3660 1443 ad
3698 1387 3853 1458 judi-

2238 1474 2385 1530 cium
2415 1476 2526 1532 cito
2552 1491 2668 1531 esse
2697 1483 3016 1532 venturum.
3059 1477 3258 1532 Beatus
3289 1475 3382 1547 qui
3425 1478 3654 1531 custodit
3691 1479 3852 1534 verba

2232 1566 2525 1636 prophetia:
2565 1567 2691 1622 libri
2736 1567 2916 1638 hujus.
2963 1567 3060 1622 Ille
3103 1574 3287 1622 servat
3317 1565 3485 1622 verba
3513 1567 3844 1638 prophetiae,

2237 1652 2296 1709 id
2323 1662 2405 1710 est
2431 1655 2688 1712 mandata
2725 1656 2846 1724 Dei,
2877 1657 2972 1728 qui
3001 1672 3064 1712 ea
3105 1655 3380 1728 operando
3425 1655 3639 1726 implet,
3685 1665 3744 1713 et
3793 1659 3848 1713 in

529 1749 692 1814 atque
720 1742 1046 1798 suavitatem
1077 1741 1218 1797 illud
1264 1741 1630 1806 transcendet,
1680 1739 1828 1814 quod
1859 1738 2130 1796 videbunt
2154 1751 2199 1811 Β
2237 1741 2595 1799 meditatione
2623 1760 2813 1801 eorum
2847 1744 3098 1801 assiduus
3130 1753 3231 1812 est,
3265 1744 3501 1816 implens
3526 1745 3666 1801 illud
3698 1746 3851 1801 Psal-

529 1832 705 1886 Deum
733 1829 872 1886 facie
911 1829 978 1886 ad
1030 1830 1249 1887 faciem.
1291 1831 1502 1886 Nomen
1534 1845 1667 1886 vero
1695 1827 1797 1884 Dei
1840 1835 1919 1883 est
1950 1827 2126 1882 Filius

528 1920 668 1974 Dei:
718 1933 920 1975 nomen
971 1919 1156 1993 itaque
1201 1920 1306 1977 erit
1352 1920 1413 1976 in
1460 1920 1741 1976 frontibus
1771 1925 2126 1986 sanctorum;

531 2007 660 2080 quia
713 2008 830 2081 ipsa
882 2009 1102 2066 claritas
1148 2019 1312 2084 atque
1359 2011 1570 2083 species
1607 2008 2010 2066 demonstrabit
2038 2024 2130 2065 eos

529 2113 644 2154 esse
670 2097 816 2154 ﬁlios
849 2098 969 2155 Dei.

604 2188 783 2259 (Vers.
815 2188 896 2260 5.)
948 2191 1021 2245 Et
1064 2205 1174 2244 nos:
1219 2191 1367 2246 ultra
1406 2205 1512 2244 non
1566 2190 1688 2244 erit.
1719 2187 1871 2245 Dicit
1918 2189 1975 2244 in
2016 2187 2128 2244 alio

529 2275 652 2332 loco
680 2277 914 2332 Joannes
948 2293 960 2331 :
1008 2301 1026 2325 ι
1054 2279 1201 2334 Deus
1231 2279 1329 2333 lux
1359 2285 1459 2347 est,
1491 2285 1544 2334 et
1573 2278 1813 2334 tenebrae
1845 2278 1900 2333 in
1930 2293 1994 2334 eo
2016 2294 2127 2333 non

527 2373 657 2421 sunt
684 2365 812 2421 ullae
844 2367 903 2438 (Ι
924 2367 1082 2422 Joan.
1114 2384 1155 2435 ι,
1187 2367 1267 2439 5).
1309 2392 1326 2415 ι
1387 2367 1533 2434 Quas
1562 2383 1688 2440 ergo
1735 2367 1985 2423 tenebras
2013 2365 2126 2438 pati

528 2461 809 2526 poterunt,
865 2473 896 2512 a
948 2457 1151 2528 quibus
1186 2459 1334 2514 Deus
1361 2456 1580 2513 assidue
1610 2456 1893 2512 videbitur
1913 2456 1941 2512 ‘P
1969 2454 2126 2522 Quod

529 2543 574 2599 si
607 2544 674 2600 de
711 2545 1055 2602 daemonibus
1102 2555 1157 2602 et
1195 2545 1381 2619 impiis
1430 2545 1740 2618 intelligere
1784 2545 2125 2600 voluerimus

525 2635 632 2692 hoc
659 2636 893 2707 dictum,
926 2654 1038 2693 nox
1059 2654 1172 2693 non
1199 2637 1303 2692 erit
1336 2655 1347 2692 :
1382 2636 1512 2710 quia
1541 2637 1818 2692 daemones
1854 2651 1980 2691 cum
2011 2651 2124 2689 om-

525 2725 691 2782 nibus
719 2727 906 2798 impiis
947 2727 1004 2783 in
1051 2729 1237 2784 cloaca
1268 2725 1472 2782 inferni
1518 2725 1577 2780 in
1622 2732 1946 2798 perpetuum
1975 2731 2122 2779 tene-

523 2816 733 2872 buntur
762 2817 982 2872 reclusi.
1008 2819 1204 2872 Etnon
1235 2817 1445 2888 egebunt
1469 2816 1662 2872 lumine
1693 2817 1939 2883 lucerna,
1962 2831 2124 2884 neque

530 2906 725 2962 lumine
768 2908 916 2962 solis.
966 2907 1225 2962 Diximus
1255 2907 1508 2978 superius
1537 2923 1632 2979 per
1662 2907 1848 2962 lumen
1889 2906 2033 2961 lunas
2061 2921 2124 2961 ac

526 2993 713 3048 lumen
771 2992 902 3049 solis
955 3002 1113 3051 vetus
1161 3011 1224 3050 ac
1269 3011 1476 3051 novum
1538 2995 1944 3050 Testamentum
2008 3009 2122 3050 esse

2242 1830 2527 1903 mographi
2555 1831 2803 1889 dictum:
2851 1858 2870 1880 ‹
2908 1832 3012 1889 Sed
3043 1832 3100 1888 in
3149 1834 3265 1904 lege
3315 1832 3538 1888 Domini
3579 1834 3846 1891 voluntas

2240 1919 2378 1992 ejus,
2438 1930 2492 1977 et
2549 1922 2607 1978 in
2665 1924 2781 1996 lege
2837 1921 2954 1994 ejus
3006 1921 3371 1978 meditabitur
3423 1921 3515 1980 die
3569 1939 3632 1981 ac
3680 1933 3850 1981 nocte

2243 2015 2416 2087 (Psal.
2448 2033 2486 2082 ι,
2519 2014 2601 2085 2).
2633 2039 2653 2063 ι

2312 2113 2494 2182 (Vers.
2537 2113 2590 2180 8,
2632 2112 2714 2183 9.)
2764 2112 2840 2167 Et
2879 2127 2966 2183 ego
3007 2111 3237 2167 Joannes
3279 2109 3372 2181 qui
3415 2110 3603 2166 audivi
3645 2118 3697 2166 et
3737 2115 3849 2170 uidi

2236 2201 2363 2269 haec,
2418 2207 2465 2256 et
2509 2208 2794 2274 postquam
2843 2199 3108 2256 audissem
3155 2205 3202 2254 et
3249 2199 3515 2266 uidissem,
3572 2202 3742 2256 cecidi
3791 2210 3849 2258 ut

2235 2291 2520 2354 adora-rem
2549 2298 2669 2346 ante
2691 2291 2846 2363 pedes
2882 2291 3075 2361 angeli,
3121 2289 3214 2360 qui
3256 2289 3386 2344 mihi
3439 2290 3544 2344 hac
3599 2293 3847 2347 ostende—

2237 2379 2342 2448 bat,
2371 2387 2419 2435 et
2446 2380 2588 2435 dixit
2631 2380 2808 2435 mihi:
2849 2380 2972 2439 Vide
3004 2396 3069 2433 ne
3117 2378 3323 2450 feceris,
3381 2396 3660 2436 conservus
3727 2387 3848 2437 tuus

2231 2485 2348 2524 sum
2375 2476 2422 2524 et
2450 2469 2687 2539 fratrum
2727 2475 2938 2524 tuorum
2964 2470 3372 2540 prophetarum,
3417 2475 3465 2523 et
3506 2486 3696 2524 eorum
3746 2471 3849 2541 qui

2234 2567 2448 2615 servant
2474 2561 2632 2615 verba
2669 2560 2794 2616 libri
2819 2559 2998 2630 hujus.
3049 2560 3218 2615 Deum
3245 2559 3437 2614 adora.
3473 2558 3587 2616 Cur
3614 2562 3841 2634 angelus

2233 2665 2265 2703 a
2292 2648 2500 2703 Joanne
2530 2648 2747 2704 adorari
2777 2648 3038 2716 noluerit,
3092 2648 3285 2704 beatus
3329 2648 3625 2719 Gregorius
3675 2652 3843 2707 suﬂi—

2232 2738 2441 2796 cienter
2469 2739 2726 2812 exposuit
2767 2740 2893 2812 (6):
2945 2740 3300 2813 quaerendum
3347 2757 3476 2796 vero
3520 2741 3689 2797 nobis
3742 2753 3839 2813 est,

2231 2845 2330 2884 cur
2361 2828 2560 2900 repetit
2591 2828 2737 2901 quod
2782 2836 2942 2885 antea
2988 2829 3039 2885 ei
3089 2828 3432 2901 prohibitum
3482 2830 3684 2887 fuerat.
3739 2833 3841 2889 Sed

2233 2917 2279 2973 si
2308 2916 2600 2990 diligenter
2648 2919 2978 2991 scripturam
3028 2917 3156 2973 libri
3191 2917 3359 2990 hujus
3402 2919 3840 2992 inspexerimus,

2232 3024 2344 3064 non
2372 3010 2430 3064 in
2459 3025 2663 3064 vanum
2690 3025 2805 3065 esse
2835 3008 3039 3065 factum
3066 3008 3434 3078 intuebimur;
3473 3025 3603 3064 nam
3629 3027 3763 3066 cum
3791 3012 3839 3068 ei

524 3080 868 3154 designatum
905 3102 916 3141 :
977 3085 1225 3140 eamdem
1255 3085 1441 3158 itaque
1465 3084 1928 3157 signiﬁcationem
1955 3082 2119 3138 habet

2232 3097 2659 3155 demonstrasset
2685 3101 2911 3171 angelus
2941 3098 3223 3157 Christum
3255 3099 3311 3153 in
3343 3115 3442 3154 sua
3473 3099 3604 3154 sede
3633 3101 3840 3157 seden—

525 3172 749 3229 lucerna
777 3173 836 3228 in
864 3172 970 3230 hoc
999 3174 1140 3244 loco,
1175 3191 1336 3249 quam
1364 3175 1617 3247 superius
1646 3173 1895 3229 diximus
1930 3173 2117 3228 lunam

524 3261 798 3321 habuisse.
848 3265 927 3321 De
976 3265 1185 3321 lumine
1213 3273 1398 3322 autem
1445 3263 1578 3321 solis
1605 3280 1669 3320 ac
1699 3265 1867 3332 lunze,
1911 3263 1970 3319 id
2015 3269 2115 3330 est,

523 3354 724 3410 veteris
743 3371 806 3410 ac
822 3353 954 3411 novi
976 3355 1340 3425 Testamenti,
1361 3353 1613 3427 superius
1627 3353 1814 3427 aliqua
1842 3351 2116 3409 diximus.

523 3442 640 3497 Hoc
686 3443 854 3513 igitur
903 3444 1112 3500 lumine
1167 3460 1278 3500 non
1326 3444 1574 3517 egebunt
1611 3444 1807 3500 sancti.
1855 3441 2121 3509 Quoniam

521 3531 780 3585 Dominus
809 3533 948 3587 Deus
979 3532 1306 3587 illuminabit
1332 3534 1473 3596 illos,
1523 3538 1570 3587 et
1610 3532 1902 3604 regnabant
1926 3532 1983 3586 in
2011 3549 2120 3588 sce-

523 3619 644 3672 cula
672 3621 1007 3674 saeculorum.
1041 3620 1335 3692 Hucusque
1380 3619 1523 3676 visio
1568 3620 1822 3692 septima.
1873 3622 2002 3689 Qum
2036 3637 2115 3678 se-

523 3713 789 3778 quuntur,
821 3706 888 3764 ad
913 3707 1349 3764 admonitionem
1381 3709 1659 3781 pertinent
1689 3709 1862 3781 ipsius
1889 3710 2117 3767 Joannis

521 3801 953 3869 ceterorumque
983 3795 1254 3853 ﬁdelium.

595 3893 778 3965 (Vers.
811 3895 892 3965 6.)
917 3896 991 3950 Et
1018 3895 1160 3950 dixit
1186 3895 1316 3950 mihi
1342 3912 1359 3950 :
1408 3895 1530 3952 Haec
1559 3894 1717 3950 verba
1742 3894 2050 3967 ﬁdelissima
2070 3900 2118 3950 et

520 4000 644 4039 uera
673 3990 815 4040 sunt.
841 3985 958 4042 Hoc
985 3984 1072 4042 bis
1093 3985 1216 4042 ideo
1245 3986 1463 4059 repetit,
1483 3993 1543 4041 ut
1563 3985 1750 4041 nullus
1765 3983 2117 4040 considerans

519 4071 878 4130 obscuritates
926 4074 1260 4144 dictionum,
1293 4082 1348 4131 et
1380 4091 1443 4132 ea
1471 4091 1591 4148 qua:
1622 4072 1929 4130 secundum
1959 4072 2118 4128 litte-

519 4183 635 4224 ram
681 4169 1087 4228 irrationabilia
1133 4169 1414 4239 videntur,
1465 4169 1784 4227 incredulus
1835 4169 2111 4236 exsistat;

519 4257 744 4314 fuerunt
772 4259 918 4315 enim
951 4260 1198 4334 quidam,
1249 4259 1342 4334 qui
1372 4276 1484 4316 non
1515 4259 1884 4332 iutelligentes
1923 4258 2116 4314 divina

519 4347 801 4419 mysteria,
843 4364 964 4420 quas
1010 4349 1069 4404 in
1098 4349 1203 4406 hoc
1233 4349 1376 4405 libro
1402 4348 1780 4418 continentur,
1811 4366 1842 4405 a
1865 4351 2114 4422 catalogo

2230 3195 2362 3256 tem,
2393 3197 2734 3263 quatuorque
2783 3188 3064 3258 animalia,
3109 3196 3163 3244 et
3210 3187 3410 3259 viginti
3458 3197 3698 3260 quatuor
3744 3207 3837 3247 se—

2232 3279 2436 3348 niores,
2483 3295 2828 3354 nequaquam
2876 3279 3082 3336 dicitur
3132 3279 3385 3350 angelum
3443 3277 3671 3335 adorare
3728 3297 3833 3336 vo—

2230 3369 2417 3426 luisse.
2467 3369 2738 3426 Similiter
2765 3387 2892 3426 cum
2937 3368 2989 3424 ei
3032 3367 3460 3424 demonstrasset
3499 3368 3743 3439 qualiter
3769 3369 3833 3424 ab

2231 3458 2388 3530 Aguo
2417 3465 2622 3531 septem
2663 3459 2844 3531 sigilla
2890 3465 3125 3514 reserata
3166 3465 3315 3525 sunt,
3363 3463 3416 3512 et
3459 3473 3522 3512 ea
3565 3473 3688 3529 quas
3734 3459 3833 3513 sub

2230 3555 2396 3603 cantu
2425 3548 2679 3605 tubarum
2712 3555 2920 3618 septem
2962 3547 3283 3619 angelorum
3333 3552 3482 3618 gesta
3529 3555 3686 3613 sunt,
3734 3562 3828 3602 nec

2230 3654 2340 3694 non
2367 3645 2421 3693 et
2451 3655 2513 3693 ea
2540 3655 2660 3711 quae
2701 3636 2802 3694 sub
2835 3637 3100 3692 effusione
3144 3635 3453 3708 phialarum
3493 3643 3705 3708 septem
3745 3653 3830 3690 an-

2230 3729 2473 3800 gelorum
2523 3737 2671 3800 gesta
2713 3727 2879 3784 fuisse
2926 3726 3206 3799 leguntur,
3247 3740 3595 3799 nequaquam
3630 3723 3830 3781 dicitur

2229 3818 2376 3890 quod
2401 3817 2654 3890 angelum
2699 3816 2928 3872 adorare
2971 3816 3232 3871 voluerit.
3283 3815 3383 3871 Ubi
3424 3831 3560 3871 vero
3606 3824 3827 3871 ventum

2229 3916 2312 3964 est
2346 3908 2413 3964 ad
2443 3924 2569 3964 eum
2599 3907 2807 3974 locum,
2837 3905 2896 3960 in
2925 3921 3034 3979 quo
3073 3903 3124 3960 ei
3164 3903 3232 3959 ab
3268 3903 3462 3976 angelo
3491 3903 3828 3960 demonstra-

2227 4007 2345 4053 tum
2375 4007 2478 4066 est,
2520 3995 2757 4069 qualiter
2802 4011 3001 4067 sponsa
3048 3992 3276 4060 Christi,
3325 3993 3381 4049 id
3430 4000 3513 4049 est
3561 3993 3826 4058 Ecclesia,

2229 4087 2449 4144 Christo
2477 4084 2774 4156 conjuncta
2800 4091 2899 4152 est,
2936 4083 2993 4138 in
3025 4099 3089 4138 eo
3121 4082 3380 4138 videlicet
3409 4083 3553 4150 loco,
3581 4082 3679 4137 ubi
3695 4083 3824 4139 scri-

2226 4182 2381 4248 ptum
2413 4181 2494 4231 est
2529 4192 2541 4230 :
2589 4175 2923 4231 Gaudeamus
2965 4179 3013 4226 et
3055 4173 3392 4236 exsultemus,
3423 4177 3474 4225 et
3499 4171 3684 4226 demus
3710 4174 3825 4242 glo-

2227 4264 2369 4320 riam
2396 4264 2444 4319 ei
2471 4265 2552 4337 (7)
2579 4281 2592 4331 ;
2626 4263 2753 4334 quia
2782 4267 3036 4318 uenerunt
3060 4261 3259 4332 nuptiae
3285 4260 3447 4332 Agni,
3473 4266 3520 4315 et
3545 4277 3693 4315 uxor
3719 4260 3822 4329 ejus

2220 4355 2553 4427 prteparauit
2581 4370 2667 4408 se:
2703 4360 2752 4408 et
2779 4353 2961 4408 datum
2991 4358 3066 4406 est
3108 4352 3175 4419 ei,
3207 4356 3266 4404 ut
3301 4351 3509 4421 operiat
3534 4367 3590 4404 se
3621 4351 3820 4420 byssina

519 4432 834 4492 divinarum
887 4436 1291 4509 Scripturarum
1325 4455 1447 4494 eum
1479 4446 1762 4511 amputare
1791 4441 2109 4496 voluerunt.
2140 4480 2190 4539 D
2224 4444 2520 4516 splendente
2548 4442 2794 4498 candido.
2839 4442 3127 4514 Byssinum
3169 4440 3326 4506 enim,
3376 4438 3584 4516 inquit,
3617 4439 3820 4510 justifi-

517 4526 594 4581 Et
619 4528 871 4583 Dominus
896 4529 1038 4585 Deus
1070 4531 1356 4602 spirituum
1378 4533 1760 4604 prophetarum
1789 4533 1934 4588 misit
1954 4550 2107 4603 ange-

520 4616 628 4672 lum
656 4634 810 4674 suum
837 4623 1102 4676 ostendere
1125 4623 1292 4678 servis
1323 4621 1451 4689 suis,
1475 4638 1590 4692 quo:
1621 4629 1821 4692 oportet
1845 4623 1964 4696 ﬁeri
1982 4623 2100 4689 cito;

516 4705 575 4763 id
603 4715 704 4777 est,
736 4709 1007 4766 Dominus
1030 4712 1194 4781 Deus,
1229 4712 1324 4785 qui
1354 4711 1610 4784 spiritum
1631 4711 1930 4786 prophetiae
1956 4712 2108 4769 dedit

516 4797 774 4854 omnibus
837 4800 1042 4857 sanctis
1102 4801 1404 4873 prophetis,
1454 4800 1570 4873 ipse
1632 4801 1784 4858 misit
1850 4802 2105 4874 angelum

515 4886 771 4956 suum,id
800 4895 903 4958 est,
937 4890 1117 4962 ipsum
1151 4890 1246 4962 qui
1268 4890 1373 4946 hoc
1397 4888 1740 4963 loquebatur,
1766 4889 1860 4962 qui
1881 4897 1935 4945 et
1949 4889 2107 4944 Joan-

513 4978 572 5033 ni
601 4978 844 5035 ostendit
870 4979 1056 5036 omnia
1084 4981 1367 5053 mysteria,
1403 4997 1522 5054 quas
1553 4979 1612 5034 in
1661 4978 1767 5034 hoc
1796 4978 1938 5034 libro
1965 4995 2110 5035 con—

509 5066 780 5138 tinentur,
807 5071 1073 5126 ostendere
1100 5071 1265 5126 servis
1303 5070 1414 5125 suis
1455 5085 1573 5139 quae
1613 5074 1816 5140 oportet
1841 5068 1959 5139 ﬁeri
1985 5067 2105 5125 cito.

511 5155 646 5215 Cum
691 5157 808 5215 haec
853 5157 1126 5231 scriptura
1168 5173 1280 5213 non
1319 5165 1532 5213 tantum
1566 5155 1634 5212 ad
1679 5155 1928 5210 futurum
1961 5164 2109 5212 tem—

512 5263 632 5319 pus,
663 5247 758 5303 sed
784 5247 949 5304 etiam
980 5246 1048 5303 ad
1069 5247 1408 5319 praeteritum
1443 5247 1733 5318 pertineat,
1777 5261 1876 5299 cur
1906 5244 1973 5301 ad
2003 5245 2108 5301 de—

509 5337 864 5394 monstranda
909 5353 973 5392 ea
1001 5335 1385 5392 tantummodo
1407 5377 1423 5403 ,
1482 5351 1602 5408 quas
1659 5335 1944 5406 oportebat
1989 5335 2109 5391 ﬁeri

582 5481 664 5554 (6)
697 5483 778 5538 Ita
809 5498 961 5538 mss.:
983 5479 1108 5554 edit
1121 5523 1137 5554 .
1173 5495 1305 5554 vero
1339 5497 1350 5535 :
1389 5479 1500 5536 Cur
1533 5481 1772 5554 angelus
1820 5480 2041 5554 Domini
2069 5499 2104 5536 α

507 5550 710 5608 Joanne
765 5553 991 5608 adorari
1049 5552 1301 5624 noluerit,
1363 5550 1606 5624 superius
1671 5551 1728 5605 in
1764 5553 2111 5624 expositione

509 5624 704 5696 quintae
740 5624 963 5683 Visionis
999 5623 1314 5698 sufﬁcienter
1364 5623 1723 5696 exposuimus.
1761 5623 1909 5682 Mera
1936 5624 2110 5699 impo-

2218 4533 2445 4589 cationes
2474 4539 2597 4587 sunt
2624 4538 2927 4588 sanctorum
2943 4549 2965 4596 ;
3002 4529 3268 4588 continuo
3312 4528 3572 4600 angelum
3603 4527 3816 4584 adorare

2214 4622 2415 4679 voluit.
2447 4621 2629 4679 Simili
2656 4621 2820 4677 modo
2851 4629 2904 4677 et
2936 4620 2996 4675 in
3033 4617 3421 4692 sequentibus,
3471 4634 3600 4673 cum
3642 4619 3692 4673 ei
3738 4617 3820 4673 de-

2215 4719 2518 4768 monstrata
2555 4717 2696 4767 esset
2731 4709 2966 4783 dejectio
3013 4707 3370 4776 Antichristi,
3424 4707 3668 4780 alligatio
3711 4707 3815 4762 dia-

2215 4798 2329 4856 boli
2360 4801 2420 4855 iu
2447 4799 2729 4871 abyssum,
2763 4798 2937 4872 gloria
2966 4797 3406 4864 resurrectionis,
3452 4798 3612 4853 nullo
3659 4795 3818 4851 modo

2216 4889 2471 4962 angelum
2499 4887 2728 4944 adorare
2757 4888 2938 4943 voluit
2969 4905 2981 4942 :
3019 4904 3147 4943 cum
3177 4895 3362 4942 autem
3403 4885 3462 4941 in
3509 4885 3620 4941 ﬁne
3657 4884 3816 4954 hujus

2217 4979 2452 5036 visionis
2503 4977 2942 5034 demonstratum
2999 4983 3142 5034 esset
3198 4975 3249 5031 ei
3297 4975 3534 5048 qualiter
3580 4973 3820 5030 Ecclesia

2218 5074 2341 5140 post
2394 5065 2813 5122 resurrectionis
2873 5065 3106 5138 gloriam
3164 5064 3384 5121 Christo
3436 5065 3494 5119 in
3546 5073 3806 5119 aeternum

2218 5175 2343 5216 cum
2401 5157 2500 5211 illo
2556 5162 2852 5227 regnatura
2898 5153 3219 5222 sociabitur,
3269 5153 3536 5210 continuo
3567 5152 3820 5225 angelum

2220 5249 2445 5305 adorare
2476 5245 2691 5314 voluit;
2726 5245 3089 5318 conjungitur
3126 5259 3361 5317 namque
3396 5243 3645 5298 Ecclesia
3689 5259 3817 5314 quo-

2219 5339 2355 5396 tidie
2395 5335 2615 5396 Christo
2643 5351 2738 5409 per
2767 5335 2954 5405 ﬁdem,
2985 5345 3288 5408 caeteraque
3307 5332 3452 5389 bona
3481 5347 3669 5405 Opera,
3703 5349 3819 5405 qua:

2217 5491 2388 5631 milia).
2407 5551 2580 5621 Edit.,
2606 5558 2653 5607 et
2673 5551 2852 5607 demus
2879 5551 3107 5624 gloriam
3134 5551 3202 5631 ei,
3232 5555 3280 5631 et
3306 5553 3495 5631 cratera
3518 5566 3537 5614 ;
3576 5547 3825 5603 continuo

2217 5627 2504 5700 angelum;
2532 5640 2663 5682 mss.
2697 5632 2902 5692 autem,
2933 5631 2996 5681 ut
3025 5638 3126 5680 nos
3156 5627 3214 5678 in
3241 5629 3420 5679 textu.
