4026 6172
304 372 443 431 1053

1207 370 1665 430 BERENGAUDI
1702 370 2076 430 EXPOSITIO
2115 371 2189 430 IN
2225 370 2732 431 APOCALYPSIN.

3481 375 3620 436 1054

302 515 400 574 per
425 497 654 570 byssum
684 493 1062 567 designantur.
1092 495 1468 570 Conjungetur
1495 513 1626 554 vero
1673 497 1723 554 ei
1777 496 1985 575 posth
2015 513 2324 569 peccamus,
2380 514 2600 554 necesse
2655 505 2735 554 est
2791 504 2854 553 ut
2912 499 3102 567 stolas,
3153 498 3210 555 id
3257 506 3359 567 est,
3406 498 3621 557 animas

304 585 763 646 resurrectionem
794 585 970 640 multo
1002 585 1273 642 excelsius
1300 595 1463 659 atque
1494 587 1759 656 nobilius,
1791 604 1902 644 non

298 679 415 752 jam
462 693 560 750 per
622 685 822 748 partes,
863 674 1007 731 sicut
1054 673 1218 732 modo
1273 693 1285 733 :
1333 677 1427 733 sed
1473 685 1590 734 tota
1631 677 1799 733 simul
1848 679 1905 733 in

303 775 574 824 aeternum
604 781 730 821 cum
758 764 858 820 illo
890 779 1166 832 mansura,
1197 773 1251 822 et
1294 765 1412 822 sine
1447 765 1556 822 fine
1596 775 1903 838 regnatura.

306 857 482 932 Igitur
512 856 749 912 Joannes
777 853 863 908 bis
891 854 1146 925 angelum
1180 854 1406 911 adorare
1436 855 1637 924 voluit,
1671 854 1800 928 quia
1827 854 1908 910 bi-

308 963 408 1003 nas
437 943 856 1017 conjunctiones
888 942 1149 999 Ecclesiae
1178 960 1306 1001 cum
1339 944 1560 1002 Christo
1591 945 1640 1000 ei
1670 944 1910 1000 demon-

306 1033 525 1092 stravit.

382 1121 564 1193 (Vers.
610 1119 723 1192 10.)
774 1120 850 1176 Et
889 1117 1028 1175 dixit
1079 1118 1209 1175 mihi
1241 1138 1253 1177 :
1288 1120 1366 1179 Ne
1411 1120 1703 1193 signaveris
1752 1119 1912 1175 verba

303 1214 596 1288 prophetiae
644 1212 772 1269 libri
803 1211 966 1283 hujus
999 1230 1010 1268 :
1051 1219 1247 1285 tempus
1296 1213 1434 1269 enim
1480 1231 1647 1286 prope
1696 1220 1788 1270 est.
1815 1213 1912 1269 Si-

309 1314 471 1379 gnata
513 1313 594 1361 est
643 1303 925 1374 Scriptura
952 1301 1086 1372 illis,
1123 1319 1155 1358 a
1184 1302 1383 1375 quibus
1416 1321 1527 1361 non
1561 1303 1908 1376 intelligitur.

309 1394 635 1468 Prmeipitur
656 1394 826 1467 igitur
855 1394 1054 1449 Joanni
1092 1409 1160 1449 ne
1206 1394 1384 1466 signet
1413 1394 1582 1451 verba
1611 1394 1912 1467 prophetiae

310 1486 440 1543 libri
496 1484 683 1557 hujus,
728 1484 785 1541 id
843 1491 944 1552 est,
992 1499 1060 1539 ne
1106 1484 1340 1542 tacendo
1387 1485 1748 1543 obscuritates
1797 1484 1914 1556 ejus

308 1575 627 1643 abscondat,
658 1575 753 1632 sed
781 1573 1108 1646 exponendo
1139 1574 1320 1646 potius
1341 1575 1600 1632 omnibus
1622 1592 1741 1632 eam
1773 1575 1915 1631 scire

309 1665 626 1722 volentibus
657 1662 1006 1730 manifestet;
1039 1679 1104 1720 eo
1134 1663 1281 1736 quod
1314 1663 1432 1721 dies
1460 1663 1687 1736 judicii,
1719 1665 1813 1738 qui
1855 1665 1912 1719 in

310 1755 417 1812 hoc
465 1754 608 1812 libro
637 1753 872 1810 diversis
915 1752 1095 1810 modis
1141 1754 1494 1823 describitur,
1522 1771 1692 1828 prope
1737 1755 1828 1823 sit,
1862 1766 1917 1815 et

2013 595 2247 654 nostras,
2281 586 2510 656 orando,
2548 586 2853 659 vigilando,
2874 585 3202 659 jejunando,
3245 589 3621 661 eleemosynas

2016 676 2298 748 largiendo
2326 677 2543 732 assidue
2572 677 2840 732 lavemus.
2875 677 2976 732 Per
3008 678 3222 749 lignum
3253 677 3383 734 vitae
3417 695 3622 750 possu-

2016 783 2140 822 mus
2199 765 2524 839 sapientiam
2587 766 2915 840 intelligere,
2984 767 3201 825 dicente
3269 768 3616 825 Salomone:

2032 880 2051 904 ι
2080 855 2314 927 Lignum
2345 856 2477 912 vitae
2505 863 2586 911 est
2633 855 2764 924 illis,
2809 855 2903 929 qui
2953 857 3420 929 apprehenderint
3469 873 3617 925 eam;

2018 953 2072 1000 et
2100 944 2193 1017 qui
2223 945 2463 1001 tenuerit
2489 961 2630 1012 eam,
2660 945 2852 1001 beatus
2885 946 3072 1018 (Prov.
3106 963 3190 1013 IlI,
3231 947 3345 1018 18).
3389 972 3406 995 ι
3451 948 3622 1002 Pote-

2019 1040 2214 1089 statem
2257 1034 2314 1089 in
2355 1034 2504 1106 ligno
2544 1035 2693 1104 vitae,
2745 1035 2802 1090 id
2845 1044 2946 1102 est,
2995 1035 3053 1091 in
3103 1036 3373 1108 sapientia
3419 1036 3624 1092 habent

2019 1122 2232 1190 sancti;
2287 1123 2417 1195 quia
2463 1123 2780 1196 quicunque
2830 1124 3155 1196 sapientiam
3205 1124 3467 1197 possidet,
3514 1141 3626 1197 po-

2020 1220 2140 1268 tens
2169 1218 2251 1268 est
2279 1211 2347 1266 ad
2379 1210 2569 1267 omnia
2611 1212 2751 1266 vitia
2781 1213 3162 1285 exstirpanda,
3196 1215 3264 1270 ad
3294 1213 3623 1270 tentationes

2021 1303 2334 1359 daemonum
2374 1303 2762 1372 devincendas,
2816 1311 2870 1359 et
2916 1303 2985 1359 ad
3033 1303 3221 1359 omnia
3271 1303 3416 1360 bona
3461 1320 3625 1376 opera

2021 1393 2345 1466 peragenda,
2378 1393 2523 1449 sicut
2549 1392 2688 1450 dicit
2711 1394 2969 1450 Salomon
2994 1411 3006 1448 :
3042 1417 3061 1440 ι
3096 1393 3291 1450 Melior
3311 1401 3392 1449 est
3412 1394 3625 1466 patiens

2021 1482 2144 1537 viro
2176 1482 2326 1549 forti,
2360 1491 2413 1538 et
2441 1484 2533 1554 qui
2557 1482 2876 1539 dominatur
2903 1483 3091 1538 animo
3119 1499 3220 1539 suo
3250 1491 3625 1556 expugnatore

2023 1571 2246 1626 urbium
2278 1573 2466 1642 (Prov.
2503 1588 2622 1640 xvr,
2655 1572 2770 1643 32).
2809 1597 2828 1620 ι
2875 1573 3032 1628 Tales
3060 1589 3188 1645 ergo
3208 1590 3304 1645 per
3327 1581 3513 1645 portas
3543 1574 3623 1629 in-

2022 1669 2174 1717 trant
2202 1662 2260 1716 in
2293 1659 2596 1729 civitatem,
2629 1679 2726 1734 per
2753 1662 2906 1717 illam
2939 1662 3200 1719 videlicet
3231 1671 3467 1736 portam,
3504 1680 3625 1736 qum

2025 1751 2162 1808 dicit
2190 1751 2249 1806 in
2277 1751 2624 1823 Evangelio:
2667 1773 2686 1798 ι
2718 1752 2832 1822 Ego
2875 1768 2994 1807 sum
3037 1752 3270 1820 ostium;
3322 1770 3417 1824 per
3450 1770 3536 1809 me
3580 1752 3627 1809 si

311 1859 532 1902 necesse
551 1843 851 1900 habeamus
870 1850 932 1898 ut
954 1843 1448 1917 periculum,quod
1466 1844 1740 1914 imminet,
1754 1845 1916 1902 corde
1943 1857 1990 1918 Β
2026 1840 2151 1913 quis
2179 1840 2478 1908 introierit,
2509 1839 2846 1907 salvabitur;
2896 1848 2949 1896 et
2992 1840 3352 1912 ingredietur,
3381 1849 3436 1898 et
3465 1859 3626 1914 egre-

311 1933 622 2002 videamus,
652 1948 720 1988 ne
749 1933 892 1989 sicut
921 1931 1012 1987 fur
1041 1932 1290 1989 incautos
1333 1941 1565 2006 occupet
1603 1941 1656 1990 et
1697 1933 1908 2006 perdat.

312 2023 422 2080 Sed
465 2038 565 2080 cur
601 2021 832 2077 Joannes
884 2020 1186 2078 secundum
1242 2029 1572 2093 praeceptum
1602 2021 1910 2094 angelicum

313 2110 682 2169 obscuritates
713 2108 840 2164 libri
872 2109 1041 2182 hujus
1085 2109 1412 2182 exponendo
1459 2115 1514 2165 et
1553 2109 1913 2167 describendo

315 2202 666 2258 manifestare
696 2201 926 2257 noluit?
956 2201 1260 2273 praesertim
1289 2217 1415 2258 cum
1448 2209 1670 2274 propter
1695 2201 1912 2257 easdem

316 2291 676 2349 obscuritates
712 2289 937 2363 quidam
974 2288 1032 2344 in
1065 2305 1302 2346 errorem
1353 2299 1408 2346 et
1455 2289 1712 2345 haeresim
1755 2289 1915 2345 deci-

314 2382 518 2449 derint,
549 2380 796 2437 dicentes
833 2377 1114 2436 Christum
1152 2386 1273 2451 post
1314 2379 1770 2437 resurrectionem
1819 2395 1915 2451 per

316 2471 473 2527 mille
527 2485 799 2525 annorum
839 2467 1077 2540 spatium
1125 2483 1251 2523 cum
1300 2468 1560 2524 omnibus
1613 2469 1816 2526 sanctis
1859 2469 1917 2524 in

314 2559 526 2617 mundo
570 2558 863 2616 carnaliter
906 2574 1023 2614 esse
1077 2563 1453 2630 regnaturum.
1513 2558 1718 2615 Verum
1771 2558 1918 2632 quod

319 2666 435 2707 non
481 2649 613 2706 fecit
652 2647 965 2716 scribendo,
1011 2646 1289 2704 credimus
1348 2663 1474 2702 eum
1523 2647 1716 2704 fecisse
1770 2664 1922 2721 prae-

321 2737 576 2796 dicando.

397 2829 579 2900 (Vers.
640 2828 753 2900 11.)
806 2826 910 2895 Qui
950 2833 1115 2894 nocet,
1161 2832 1342 2882 noceat
1385 2827 1597 2882 adhuc:
1632 2832 1680 2881 et
1727 2827 1820 2897 qui
1864 2826 1923 2880 in

322 2921 568 2977 sordibus
615 2925 709 2988 est,
753 2918 1019 2974 svrdescat
1064 2918 1236 2972 adhuc
1275 2917 1356 2989 (8)
1394 2923 1486 2972 :et
1529 2924 1739 2973 sanctus
1788 2933 1925 2972 san—

322 3013 578 3085 ctiﬁcetur
616 3013 806 3068 adhuc.
851 3011 958 3079 Qui
1004 3010 1141 3068 dicit
1177 3029 1188 3066 :
1227 3011 1331 3079 Qui
1374 3019 1538 3080 nocet,
1587 3018 1768 3067 noceat
1816 3014 1925 3068 ad-

324 3103 466 3158 huc:
505 3108 552 3176 et
598 3101 692 3172 qui
734 3101 792 3156 in
834 3100 1079 3156 sordibus
1118 3106 1211 3168 est,
1259 3101 1524 3157 sordescat
1563 3101 1735 3156 adhuc
1755 3119 1775 3166 ;
1813 3117 1924 3156 non

329 3189 724 3264 praecipiendo,
755 3188 849 3246 sed
879 3188 1270 3246 comminando
1300 3188 1465 3245 dixit.
1499 3189 1688 3246 Solent
1725 3190 1924 3263 quippe

328 3279 583 3336 homines
607 3279 714 3336 hoc
743 3295 936 3351 genere
966 3278 1263 3335 locutionis
1289 3286 1495 3334 terrere
1524 3278 1786 3351 quosdam
1815 3279 1920 3334 sibi

326 3371 621 3443 subjectos,
641 3370 786 3427 sicut
807 3368 1053 3441 magistri
1083 3369 1177 3442 qui
1208 3369 1384 3425 solent
1409 3369 1590 3426 dicere
1621 3370 1804 3443 pueris
1834 3387 1922 3424 va-

328 3460 581 3519 cantibus
615 3478 626 3515 :
660 3459 836 3516 Nolite
868 3460 1050 3530 legere,
1080 3458 1240 3515 nolite
1281 3458 1440 3530 legere
1472 3477 1489 3514 :
1519 3458 1604 3514 illi
1654 3475 1785 3515 vero
1829 3459 1925 3514 in-

329 3551 636 3624 telligentes
676 3547 1167 3607 comminationem
1197 3565 1312 3604 esse
1343 3547 1469 3618 hoc,
1502 3564 1612 3604 non
1665 3547 1926 3621 prohibi-

328 3641 560 3711 tionem,
591 3640 775 3698 statim
825 3639 1102 3714 incipiunt
1148 3643 1344 3715 legere.
1391 3642 1506 3699 Hoc
1553 3641 1716 3698 etiam
1762 3641 1926 3698 modo

328 3731 542 3788 domini
571 3749 757 3789 servos
786 3733 900 3791 otio
932 3741 1210 3806 torpentes
1237 3741 1442 3791 terrere
1462 3733 1667 3803 solent,
1697 3741 1760 3790 ut
1790 3750 1928 3807 opus

327 3819 435 3878 sibi
466 3819 773 3892 injunctum
806 3823 971 3879 citius
999 3823 1257 3895 expleant
1289 3823 1393 3895 (9).

405 3909 589 3978 (Vers.
623 3910 736 3979 12.)
778 3912 909 3966 Ecce
952 3912 1100 3966 venio
1145 3911 1268 3980 cito,
1317 3919 1365 3968 et
1415 3929 1605 3968 merces
1651 3928 1766 3967 mea
1814 3927 1932 3966 me-

332 4012 450 4052 cum
479 4002 554 4051 est
593 3997 809 4052 reddere
836 3999 1119 4069 unicuique
1148 4001 1430 4056 secundum
1471 4019 1631 4072 opera
1668 4017 1785 4057 sua.
1812 4001 1933 4057 Sae—

330 4085 447 4144 culi
503 4083 755 4140 homines
812 4085 1128 4154 mercedes,
1187 4103 1322 4159 quas
1393 4088 1496 4144 sibi
1565 4088 1934 4144 servientibus

332 4175 535 4232 debent
565 4172 794 4230 reddere
823 4181 919 4230 aut
963 4173 1021 4229 in
1051 4175 1306 4242 sacculis,
1337 4184 1434 4232 aut
1474 4177 1530 4232 in
1579 4176 1812 4244 horreis,
1842 4186 1936 4233 aut

333 4266 393 4322 in
421 4263 748 4337 quibusdam
797 4272 954 4321 terra:
999 4263 1138 4319 locis
1168 4263 1376 4320 habent
1409 4283 1420 4320 :
1457 4266 1709 4323 Christus
1753 4276 1934 4323 autem

333 4354 560 4428 praemia
585 4369 870 4410 servorum
902 4370 1132 4410 suorum
1174 4368 1359 4408 secum
1388 4370 1602 4426 semper
1633 4354 1831 4422 habet;
1869 4356 1937 4412 ab

331 4445 453 4517 ipso
479 4443 629 4500 enim
660 4443 908 4515 procedit
942 4442 1106 4499 modo
1136 4441 1318 4499 omnis
1351 4442 1578 4499 bonitas
1596 4453 1936 4514 sanctorum,

2019 1929 2222 1997 dietur,
2254 1939 2308 1985 et
2337 1945 2537 2002 pascua
2567 1929 2815 1985 inveniet
2851 1930 3033 2001 (Joan.
3065 1946 3123 1998 x,
3153 1929 3234 2002 9).
3267 1955 3285 1979 ι
3333 1931 3629 1987 Possumus

2021 2019 2128 2076 hoc
2156 2026 2209 2074 et
2229 2018 2295 2074 ad
2324 2018 2570 2073 futurum
2603 2026 2820 2089 tempus
2840 2019 3072 2084 referre;
3103 2035 3199 2090 per
3229 2019 3441 2092 lignum
3473 2035 3626 2074 nam-

2021 2125 2128 2181 que
2155 2107 2285 2162 vitae
2313 2105 2570 2164 Christus
2597 2105 2939 2178 designatur,
2969 2115 3031 2162 ut
3052 2124 3194 2179 saepe
3213 2107 3326 2179 jam
3358 2107 3629 2166 diximus.

2023 2201 2177 2258 Sicut
2195 2200 2343 2256 enim
2359 2217 2427 2256 ex
2457 2215 2569 2255 uno
2601 2199 2785 2270 stipite
2808 2199 2941 2270 ligni
2974 2199 3136 2255 multi
3163 2200 3303 2256 rami
3334 2199 3629 2272 prodeunt,

2025 2294 2100 2349 ita
2128 2299 2182 2347 et
2215 2307 2284 2346 ex
2325 2306 2437 2345 uno
2478 2288 2701 2348 Christo
2746 2288 3048 2345 multitudo
3101 2297 3439 2346 sanctorum.
3486 2289 3634 2357 Qui—

2025 2397 2241 2454 cunque
2295 2396 2422 2452 ergo
2480 2377 2714 2435 lavacris
2764 2377 3131 2451 spiritalibus,
3194 2379 3252 2435 id
3310 2389 3413 2447 est,
3469 2379 3634 2435 bonis

2027 2473 2285 2546 operibus
2336 2471 2548 2526 animas
2601 2487 2726 2526 suas
2773 2470 2996 2526 abluere
3054 2471 3172 2544 (10)
3231 2489 3341 2528 non
3395 2479 3629 2539 cessant,

2024 2571 2353 2639 potestatem
2384 2560 2667 2617 habebunt
2691 2560 2750 2615 in
2782 2559 2934 2630 ligno
2964 2559 3122 2627 vitae;
3155 2560 3289 2632 quia
3317 2558 3435 2631 ejus
3463 2575 3634 2616 mem-

2024 2654 2127 2710 bra
2155 2653 2359 2719 effecti,
2392 2667 2489 2722 per
2513 2652 2674 2705 illum
2721 2665 2915 2720 magna
2963 2657 3266 2721 poterunt:
3313 2665 3437 2704 nam
3490 2649 3634 2706 sicut

2015 2758 2099 2818 ex
2126 2758 2238 2797 uno
2268 2740 2458 2811 stipite
2485 2738 2698 2795 arboris
2727 2738 2909 2794 omnis
2935 2738 3114 2794 virtus
3161 2755 3439 2795 ramorum
3491 2755 3634 2811 pro-

2029 2830 2213 2899 cedit;
2248 2831 2324 2887 ita
2352 2837 2406 2886 et
2446 2845 2515 2886 ex
2554 2845 2666 2884 uno
2716 2827 2938 2887 Christo
2986 2828 3168 2885 omnis
3213 2836 3452 2902 potestas
3496 2845 3633 2886 san-

2031 2940 2268 2988 ctorum.
2319 2931 2421 2986 Per
2466 2937 2678 3002 portam
2730 2937 2915 2985 autem
2955 2924 3101 2984 588
3141 2926 3385 2984 civitatis
3427 2943 3633 2999 possu-

2033 3039 2156 3079 mus
2176 3022 2423 3094 accipere
2444 3019 2876 3077 misericordiam
2906 3027 2959 3076 et
2989 3019 3339 3078 clementiam
3360 3019 3482 3075 Dei.
3507 3020 3637 3076 Haec

2031 3123 2114 3172 est
2141 3124 2318 3188 porta,
2346 3131 2465 3187 quae
2489 3113 2657 3185 justis
2676 3112 2970 3184 aperietur,
2991 3119 3045 3168 et
3062 3111 3284 3184 injustis
3308 3111 3629 3178 claudetur;

1955 3215 1996 3276 ί]
2028 3205 2157 3282 quia
2179 3204 2358 3276 justos
2408 3204 2554 3258 intra
2595 3203 2777 3257 aulam
2817 3200 3055 3274 paradisi
3102 3199 3483 3257 misericordia
3531 3199 3638 3254 di-

2028 3296 2161 3352 vina
2202 3291 2429 3364 recipiet
2455 3291 2572 3360 (11)
2610 3310 2620 3346 :
2655 3308 2686 3346 a
2713 3307 2822 3363 qua
2852 3291 3235 3347 misericordia
3274 3289 3430 3362 impii
3463 3289 3632 3345 alieni

2031 3384 2317 3442 exsistent.
2350 3381 2438 3437 Ab
2473 3381 2577 3437 hac
2606 3389 2764 3453 porta
2798 3381 2962 3437 fatuae
2990 3380 3234 3451 virgines
3279 3381 3639 3452 repellentur,

2032 3491 2153 3548 quae
2182 3473 2366 3528 oleum
2406 3470 2691 3528 charitatis
2735 3470 2794 3526 in
2837 3469 2985 3545 vasis
3031 3470 3147 3526 suis
3193 3485 3304 3526 non
3358 3467 3640 3524 habebunt

2038 3564 2255 3636 (Matth.
2287 3578 2428 3630 xxv,
2463 3561 2576 3632 12).

2109 3652 2290 3725 (Vers.
2327 3651 2440 3724 l5.)
2475 3649 2632 3707 Unde
2661 3656 2715 3706 et
2743 3649 3028 3724 sequitur:
3071 3647 3229 3705 Foris
3270 3664 3443 3714 canes,
3473 3653 3520 3702 et
3546 3663 3642 3702 ve-

2036 3743 2206 3816 neﬁci,
2237 3748 2288 3796 et
2322 3740 2599 3813 impudici,
2643 3747 2690 3796 et
2729 3740 3022 3807 homicidae,
3068 3745 3116 3794 et
3158 3738 3317 3795 idolis
3344 3737 3639 3805 servientes,

2038 3839 2087 3890 et
2133 3833 2301 3889 omnis
2343 3833 2437 3904 qui
2479 3839 2627 3887 amat
2675 3838 2722 3886 et
2765 3832 2897 3902 facit
2939 3830 3287 3886 mendacium.
3337 3829 3441 3885 Per
3483 3844 3645 3886 canes

2040 3922 2208 3978 falsos
2236 3921 2624 3992 przedicatores
2656 3935 2947 3991 possumus
2986 3919 3314 3989 intelligere,
3345 3918 3414 3974 de
3443 3917 3644 3989 quibus

2041 4011 2180 4069 dicit
2204 4011 2484 4082 apostolus
2512 4010 2749 4066 Paulus:
2805 4034 2824 4056 ι
2855 4009 3054 4066 Videte
3081 4025 3264 4075 canes,
3311 4006 3496 4062 videte
3534 4022 3643 4061 ma-

2043 4101 2125 4157 los
2153 4099 2452 4172 operarios,
2485 4098 2668 4154 videte
2693 4098 3066 4155 concisionem
3101 4095 3358 4168 (Philipp.
3393 4111 3477 4162 ιιι,
3507 4094 3588 4166 2),
3611 4118 3629 4141 ι

2044 4197 2098 4245 et
2117 4187 2382 4260 propheta
2407 4205 2417 4242 :
2455 4210 2474 4234 ι
2502 4186 2677 4244 Canes
2701 4186 2842 4243 muti
2866 4201 2978 4242 non
3004 4185 3248 4240 valentes
3277 4184 3474 4239 latrare
3507 4184 3641 4255 (Isa.

2046 4277 2292 4348 Lvr,10);
2317 4301 2336 4323 ιι
2363 4283 2415 4330 et
2438 4274 2670 4331 iterum:
2712 4298 2729 4320 ι
2752 4273 2926 4331 Canes
2947 4271 3415 4344 impudentissimi
3442 4271 3646 4328 nescie-

2046 4373 2178 4421 runt
2207 4363 2572 4431 saturitatem,
2605 4361 2710 4436 ipsi
2740 4369 2984 4435 pastores
3012 4358 3406 4432 ignoraverunt
3445 4358 3646 4415 intelli-

2047 4455 2285 4529 gentiam
2330 4453 2500 4524 (Ibid.
2544 4453 2658 4524 11).
2713 4476 2732 4499 ι
2797 4453 2876 4508 De
2927 4449 3139 4506 caeteris
3177 4448 3351 4519 vitiis,
3394 4466 3514 4523 quae
3555 4449 3649 4506 hic

335 4533 405 4590 ab
461 4532 580 4604 ipso
630 4541 685 4588 et
739 4531 798 4587 in
871 4531 1124 4588 futurum
1183 4531 1444 4604 procedet
1514 4532 1694 4590 omnis
1766 4533 1938 4605 gloria

2051 4545 2426 4611 continentur,
2459 4542 2711 4614 superius
2747 4539 3013 4598 diximus.
3052 4539 3254 4595 Omnes
3280 4555 3406 4612 ergo
3435 4539 3530 4613 qui
3559 4538 3648 4595 his

338 4638 525 4679 eorum
539 4665 551 4677 .

411 4722 593 4793 (Vers.
621 4720 706 4789 i3,
741 4720 854 4792 14.)
889 4721 1002 4791 Ego
1031 4735 1150 4775 sum
1177 4719 1221 4775 Α
1251 4725 1296 4774 et
1327 4725 1395 4787 Ω,
1424 4719 1640 4792 primus
1664 4725 1709 4775 et
1753 4720 1940 4774 novis-

337 4812 522 4877 simus,
564 4811 890 4882 principium
934 4815 984 4864 et
1029 4809 1172 4880 finis.
1225 4810 1376 4865 Beati
1419 4810 1511 4880 qui
1559 4812 1739 4866 lavant
1778 4812 1940 4866 stolas

338 4919 484 4970 suas,
512 4908 571 4956 ut
612 4902 680 4956 sit
704 4907 936 4973 potestas
976 4900 1086 4957 illis
1117 4901 1172 4956 in
1207 4899 1348 4972 ligno
1376 4901 1513 4970 vitaz,
1544 4908 1592 4957 et
1630 4920 1730 4974 per
1753 4909 1940 4974 portas

337 4990 536 5045 intrent
577 4990 634 5044 in
680 4990 968 5045 civitatem.
1008 4989 1306 5046 Possumus
1352 5005 1451 5061 per
1508 4992 1675 5047 stolas
1731 4990 1787 5046 in
1837 4991 1940 5047 hoc

340 5079 463 5136 loco
517 5080 728 5137 animas
783 5088 1001 5137 nostras
1055 5079 1386 5151 intelligere,
1430 5087 1484 5136 et
1540 5081 1669 5153 quia
1723 5081 1939 5138 assidue

416 5303 497 5377 (8)
541 5303 761 5360 Eaedem
812 5303 972 5372 edit.,
1021 5303 1285 5377 sordeseat
1339 5303 1530 5359 adhuc.
1584 5304 1704 5362 Non
1752 5304 1938 5376 praeci-

337 5375 532 5448 piendo
557 5394 574 5440 ;
605 5385 802 5448 caetera
828 5391 897 5432 ex
926 5391 1057 5448 mss.
1103 5375 1355 5448 restituta
1384 5383 1532 5448 sunt.

417 5447 499 5520 (9)
531 5449 690 5520 Rom.
723 5447 856 5520 edit.
897 5447 1031 5514 sola,
1060 5447 1235 5520 pitius
1279 5447 1540 5517 expleant.
1592 5448 1666 5503 Et
1702 5448 1794 5518 qui
1831 5447 1938 5518 ju-

341 5517 455 5591 stus
479 5517 596 5585 est,
637 5518 962 5591 justiﬁcetur
1001 5517 1174 5574 adhuc
1211 5535 1222 5574 :
1255 5523 1303 5571 et
1330 5523 1539 5574 sanctus
1585 5517 1938 5591 sanctiﬁeetur

343 5590 532 5646 adhuc.
557 5593 689 5648 Ecce
714 5589 884 5657 venio,
924 5597 1028 5646 etc.

420 5662 536 5732 (10)
567 5661 716 5718 Edit.
747 5661 904 5730 Gill.,
937 5661 1082 5716 bonis
1109 5661 1354 5732 operibus
1395 5661 1649 5727 abluere;
1679 5665 1932 5731 Rom.,...

345 5750 398 5789 se
421 5735 660 5803 abluere;
695 5750 918 5804 mss.,...
947 5733 1155 5790 animas
1183 5750 1308 5790 suas
1345 5734 1576 5792 abluere.
1611 5735 1761 5791 Infra
1805 5752 1934 5792 vero

2049 4633 2204 4691 vitiis
2234 4633 2443 4689 fuerint
2476 4630 2766 4699 sordidati,
2797 4629 2866 4686 ab
2893 4629 2991 4685 illa
3017 4627 3358 4685 beatitudine
3387 4628 3648 4702 repellen-

2047 4731 2160 4792 tur,
2191 4732 2242 4779 et
2271 4731 2474 4780 aeterna
2505 4737 2666 4795 paena
2700 4719 3129 4778 damnabuntur.

2122 4813 2305 4884 (Vers.
2349 4812 2464 4883 l6.)
2493 4814 2606 4883 Ego
2636 4811 2786 4866 Iesus
2825 4809 2945 4864 misi
2981 4810 3225 4880 angelum
3260 4825 3430 4864 meum
3459 4807 3650 4881 testiﬁ-

2047 4902 2164 4957 cari
2201 4901 2345 4956 vobis
2373 4903 2479 4956 haec
2516 4900 2572 4955 in
2601 4899 2868 4956 Ecclesiis.
2906 4900 3020 4970 Ego
3055 4915 3172 4952 sum
3203 4898 3370 4954 radix
3411 4903 3459 4954 et
3491 4914 3650 4969 genus

2047 4991 2240 5059 David,
2294 4991 2448 5045 stella
2502 4989 2780 5061 splendida
2827 4993 2874 5044 et
2918 4988 3199 5044 matutina.
3256 4987 3435 5044 David
3491 4985 3648 5042 radix

2048 5088 2130 5138 est
2156 5080 2430 5136 universae
2461 5077 2648 5151 stirpis
2678 5094 2789 5134 suas
2815 5095 2830 5146 ;
2882 5077 3013 5150 quia
3056 5075 3202 5134 sicut
3231 5091 3300 5132 ex
3328 5089 3439 5130 una
3466 5072 3648 5129 radice

2047 5313 2277 5379 utraque
2305 5305 2465 5379 edit.,
2505 5304 2796 5379 aperietur,
2841 5303 2972 5379 quia
3007 5303 3218 5379 justas;
3265 5315 3395 5379 mss.
3441 5313 3471 5353 e
3520 5313 3648 5356 con-

2047 5375 2235 5446 trario,
2267 5375 2557 5448 aperietur,
2589 5383 2635 5432 et
2663 5375 2877 5446 injustis
2905 5375 3203 5448 claudetur,
3235 5377 3341 5448 etc.

2119 5441 2236 5524 (11)
2286 5441 2437 5506 Edit.
2484 5447 2641 5524 Gill.,
2693 5441 2929 5524 fecipiet.
2976 5444 3270 5524 quuitur:
3318 5441 3432 5513 Ego
3472 5441 3648 5524 Iesus,

2045 5512 2159 5578 edit
2199 5512 2380 5590 Rom.,
2416 5512 2645 5592 recipiet.
2679 5512 2926 5592 Sequitur
2958 5533 2975 5570 :
3006 5512 3162 5572 Foris
3189 5512 3408 5592 canes;
3437 5519 3487 5569 et
3520 5512 3653 5584 facit

2045 5585 2391 5668 mendacium.
2423 5585 2538 5664 Ego
2574 5585 2979 5668 Jesusfverum
3009 5593 3220 5643 tantam
3250 5585 3504 5643 lacunam
3534 5601 3653 5641 om-

2046 5665 2202 5722 nium
2234 5682 2364 5722 mss.
2398 5670 2611 5737 reparat
2645 5665 2963 5718 auctoritas.
