4026 6172
512 332 656 394 1055

1532 335 1628 392 AD
1666 333 1902 392 ΟΡΕΒΑ
1937 333 1994 392 S.
2030 333 2363 393 AMBROSII
2398 334 2782 394 APPENDIX.

3682 341 3830 401 1056

513 459 678 517 multi
720 459 858 516 rami
898 458 1175 527 oriuntur,
1225 457 1306 514 ita
1345 466 1401 516 et
1444 473 1515 514 ex
1559 474 1674 514 uno
1716 457 1897 515 David
1928 474 2125 531 magna
2152 460 2204 519 A
2235 459 2516 531 expositor
2539 475 2775 533 namque
2798 458 2946 516 mhil
2985 458 3139 517 addit
3182 467 3278 516 aut
3316 460 3562 519 minuit:
3592 462 3694 519 sed
3742 472 3841 522 aut

512 550 799 623 progenies
826 556 908 605 est
934 557 1148 606 exorta.
1180 548 1319 608 Cum
1349 564 1479 622 ergo
1517 547 1696 605 David
1744 546 1915 604 fuerit
1954 546 2116 604 radix

513 639 741 708 Christi,
766 655 831 695 eo
859 638 1008 711 quod
1035 639 1104 695 de
1130 638 1301 711 stirpe
1330 638 1450 711 ejus
1487 638 1703 697 Christi
1750 638 1919 694 fuerit
1962 653 2118 694 exor-

511 738 642 796 tus;
674 729 952 801 quomodo
990 728 1246 786 Christus
1288 729 1529 785 radicem
1575 745 1631 785 se
1671 728 1809 785 dicit
1859 744 1973 784 esse
2015 729 2117 784 Da-

509 818 646 875 vid?
685 817 941 876 Christus
977 818 1151 891 igitur
1193 826 1249 875 et
1290 819 1452 876 radix
1493 826 1548 876 et
1591 818 1744 875 ﬁlius
1790 825 1871 874 est
1919 816 2116 875 David.

509 908 689 967 Radix
717 916 800 965 est
828 908 1029 977 David,
1061 908 1192 982 quia
1238 908 1307 965 ab
1354 909 1473 981 ipso
1520 907 1703 966 David
1755 914 1839 963 est
1882 913 2116 977 creatus,

509 998 653 1056 sicut
697 1007 752 1054 et
795 999 978 1056 caeteri
1018 998 1276 1056 homines
1311 1018 1323 1055 :
1355 999 1505 1056 ﬁlius
1533 1006 1615 1055 est
1647 997 1850 1066 David,
1893 997 2024 1071 quia
2050 1014 2121 1054 ex

508 1088 626 1161 ejus
688 1087 947 1162 progenie
1001 1089 1265 1161 processit
1329 1090 1632 1147 secundum
1700 1104 1941 1144 carnem.
2010 1088 2118 1155 Qui

508 1179 675 1236 etiam
703 1181 919 1236 stellam
942 1179 1275 1237 matutinam
1307 1196 1367 1237 se
1397 1189 1576 1237 vocat.
1610 1179 1782 1236 Stella
1815 1177 2112 1249 matutina,

510 1287 676 1345 quam
705 1270 1000 1328 luciferum
1039 1286 1323 1339 vocamus,
1372 1278 1520 1328 recte
1568 1270 1820 1327 Christus
1869 1269 2113 1326 dicitur;

512 1361 645 1435 quia
670 1360 814 1418 sicut
841 1361 941 1417 illa
979 1377 1139 1417 mane
1181 1361 1368 1417 oriens
1411 1362 1763 1435 splendorem
1812 1376 1974 1417 suum
2022 1375 2119 1433 per

502 1450 827 1507 universum
859 1451 1130 1508 mundum
1161 1452 1388 1525 spargit,
1420 1451 1499 1509 ita
1525 1460 1581 1509 et
1609 1451 1862 1510 Christus
1891 1450 2119 1507 veniens

508 1539 569 1597 in
623 1541 914 1612 mundum,
968 1542 1288 1599 universam
1342 1541 1539 1599 mundi
1588 1542 1786 1599 faciem
1835 1542 2117 1597 illumina—

505 1630 629 1688 vit:
673 1631 767 1704 qui
812 1648 924 1688 non
970 1632 1401 1704 incongruenter
1448 1632 1647 1688 lucifer
1692 1638 1960 1699 vocatur;
2011 1646 2119 1703 qua

506 1721 741 1776 veniens
794 1720 854 1776 in
910 1721 1204 1789 mundum,
1255 1722 1434 1777 lucem
1483 1736 1668 1779 secum
1714 1720 1938 1788 detulit,
1988 1719 2120 1794 quia

2229 551 2591 608 obscuritates
2644 551 2896 609 historias
2955 550 3281 624 exponendo
3339 553 3686 623 manifestat,
3744 566 3840 614 aut

2229 642 2493 698 moralem
2533 649 2629 697 aut
2656 641 2962 714 spiritalem
2991 640 3415 715 intelligentiam
3465 642 3837 704 demonstrat.

2231 729 2526 787 Haereticos
2554 747 2681 803 ergo
2710 730 3014 797 maledicit,
3048 731 3145 803 qui
3182 731 3243 786 in
3278 731 3580 804 Scripturis
3624 734 3840 793 divinis

2230 820 2297 876 ad
2346 819 2782 876 conﬁrmandam
2839 820 3093 877 haeresim
3159 837 3314 877 suam
3368 822 3623 894 quaedam
3706 825 3841 880 falsa

2229 909 2594 982 apponebant,
2626 918 2681 966 et
2732 909 2983 983 quaedam
3033 909 3417 980 detrahebant,
3466 928 3591 985 quae
3642 929 3836 970 eorum

2229 1000 2425 1057 haeresi
2459 999 2789 1056 videbantur
2815 1016 2930 1056 esse
2958 1000 3255 1057 contraria.

2304 1115 2484 1185 (Vers.
2515 1115 2632 1189 20.)
2654 1116 2799 1172 Dicit
2818 1116 2912 1187 qui
2934 1116 3285 1172 testimonium
3308 1116 3550 1186 perhibet
3570 1118 3833 1177 istorum:

2230 1206 2413 1264 Etiam
2448 1208 2597 1263 venio
2639 1208 2758 1276 cito,
2802 1226 2975 1265 amen.
3034 1208 3180 1276 Veni,
3221 1209 3449 1265 Domine
3484 1209 3632 1265 Iesu.
3680 1209 3838 1268 Chrio

2230 1304 2346 1353 stus
2391 1296 2531 1354 dicit
2578 1315 2590 1354 :
2652 1297 2807 1357 Venio
2847 1298 2947 1353 cito
2992 1297 3138 1370 (13),
3177 1298 3413 1354 Joannes
3461 1299 3645 1371 petit:
3694 1300 3836 1369 Veni,

2229 1387 2453 1443 Domine
2478 1388 2644 1451 Iesu;
2671 1395 2727 1443 et
2753 1403 2854 1443 nos
2886 1386 3189 1443 adventum
3238 1386 3447 1444 Christi
3486 1387 3686 1444 multis
3726 1406 3839 1445 mo-

2230 1476 2316 1533 dis
2370 1478 2650 1550 postulare
2710 1476 2995 1533 debemus.
3054 1478 3402 1534 Postulamus
3448 1493 3690 1551 namque
3748 1477 3838 1534 ad-

2229 1575 2458 1624 ventum
2487 1565 2605 1638 ejus
2641 1566 2701 1622 in
2731 1565 2981 1622 oratione
3003 1566 3320 1635 Dominica,
3352 1567 3602 1639 quotidie
3646 1567 3839 1625 dicen-

2228 1665 2311 1715 tes
2344 1676 2356 1715 :
2397 1680 2417 1705 ι
2466 1656 2741 1713 Adveniat
2788 1673 3019 1729 regnum
3076 1663 3236 1712 tuum
3285 1656 3497 1724 (Matth.
3531 1676 3615 1726 τι,
3652 1658 3775 1729 10),
3805 1683 3824 1707 ι

2229 1748 2286 1804 id
2315 1756 2416 1817 est,
2449 1756 2670 1820 tempus
2713 1746 2862 1821 quod
2909 1755 3034 1820 post
3075 1747 3535 1803 resurrectionem
3579 1747 3839 1805 futurum

508 1810 787 1912 terfef’ras.
814 1808 983 1912 huj‘ls
1032 1809 1227 1866 mundi
1251 1810 1571 1912 Λθξδίίηχίξ·
1748 1810 1853 1912 δίῗίξ
1882 1809 2118 1912 moue?"
2144 1841 2190 1902 B
2224 1847 2328 1909 est,
2377 1808 2436 1893 in
2492 1808 2601 1912 qnh
2650 1808 2843 1894 omnes
2897 1808 3073 1893 sancti
3116 1853 3247 1894 cum
3298 1836 3519 1895 Christo
3555 1838 3674 1894 sine
3722 1838 3843 1895 ﬁne

506 1899 610 1957 Job
636 1900 886 1972 loquitur
910 1900 1139 1958 dicens:
1196 1924 1215 1948 ε
1245 1900 1353 1969 Qui
1404 1899 1663 1973 producit
1709 1899 2006 1957 luciferum
2053 1901 2112 1956 in

506 1994 755 2062 tempore
781 2006 882 2047 suo
913 1990 1034 2063 (Job
1062 2007 1305 2060 xxxvm,
1339 1990 1454 2063 32).
1488 2015 1508 2038 -
1543 1989 1863 2047 Luciferum
1886 1990 1947 2047 in
1980 1998 2112 2046 tem-

508 2095 640 2153 pore
667 2096 767 2136 suo
796 2082 943 2138 Deus
966 2082 1126 2137 Pater
1153 2081 1439 2155 produxit,
1467 2080 1688 2154 quando
1713 2080 1920 2137 Filium
1949 2097 2111 2136 suum

507 2177 754 2245 tempore
775 2172 1077 2231 constituto
1102 2171 1172 2229 ad
1190 2170 1573 2230 redimendum
1604 2188 1775 2245 genus
1806 2171 2112 2229 humanum

512 2260 739 2318 direxit.

582 2351 765 2424 (Vers.
819 2351 933 2423 17.)
987 2352 1061 2408 Et
1109 2366 1330 2422 sponsus
1377 2358 1428 2407 et
1473 2366 1668 2422 sponsa
1699 2349 1923 2407 dicunt:
1965 2350 2107 2408 Veni.

508 2440 753 2513 Sponsus
782 2448 836 2497 et
861 2455 1077 2513 sponsa,
1105 2439 1165 2496 id
1192 2447 1295 2509 est,
1329 2438 1585 2497 Christus
1614 2439 1730 2512 (l2)
1759 2447 1813 2495 et
1840 2439 2107 2508 Ecclesia,

509 2547 705 2588 omnes
731 2531 986 2589 homines
1025 2548 1123 2605 per
1165 2532 1475 2605 Scripturas
1504 2540 1560 2588 et
1588 2546 1684 2603 per
1730 2530 2112 2602 praedicatores

507 2621 580 2678 ad
625 2622 979 2695 percipienda
1022 2621 1250 2694 praemia
1295 2620 1632 2694 sempiterna
1676 2619 1923 2693 quotidie
1968 2620 2109 2676 invi-

504 2720 646 2770 tant.
677 2715 751 2769 Et
775 2713 869 2784 qui
895 2713 1048 2768 audit
1074 2714 1220 2769 dicat
1248 2730 1266 2768 :
1305 2712 1448 2771 Veni.
1497 2711 1755 2769 Audiunt
1783 2719 1968 2769 autem
1997 2728 2108 2767 non

508 2804 690 2860 solum
717 2804 803 2859 illi
837 2802 934 2877 qui
956 2803 1178 2860 divinas
1204 2802 1517 2875 Scripturas
1545 2802 1887 2874 intelligunt,
1926 2801 2022 2857 sed
2055 2807 2110 2856 et

510 2893 596 2949 illi
628 2893 723 2966 qui
754 2909 816 2949 ea
848 2892 995 2949 bona
1044 2894 1248 2961 sciunt,
1301 2908 1397 2965 per
1440 2908 1563 2965 quae
1606 2892 1808 2949 salvari
1860 2898 2106 2963 possunt.

510 2983 677 3040 Multi
705 2991 839 3038 sunt
878 2998 1013 3038 vero
1058 2984 1154 3055 qui
1206 2981 1461 3049 audiunt,
1510 2981 1570 3038 id
1622 2989 1723 3050 est,
1773 2980 1867 3054 qui
1916 2980 2111 3037 divina

512 3072 770 3129 mandata
796 3070 1113 3128 didicerunt
1141 3089 1154 3128 :
1187 3070 1282 3128 sed
1308 3087 1418 3127 non
1439 3070 1696 3139 veniunt,
1716 3070 1846 3144 quia
1866 3088 1929 3127 ea
1947 3087 2110 3144 opere

508 3161 739 3235 implere
762 3163 1068 3235 negligunt.
1101 3162 1206 3231 Qui
1238 3162 1407 3235 igitur
1444 3162 1620 3232 audit,
1669 3177 1888 3219 necesse
1927 3169 2009 3219 est
2047 3170 2110 3218 ut

506 3254 732 3312 veniat:
763 3262 818 3311 et
848 3253 943 3326 qui
966 3253 1080 3327 jam
1107 3254 1274 3326 coepit
1299 3253 1490 3310 venire
1527 3252 1595 3309 ad
1633 3255 1807 3310 Deum
1841 3269 1937 3325 per
1959 3252 2107 3309 viam

506 3360 736 3418 operum
766 3344 1062 3414 bonorum,
1093 3360 1314 3402 necesse
1340 3343 1507 3401 habet
1542 3351 1605 3399 ut
1642 3352 1697 3400 et
1737 3343 1876 3399 alios
1924 3358 2109 3400 secum

501 3436 845 3493 admonendo
875 3435 1172 3509 pertrahat.
1212 3437 1289 3492 Et
1335 3435 1431 3506 qui
1476 3435 1605 3504 sitit,
1655 3435 1853 3505 veniat,
1901 3434 1961 3491 id
2005 3443 2108 3504 est,

505 3526 600 3599 qui
624 3527 745 3582 sitit
768 3526 941 3580 vitam
970 3532 1253 3592 aeternam,
1284 3523 1354 3579 ad
1386 3540 1504 3579 eam
1536 3540 1633 3595 per
1656 3523 1805 3580 viam
1834 3524 2108 3582 bonorum

508 3629 736 3683 operum
767 3613 958 3668 venire
983 3628 1041 3669 se
1076 3611 1275 3669 debere
1305 3621 1632 3684 cognoscat:
1665 3613 1769 3680 Qui
1796 3616 1933 3683 vult,
1963 3614 2111 3670 acci—

499 3701 621 3772 piat
637 3716 834 3772 aquam
860 3701 981 3756 vitae
1007 3700 1194 3772 gratis.
1223 3701 1341 3757 Hoc
1369 3701 1622 3772 superius
1638 3702 1785 3774 (cap.
1824 3703 1914 3774 l2)
1945 3720 2110 3777 expo-

507 3788 678 3846 situm
709 3796 812 3846 est.

580 3880 761 3951 (Vers.
795 3878 885 3945 18,
918 3877 1032 3950 19.)
1070 3877 1344 3935 Contestor
1376 3878 1521 3934 omni
1541 3879 1780 3935 audienti
1804 3880 1964 3936 verba
1983 3896 2110 3952 pro-

497 3970 689 4043 phetia:
717 3968 845 4024 libri
872 3967 1072 4037 hujus:
1104 3967 1150 4022 si
1173 3968 1291 4039 quis
1323 3968 1633 4040 apposuerit
1667 3970 1738 4025 ad
1775 3970 1903 4037 haec,
1936 3987 2112 4042 appo-

502 4066 599 4116 nat
627 4060 769 4115 Deus
810 4074 972 4129 super
1010 4057 1167 4114 illum
1210 4059 1402 4130 plagas
1436 4059 1662 4130 scriptas
1702 4058 1760 4113 in
1801 4059 1934 4116 libro
1971 4060 2107 4128 isto;

502 4156 551 4205 et
577 4150 625 4206 si
651 4149 771 4222 quis
798 4147 1111 4205 diminuerit
1155 4147 1218 4204 de
1260 4148 1432 4204 verbis
1467 4148 1593 4205 libri
1609 4150 1900 4222 prophetiae
1927 4151 2112 4221 hujuse

504 4239 723 4311 auferat
756 4241 898 4296 Dem
919 4244 1132 4312 partem
1159 4238 1273 4309 ejus
1302 4239 1364 4294 de
1395 4239 1531 4295 libro
1559 4240 1698 4307 vitae,
1732 4245 1781 4295 et
1810 4240 1873 4295 de
1912 4241 2091 4296 civitat

501 4338 706 4400 sancta,
734 4331 867 4387 etde
889 4330 972 4386 his
991 4347 1110 4401 qua:
1141 4330 1339 4403 scripta
1369 4336 1492 4387 sunt
1532 4331 1591 4386 in
1634 4330 1768 4386 libro
1803 4330 1924 4387 isto.
1972 4332 2112 4389 Cum

500 4421 751 4493 superius
815 4421 1098 4493 praecipiat
1165 4421 1391 4494 angelus
1449 4420 1671 4489 Joanni,
1728 4419 1921 4477 dicens
1962 4438 1975 4476 :
2033 4422 2110 4478 Ne

503 4510 794 4583 signaveris
847 4512 1006 4566 verba
1054 4510 1349 4582 prophetiae
1399 4510 1524 4566 libri
1563 4508 1723 4579 hujus
1762 4528 1784 4577 ;
1839 4510 1974 4583 quid
2030 4517 2111 4566 est

504 4597 654 4672 quod
680 4598 826 4654 idem
855 4598 1098 4654 Joannes
1122 4599 1179 4654 in
1194 4598 1302 4655 hoc
1318 4599 1439 4655 loco
1452 4598 1842 4656 maledictione
1865 4598 2103 4657 terribili
2133 4584 2183 4644 D

503 4687 729 4744 damnat
752 4704 844 4744 eos
864 4687 958 4760 qui
979 4687 1048 4744 ad
1067 4688 1394 4761 scripturam
1418 4687 1546 4744 libri
1567 4687 1735 4760 hujus
1757 4689 1943 4762 aliqua
1952 4689 2103 4745 addi-

503 4775 687 4834 derint
720 4793 733 4832 :
768 4776 1008 4833 maxime
1027 4793 1151 4834 cum
1174 4776 1233 4831 in
1254 4776 1358 4834 hoc
1379 4774 1524 4831 libro
1550 4777 1728 4833 multa
1747 4776 2111 4833 inveniantur

505 4882 626 4939 quae
646 4867 950 4924 secundum
967 4867 1206 4924 litteram
1226 4867 1451 4924 inutilia
1469 4874 1525 4922 et
1548 4883 1690 4923 vana
1706 4883 1821 4924 esse
1841 4866 2108 4923 videbun-

504 4963 617 5024 tur,
651 4954 760 5011 nisi
789 4955 869 5012 eis
898 4956 1164 5029 spiritalis
1212 4955 1582 5029 intelligentia
1622 4956 1969 5024 adhibeatur,
2012 4971 2108 5027 per

504 5061 670 5120 quam
690 5046 1108 5120 intelligantur?
1121 5047 1329 5106 Verum
1349 5063 1461 5103 non
1482 5045 1549 5104 de
1568 5046 1995 5119 expositorihus,
2012 5045 2105 5102 sed

514 5134 582 5195 de
610 5135 884 5195 haereticis
910 5135 1016 5196 hoc
1043 5135 1251 5196 dictum
1292 5152 1407 5193 esse
1449 5136 1755 5210 intelligere
1799 5135 2099 5202 debemus;

582 5371 699 5444 (l2)
731 5369 863 5444 Gill.
896 5370 955 5426 in
990 5377 1180 5444 textu:
1213 5371 1301 5444 Et
1322 5384 1547 5444 sponsus
1592 5372 1888 5444 ctksponsa,
1935 5364 1997 5419 id
2033 5372 2108 5444 est

505 5439 753 5517 Christus
783 5460 797 5510 ;
828 5441 886 5498 in
917 5442 1182 5517 margine,
1222 5442 1303 5497 vel
1331 5440 1554 5517 spiritus
1582 5456 1599 5517 ;_
1623 5439 1788 5517 110111.
1824 5452 1976 5517 vero,
2009 5439 2105 5517 ΔΕι

502 5508 816 5590 spirituset
860 5508 1063 5587 sponsa'
1108 5508 1290 5590 dieunt
1316 5508 1526 5590 :W'cni,
1570 5509 1637 5590 id
1672 5514 1779 5590 est,
1837 5508 2103 5578 Christus,

503 5581 627 5661 elo.
646 5587 765 5661 Sed
786 5581 977 5661 omnes
1006 5602 1139 5661 mss,
1161 5583 1453 5661 nobiscum
1468 5581 1709 5661 faciunt.
1768 5651 1777 5661 .

581 5657 696 5727 (l3)
724 5658 901 5725 Edit.,
931 5658 1056 5713 Iesu
1080 5658 1302 5715 Christe.
1335 5655 1516 5717 Dicit:
1557 5652 1710 5713 Venio
1731 5652 1830 5711 cito
1860 5669 1872 5709 :
1908 5652 2105 5710 melius

509 5743 639 5785 mss.
670 5728 812 5784 utin
840 5736 1123 5789 contextu.

2223 1930 2550 2004 regnabant.
2587 1932 2650 1986 In
2698 1929 2938 2003 peccatis
2971 1928 3260 2001 jacemus;
3306 1944 3525 1986 necesse
3564 1929 3841 1989 habemus

2223 2029 2286 2078 ut
2331 2019 2670 2093 pmnitendo,
2726 2018 3018 2091 plorando,
3065 2018 3305 2087 orando,
3345 2018 3697 2089 abstinendo,
3730 2022 3840 2078 ele-

2223 2126 2513 2184 emosynas
2533 2110 2837 2182 largiendo,
2868 2110 3169 2166 adventum
3199 2109 3316 2181 ejus
3338 2110 3703 2182 deprecemur
3730 2131 3747 2180 ;
3776 2121 3840 2168 ut

2222 2200 2291 2257 ad
2319 2218 2419 2257 nos
2454 2200 2889 2257 misericordiam
2932 2216 3087 2256 suam
3140 2199 3514 2272 impendendo
3562 2200 3779 2271 redeat,
3807 2219 3840 2257 a

2221 2290 2422 2364 quibus
2451 2290 2612 2346 malis
2642 2290 2848 2348 nostris
2890 2290 3144 2346 irritatus
3193 2289 3538 2350 discesserat.
3568 2292 3634 2348 In
3686 2300 3838 2349 tene-

2219 2379 2335 2437 bris
2389 2380 2713 2452 ignorantize
2787 2380 2958 2452 positi
3026 2394 3257 2447 sumus;
3310 2379 3695 2452 deprecandus
3758 2390 3839 2439 est

2221 2469 2511 2538 Dominus,
2544 2477 2605 2526 ut
2633 2470 2841 2539 veniat,
2875 2476 2928 2525 et
2961 2470 3172 2526 lumine
3201 2470 3483 2542 sapientiae
3510 2487 3626 2527 suae
3662 2471 3838 2529 corda

2222 2567 2409 2615 nostra
2439 2560 2737 2617 illuminet.
2770 2560 2856 2617 Ab
2895 2560 3280 2616 invisibilibus
3326 2559 3586 2617 hostibus
3634 2562 3840 2635 impu-

2222 2662 2453 2718 gnamur
2475 2667 2488 2716 ;
2512 2648 2785 2724 rogandus
2814 2656 2897 2706 est
2927 2648 3219 2714 Dominus,
3248 2656 3310 2704 ut
3329 2648 3537 2717 veniat,
3562 2657 3621 2705 et
3646 2650 3729 2706 ab
3760 2651 3838 2707 eis

2222 2740 2492 2797 invisibili
2540 2740 2784 2814 potentia
2838 2757 2938 2797 nos
2994 2740 3271 2797 defendat.
3319 2739 3583 2796 Visibiles
3639 2740 3837 2799 hostes

2221 2832 2486 2905 patimur,
2538 2829 2922 2903 implorandus
2973 2838 3054 2887 est
3108 2830 3420 2898 Dominus;
3470 2838 3532 2885 ut
3576 2833 3836 2903 veniens,

2221 2922 2549 2997 patientiam
2572 2930 2626 2978 et
2651 2923 3000 2980 tolerantiam
3038 2922 3206 2979 nobis
3236 2921 3292 2977 in
3324 2922 3570 2979 adversis
3598 2923 3834 2995 tribuat,

2220 3022 2282 3071 ut
2327 3030 2440 3071 non
2488 3012 2778 3098 vincamur
2807 3030 2839 3070 a
2880 3015 3047 3083 malo,
3096 3013 3191 3071 sed
3236 3011 3523 3068 vincamus
3572 3012 3635 3069 in
3686 3014 3839 3072 bono

2220 3104 2455 3160 malum.
2496 3103 2637 3159 Sunt
2666 3102 2760 3158 alii
2801 3103 2984 3161 hostes
3014 3105 3328 3177 interiores,
3358 3118 3415 3166 et
3452 3112 3635 3169 multo
3686 3112 3839 3171 dete-

2220 3193 2412 3261 riores,
2457 3208 2489 3247 a
2530 3191 2731 3265 quibus
2765 3191 3141 3251 indesinenter
3179 3196 3541 3268 debellamur,
3588 3204 3832 3261 avaritia

2219 3281 2495 3350 videlicet,
2556 3283 2704 3354 gula,
2762 3280 2958 3352 libido,
3012 3283 3250 3355 invidia,
3311 3286 3414 3356 ira,
3476 3288 3698 3357 odium,
3743 3310 3830 3349 su-

2218 3371 2428 3445 perbia,
2454 3388 2597 3428 vana
2624 3372 2819 3444 gloria,
2848 3381 3034 3430 tumor
3064 3375 3287 3446 mentis,
3319 3377 3603 3451 despectio
3638 3384 3830 3454 proxi-

2219 3481 2459 3534 morum,
2488 3464 2864 3537 blasphemiae,
2897 3473 2950 3522 et
2968 3466 3065 3522 alii
3096 3468 3281 3538 multi,
3315 3485 3453 3542 quos
3482 3471 3719 3544 lengum
3748 3484 3827 3531 est

2219 3570 2441 3627 ponere.
2472 3556 2566 3611 Isti
2596 3562 2725 3611 sunt
2753 3554 2936 3628 itaque
2962 3555 3145 3614 hostes
3164 3559 3409 3629 pessimi,
3435 3560 3537 3633 qui
3559 3576 3632 3617 ex
3666 3564 3826 3620 nobis

2218 3646 2512 3720 prodeunt,
2543 3654 2597 3703 et
2623 3646 2911 3705 nobiscum
2943 3658 3250 3718 morantur,
3281 3657 3335 3707 et
3357 3649 3574 3725 jugiter
3600 3669 3706 3709 nos
3735 3652 3825 3709 de-

2217 3737 2445 3795 hellant.
2478 3738 2693 3794 Habent
2732 3746 2913 3796 autem
2942 3746 2996 3795 et
3025 3739 3455 3797 innumerabilia
3478 3741 3672 3814 jacula
3714 3760 3825 3800 ma-

2221 3825 2398 3881 larum
2429 3824 2851 3898 cogitationum,
2889 3827 3091 3901 quibus
3118 3827 3337 3884 assidue
3364 3845 3467 3886 nos
3502 3830 3823 3887 vulnerant.

2220 3916 2278 3972 Si
2324 3932 2452 3988 ergo
2498 3916 2786 3974 interiores
2827 3918 3012 3976 hostes
3056 3918 3327 3988 deessent,
3377 3920 3686 3977 exteriores
3730 3921 3827 3978 ho-

2221 4014 2328 4062 stes
2377 4005 2518 4062 nihil
2568 4007 2729 4064 nobis
2776 4024 2972 4066 nocere
3020 4020 3273 4082 possent;
3326 4010 3419 4067 isti
3482 4019 3621 4068 sunt
3674 4013 3824 4067 enim

2220 4104 2528 4177 proditores
2580 4106 2823 4163 civitatis
2882 4116 3103 4177 nostrae,
3163 4117 3217 4165 et
3273 4110 3580 4167 exteriores
3635 4109 3824 4167 hostes

2220 4195 2376 4250 nullo
2432 4195 2617 4264 modo,
2660 4194 2767 4253 nisi
2819 4213 2915 4270 per
2953 4196 3108 4267 istos,
3158 4198 3440 4255 civitatem
3489 4200 3610 4273 (14)
3642 4201 3823 4257 cordis

2219 4285 2394 4341 nostri
2443 4293 2673 4357 possunt
2732 4303 2941 4359 capere.
2992 4288 3263 4359 Rogemus
3306 4288 3479 4361 igitur
3516 4290 3821 4346 Dominum

2218 4382 2282 4431 ut
2333 4374 2536 4444 veniat,
2566 4382 2621 4431 et
2670 4374 2805 4431 istos
2846 4376 3280 4433 immanissimos
3320 4377 3506 4433 hostes
3557 4378 3619 4433 in
3665 4379 3825 4435 nobis

2219 4459 2472 4516 funditus
2519 4458 2853 4533 exstinguat,
2891 4461 3020 4534 quia
3066 4462 3175 4519 nisi
3227 4462 3681 4535 exstinguantur,
3726 4479 3823 4519 nos

2219 4551 2357 4609 salvi
2385 4566 2501 4607 esse
2524 4566 2637 4607 non
2666 4568 2976 4623 possumus.

2290 4677 2478 4751 (Vers.
2515 4676 2632 4748 21.)
2669 4676 2860 4733 Gratia
2889 4675 3105 4732 Domini
3127 4676 3244 4749 (15)
3268 4677 3441 4731 nostri
3463 4678 3592 4733 Iesu
3624 4678 3820 4735 Christi

2215 4775 2283 4831 sit
2311 4791 2429 4831 cum
2455 4773 2696 4829 omnibus
2735 4775 2898 4830 vobis.
2930 4774 3119 4831 Amen.
3150 4774 3234 4830 Sit
3262 4782 3316 4830 et
3345 4771 3491 4830 589
3529 4776 3815 4832 nobiscum

2171 4927 2175 4931 ,
2217 4866 2395 4939 gratia
2437 4863 2662 4921 Domini
2690 4864 2817 4920 Jesu
2845 4863 3074 4932 Christi,
3105 4871 3159 4919 et
3188 4864 3281 4920 det
3319 4865 3483 4923 nobis
3521 4882 3675 4923 arma
3706 4865 3819 4921 vir-

2214 4959 2420 5022 tutum,
2461 4952 2664 5026 quibus
2702 4953 2928 5021 muniti,
2971 4953 3092 5025 ipso
3138 4953 3277 5010 duce
3323 4961 3487 5027 atque
3526 4954 3813 5028 signifero,

2215 5052 2269 5100 et
2314 5043 2383 5101 ah
2425 5043 2784 5100 interioribus
2818 5042 3091 5111 hostibus,
3124 5051 3178 5099 et
3217 5043 3285 5100 ab
3328 5045 3701 5102 exterioribus
3731 5043 3819 5099 de-

2216 5136 2537 5205 fendamur;
2571 5143 2633 5191 ut
2669 5135 2799 5191 vitae
2829 5142 3046 5191 aeternae
3088 5135 3387 5209 participes
3427 5152 3547 5195 esse
3598 5152 3820 5194 merea-

2287 5362 2401 5434 (14)
2432 5360 2654 5418 Eaedem
2699 5358 2857 5434 edit,
2903 5360 3187 5416 ceteriores
3228 5360 3397 5415 hostes
3441 5361 3597 5416 nullo
3646 5361 3820 5427 modo,

2212 5430 2318 5490 nisi
2357 5430 2451 5504 per
2498 5433 2620 5488 istos
2668 5430 2944 5499 civitatem,
2976 5439 3119 5499 etc;
3153 5447 3283 5488 mss.
3333 5448 3489 5500 vero,
3532 5433 3825 5488 exteriores

2213 5508 2380 5563 hostes
2404 5505 2538 5560 nihil
2564 5504 2712 5559 nobis
2752 5521 2954 5572 nocere,
2985 5511 3091 5560 etc.

2288 5577 2403 5649 (15)
2448 5578 2534 5649 Ita
2588 5592 2720 5632 mss.
2768 5575 2916 5649 Edit.
2975 5582 3195 5649 autem,
3226 5576 3550 5647 exstinguat,
3601 5582 3649 5630 et
3714 5575 3824 5629 illis

2212 5648 2502 5715 exstinctis,
2540 5648 3103 5720 perduceredignetur
3128 5648 3202 5703 ad
3238 5648 3438 5719 gaudia
3476 5649 3599 5705 vita
3638 5664 3826 5720 perpe-

2216 5728 2335 5779 tuae.
2359 5718 2609 5795 Sequitur
2639 5737 2652 5777 :
2688 5718 2880 5778 Gratia
2906 5719 3147 5789 Domini,
3181 5718 3286 5779 etc.
