4026 6172
256 272 397 331 1057

1360 276 1453 331 DE
1491 273 1954 333 POENITENTIA
1995 275 2204 336 LIBER
2242 279 2440 336 UNUS.

3423 290 3560 349 1058

251 416 416 457 mur:
466 398 563 472 qui
615 414 740 455 cum
793 397 950 452 Patre
1005 404 1059 453 et
1119 398 1328 470 Spiritu
1381 408 1569 458 sancto
1609 402 1751 457 vivit
1797 410 1850 458 et
1875 405 1927 464 Α
1965 402 2384 475 intelligentiam
2419 404 2547 461 libri
2581 405 2748 479 hujus
2772 424 2841 462 ex
2876 417 3028 480 parte
3073 410 3278 467 donare
3305 411 3560 484 dignatus

249 497 441 562 regnat
472 489 529 544 in
551 487 751 544 szecula
780 487 1132 542 saeculorum.
1158 489 1354 544 Amen.

581 626 929 684 AUCTORIS
967 627 1360 685 ADMONITIO
1390 631 1530 703 (16).

320 756 588 830 Quisquis
627 772 828 811 nomen
862 755 1105 810 auctoris
1141 756 1280 812 scire
1311 756 1604 828 desideras,
1636 759 1853 842 litteras

242 847 662 919 expositionum
695 846 750 900 in
780 845 1050 917 capitibus
1088 855 1293 917 septem
1325 848 1616 905 Visionum
1649 852 1852 923 primas

240 935 488 991 attende.
521 935 793 990 Numerus
819 943 1056 1006 quatuor
1099 937 1373 992 vocalium
1404 956 1526 1011 qua:
1558 939 1775 1010 desunt,
1801 942 1849 998 si

241 1024 462 1081 Graecas
495 1025 763 1095 posueris,
823 1030 904 1078 est
949 1023 1202 1078 LXXXI.
1247 1026 1388 1082 Ecce
1437 1036 1641 1100 quanta
1696 1031 1850 1102 potui

242 1114 524 1171 brevitate
581 1113 731 1169 hunc
791 1112 992 1168 librum
1041 1115 1364 1187 conscripsi.
1399 1117 1637 1174 Obsecro
1665 1129 1848 1177 autem

241 1210 316 1272 te,
357 1203 446 1260 cui
474 1201 628 1258 dedit
652 1203 796 1258 Deus
826 1201 1114 1257 scientiam
1149 1204 1480 1274 litterarum,
1513 1216 1566 1263 et
1596 1208 1653 1263 in
1688 1210 1850 1282 cujus

243 1293 508 1348 manibus
565 1291 662 1348 hic
696 1291 838 1348 liber
865 1291 934 1346 ad
982 1292 1269 1362 legendum
1301 1294 1602 1366 devenerit,
1641 1307 1702 1354 ut
1738 1317 1847 1357 non

238 1393 468 1458 propter
496 1384 748 1440 faetidam
780 1401 842 1440 ac
871 1382 1302 1458 rusticissimam
1334 1386 1700 1444 elocutionem
1739 1406 1846 1447 ser-

238 1491 434 1531 mones
462 1473 630 1545 hujus
660 1473 791 1530 libri
813 1471 1039 1544 abjicias
1065 1491 1076 1528 :
1113 1472 1209 1528 sed
1227 1473 1442 1530 imitare
1459 1477 1641 1548 potius
1663 1476 1844 1547 illum,

240 1567 340 1641 qui
401 1583 672 1640 gemmam
705 1566 762 1621 in
793 1564 1145 1639 sterquilinio
1175 1573 1448 1637 repertam
1482 1568 1678 1624 tandiu
1708 1585 1848 1643 aqua

239 1656 418 1714 nitida
449 1657 645 1725 abluit,
679 1673 851 1729 usque
881 1655 1012 1711 dum
1057 1655 1127 1711 ad
1159 1655 1505 1727 splendorem
1550 1657 1844 1729 pristinum

1963 501 2064 547 est.
2099 494 2216 563 Ego
2243 503 2424 549 autem
2457 502 2694 550 tractans
2721 496 2865 567 apud
2897 515 2983 554 me
3014 497 3154 554 illud
3203 501 3512 558 Salomonis
3543 522 3556 558 :

1975 607 1994 631 ι
2039 583 2319 655 Sapientia
2361 585 2698 652 abscondita,
2751 596 2806 642 et
2843 587 3134 646 thesaurus
3175 591 3409 658 invisus,
3440 611 3560 666 quae

1962 673 2176 729 utilitas
2233 675 2289 728 in
2338 676 2585 748 utrisque
2637 677 2828 746 (Eccli.
2869 695 2968 746 xx,
3027 679 3210 750 32H:
3274 681 3560 754 Simulque

1960 764 2315 820 considerans
2363 783 2525 836 grave
2585 766 2726 822 mihi
2780 767 3085 839 periculum
3143 768 3450 836 imminere,
3512 770 3557 824 si

1959 854 2347 926 parvissimum
2407 856 2747 926 thesaurum,
2804 873 2964 930 quem
3015 855 3157 912 mihi
3210 858 3559 928 omnipotens

1956 947 2103 1001 Deus
2153 946 2338 1018 largiri
2394 945 2653 1017 dignatus
2705 954 2808 1012 est,
2855 947 3084 1002 tacendo
3133 947 3553 1015 absconderem;

1958 1035 2313 1093 considerans
2343 1037 2508 1091 etiam
2572 1053 2682 1091 non
2738 1053 2824 1091 me
2877 1054 2994 1093 esse
3049 1037 3307 1093 idoneum
3365 1037 3433 1094 ad
3463 1038 3555 1094 do-

1958 1127 2129 1184 cenda
2175 1144 2238 1183 ea
2285 1145 2404 1200 qua:
2448 1127 2842 1199 intelligebam,
2895 1145 2960 1184 eo
2997 1129 3142 1202 quod
3172 1131 3359 1186 nullus
3406 1131 3555 1186 inve-

1958 1217 2190 1286 niretur,
2223 1219 2316 1290 qui
2340 1234 2491 1273 more
2518 1217 2804 1290 discipuli,
2842 1217 3161 1291 dignaretur
3211 1220 3377 1276 verba
3408 1220 3556 1275 insi-

1957 1307 2176 1379 pientiae
2209 1325 2341 1363 mea:
2406 1307 2640 1375 audire;
2704 1308 2933 1365 deﬁnivi
2987 1309 3131 1380 apud
3187 1325 3294 1378 me,
3324 1317 3386 1364 ut
3414 1308 3556 1368 hanc

1957 1415 2180 1470 parvam
2213 1397 2522 1467 scientiam,
2573 1415 2733 1470 quam
2769 1397 2906 1454 mihi
2938 1397 3128 1453 divina
3180 1398 3558 1455 misericordia

1957 1489 2213 1556 contulit,
2291 1488 2661 1561 qualicunque
2715 1489 2862 1561 stylo
2927 1504 3319 1562 prosequerer;
3353 1504 3422 1544 ne
3459 1496 3556 1543 ta—

1957 1578 2167 1634 lentum
2223 1579 2446 1634 Domini
2503 1578 2609 1635 mei
2669 1577 3028 1647 abscondens,
3061 1596 3186 1636 cum
3246 1579 3344 1635 illo
3396 1596 3554 1637 servo

1954 1665 2264 1735 damnarer,
2297 1667 2399 1740 qui
2443 1667 2664 1723 «abiens
2685 1667 2825 1722 fodit
2858 1668 2915 1724 in
2935 1675 3160 1737 terram,
3183 1676 3236 1723 et
3263 1669 3556 1726 abscondit

238 1748 590 1823 perveniret;
624 1747 701 1803 ita
730 1755 784 1803 et
831 1756 891 1803 tu
921 1763 1063 1819 aqua
1091 1746 1372 1818 sapientiae
1405 1756 1513 1804 tuae
1541 1749 1702 1804 ablue
1732 1750 1840 1806 im-
1874 1767 1920 1827 Β
1954 1757 2242 1830 pecuniam
2291 1755 2504 1812 domini
2551 1755 2637 1812 sui
2679 1757 2895 1827 (Matth.
2929 1773 3066 1827 xxv,
3117 1758 3231 1828 18).
3263 1782 3282 1806 ι
3325 1760 3397 1815 Et
3425 1759 3555 1832 quia

237 1839 448 1912 peritiae
487 1854 620 1892 mea:
646 1835 851 1904 sordes,
895 1836 1115 1908 tuisque
1145 1835 1392 1907 pulchris
1428 1844 1482 1891 et
1523 1839 1842 1909 compositis

237 1929 423 1984 verbis
478 1943 758 1984 sermones
812 1924 979 1997 hujus
1052 1924 1180 1980 libri
1235 1925 1567 1983 necessarios
1613 1929 1838 1999 adorna,

235 2027 511 2093 quatenus
567 2034 679 2073 non
727 2016 841 2088 jam
891 2032 924 2071 a
973 2016 1225 2088 superbis
1282 2016 1578 2073 lectoribus
1627 2019 1842 2076 utilitas

238 2108 368 2164 libri
400 2124 562 2164 causa
612 2105 937 2162 rusticitatis
975 2106 1284 2178 abjiciatur.
1345 2106 1469 2163 Scio
1498 2106 1646 2163 enim
1693 2109 1840 2181 quod

234 2196 354 2255 haec
376 2213 495 2253 mea
525 2197 778 2268 impolita
805 2196 1034 2253 dictatio
1064 2213 1096 2252 a
1126 2196 1316 2253 multis
1345 2196 1576 2252 scientia
1620 2199 1841 2255 littera-

235 2303 360 2343 rum
389 2287 617 2343 tumidis
645 2287 942 2359 despuetur
969 2293 1133 2360 atque
1175 2285 1622 2342 subsannabitur.
1668 2289 1838 2345 Indi-
1878 2341 1882 2346 .

235 2376 552 2449 gnabuntur
580 2377 744 2434 etiam
777 2385 969 2434 contra
994 2392 1100 2444 me,
1134 2392 1233 2431 cur
1261 2393 1358 2448 ego
1381 2375 1576 2441 idiota,
1607 2385 1660 2432 et
1694 2377 1835 2434 nihil

238 2466 438 2534 sciens,
521 2467 960 2540 praesumpserim
1033 2481 1197 2538 super
1253 2473 1416 2522 tantae
1482 2466 1835 2525 obscuritatis

234 2555 447 2611 librum
497 2557 755 2612 volumen
803 2555 1184 2629 Expositionis
1227 2555 1446 2612 cudere.
1496 2555 1708 2622 Quibus
1756 2575 1835 2614 re-

235 2647 482 2718 spondeo
524 2647 672 2719 quia,
728 2648 870 2705 sicut
911 2655 1070 2703 terrai
1118 2647 1291 2704 sterili
1341 2647 1580 2719 amplius
1619 2649 1837 2719 proﬁcit

236 2736 482 2809 aspersio
515 2738 792 2806 stercoris,
827 2755 988 2812 quam
1020 2737 1256 2810 alicujus
1305 2740 1514 2795 metalli
1563 2741 1829 2812 pretiosi;

235 2829 316 2884 ita
343 2838 397 2884 et
436 2830 677 2886 indoctis
705 2830 1026 2886 hominibus
1057 2832 1179 2902 plus
1209 2831 1426 2902 proﬁcit
1469 2831 1662 2887 divina
1693 2832 1834 2895 Scri-

232 2926 398 2991 ptura
428 2919 781 2976 mediocriter
820 2921 1051 2992 prolata,
1074 2936 1235 2992 quam
1259 2920 1302 2974 si
1334 2919 1718 2991 philosophico
1740 2931 1834 2978 aut

228 3009 448 3081 poetico
498 3026 748 3066 sermone
802 3011 1152 3081 proferatur:
1213 3009 1496 3080 sciantque
1530 3010 1830 3068 Dominum

1955 1847 2186 1902 idoneus
2212 1861 2326 1902 non
2353 1862 2477 1901 sum
2503 1845 2571 1901 ad
2594 1844 2983 1918 duplicandam
3015 1846 3304 1918 pecuniam
3327 1847 3554 1904 Domini

1955 1937 2085 2005 mei,
2147 1935 2302 1992 trado
2349 1951 2469 1992 eam
2526 1936 2952 2004 nummulariis;
3015 1945 3078 1993 ut
3134 1936 3249 2009 ipse
3303 1937 3550 2007 veniens,

1955 2025 2184 2097 recipiat
2211 2025 2359 2098 quod
2387 2041 2549 2082 suum
2605 2033 2687 2081 est
2715 2045 2842 2084 cum
2885 2043 3071 2084 usura.
3112 2027 3187 2084 Te
3225 2035 3433 2098 autem,
3461 2028 3554 2086 cui

1954 2115 2107 2189 loqui
2147 2116 2308 2188 coepi,
2341 2117 2779 2173 nummularium
2813 2134 2988 2186 voco;
3023 2117 3154 2190 quia
3198 2119 3343 2176 sicut
3379 2135 3553 2175 num-

1953 2205 2223 2260 mularius
2272 2206 2562 2277 pecuniam
2603 2207 3026 2278 incompositam
3076 2206 3192 2262 suis
3237 2209 3550 2278 superscri-

1950 2296 2236 2368 ptionibus
2260 2296 2512 2367 adornat,
2543 2305 2604 2354 ut
2639 2306 2765 2370 apta
2793 2296 2866 2354 sit
2893 2296 2961 2352 ad
3018 2297 3172 2354 lucra
3200 2299 3506 2371 peragenda
3535 2315 3547 2356 :

1949 2385 2026 2442 ita
2054 2394 2107 2442 et
2138 2394 2196 2442 tu
2233 2388 2376 2444 hanc
2418 2388 2707 2460 pecuniam
2761 2387 3010 2455 Domini,
3043 2405 3205 2462 quam
3262 2388 3556 2446 tibicom-

1950 2477 2133 2546 mitto,
2165 2487 2359 2550 potens
2412 2495 2469 2534 es
2507 2487 2604 2535 tua
2662 2477 2930 2550 sapientia
2980 2477 3198 2551 tuisque
3229 2478 3550 2551 compositis

1948 2565 2132 2620 verbis
2191 2565 2486 2633 adornare;
2542 2575 2606 2622 ut
2660 2575 2786 2638 apta
2839 2566 2934 2623 ﬁat
2997 2566 3065 2622 ad
3116 2567 3266 2622 lucra
3323 2564 3547 2622 Domini

1947 2654 2124 2710 nostri
2163 2655 2290 2710 Jesu
2321 2643 2531 2712 Chris'ti
2561 2655 2894 2726 perﬁcienda
2927 2672 2938 2710 :
2973 2657 3218 2728 scitoque
3248 2664 3300 2710 te
3331 2672 3550 2712 merce-

1946 2743 2071 2799 dem
2129 2744 2394 2815 optimam
2450 2745 2518 2798 ab
2559 2744 2677 2814 ipso
2734 2759 2848 2799 esse
2895 2751 3260 2815 recepturum,
3330 2744 3376 2799 si
3452 2745 3544 2800 hic

1947 2828 2105 2900 liber,
2138 2840 2200 2887 ut
2239 2840 2390 2904 puto,
2422 2833 2683 2889 Ecclesiae
2713 2832 2812 2888 Dei
2857 2833 3213 2901 necessarius,
3245 2849 3340 2904 per
3368 2833 3544 2889 indu-

1948 2923 2138 2980 striam
2196 2928 2346 2978 tuam
2400 2931 2564 2996 atque
2619 2922 2929 2979 doctrinam
2995 2923 3182 2978 sordes
3228 2923 3538 2979 dictionum

1946 3013 2212 3081 amiserit,
2247 3014 2466 3088 tuisque
2493 3012 2677 3070 verbis
2705 3012 3026 3069 decentibus
3069 3021 3387 3082 exornatus,
3419 3013 3542 3068 uti-

230 3107 484 3155 nostrum
521 3101 704 3155 Iesum
745 3100 1029 3157 Christum
1059 3108 1398 3156 sacramenta
1425 3099 1690 3156 doctrinae
1721 3119 1831 3158 sua;
1871 3122 1914 3183 ί]
1949 3103 2057 3159 lior
2101 3102 2169 3158 ad
2227 3102 2648 3160 aedificationem
2697 3102 2995 3177 legentium
3042 3102 3160 3158 sive
3199 3102 3542 3159 audientium

227 3204 345 3244 non
371 3187 550 3261 primo
590 3188 957 3262 philosophis,
1002 3189 1095 3245 sed
1130 3188 1496 3261 piscatoribus
1539 3194 1684 3251 590
1724 3198 1834 3247 tra-

229 3285 459 3354 didisse,
490 3294 553 3342 ut
599 3302 696 3358 per
749 3286 1046 3358 piscatores
1088 3286 1304 3341 veniret
1350 3284 1417 3340 ad
1448 3283 1829 3358 philosophos.

229 3375 453 3432 Etenim
487 3375 582 3431 ille
629 3376 723 3448 qui
754 3375 905 3432 dedit
951 3375 1117 3431 asinaa
1162 3381 1405 3430 sensatos
1434 3391 1711 3432 sermones
1768 3378 1834 3434 ad

227 3464 608 3537 corrigendam
631 3465 915 3538 propheta:
936 3465 1310 3537 insipientiam
1341 3463 1525 3535 (Num.
1550 3482 1690 3534 xxxi,
1716 3466 1833 3539 30).

225 3555 348 3629 ipse
376 3556 511 3613 mihi
558 3554 790 3630 indigno
834 3565 887 3613 et
916 3555 1166 3612 omnium
1214 3552 1504 3611 hominum
1558 3556 1835 3612 vilissimo

305 3701 422 3774 (16)
461 3702 653 3759 lsthaec
683 3702 925 3760 auctoris
980 3702 1286 3759 admonitio
1333 3702 1698 3775 praetermissa
1755 3710 1836 3759 est

229 3772 292 3828 in
317 3772 705 3844 superioribus
734 3775 1070 3831 editionibus
1103 3793 1114 3830 :
1175 3782 1230 3830 at
1276 3772 1426 3832 ea'rne
1462 3775 1676 3832 cunctis
1709 3791 1836 3829 ma—

225 3845 555 3916 nuscriptis,
589 3855 817 3918 excepto
865 3847 1254 3916 Gemeticensi,
1286 3846 1377 3904 cui
1425 3846 1620 3904 folium
1660 3862 1832 3902 unum

1947 3192 2118 3250 fuerit
2143 3193 2387 3250 effectus.
2422 3195 2536 3252 Hoc
2565 3201 2750 3250 tamen
2780 3209 2893 3249 non
2932 3193 3211 3265 permitto,
3260 3201 3322 3248 ut
3353 3209 3544 3252 sensus

1945 3282 2116 3354 hujus
2149 3283 2281 3339 libri
2309 3283 2367 3339 in
2397 3283 2535 3340 alios
2563 3300 2754 3339 sensus
2778 3292 3192 3355 permutentur;
3242 3283 3349 3338 nisi
3378 3283 3540 3352 forte,

1945 3374 2094 3449 quod
2129 3374 2300 3442 absit,
2322 3375 2535 3449 aliquid
2561 3375 2619 3431 in
2648 3392 2711 3431 eo
2738 3375 2882 3448 quod
2916 3375 3255 3432 contrarium
3285 3375 3359 3430 sit
3401 3374 3542 3430 veri-

1944 3465 2066 3533 tati,
2098 3463 2416 3520 inveniatur
2446 3482 2462 3519 :
2488 3464 2638 3537 quod
2675 3464 2926 3522 funditus
2955 3480 3070 3520 esse
3098 3463 3392 3521 delendum
3432 3463 3539 3520 de—

1945 3570 2140 3624 cerno,
2175 3556 2264 3611 vel
2293 3562 2440 3612 certe
2479 3553 2537 3611 in
2558 3554 2760 3612 melius
2785 3553 3260 3612 commutandam.

1948 3701 2205 3756 avulsum
2253 3699 2380 3770 fuit,
2413 3707 2892 3772 repraesentamus,
2924 3698 3145 3757 Videsis
3183 3713 3321 3772 qua),
3345 3696 3412 3772 de
3442 3713 3544 3753 ea-

1943 3773 2069 3901 ῗιεὶω
2099 3769 2496 3845 praemisimus
2516 3772 2574 3829 in
2602 3771 3000 3831 Admonitione
3028 3769 3218 3830 nostra
3259 3769 3328 3827 ad
3373 3769 3540 3827 istum

1971 3863 1988 3900 1
2030 3861 2176 3901 rum.

3461 4002 3543 4010 ..δ’

3259 4020 3472 4029 —_—__.
3481 4017 3544 4028 ...ι

541 4161 674 4250 ΙΝ
765 4163 1283 4250 LIBRUM
1373 4165 1537 4250 DE
1624 4163 2518 4253 POENITENTIA
2601 4160 3235 4252 MONITUM

315 4481 479 4539 Hunc
523 4480 741 4539 librum
783 4482 847 4537 de
875 4479 1189 4537 Panilentia
1229 4497 1256 4536 e
1286 4478 1473 4536 codice
1512 4478 1824 4536 Sorbonicm
1879 4478 2230 4538 bibliothecae
2261 4482 2316 4538 in
2360 4499 2468 4556 quo
2500 4497 2701 4538 nomen
2731 4475 3010 4536 Ambrosii
3037 4485 3297 4549 tanquam
3329 4477 3546 4534 auctori

233 4572 374 4628 falso
413 4573 759 4638 inscribitur,
793 4569 1057 4627 Gillotius
1085 4570 1298 4643 primus
1323 4569 1519 4637 edidit;
1542 4567 1633 4625 sed
1666 4568 1742 4624 ita
1778 4575 1961 4626 tamen
1989 4579 2051 4628 ut
2080 4573 2129 4628 ei
2162 4575 2344 4632 locum
2378 4591 2490 4630 non
2537 4572 2825 4640 tribueret,
2850 4569 2957 4626 nisi
2979 4576 3102 4641 post
3145 4569 3321 4641 Opera
3353 4570 3540 4626 omnia

232 4661 409 4718 sancti
442 4661 715 4728 Doctoris,
750 4669 803 4717 et
852 4660 1105 4716 eumdem
1155 4658 1565 4732 supposititium
1599 4675 1713 4714 esse
1760 4651 1960 4714 validis
2007 4661 2303 4719 admodum
2349 4663 2660 4720 rationibus
2705 4660 3121 4718 demonstraret.
3181 4657 3316 4730 Ejus
3354 4667 3536 4714 autem

232 4758 362 4806 sunt
396 4751 513 4808 haec
545 4752 918 4820 ﬁrmamenta,
976 4749 1242 4805 nimirum
1296 4749 1441 4823 quod
1493 4747 1732 4805 elocutio
1788 4748 1860 4804 sit
1907 4750 2178 4821 affectata,
2223 4761 2278 4810 et
2334 4753 2712 4810 Ambrosianze
2768 4766 2989 4824 prorsus
3035 4747 3345 4815 dissimilis,
3391 4747 3542 4820 quod

229 4841 419 4898 eadem
453 4843 549 4897 illa
579 4840 826 4913 asperior
857 4840 948 4908 sit,
979 4848 1031 4894 et
1060 4839 1386 4911 quihusdam
1424 4838 1624 4906 verbis,
1657 4854 1777 4910 quae
1800 4837 2129 4897 Africanum
2161 4844 2485 4915 scriptorem
2539 4844 2798 4909 referant,
2864 4839 3062 4912 passim
3120 4853 3354 4910 aspersa,
3388 4836 3538 4909 quod

229 4933 558 4988 Ambrosius
589 4949 699 4986 non
732 4931 838 4986 nisi
880 4930 1113 4985 duorum
1149 4930 1420 4985 librorum
1451 4931 1512 4984 de
1532 4929 1848 4986 Pwnitentia
1879 4928 1973 4984 abs
2003 4947 2058 4986 se
2083 4931 2358 4988 editorum
2391 4933 2726 4988 mentionem
2759 4929 2945 4995 faciat,
2977 4927 3122 5000 Quod
3155 4927 3322 5000 hujus
3348 4936 3538 4983 auctor

229 5025 445 5079 nullam
479 5020 671 5077 fecerit
696 5020 805 5075 Nox
820 5019 1153 5088 atianorum,
1185 5019 1421 5092 denique
1453 5020 1597 5091 quod
1630 5021 1775 5078 idem
1807 5034 1998 5080 auctor
2043 5025 2148 5082 sibi
2179 5027 2392 5084 Victori
2443 5043 2644 5083 nomen
2677 5026 2843 5081 fuisse
2897 5024 2956 5078 in
3002 5023 3150 5079 calce
3179 5021 3306 5078 libri
3355 5027 3536 5091 aperte

229 5113 444 5188 prodat.
479 5112 622 5168 Satis
650 5111 872 5184 quidem
901 5119 1015 5167 erat
1043 5111 1299 5166 ultimum
1330 5112 1433 5166 hac
1465 5123 1824 5182 momentum,
1859 5123 1921 5172 ut
1962 5114 2054 5171 hic
2089 5124 2353 5173 tractatus
2398 5115 2468 5171 ab
2515 5114 2808 5170 Ambrosio
2866 5111 3080 5167 alienus
3134 5126 3248 5166 esse
3298 5109 3536 5165 declara-

229 5212 405 5272 retur,
447 5202 540 5258 sed
580 5209 641 5257 ut
680 5210 1039 5275 cognoscatur
1067 5201 1192 5274 quis
1221 5201 1314 5256 ille
1336 5201 1546 5270 Victor,
1579 5203 1756 5258 solum
1785 5222 1896 5262 non
1927 5206 2154 5262 sufﬁcit.
2208 5206 2540 5262 Memoratus
2577 5203 2837 5260 Gillotius
2866 5218 2992 5258 cum
3040 5218 3110 5256 ex
3151 5197 3435 5254 Gennadio
3472 5212 3536 5253 ac

229 5292 565 5350 Tritthemio
594 5300 940 5365 compertum
974 5291 1199 5348 haberet
1231 5307 1262 5347 a
1290 5291 1512 5348 Victore
1540 5292 1826 5351 Cartennae
1858 5295 1915 5352 in
1935 5297 2126 5355 Africa
2168 5297 2425 5370 episcopo
2445 5296 2648 5353 librum
2668 5296 2730 5350 de
2756 5292 3070 5351 Pamitentia
3107 5289 3274 5345 fuisse
3301 5303 3535 5359 compo-

228 5385 421 5452 situm,
454 5399 566 5438 non
601 5382 696 5439 alii
730 5383 941 5440 Victori
970 5381 1121 5438 hunc
1150 5381 1510 5438 tribuendum
1538 5383 1884 5442 existimavit
1918 5404 1930 5441 :
1971 5403 2136 5460 quam
2190 5388 2543 5457 sententiam,
2603 5393 2795 5458 utpote
2845 5381 3094 5439 veritatis
3146 5380 3330 5437 colore
3386 5375 3532 5432 haud

229 5473 946 5546 destitutam,postmodum
985 5473 1224 5545 amplexi
1250 5482 1376 5530 sunt
1406 5489 1516 5529 non
1559 5473 1738 5546 pauci.
1775 5475 1979 5531 Verum
2029 5483 2217 5534 tamen
2271 5477 2464 5550 opinio
2512 5477 2616 5533 ista
2669 5475 2890 5531 demum
2945 5467 3188 5537 evanuit,
3220 5473 3530 5540 postquam,

229 5565 619 5638 sagacissimus
648 5565 742 5622 ille
786 5572 1032 5621 veterum
1064 5562 1320 5621 codicum
1379 5563 1662 5638 indagator
1715 5563 2042 5620 Sirmondus
2098 5564 2303 5624 hancce
2365 5566 2602 5640 opellam
2655 5560 2869 5620 Victori
2928 5555 3243 5614 Tunonensi
3272 5553 3439 5611 etiam
3471 5553 3530 5609 in

230 5659 424 5719 Africa
461 5658 715 5734 pontiﬁci
769 5658 831 5718 in
859 5658 1235 5733 manuscripto
1285 5659 1350 5718 B.
1397 5659 1580 5718 Mariae
1618 5657 1920 5730 Remensis,
1967 5667 2023 5717 et
2091 5657 2150 5714 in
2189 5657 2299 5716 alio
2350 5656 2582 5715 abbatize
2635 5646 3029 5710 Herivallensis
3075 5644 3368 5719 ascriptam
3423 5641 3529 5716 legi
