4026 6172
474 237 612 296 1059

1497 233 1592 289 ΑΙ)
1632 232 1866 290 OPERA
1903 232 1959 288 S.
2002 231 2334 291 AMBROSII
2371 231 2750 289 APPENDIX.

3639 234 3778 293 1060

482 362 954 440 quemadmodum
985 361 1249 418 Labbaeus
1305 360 1647 419 testiﬁcatur.
1677 364 1756 418 De
1793 362 1982 420 codice
2012 363 2235 436 quidem
2275 363 2664 433 Herivallensi,
2683 379 2846 437 quem
2869 379 2982 420 non
3008 362 3172 420 licuit
3199 363 3362 420 nobis
3382 362 3595 432 videre,
3630 363 3780 420 nihil

479 455 720 513 dicimus
748 461 804 510 at
831 453 898 509 de
928 453 1200 521 Remensi,
1229 451 1297 508 ad
1327 468 1489 525 quem
1521 450 1670 509 hunc
1703 451 1906 509 librum
1937 452 2372 522 emendavimus,
2430 452 2815 508 lubentissime
2843 451 3127 508 Sirmondi
3165 453 3548 509 testimonium
3579 461 3773 510 nostro

477 544 881 617 prosequimur.
914 542 1040 597 Hzec
1065 542 1213 597 enim
1244 541 1321 596 ibi
1365 549 1546 597 exstat
1581 542 1870 612 inscriptio
1903 559 1914 597 :
1949 543 2146 613 Incipit
2202 543 2334 598 liber
2387 542 2555 597 sancti
2601 543 2824 600 Victoris
2880 543 2942 597 de
3006 542 3197 615 Lapsis
3243 543 3495 599 To-nensis
3553 543 3786 614 episcopi

479 631 936 702 historiographi;
963 647 1091 686 nam
1121 630 1265 704 quod
1323 631 1572 687 Tonansis
1599 647 1709 686 non
1748 632 2074 688 Tunonensis
2130 631 2333 687 ibidem
2387 630 2670 700 scribitur,
2721 631 2938 687 notario
2991 631 3110 687 sine
3167 631 3336 688 dubio
3396 632 3786 704 imputandum

479 733 559 779 est
592 742 603 779 :
646 722 792 794 quod
823 737 954 777 vero
984 723 1148 777 etiam
1177 721 1401 778 additur
1429 721 1862 793 historiographi,
1895 720 2037 777 illud
2069 720 2200 777 inde
2229 728 2332 789 est,
2361 721 2510 793 quod
2538 719 2846 778 chronicon
2897 720 2964 776 ab
3016 720 3212 778 eodem
3266 720 3653 777 elucubratum
3712 719 3784 776 ad

481 819 729 885 posteros
761 811 1140 868 transmissum
1171 811 1299 868 fuit.

1022 1113 1346 1286 DE
1512 1112 3232 1290 POENITENTIA

1673 1388 2074 1474 LIBER
2186 1386 2588 1474 UNUS.

569 1723 715 1782 589
741 1716 971 1777 CAPUT
998 1717 1292 1774 PRIMUM.
1324 1745 1396 1759 —
1436 1715 1781 1774 Pmnitentize
1812 1715 1999 1773 ofﬁcia
2030 1726 2086 1774 et
2113 1721 2162 1780 A
2195 1717 2301 1774 bus
2347 1718 2638 1775 hominum
2695 1720 3052 1790 conscientia,
3105 1722 3318 1780 mavult
3346 1723 3538 1797 lingua
3567 1725 3796 1796 prodere

486 1816 684 1871 merita
712 1822 1030 1870 narraturus
1056 1812 1216 1882 mihi,
1245 1813 1415 1870 frater
1435 1812 1778 1881 charissime,
1810 1820 1944 1885 puto
1972 1829 2086 1870 non

487 1905 676 1962 verbis
705 1920 842 1974 esse,
882 1904 976 1959 sed
1021 1903 1180 1960 factis
1228 1920 1385 1975 opus.
1427 1903 1531 1960 Res
1573 1903 1723 1960 enim
1761 1903 1996 1960 salubris
2023 1920 2088 1961 ac

488 1996 796 2053 necessaria
852 2011 962 2051 non
996 2003 1108 2051 tam
1163 1994 1397 2051 dicenda
1445 2003 1545 2063 est,
1603 2011 1766 2067 quam
1795 1994 2081 2052 docenda:

485 2103 606 2160 quas
657 2094 837 2142 totum
894 2085 1092 2141 habeat
1156 2084 1388 2140 insitum
1441 2084 1834 2140 amaritudinis
1879 2092 2083 2153 actum,

486 2177 729 2233 fructum
784 2175 989 2248 perfert
1043 2175 1102 2230 in
1159 2175 1358 2232 effectu
1408 2175 1756 2242 dulcedinis;
1811 2183 1865 2231 et
1915 2175 2089 2231 haeret

486 2267 758 2335 faucibus,
790 2284 917 2324 cum
962 2265 1115 2323 cordi
1185 2267 1432 2339 impertit
1483 2269 1719 2323 salutare
1757 2268 2083 2325 remedium.

485 2358 830 2427 Paenitentia,
873 2358 1122 2431 inquam,
1155 2367 1239 2414 est
1287 2359 1490 2430 prioris
1519 2359 1624 2414 aevi
1679 2359 1980 2428 damnatio,
2035 2367 2089 2415 et

488 2451 547 2506 in
597 2450 784 2506 futuro
830 2452 1100 2522 promissa
1151 2450 1458 2506 correctio:
1502 2459 1556 2508 et
1613 2451 1765 2507 velut
1818 2451 1877 2506 in
1922 2451 2084 2506 aliam

485 2540 658 2595 vitam
689 2538 913 2596 ducitur
940 2555 1072 2594 usus
1099 2538 1347 2607 vivendi,
1381 2538 1511 2595 dum
1545 2540 1633 2611 pia
1663 2557 1840 2610 mens,
1871 2557 1933 2596 ea
1967 2558 2088 2614 quas

486 2639 616 2688 sunt
668 2647 699 2686 a
747 2639 918 2702 tergo,
977 2647 1089 2686 non
1139 2631 1381 2702 respicit.
1442 2632 1595 2688 Hanc
1655 2647 1768 2688 non
1818 2631 1894 2688 ita
1925 2631 2089 2688 dictis

487 2719 678 2790 doceo,
711 2719 855 2777 sicut
884 2719 1050 2791 gestis
1081 2735 1310 2776 exerceo
1343 2737 1356 2775 :
1400 2727 1454 2775 et
1497 2720 1752 2792 quamvis
1787 2719 1926 2792 justi
1958 2736 2092 2792 per-

493 2829 627 2869 sona
665 2828 776 2867 non
805 2819 1098 2884 competat,
1124 2828 1211 2867 me
1244 2821 1428 2868 tamen
1459 2811 1516 2867 in
1540 2812 1701 2868 initio
1732 2813 1840 2869 mei
1889 2829 2091 2869 sermo-

489 2901 578 2958 nis
607 2917 824 2958 accuso.
863 2901 1040 2956 Habet
1071 2901 1217 2955 enim
1239 2900 1470 2970 justitia:
1500 2908 1707 2972 partem
1737 2901 1903 2958 errati
1932 2909 2094 2959 cauta

489 2991 802 3058 confessio;
835 2990 967 3064 quia
1023 2989 1174 3058 licet,
1220 2999 1282 3046 ut
1331 2998 1394 3045 tu
1440 2989 1625 3059 doces,
1657 2993 1757 3048 Dei
1790 2993 1862 3049 sit
1896 2994 2091 3066 punire

2195 1807 2344 1879 quod
2372 1824 2484 1864 non
2520 1816 2752 1880 possunt
2779 1811 2995 1867 occulta
3022 1811 3205 1868 cordis
3233 1814 3432 1870 celare.
3466 1814 3798 1872 Pmnitentia

2194 1899 2380 1972 itaque
2409 1911 2513 1970 est,
2546 1918 2668 1974 quae
2696 1919 2810 1958 uno
2829 1911 2957 1960 actu
2976 1904 3195 1960 diversa
3222 1905 3406 1962 ofﬁcia
3423 1909 3797 1977 congeminat;

2195 1988 2326 2046 hinc
2383 1990 2528 2046 enim
2598 1992 2843 2064 publicat
2897 1994 3274 2064 conﬁtentem,
3325 1994 3456 2052 inde
3483 1999 3798 2055 confessum

2195 2086 2415 2135 revocat
2443 2078 2839 2138 innocentem:
2888 2082 3022 2139 hinc
3062 2092 3272 2141 reatum
3321 2086 3623 2155 nundinat,
3677 2087 3800 2144 inde

2193 2166 2403 2222 crimen
2431 2179 2655 2226 excusat
2687 2188 2700 2226 :
2737 2169 2873 2227 hinc
2899 2171 3094 2244 objicit
3123 2175 3347 2246 propius
3396 2184 3625 2247 peccata
3670 2193 3799 2249 pec-

2194 2257 2361 2323 canti,
2399 2257 2524 2313 inde
2555 2258 2958 2333 indulgentiam
2985 2263 3160 2334 exigit
3181 2265 3476 2336 paenitenti
3502 2285 3514 2333 ;
3555 2283 3660 2324 nec
3691 2283 3799 2339 per-

2196 2344 2369 2401 mittit
2397 2347 2670 2405 Dominus
2696 2351 2883 2422 puniri
2911 2353 3247 2424 confessum,
3295 2355 3390 2428 qui
3440 2357 3798 2427 pmnitentem

2195 2437 2374 2493 noscit
2400 2454 2657 2495 revocare
2684 2441 3026 2500 damnatum.
3062 2445 3107 2501 Ο
3148 2446 3504 2518 magniﬁcum
3533 2447 3803 2503 bonitatis

2197 2525 2402 2582 divinae
2427 2527 2746 2585 thesaurum
2770 2532 2780 2587 ι
2809 2549 2841 2588 o
2863 2534 3141 2606 singulare
3161 2535 3584 2593 clementissimi
3601 2536 3803 2608 judicis

2199 2615 2552 2673 institutum!
2615 2619 2702 2674 Ad
2755 2619 2858 2678 hoc
2898 2621 2966 2677 de
2995 2623 3102 2680 reis
3133 2626 3254 2680 vult
3308 2626 3684 2683 confessionis
3713 2643 3802 2683 ex-

2199 2707 2446 2778 sculpere
2493 2724 2708 2778 vocem,
2753 2717 2816 2766 ut
2861 2728 2978 2768 non
3010 2714 3278 2782 inveniat,
3312 2715 3463 2787 quod
3521 2717 3711 2772 ultum
3741 2716 3805 2772 iri

2199 2796 2393 2854 debeat
2426 2817 2438 2855 :
2471 2808 2675 2856 etcum
2705 2802 2852 2874 apud
2887 2805 3076 2861 seculi
3103 2804 3319 2877 judices
3350 2806 3644 2864 confessus
3681 2823 3807 2863 mox

2200 2886 2470 2960 dirigatur
2519 2888 2588 2944 ad
2641 2906 2880 2961 pmnam,
2939 2894 3085 2966 apud
3162 2897 3464 2952 Dominum
3532 2897 3808 2954 conﬁtens

2201 2977 2386 3032 statim
2426 2977 2603 3050 pergit
2657 2980 2726 3035 ad
2780 2980 2998 3038 veniam
3032 3001 3045 3040 :
3096 2999 3198 3041 nec
3245 2985 3352 3042 hoc
3377 2986 3511 3042 ullis
3559 2987 3719 3043 elicit
3745 2986 3808 3042 de

490 3080 802 3147 commissa,
861 3078 1190 3135 sententiam
1242 3087 1429 3135 tamen
1471 3081 1775 3153 cognitoris
1824 3083 2092 3155 praevenit
2121 3088 2166 3148 B
2200 3065 2496 3122 conﬁtente
2543 3069 2856 3140 tormentis:
2909 3087 3038 3129 cum
3093 3073 3305 3144 Ρδῐίθηε
3375 3074 3433 3130 in
3507 3077 3806 3148 εθωθίῖρδο

488 3168 548 3224 in
596 3167 910 3224 humilitate
966 3167 1209 3224 exercita
1264 3169 1619 3241 poenitentia;
1689 3171 1955 3243 scriptum
2011 3180 2092 3228 est

486 3257 684 3315 enim:
753 3283 772 3307 ι
829 3257 1230 3315 Pmnitentibus
1285 3257 1437 3315 dedit
1480 3266 1686 3332 partem
1738 3259 1992 3332 justitiaa,
2035 3269 2090 3318 et

485 3348 798 3421 corrogavit
828 3347 1148 3404 deﬁcientes
1181 3347 1474 3418 sustinere,
1519 3357 1573 3405 et
1617 3348 1918 3406 destinavit
1963 3350 2090 3407 illos

486 3437 543 3493 in
574 3445 776 3494 sortem
807 3437 1059 3494 veritatis
1090 3437 1282 3510 (Ecch'.
1314 3454 1457 3506 xvn,
1507 3436 1624 3509 20).
1673 3463 1692 3486 ι
1735 3441 1851 3510 Age
1898 3439 2086 3511 igitur,

487 3526 780 3598 paenitens,
814 3526 1033 3598 propria
1061 3528 1268 3582 scelera
1294 3526 1576 3594 conﬁtere,
1619 3525 1798 3597 pande
1838 3529 1951 3584 Deo
1981 3535 2090 3586 tum

490 3615 805 3688 iniquitatis
831 3632 1048 3684 arcana,
1082 3615 1302 3671 denuda
1345 3623 1552 3672 secreta
1590 3617 1834 3687 pectoris
1885 3619 1984 3687 tui,
2037 3627 2092 3677 et

489 3719 682 3759 amove
737 3704 968 3760 internae
1024 3704 1496 3775 praavaricationis
1538 3706 1883 3776 operculum.
1949 3708 2091 3765 Nota

494 3799 624 3847 sunt
652 3794 766 3849 Deo
794 3801 1014 3860 cuncta,
1036 3809 1155 3866 quae
1178 3793 1236 3848 in
1269 3794 1488 3851 occulto
1507 3786 1686 3851 fecisti
1712 3813 1724 3851 :
1749 3812 1870 3868 quae
1899 3796 1947 3851 si
1975 3814 2089 3854 non

492 3880 696 3938 dixerit
727 3883 932 3954 lingua,
966 3899 1077 3938 non
1092 3890 1272 3955 potest
1299 3884 1476 3940 celare
1504 3884 2092 3944 conscientia.Frustra

490 3977 545 4027 te
584 3972 776 4028 latenti
814 3972 1193 4028 consolatione
1223 3972 1460 4041 deludis,
1497 3981 1551 4030 et
1577 3973 1903 4031 absconsum
1933 3984 2090 4048 putas

489 4081 607 4123 esse
633 4083 810 4139 posse,
844 4068 991 4140 quod
1023 4068 1141 4124 sine
1188 4075 1326 4125 teste
1376 4068 1738 4128 commiseris.
1793 4070 1946 4128 Patet
1975 4073 2089 4128 Deo

490 4170 652 4212 omne
684 4156 831 4228 quod
852 4158 1098 4214 clausum
1121 4165 1222 4226 est,
1250 4166 1304 4214 et
1334 4157 1394 4213 in
1423 4165 1612 4230 aperto
1643 4160 1790 4216 lucet
1819 4159 2088 4234 quidquid

490 4261 604 4302 nox
635 4244 898 4302 abstrusas
927 4245 1277 4319 cogitationis
1306 4247 1637 4304 intenebrat.
1672 4249 1847 4305 Reum
1898 4257 1949 4305 te
1983 4249 2089 4306 tibi

491 4337 673 4394 oﬂicic
701 4336 1064 4394 confessionis
1100 4338 1351 4406 institue,
1384 4353 1604 4394 causam
1650 4345 1802 4393 tuam
1851 4338 1910 4394 in
1943 4355 2090 4395 con-

492 4435 681 4498 spectu
719 4434 835 4494 tuo,
882 4427 1172 4499 temetipso
1228 4435 1536 4498 accusante,
1570 4444 1886 4500 compone:
1941 4428 2092 4487 dicta

492 4520 553 4576 in
605 4521 659 4570 te
709 4514 812 4570 sub
869 4515 1163 4570 severitate
1217 4517 1568 4586 sententiam,
1616 4522 1760 4579 590
1801 4523 2093 4590 antequam

486 4610 694 4682 judicis
723 4611 928 4668 sentias
970 4611 1314 4669 iracundiam
1349 4631 1362 4670 :
1413 4623 1466 4670 et
1521 4624 1583 4672 ut
1635 4618 1879 4688 mulgeas
1918 4617 2094 4673 mise-

494 4699 814 4768 ricordiam,
859 4717 1053 4757 exerce
1091 4701 1242 4774 prior
1286 4702 1345 4758 in
1372 4703 1548 4776 teipso
1579 4721 1886 4765 censuram.
1922 4707 2094 4766 Crede

494 4789 657 4859 mihi,
690 4797 866 4846 totum
908 4807 1018 4864 quo
1047 4801 1328 4864 suspectus
1379 4810 1457 4862 es,
1511 4793 1575 4850 ﬁt
1615 4795 1767 4854 illico
1796 4797 2090 4864 veniabile,

493 4894 620 4935 cum
654 4879 880 4936 inventa
907 4880 1076 4936 fuerit
1103 4881 1163 4937 in
1197 4891 1250 4939 te
1279 4882 1599 4956 hujusmodi
1630 4887 1915 4957 pmnitudo
1932 4886 2092 4960 justi-

493 4967 606 5036 tiaa,
636 4967 918 5040 Scriptura
942 4969 1158 5027 dicente
1191 4987 1203 5026 :
1246 4995 1265 5018 ‹
1287 4972 1688 5030 Pmnitentibus
1729 4983 1912 5030 autem
1941 4975 2095 5032 dedit

494 5065 706 5132 partem
740 5059 996 5131 justitia,
1026 5070 1082 5118 et
1108 5063 1419 5135 corrogavit
1447 5063 1766 5122 deﬁcientes
1798 5066 2089 5136 sustinere,

493 5156 548 5204 et
579 5148 883 5206 destinavit
910 5150 1038 5207 illos
1083 5153 1141 5207 in
1173 5152 1374 5209 sortem
1406 5155 1674 5211 veritatis.
1710 5179 1728 5203 ι
1798 5155 2096 5227 Exspectat

492 5255 618 5298 ecce
647 5242 920 5298 Dominus
976 5241 1338 5300 confessionis
1384 5259 1606 5313 munus,
1655 5246 1700 5302 si
1740 5246 2096 5305 conﬁtentem

490 5347 604 5390 non
637 5332 879 5391 involvit
916 5340 1098 5392 reatus
1125 5353 1139 5394 :
1167 5344 1222 5393 et
1249 5353 1377 5394 cum
1407 5337 1480 5393 sit
1519 5344 1650 5394 nota
1676 5337 1886 5395 divinis
1913 5340 2098 5397 sensi-

487 5570 552 5643 ..n
570 5514 872 5645 gingiuis,
895 5515 1039 5588 quod
1065 5532 1173 5574 non
1192 5516 1421 5590 punitur
1440 5514 1654 5588 inferno
1674 5535 1698 5585 ;
1726 5533 1830 5579 ms.
1861 5519 2094 5582 Rom....

2201 3155 2445 3211 cilicium
2472 3155 2728 3214 videatur
2760 3176 3015 3218 exercere
3044 3164 3475 3221 terroris.Lucra
3500 3174 3640 3221 sunt
3654 3167 3798 3221 enim

2200 3245 2278 3317 pii
2303 3243 2511 3316 judicis
2542 3249 2781 3319 gemitus
2810 3250 3148 3322 conﬁtentis,
3169 3261 3224 3309 et
3251 3254 3514 3325 gaudium
3540 3256 3800 3327 cognito-

2199 3333 2277 3389 ris
2306 3341 2387 3389 est
2416 3334 2537 3390 sine
2565 3339 2867 3408 quaestione
2887 3341 3191 3399 confessio:
3219 3342 3530 3415 acquiritur
3549 3343 3797 3413 domino,

2199 3422 2345 3496 quod
2371 3439 2481 3479 non
2511 3425 2740 3496 punitur
2768 3427 2827 3483 in
2851 3446 3011 3494 servo
3033 3431 3150 3503 (1');
3183 3439 3237 3488 et
3257 3434 3494 3489 multum
3515 3434 3800 3490 confertur

2199 3512 2432 3580 auctori,
2489 3513 2535 3568 si
2595 3515 2891 3588 deputatus
2944 3535 3139 3591 poenae,
3203 3521 3378 3578 veniae
3430 3521 3795 3579 condonetur.

2198 3601 2366 3676 Cupit
2403 3604 2551 3660 enim
2581 3606 2844 3665 damnum
2874 3626 2989 3667 esse
3025 3611 3308 3680 vindictae,
3342 3613 3490 3686 quod
3539 3631 3654 3670 non
3685 3614 3800 3670 vult

2198 3693 2377 3763 perire
2405 3694 2757 3754 clementiae:
2813 3715 2915 3757 nec
2971 3707 3125 3772 optat
3163 3701 3376 3770 ulcisci,
3425 3702 3522 3775 qui
3585 3711 3801 3777 paratus

2199 3791 2285 3838 est
2345 3789 2484 3846 591
2555 3787 2826 3858 misereri,
2905 3790 3024 3864 ipso
3096 3791 3163 3848 de
3216 3809 3275 3850 se
3330 3809 3428 3866 per
3478 3795 3799 3867 prophetam

2198 3875 2415 3936 dicente
2449 3900 2461 3939 :
2507 3905 2526 3930 ι
2555 3883 2695 3940 ΝοΙο
2726 3885 2958 3943 mortem
2989 3889 3296 3958 morientis,
3318 3905 3482 3962 quam
3524 3900 3591 3947 ut
3613 3907 3805 3948 rever-

2199 3975 2347 4028 tatur
2369 3981 2423 4029 et
2454 3973 2609 4031 vivat
2643 3977 2860 4049 (Ezech.
2897 3996 3060 4049 xvm,
3093 3979 3210 4052 32).
3233 4004 3251 4030 ι
3287 3980 3500 4047 Quibus
3522 3982 3805 4054 Sapientia

2197 4062 2497 4120 concinens
2527 4065 2840 4124 Salomonis
2874 4087 2885 4126 :
2931 4092 2950 4116 ε
2978 4071 3144 4138 Deus,
3201 4071 3404 4144 inquit,
3423 4081 3660 4128 mortem
3693 4089 3807 4130 non

2199 4149 2350 4221 fecit,
2385 4169 2485 4210 nec
2542 4155 2760 4212 latatur
2821 4156 2880 4213 in
2928 4159 3237 4230 perditione
3278 4159 3537 4217 vivorum
3572 4163 3733 4234 (Sap.
3767 4180 3807 4231 ι,

2200 4239 2313 4313 13).
2355 4266 2373 4289 ι
2417 4242 2628 4300 Iudicis
2652 4261 2780 4318 ergo
2817 4247 2992 4304 nostri
3022 4249 3316 4305 clementia
3361 4266 3475 4306 non
3501 4259 3655 4323 optat
3687 4267 3810 4308 reos

2198 4330 2378 4402 perire
2417 4331 2569 4402 vitae,
2627 4335 2722 4392 sed
2785 4336 2962 4408 perire
3010 4338 3340 4394 sententiae:
3377 4356 3479 4396 nec
3528 4339 3809 4396 desiderat

2127 4455 2170 4516 Ο
2201 4418 2490 4476 morientis
2515 4421 2773 4493 exitium,
2805 4424 2902 4480 sed
2931 4424 3154 4482 festinat
3192 4427 3364 4501 magis
3408 4444 3630 4484 servare
3659 4445 3809 4484 con-

2203 4507 2405 4565 fessum
2440 4528 2452 4566 :
2509 4536 2528 4558 σ
2555 4513 2715 4589 Nolo,
2747 4513 2948 4588 inquit,
2979 4522 3214 4572 mortem
3269 4515 3580 4590 morientis,
3620 4517 3721 4574 sed
3748 4528 3808 4574 ut

2199 4607 2504 4657 revertatur
2533 4608 2586 4658 et
2613 4603 2785 4662 vivat.
2835 4630 2854 4654 ι
2923 4606 3066 4664 Ecce
3094 4623 3260 4664 verus
3288 4608 3418 4664 vitae
3447 4618 3665 4678 auctor,
3711 4610 3808 4682 qui

2201 4704 2314 4745 non
2342 4691 2464 4746 vult
2495 4693 2783 4750 morientis
2813 4704 3067 4764 mortem,
3100 4694 3197 4751 sed
3234 4696 3474 4752 lamenta
3500 4697 3759 4753 conversi
3792 4715 3805 4753 :

2201 4791 2256 4839 et
2295 4785 2419 4840 vult
2447 4803 2505 4842 se
2565 4804 2779 4861 semper
2806 4789 2864 4845 in
2896 4789 3249 4847 miseratione
3278 4805 3393 4848 esse
3447 4790 3806 4861 beneﬁcium,

2203 4890 2272 4930 ne
2292 4873 2512 4946 justitia
2546 4885 2726 4934 teneat
2748 4878 3079 4951 judicatum.

2278 4972 2507 5031 CAPUT
2537 4977 2957 5034 lI.—Damnum
2977 4995 3106 5053 ergo
3132 4981 3191 5036 in
3214 4978 3481 5037 moriente
3498 4978 3808 5053 experitur,

2206 5065 2300 5138 qui
2332 5067 2389 5123 in
2419 5085 2533 5124 uno
2559 5069 2775 5141 perdito
2825 5070 2908 5143 (2)
2939 5086 3053 5127 non
3099 5073 3341 5139 laetatur;
3376 5072 3507 5146 quia
3553 5072 3613 5127 in
3639 5071 3814 5129 dona-

2204 5163 2323 5213 tore
2353 5158 2481 5216 vitae
2510 5175 2726 5216 necesse
2756 5167 2836 5216 est
2866 5168 2928 5216 ut
2955 5176 3026 5216 ex
3054 5168 3231 5216 morte
3258 5161 3447 5216 veniat
3494 5177 3662 5218 causa
3711 5160 3817 5217 tri-

2206 5248 2373 5305 stitia}
2402 5292 2419 5319 ,
2476 5267 2590 5307 non
2638 5251 2792 5324 quasi
2849 5267 2920 5307 ex
2963 5251 3337 5326 corporalium
3397 5265 3660 5306 sensuum
3693 5251 3816 5323 lege

2207 5337 2522 5410 descendat,
2555 5341 2703 5414 quod
2756 5356 2882 5398 eum
2937 5340 2997 5396 in
3027 5340 3244 5414 perdito
3289 5355 3354 5398 ac
3381 5338 3655 5398 moriente
3680 5355 3818 5399 con-

2283 5521 2366 5596 (2)
2390 5520 2580 5584 Codex
2613 5522 2794 5593 Bem.,
2824 5522 2994 5596 quiin
3019 5521 3139 5582 vivo
3161 5522 3390 5598 perdito.
