4060 6208
461 211 599 270 1063

1502 209 1596 263 AD
1637 206 1871 264 OPERA
1908 206 1966 263 S.
1991 202 2328 262 AMBROSII
2366 199 2747 260 APPENDIX.

3635 198 3777 257 1064

463 352 742 402 caterum.
790 343 937 397 Deus
982 354 1223 395 animam
1271 343 1447 407 sanat,
1478 353 1643 411 quam
1674 345 1893 408 peccata
1920 352 2063 393 con-
2089 342 2142 402 Α
2170 333 2438 407 quidquid
2466 340 2696 406 putatur
2721 331 3073 388 absconsum.
3120 329 3225 386 Sed
3273 345 3385 386 non
3430 329 3630 398 habeo,
3676 331 3780 386 in-

462 435 762 489 vulnerant
798 448 810 486 :
840 438 894 486 et
923 428 1019 484 ille
1048 427 1258 500 profert
1293 426 1361 482 ad
1392 442 1630 498 prasens
1653 425 1937 498 profutura
1964 442 2063 481 re-

462 522 665 590 media,
714 520 807 576 hic
847 528 1033 575 autem
1090 516 1318 574 adhibet
1359 524 1676 588 perpetuam
1709 515 2060 572 medicinam.
2102 537 2112 546 -

461 614 531 668 Et
559 619 743 667 tamen
768 609 938 665 homo
961 623 1062 664 nec
1089 623 1145 663 se
1172 607 1354 678 ipsum
1373 612 1555 678 potest
1577 603 1772 675 juvare
1793 604 2060 672 medicus,

461 700 570 757 nisi
615 698 938 757 subvenerit
987 700 1177 765 Deus;
1218 712 1345 752 nam
1388 695 1664 752 incassum
1700 693 1909 750 laborat
1938 694 2062 766 ple—

460 805 692 863 rumque
730 788 937 844 astutia
984 786 1295 850 medicina,
1326 784 1372 841 si
1419 785 1565 841 Deus
1599 793 1803 856 agroto
1833 783 2060 840 vivendi

462 888 678 952 tempus
718 879 964 937 noluerit
992 879 1339 951 prolongare.
1373 876 1524 944 Quos
1562 893 1664 933 nec
1702 876 1807 933 sibi
1838 876 2062 933 videbi-

460 989 583 1029 mus
626 987 1027 1045 nonnunquam
1069 986 1227 1042 posse
1257 984 1593 1037 succurrere,
1628 984 1755 1024 cum
1794 966 2062 1039 praventi

458 1061 837 1131 corporalibus
879 1060 1035 1117 vitiis
1086 1058 1414 1116 fraudantur
1456 1056 1725 1115 beneﬁcio
1756 1055 2054 1128 sospitatis.

457 1151 686 1207 Nullum
730 1166 857 1222 ergo
915 1148 1247 1205 beneficium
1304 1146 1593 1203 medicina
1659 1145 1783 1214 erit,
1840 1144 2059 1218 quando

464 1238 681 1296 medico
705 1239 811 1311 ipsi
842 1238 1118 1294 medicina
1140 1252 1255 1293 non
1285 1234 1562 1292 subvenit.
1595 1234 1766 1290 Nemo
1794 1240 1868 1301 te,
1899 1232 2058 1290 crede

459 1328 621 1397 mihi,
676 1328 875 1384 melius
926 1326 1125 1395 reﬁcit,
1182 1342 1349 1399 quam
1400 1325 1496 1397 qui
1535 1322 1710 1381 fecit:
1768 1338 1870 1379 nec
1917 1322 2059 1378 alius

449 1416 737 1489 justiﬁcat,
789 1415 900 1473 nisi
947 1415 1044 1489 qui
1091 1415 1330 1488 ﬂagellat
1371 1423 1425 1470 et
1472 1420 1645 1469 curat.
1696 1411 1858 1468 Solus
1900 1410 2059 1467 novit

454 1506 636 1580 operis
683 1507 771 1564 sui
816 1505 1020 1564 sarcire
1064 1512 1342 1577 rupturas,
1369 1511 1425 1559 et
1452 1502 1573 1559 limi
1610 1501 1782 1558 nostri
1824 1518 2059 1573 quassa-

454 1604 567 1653 tam
614 1596 853 1670 speciem
901 1596 961 1653 in
1003 1603 1177 1652 status
1223 1592 1444 1666 pristini
1482 1589 1846 1649 substantiam
1876 1589 2055 1647 refor-

2172 425 2346 499 quies,
2398 424 2703 482 conscium.
2753 422 2871 478 Hoc
2913 429 3059 478 recte
3090 420 3349 489 dixisses,
3381 420 3427 476 si
3456 421 3780 493 exemplum

2171 513 2307 571 Cain
2337 513 2739 586 parricidarum
2787 508 3058 583 principis
3098 525 3210 565 non
3251 507 3499 564 haberes.
3531 508 3784 565 Persua-

2171 611 2312 658 serat
2340 603 2420 659 ire
2458 620 2643 659 secum
2692 602 2750 657 in
2797 617 3054 673 campum
3098 600 3190 673 pio
3232 598 3390 655 fratri
3428 597 3786 671 parricidalis

2170 692 2449 764 impietas,
2484 702 2538 748 et
2566 692 2711 748 nihil
2758 691 2827 747 de
2867 691 3034 747 fratre
3075 705 3130 746 se
3172 688 3449 746 custodire
3495 690 3784 745 astimans

2169 782 2326 839 rudis
2369 782 2551 839 adhuc
2594 790 2647 838 et
2695 798 2840 839 nova
2884 781 3252 855 germanitas,
3310 779 3596 852 praceptis
3660 779 3786 851 ejus

2168 872 2315 929 bono
2348 872 2722 946 simplicitatis
2752 872 3117 945 obtemperat.
3156 869 3498 927 Gradiuntur
3522 885 3641 925 uno
3686 887 3784 943 pa-

2170 962 2303 1019 riter
2345 962 2613 1019 comitatu
2657 962 2821 1020 ambo
2866 960 3136 1035 germani,
3184 969 3238 1016 et
3279 959 3551 1032 parricida
3597 961 3785 1016 infau-

2169 1063 2285 1111 stus
2312 1054 2381 1110 ad
2411 1052 2807 1127 perﬁciendum
2840 1052 3039 1109 nefarii
3060 1049 3280 1108 sceleris
3294 1050 3595 1123 cogitatum
3620 1052 3784 1124 quasi

2170 1146 2351 1202 locum
2382 1146 2546 1219 elegit
2573 1145 2692 1201 sine
2720 1152 2876 1200 teste.
2912 1142 3080 1212 Quasi
3110 1157 3242 1198 vero
3272 1141 3319 1196 si
3349 1141 3455 1197 sibi
3486 1140 3782 1198 hominem

2167 1234 2451 1291 conscium
2501 1250 2614 1290 non
2646 1233 2891 1298 haberet,
2941 1233 3111 1287 latere
3152 1230 3366 1303 aliquid
3421 1230 3524 1286 Dei
3583 1230 3786 1287 oculos

2167 1324 2436 1396 potuisset
2474 1340 2485 1378 :
2520 1332 2618 1380 aut
2646 1324 2823 1380 celare
2851 1330 3033 1393 posset
3056 1320 3240 1377 studio
3269 1318 3614 1387 solitudinis,
3650 1336 3784 1376 cum

2165 1412 2312 1468 nihil
2346 1412 2636 1469 obtutibus
2668 1412 2880 1470 celetur
2906 1408 3186 1466 Auctoris.
3214 1412 3289 1464 At
3318 1406 3415 1464 ubi
3455 1407 3679 1463 infandi
3706 1409 3784 1464 fa-

2164 1507 2373 1565 cinoris
2428 1507 2627 1565 artifex
2674 1507 2996 1582 primitivus
3044 1513 3231 1579 aptum
3274 1503 3547 1578 judicavit
3592 1505 3781 1563 locum

2164 1596 2527 1671 perpetrando
2558 1596 2785 1671 ﬂagitio,
2810 1596 3011 1653 insiliit
3033 1595 3090 1651 in
3112 1595 3375 1664 furorem,
3402 1602 3457 1650 et
3481 1593 3783 1667 patientiso

452 1702 620 1776 mare:
654 1686 774 1759 ipso
819 1702 916 1758 P0P
959 1684 1282 1776 Drephetam
1332 1682 1552 1776 ἀίοθηξίξ
1584 1697 1595 1735 ε
1640 1702 1658 1728 ⁸
1688 1679 1844 1737 Sicut
1873 1679 2052 1776 111le
2084 1717 2130 1776 B
2161 1689 2365 1747 simum
2405 1692 2627 1748 fratrem
2658 1708 2721 1749 ac
2747 1690 2977 1746 minime
2998 1687 3669 1762 repugnantem,diabolo
3696 1691 3782 1746 in-

452 1775 627 1849 ﬁguli,
657 1776 737 1833 sic
766 1792 864 1831 vos
889 1775 1020 1831 estis
1048 1773 1108 1828 in
1138 1788 1307 1827 manu
1337 1786 1458 1826 mea
1488 1768 1704 1841 (feram.
1736 1786 1900 1839 xvnt,
1933 1770 2041 1842 6).»

451 1868 639 1940 Neque
667 1867 775 1924 hoc
810 1865 993 1939 ipsum
1025 1863 1213 1937 aliquo
1241 1860 1535 1919 intervallo
1568 1861 1830 1934 temporis
1858 1877 2050 1934 opera-

450 1968 584 2018 tur:
623 1977 751 2017 mox
794 1968 856 2017 ut
892 1958 1102 2017 dixeris
1145 1957 1347 2015 vitium
1391 1963 1575 2023 tuum,
1608 1955 1760 2013 illico
1807 1955 2053 2028 impertit

450 2058 505 2108 et
532 2049 906 2124 adjutorium;
940 2048 1288 2122 imploranda
1334 2046 1582 2105 subsidia
1627 2054 1682 2102 et
1720 2044 2052 2104 conferenda

449 2139 694 2197 remedia
741 2141 959 2197 nullum
1009 2136 1409 2212 propemodum
1453 2142 1671 2208 tempus
1700 2134 2047 2192 intervenit:

450 2228 556 2288 hoc
586 2237 803 2287 tantum
835 2235 1135 2301 exspectat,
1166 2234 1228 2283 ut
1270 2225 1523 2294 fatearis;
1570 2241 1725 2281 mora
1766 2241 1879 2280 non
1920 2224 2046 2293 erit,

447 2329 511 2377 ut
538 2320 766 2376 saneris.
810 2342 829 2365 ε
860 2320 962 2375 Dic
999 2325 1083 2385 tu,
1116 2315 1321 2387 inquit,
1351 2314 1502 2387 prior
1537 2313 1858 2387 iniquitates
1905 2320 2046 2382 tuas,

448 2417 511 2467 ut
549 2405 891 2482 justiﬁceris.
933 2430 953 2456 ι
1008 2406 1125 2461 Hoc
1177 2420 1272 2475 per
1321 2402 1667 2461 Ezechielem
1726 2402 2048 2475 prophetam

448 2495 594 2555 idem
639 2497 877 2571 Spiritus
920 2492 1258 2568 repromittit
1305 2492 1565 2565 injustis:
1616 2518 1634 2541 ι
1667 2492 1876 2564 Impius
1905 2508 2050 2565 qua-

446 2598 664 2662 cttnque
724 2585 816 2643 die
888 2601 1187 2643 conversus
1253 2583 1421 2640 fuerit
1485 2582 1555 2639 ab
1624 2581 1919 2654 injustitia,
1994 2589 2049 2638 et

441 2678 715 2752 justitiam
744 2677 959 2744 fecerit,
990 2676 1108 2747 ipsa
1133 2674 1224 2730 die
1254 2672 1514 2745 peribunt
1542 2689 1732 2729 omnes
1760 2672 2048 2745 injustitia

447 2769 610 2841 ejus:
650 2769 708 2825 in
756 2784 856 2825 sua
900 2764 1181 2837 injustitia
1226 2779 1391 2836 quam
1436 2762 1587 2832 fecit,
1620 2779 1733 2819 non
1781 2764 2049 2820 morietur

448 2860 667 2931 (Ezech.
696 2875 862 2926 xvm,
892 2856 984 2923 27,
1007 2855 1100 2927 28)
1126 2873 1140 2923 ;
1171 2879 1189 2902 ι
1227 2861 1281 2910 et
1302 2853 1436 2909 alibi
1465 2872 1476 2909 :
1510 2876 1531 2905 ι
1565 2852 1705 2910 Cum
1750 2870 2048 2912 conversus

444 2947 616 3004 fueris
639 2956 693 3003 et
714 2945 1067 3017 ingemueris,
1090 2953 1227 3001 tunc
1248 2942 1546 3000 salvaberis
1570 2943 1704 3010 (Isa.
1728 2960 1867 3014 xxx,
1896 2945 2032 3017 15).»

515 3037 745 3095 CAPUT
783 3037 881 3095 IV.
912 3068 985 3079 —
1013 3035 1121 3093 Sed
1167 3036 1400 3093 forsitan
1448 3034 1598 3093 dicas
1648 3053 1661 3092 :
1712 3036 1833 3093 Non
1870 3036 2045 3093 habeo

440 3128 750 3197 conscium,
773 3135 829 3184 et
850 3127 994 3184 nulli
1016 3126 1248 3183 omnino
1269 3126 1559 3183 manifesta
1579 3133 1730 3197 sunt,
1753 3143 1874 3200 qua
1893 3144 2040 3185 com-

442 3218 589 3276 misi.
642 3216 788 3287 Quid
834 3234 982 3290 ergo,
1028 3217 1076 3274 si
1123 3231 1237 3274 non
1281 3216 1450 3274 habes
1489 3216 1797 3286 conscium,
1845 3218 2040 3273 saltem

440 3310 622 3368 nescis
669 3309 960 3383 prascium
1003 3308 1177 3364 Deum
1219 3306 1572 3364 conscientia
1612 3315 1718 3364 tua
1748 3306 2040 3363 inevitabi-

440 3402 547 3458 lem
575 3401 859 3459 conscium
882 3400 912 3456 ?
939 3399 1011 3455 Et
1040 3397 1087 3455 si
1116 3397 1259 3455 facta
1306 3405 1398 3453 tua
1427 3413 1589 3453 nemo
1622 3396 1915 3454 hominum
1943 3414 2039 3454 no-

438 3492 540 3559 vit,
592 3507 791 3564 nempe
835 3492 984 3546 Deus
1021 3489 1166 3546 facta
1210 3496 1307 3544 tua
1352 3494 1407 3543 et
1451 3486 1634 3543 adhuc
1670 3486 1860 3543 futura
1889 3503 2038 3560 pra-

436 3579 637 3636 noscit.
671 3579 818 3647 Quid
860 3577 1011 3634 enim
1056 3592 1170 3631 non
1207 3575 1383 3641 videt,
1414 3575 1511 3647 qui
1543 3574 1748 3648 ubique
1776 3583 1830 3630 et
1858 3584 2036 3632 totum

436 3666 608 3735 videt,
656 3667 777 3738 ipso
812 3665 883 3721 ad
925 3664 1028 3721 Job
1064 3664 1282 3721 dicente
1315 3680 1327 3718 :
1360 3663 1497 3729 Quis
1526 3671 1681 3735 putet
1708 3664 1920 3737 aliquid
1950 3681 2037 3722 me

434 3756 653 3813 latere?
698 3756 780 3811 Da
825 3753 967 3810 mihi
1016 3753 1221 3821 locum,
1250 3754 1310 3810 in
1356 3769 1466 3827 quo
1495 3770 1608 3810 non
1633 3754 1706 3810 sit
1732 3756 1899 3824 Deus,
1939 3758 2036 3828 qui

436 3855 586 3906 totus
622 3855 704 3904 est
744 3845 1032 3914 occultus;
1067 3850 1123 3901 et
1167 3843 1276 3901 eris
1308 3844 1367 3899 in
1413 3843 1574 3901 factis
1611 3844 1724 3901 tuis
1757 3844 1837 3918 (6)
1867 3851 1921 3901 et
1951 3852 2033 3916 tu,

432 3937 578 3996 sicut
621 3936 927 4007 arbitraris,
960 3935 1227 3993 occultus.
1266 3934 1372 3992 Sed
1419 3935 1566 3992 Deus
1611 3934 1817 4009 ubique
1845 3945 1947 4005 est,
1980 3943 2036 3994 et

429 4036 580 4086 totus
609 4027 669 4087 in
698 4033 819 4084 toto
838 4033 940 4096 est,
969 4024 1092 4099 ipso
1118 4025 1334 4084 dicente
1362 4043 1374 4083 :
1423 4049 1441 4075 σ
1463 4024 1675 4083 Caelum
1706 4025 1850 4082 mihi
1877 4025 2033 4083 sedes

428 4124 533 4186 est,
552 4126 700 4175 terra
727 4132 861 4175 vero
885 4116 1188 4175 scabellum
1211 4116 1417 4188 pedum
1444 4132 1693 4174 meorum
1721 4116 1855 4189 (Isa.
1880 4134 2027 4186 var,

427 4208 485 4283 1)
512 4228 526 4278 ;
558 4235 578 4260 ι
608 4216 675 4266 et
707 4227 720 4268 :
770 4232 791 4259 ι
823 4210 1036 4269 Calum
1065 4218 1120 4268 et
1163 4216 1363 4266 terram
1408 4223 1508 4280 ego
1553 4207 1759 4280 impleo
1809 4207 2026 4280 (Iere-m.

425 4314 592 4381 xxiii,
624 4299 740 4373 24).
776 4325 795 4350 ι
839 4300 995 4359 Unde
1026 4310 1081 4358 et
1120 4298 1469 4357 beatissimus
1508 4297 1774 4371 propheta
1800 4298 1979 4355 David
2011 4317 2025 4356 :

2162 1780 2417 1854 stigante,
2472 1780 2772 1838 interfecit.
2819 1780 2924 1838 Res
2976 1778 3197 1853 quidem
3230 1777 3288 1833 in
3316 1778 3516 1834 eﬂ‘ectu
3542 1777 3781 1835 evidens

2161 1878 2296 1939 erat,
2315 1869 2410 1927 sed
2441 1879 2708 1943 quantum
2730 1869 2868 1928 Cain
2890 1875 3040 1925 ratus
3059 1868 3235 1924 fuerat
3259 1866 3366 1939 (7),
3392 1868 3515 1923 sine
3545 1870 3776 1925 conscio

2162 1961 2406 2019 admissa
2434 1961 2656 2019 latebat.
2681 1962 2752 2017 Et
2771 1958 3026 2018 credebat
3044 1956 3460 2015 crudelissimus
3475 1955 3776 2013 hominum

2160 2051 2278 2107 sine
2309 2058 2444 2108 teste
2474 2050 2685 2106 aditum
2717 2048 2941 2107 crimini
2989 2063 3107 2104 non
3146 2046 3327 2115 fateri,
3374 2063 3505 2103 cum
3546 2045 3624 2102 ob
3671 2045 3781 2102 hoc

2160 2138 2336 2210 ipsum
2370 2139 2581 2195 crimen
2610 2144 2953 2211 agnosceret,
2985 2135 3134 2210 quod
3162 2135 3439 2191 occultare
3487 2134 3777 2207 cupiebat.

2159 2228 2263 2285 Sed
2298 2244 2422 2285 ecce
2448 2245 2632 2285 rerum
2673 2228 2966 2296 Dominus,
2996 2227 3084 2283 cui
3133 2224 3405 2299 quidquid
3433 2225 3777 2283 absconsum

2159 2326 2400 2390 putatur,
2432 2317 2492 2373 in
2546 2325 2807 2391 promptu
2834 2323 2937 2386 est,
2970 2325 3025 2372 et
3051 2331 3213 2389 quem
3243 2331 3353 2370 non
3388 2322 3568 2387 potest
3606 2316 3781 2372 latere

2158 2408 2306 2480 quod
2333 2408 2392 2463 in
2422 2407 2823 2480 cogitationum
2852 2405 3087 2462 occultis
3115 2404 3314 2476 agitur,
3340 2404 3636 2476 Scriptura
3677 2406 3777 2461 di—

2157 2507 2313 2555 cente
2342 2515 2353 2553 :
2408 2522 2426 2545 ι
2470 2497 2745 2571 Cogitatio
2778 2495 3021 2552 hominis
3056 2494 3414 2551 conﬁtebitur
3443 2495 3547 2549 tibi
3585 2495 3767 2566 (Psal.

2157 2605 2330 2651 Lxxv,
2365 2588 2491 2659 il);
2522 2595 2612 2643 »et
2637 2587 2840 2643 iterum
2878 2603 2889 2639 :
2934 2609 2953 2633 ι
2983 2584 3369 2657 Imperfectum
3400 2600 3589 2639 meum
3620 2584 3777 2641 video

2156 2686 2286 2733 runt
2318 2677 2465 2734 oculi
2496 2677 2600 2744 tui,
2625 2684 2680 2733 et
2698 2676 2759 2732 in
2778 2675 2919 2732 libro
2935 2683 3030 2731 tuo
3047 2691 3237 2731 omnes
3264 2674 3768 2745 scribentur(Psal.

2157 2783 2431 2834 cxxxvrn,
2481 2767 2613 2840 i6);
2666 2793 2684 2816 ι
2738 2773 2790 2823 et
2837 2766 3041 2824 iterum
3078 2781 3090 2821 :
3144 2791 3161 2813 ι
3192 2765 3452 2822 Scrutaris
3495 2765 3678 2821 corda
3714 2773 3771 2821 et

2156 2872 2313 2912 renes
2342 2858 2487 2913 Deus
2534 2856 2708 2929 (Psal.
2744 2874 2847 2925 vn,
2882 2855 2946 2912 10
2953 2856 3009 2925 );
3044 2881 3061 2904 ι
3109 2855 3255 2912 unde
3296 2855 3440 2912 idem
3491 2855 3772 2928 pmpheta

2154 2945 2333 3002 David
2364 2962 2375 3000 :
2422 2970 2440 2993 ι
2488 2945 2880 3019 Cogitationes,
2913 2945 3116 3019 inquit,
3148 2961 3295 3001 meas
3322 2945 3538 3017 alonge
3566 2944 3769 3001 vidisti

2158 3036 2331 3106 (Psal.
2367 3052 2642 3104 cxxxvnr,
2674 3035 2757 3109 3),
2786 3060 2804 3083 ι
2863 3034 3194 3108 parricidam
3236 3050 3370 3091 voce
3412 3033 3768 3107 indignantis

2152 3125 2409 3197 appellat.
2444 3126 2516 3181 Et
2564 3125 2741 3182 sciens
2784 3124 2983 3181 ferocis
3029 3123 3160 3182 facti
3205 3132 3445 3181 atrocem
3492 3124 3765 3196 spiritum

2151 3231 2313 3288 quem
2341 3222 2601 3287 gesserat,
2645 3222 3012 3288 negaturum;
3064 3223 3127 3270 ut
3178 3223 3392 3271 reatum
3442 3214 3766 3272 cumularet

2149 3302 2308 3374 impii
2338 3303 2645 3375 parricida,
2698 3303 2926 3359 simulat
2968 3318 3025 3359 se
3060 3302 3236 3358 veluti
3269 3300 3418 3374 quod
3446 3299 3761 3359 admissum

2150 3390 2349 3462 fuerat,
2401 3392 2674 3465 ignorare.
2721 3416 2739 3439 ι
2779 3391 2852 3449 Et
2897 3391 3062 3461 dixit,
3112 3390 3318 3464 inquit,
3368 3390 3652 3447 Dominus
3693 3390 3763 3447 ad

2149 3481 2323 3540 Cain:
2354 3483 2459 3540 Ubi
2491 3490 2574 3540 est
2617 3483 2756 3541 Abel
2808 3483 2977 3539 frater
3018 3489 3149 3539 tuus
3178 3481 3208 3539 ?
3247 3481 3321 3537 Et
3364 3480 3511 3537 dixit
3556 3480 3705 3539 Cain
3744 3496 3759 3535 :

2146 3571 2360 3641 Nescio,
2401 3572 2675 3646 numquid
2714 3580 2900 3631 custos
2947 3572 3136 3629 fratris
3165 3570 3274 3628 mei
3302 3587 3425 3627 sum
3453 3586 3556 3643 ego
3588 3569 3758 3643 (Gen.

2145 3681 2229 3730 1v,
2270 3662 2376 3737 9)?
2422 3689 2441 3712 ι
2485 3662 2530 3721 Ο
2580 3661 2853 3720 insaniam
2898 3662 3321 3720 detestabilem!
3379 3677 3413 3717 ο
3450 3660 3751 3717 audaciam

2144 3753 2478 3826 singularem
2504 3754 2516 3810 l
2556 3754 2727 3812 Fidus
2756 3761 2939 3827 negat,
2975 3753 3123 3828 quod
3148 3754 3266 3810 sine
3294 3759 3432 3809 teste
3457 3753 3759 3808 commise-

2144 3853 2228 3903 rat
2258 3864 2270 3903 :
2301 3853 2355 3903 et
2383 3846 2620 3903 credidit
2651 3847 2769 3903 sine
2797 3845 3020 3904 conscio
3055 3844 3260 3902 crimen
3307 3842 3583 3917 publicari
3641 3860 3755 3900 non

2142 3951 2320 4008 posse,
2352 3952 2481 3994 cum
2512 3936 2633 4009 ipso
2673 3937 2897 4010 negotio
2930 3935 3011 4010 (8)
3044 3943 3260 3993 reatum
3289 3933 3461 4007 magis
3488 3934 3755 4007 proderet

2140 4022 2512 4081 conscientia.
2560 4023 2707 4093 Quid
2748 4025 2883 4099 agis,
2926 4025 3068 4084 Cain
3100 4023 3349 4081 infelix?
3394 4023 3521 4080 Non
3575 4022 3755 4081 habes

2140 4114 2319 4171 ullum
2373 4114 2656 4172 hominem
2711 4124 2906 4174 testem
2935 4133 2947 4172 :
3003 4133 3127 4175 ecce
3160 4116 3328 4174 habes
3355 4117 3594 4173 effusum
3627 4135 3752 4174 san-

2139 4204 2360 4276 guinem
2411 4203 2749 4278 proditorem
2796 4225 2808 4264 z
2853 4207 2970 4280 ipse
3012 4216 3068 4265 te
3113 4206 3361 4280 publicat
3405 4213 3460 4263 et
3499 4215 3752 4266 accusat.

2139 4294 2266 4353 Vox
2295 4296 2414 4368 ejus
2440 4295 2733 4352 adversum
2759 4302 2815 4354 te
2836 4297 3151 4372 interpellat
3177 4300 3496 4366 Auctorem,
3527 4305 3585 4354 et
3611 4296 3753 4354 facit

439 4414 460 4438 ι
495 4390 617 4457 Quo
664 4391 775 4459 ibo,
827 4391 1032 4464 inquit,
1079 4408 1113 4448 a
1156 4391 1369 4464 Spiritu
1413 4398 1531 4460 tuo,
1581 4397 1636 4446 et
1682 4406 1714 4446 a
1761 4390 1900 4447 facie
1934 4400 2029 4448 tua
2055 4456 2098 4466 _
2135 4403 2300 4445 cruor
2356 4390 2590 4451 diffusus
2643 4393 2956 4463 invidiam;
3014 4411 3083 4451 ne
3143 4394 3403 4451 latentem
3452 4400 3751 4466 pratereat

424 4495 535 4553 quo
563 4456 770 4551 fugiam
792 4480 821 4536 ?
868 4456 925 4536 Si
955 4456 1249 4538 ascendere
1278 4482 1337 4537 in
1370 4456 1593 4551 calum,
1620 4487 1684 4535 tu
1720 4479 1800 4536 ibi
1847 4498 1904 4537 es
1931 4498 1944 4537 :
1978 4482 2024 4537 si
2055 4456 2104 4516 D
2134 4478 2273 4535 ultio
2312 4485 2661 4553 parricidam.
2701 4508 2719 4534 ι
2749 4484 2918 4554 Quid,
2942 4456 3154 4559 inquit,
3204 4482 3423 4541 fecisti?
3633 4500 3745 4540 vox

423 4568 755 4625 descendero
806 4569 865 4624 in
913 4568 1140 4638 inferos,
1170 4576 1237 4625 tu
1283 4569 1362 4625 ibi
1408 4569 1614 4627 venies.
1665 4569 1723 4624 Si
1768 4586 2020 4643 recepero

421 4673 629 4731 pennas
667 4673 818 4713 meas
862 4656 1118 4727 directas,
1166 4667 1229 4715 ut
1276 4658 1580 4717 iuhabitem
1628 4660 1686 4716 in
1715 4661 2019 4719 novissimo

2131 4570 2415 4642 sanguinis
2438 4573 2623 4631 fratris
2662 4576 2743 4631 tui
2793 4576 2995 4632 clamat
3032 4573 3101 4630 ad
3147 4590 3234 4630 me
3272 4573 3340 4629 de
3382 4580 3530 4629 terra
3570 4574 3742 4646 (Ibid.

2130 4656 2242 4731 10).
2274 4686 2292 4709 ι
2336 4662 2543 4719 Verum
2574 4664 2671 4721 ubi
2721 4664 2996 4738 parricida
3027 4664 3202 4721 sensit
3247 4663 3551 4737 proditum,
3588 4663 3740 4737 quod

421 4747 626 4816 maris;
673 4747 877 4803 etenim
927 4748 1063 4806 illuc
1109 4765 1305 4806 manus
1345 4756 1460 4820 tua,
1498 4749 1756 4820 Domine,
1787 4750 2019 4810 deducet
2126 4750 2353 4822 putabat
2380 4754 2687 4823 occultum,
2727 4762 2782 4811 et
2823 4755 3089 4829 sanguine
3114 4761 3252 4811 teste
3279 4753 3593 4821 convictus,
3624 4753 3740 4809 fru-

336 4882 351 4889 -
422 4854 531 4906 me,
562 4844 616 4894 et
652 4838 958 4895 continebit
997 4856 1085 4897 me
1122 4839 1351 4898 dextera
1389 4848 1483 4898 tua
1532 4841 1705 4913 (Psal.
1739 4859 2013 4913 cxxxvm,

420 4934 611 5009 7-10).
644 4959 662 4984 ι
709 4937 935 4992 Frustra
962 4952 1090 5009 ergo
1118 4937 1261 4995 dicis
1282 4954 1391 4994 non
1414 4937 1614 4995 habere
1634 4944 1689 4995 te
1708 4939 2013 5010 conscium,

2126 4848 2236 4897 stra
2277 4841 2506 4899 ﬁnxisse
2568 4851 2922 4902 contumaces
2952 4844 3205 4913 insidias,
3245 4842 3458 4900 facinus
3506 4842 3740 4900 conﬁte.

2123 4938 2243 4988 tur:
2270 4940 2494 5006 exoptat
2523 4933 2580 4989 in
2605 4952 2661 4992 se
2681 4935 2862 4992 acrius
2889 4935 3085 4992 dictari
3100 4934 3401 5006 judicium,
3418 4949 3547 4991 cum
3567 4949 3738 4991 excu-

420 5042 548 5085 cum
576 5026 767 5084 audias
794 5027 967 5083 Deum
994 5034 1174 5084 totum
1214 5027 1438 5101 ubique,
1470 5035 1525 5085 et
1549 5044 1645 5101 per
1673 5029 1860 5085 omnia
1888 5046 2017 5085 ma—
2122 5037 2243 5078 sare
2269 5038 2380 5079 non
2397 5031 2578 5096 posset
2592 5024 2931 5081 conscientia
2944 5024 3307 5097 parricidium
3329 5030 3731 5097 perpetratum.

408 5114 627 5190 jestatis
682 5132 794 5174 sua
849 5115 1154 5173 ambitione
1206 5116 1493 5187 diffusum,
1544 5117 1636 5176 cui
1694 5118 1767 5175 sit
1820 5127 2012 5176 notum
2123 5108 2230 5168 Sed
2258 5110 2513 5170 differtur
2539 5113 2763 5171 interim
2810 5113 3053 5171 severior
3106 5128 3288 5187 poena,
3327 5118 3391 5168 ut
3421 5111 3565 5168 tanti
3596 5111 3736 5170 faci-

607 5312 757 5396 G_ill_._
786 5322 842 5396 et
1053 5311 1242 5396 Sorba.
1266 5311 1376 5396 qui
1408 5318 1545 5394 totus
1586 5319 1660 5396 est
1686 5314 1937 5395 occultus,
1966 5319 2015 5369 ει

411 5384 513 5441 erit
538 5384 597 5441 in
625 5384 785 5455 factis
812 5385 937 5452 tuis,
969 5392 1029 5441 ut
1061 5390 1119 5440 tu
1156 5384 1464 5453 arbitraris,
1495 5386 1750 5452 occultus;
1784 5386 1843 5440 in
1872 5401 2012 5441 mar-

2196 5316 2278 5389 (7)
2307 5315 2484 5389 Edit.,
2508 5331 2643 5389 eam
2686 5320 2840 5371 ratus
2882 5313 3305 5389 fuerat_;_Bem.
3353 5312 3551 5389 co_dex,
3587 5312 3734 5389 Cain

2119 5385 2274 5442 ratus
2301 5387 2524 5458 fuerat?
2553 5386 2701 5443 Infra
2728 5402 2860 5443 vero
2884 5385 3003 5443 ubi
3055 5387 3187 5458 Gill.
3232 5402 3359 5458 cum
3406 5386 3562 5458 Rem.
3593 5385 3730 5443 cod.

412 5456 539 5538 gine
567 5468 750 5515 autem
777 5474 806 5514 e
835 5458 1058 5538 regione
1087 5456 1286 5538 prioris
1311 5457 1542 5538 occultus
1571 5456 1748 5538 ponit,
1781 5456 2013 5538 [octaua
2122 5456 2390 5538 et__Sorb.,
2424 5458 2899 5538 aditumfrimini
2918 5476 3033 5538 nuit
3061 5457 3245 5529 fateri,
3274 5457 3408 5538 edit.
3434 5457 3605 5521 Rom.
3653 5473 3731 5515 ex

411 5527 617 5601 oculus,
640 5545 806 5601 quam
840 5527 1214 5601 conjecturam
1240 5527 1300 5584 in
1337 5534 1554 5601 textum
1573 5527 1821 5601 ’admisit
1846 5530 2007 5589 Rom.

412 5546 617 5599 acutus,
719 5546 806 5586 am
840 5546 1214 5601 conjecturam
1240 5546 1300 5584 1n
1337 5546 1554 5586 ternum
1597 5546 1821 5585 ειαωιειῑ
1846 5546 1883 5587 l1

412 5598 548 5659 edit.
573 5546 747 5661 Nabis
774 5617 906 5660 vero
932 5600 1117 5675 potior
1147 5600 1272 5662 visa
1293 5606 1379 5660 est
1402 5599 1568 5662 lectio
1592 5600 1751 5667 Rem.
1778 5616 1883 5664 ms.

2125 5530 2258 5604 Gill.
2291 5530 2791 5604 margine,aditum
2818 5529 3045 5604 crimina"
3189 5535 3374 5604 patere

2198 5602 2281 5678 (8)
2311 5600 2472 5663 Rom.
2494 5601 2716 5666 edit.ex
2738 5603 2984 5678 margine
3007 5600 3166 5675 Gill.,
3189 5600 3316 5661 Eum
3340 5601 3459 5675 ipsa
3484 5600 3731 5678 legatio.
