4026 6172
219 317 354 377 106ὕ

1323 318 1418 375 DE
1456 316 1918 376 POENITENTIA
1955 316 2166 375 LIBER
2204 316 2403 373 UNUS.

3377 322 3517 378 1066

217 448 368 504 noris
422 453 703 502 auctorem
746 441 960 499 diutius
996 443 1296 501 trucidaret
1341 445 1489 501 lenta
1516 446 1805 514 sententia,
1839 446 1890 505 Α
1918 442 1981 500 ﬁt
2010 443 2234 516 impius,
2266 442 2361 516 qui
2409 441 2467 497 in
2515 440 2753 513 peccatis
2797 441 2911 497 suis
2958 441 3196 499 fatendis
3237 445 3523 503 exstiterit

218 552 317 593 nec
361 533 614 592 celeritas
657 531 886 604 irrogati
914 533 1173 605 supplicii
1222 535 1612 607 compendium
1643 535 1815 609 magis

219 625 498 682 videretur
525 620 734 679 addicti
763 640 774 677 :
807 629 862 677 et
891 620 1045 677 ﬁeret
1072 622 1274 694 poenali
1303 623 1668 682 diuturnitate
1701 627 1813 681 lon-

220 731 455 789 gravum,
479 712 627 787 quod
653 710 936 767 latrocinii
966 712 1242 769 moriendi
1262 720 1582 770 extenuaret
1602 715 1815 772 facinus

220 802 504 879 parricidii
528 802 632 875 (9).
660 798 805 868 Quid
826 816 954 873 ergo
972 801 1077 857 tibi
1090 818 1254 875 super
1273 819 1336 859 eo
1356 803 1644 873 blandiris,
1669 806 1815 878 quod

219 914 326 954 non
373 894 578 951 habeas
623 891 930 961 conscium,
963 909 1089 950 cum
1120 894 1308 951 videas
1333 896 1650 952 testimonio
1678 913 1816 953 san-

219 985 403 1059 guinis
441 982 757 1040 innocentis
794 981 931 1041 Cain
970 981 1140 1040 fuisse
1187 983 1505 1044 convictum
1534 987 1739 1061 pariter
1764 994 1817 1043 et

221 1075 477 1151 punitum
505 1072 533 1130 ?

289 1172 520 1233 CAPUT
549 1170 619 1230 V.
651 1204 722 1214 —
752 1170 858 1229 Sed
882 1172 1188 1242 conscium,
1212 1172 1446 1247 inquies,
1478 1192 1590 1232 non
1620 1174 1814 1247 habeo,

218 1262 312 1338 qui
354 1278 475 1318 mea
522 1261 667 1318 facta
705 1260 972 1334 divulget.
1025 1262 1195 1335 Rogo,
1227 1262 1378 1320 dicas
1410 1263 1570 1332 mihi,
1619 1264 1665 1321 si
1705 1280 1817 1321 non

218 1350 384 1408 habes
429 1352 735 1419 conscium,
809 1366 921 1406 non
967 1349 1134 1407 habes
1185 1352 1534 1410 conscientiae
1572 1355 1816 1411 testimo-

219 1440 375 1497 nium
396 1440 425 1496 ?
444 1446 539 1496 aut
566 1446 620 1495 te
650 1438 831 1511 ipsum
873 1446 1029 1512 potes
1058 1439 1313 1512 effugere,
1345 1449 1399 1498 et
1426 1443 1817 1499 conscientiam

218 1528 543 1586 declinare?
590 1526 1018 1596 Conscientiam,
1043 1528 1290 1602 inquam,
1320 1531 1465 1603 apud
1513 1548 1676 1605 quam
1708 1548 1820 1589 non

218 1619 453 1675 moritur
480 1633 648 1674 omne
677 1616 825 1691 quod
856 1616 1114 1690 gerimus,
1145 1634 1265 1692 quae
1302 1636 1401 1677 nos
1431 1619 1489 1676 in
1521 1621 1680 1679 factis
1710 1638 1821 1678 no-

220 1709 345 1767 stris
391 1716 615 1767 accusat
656 1715 711 1763 et
752 1707 965 1780 judicat
996 1724 1009 1763 :
1044 1725 1165 1782 quae
1204 1727 1331 1767 cum
1379 1728 1490 1767 non
1520 1713 1715 1769 habeat
1746 1714 1819 1769 lo-

1924 535 2212 591 induratus
2244 552 2257 602 ;
2290 541 2352 590 ut
2395 541 2449 590 et
2486 532 2691 605 ﬂagitia
2731 533 3063 606 perstringat
3112 535 3277 606 digna
3307 546 3520 592 senten-

1923 624 2019 692 tia,
2051 631 2105 679 et
2133 622 2491 681 contumaciae
2520 639 2707 695 poenas
2738 624 2854 679 luat
2876 624 3136 693 pervicax
3162 626 3520 683 conscientia.

1924 713 2218 786 Frangitur
2246 712 2394 769 enim
2425 711 2726 769 commotio
2765 711 2994 784 judicis,
3028 713 3121 769 ubi
3156 714 3520 786 paenitudinis

1924 808 1978 857 et
2005 802 2313 859 severitatis
2341 802 2507 858 enixa
2531 802 2807 859 districtio
2838 802 3201 859 confessionis
3230 821 3524 877 oppugna-

1924 889 2075 947 tione
2110 890 2317 947 lenitur
2350 910 2361 947 :
2391 891 2775 965 depromptum
2826 891 3207 971 indignatione
3245 891 3523 965 judicium

1926 981 2300 1038 satisfactione
2350 982 2688 1055 percellitur,
2736 990 2789 1038 et
2842 983 3237 1039 comminantis
3283 984 3523 1041 intentio

1926 1070 2192 1128 orationis
2233 1070 2563 1127 humillimae
2620 1072 2955 1128 verecundia
3002 1080 3358 1146 temperatur.
3408 1075 3526 1133 Hoc

1927 1176 1996 1217 ex
2042 1150 2317 1218 ‘Ninivitis
2364 1160 2606 1231 addisce,
2656 1178 2891 1234 quorum
2948 1163 3290 1221 confessione
3348 1163 3527 1221 deleta

1926 1258 2007 1307 est
2030 1249 2145 1322 jam
2176 1251 2324 1307 dicta
2347 1251 2639 1320 sententia,
2681 1260 2734 1308 et
2773 1268 2965 1309 aversa
2993 1252 3291 1310 imminens
3317 1254 3418 1324 ira,
3458 1242 3537 1312 ne

1927 1338 2109 1395 inanis
2146 1337 2301 1395 ﬁeret
2336 1339 2605 1396 conﬁtens
2645 1340 2987 1411 poenitentia.
3048 1341 3325 1399 Pendebat
3367 1360 3529 1415 super

1928 1429 2181 1486 miseram
2231 1429 2513 1487 civitatem
2555 1430 2772 1489 coalitus
2816 1430 2928 1503 jam
2972 1432 3187 1490 vibrata
3234 1435 3525 1507 sententia,

1929 1528 1981 1577 et
2008 1519 2503 1577 animadversionis
2553 1521 2759 1577 divinae
2802 1522 3008 1579 securis
3049 1525 3361 1582 cervicibus
3391 1527 3527 1585 infe-

1930 1608 2119 1665 licium
2150 1610 2493 1682 perurgebat.
2550 1610 2669 1666 Jam
2716 1611 3018 1684 productus
3066 1612 3244 1672 fuerat
3291 1617 3528 1676 caelestis

1930 1699 2146 1771 gladius
2176 1715 2205 1755 e
2234 1700 2453 1772 vagina,
2486 1707 2539 1757 et
2559 1700 2617 1755 in
2638 1700 2849 1757 ultione
2878 1710 3312 1775 perpetratorum
3343 1708 3528 1764 crimi-

220 1799 423 1875 quendi
456 1815 642 1868 usum,
673 1796 850 1853 nescit
879 1804 1062 1854 tamen
1089 1806 1273 1855 tenere
1297 1800 1601 1858 silentium.
1636 1803 1820 1858 Potest
1849 1810 1895 1869 Β
1930 1803 2061 1843 num
2094 1787 2392 1845 vehemens
2445 1789 2527 1844 ira
2575 1790 2839 1847 fervebat
2888 1792 3014 1849 Vox
3066 1795 3335 1865 ΡΓῖεοοηίε
3389 1796 3531 1855 ίηῑε-

220 1890 473 1948 conscius
504 1898 678 1945 morte
714 1887 970 1957 subduci,
1001 1896 1178 1961 potest
1205 1890 1308 1948 tibi
1338 1892 1407 1950 ad
1437 1902 1653 1966 tempus
1682 1910 1820 1967 pro-

219 1981 375 2037 desse
417 1980 572 2037 testis
601 1978 844 2035 absentia
877 1996 889 2035 :
944 1978 1061 2035 haec
1089 1987 1270 2038 tecum
1320 1999 1533 2056 semper
1560 1992 1642 2039 est
1680 1985 1818 2057 (10),

219 2078 275 2127 et
319 2070 438 2125 sine
477 2079 532 2126 te
561 2084 672 2125 non
713 2075 794 2125 est
824 2083 837 2122 :
877 2066 1047 2123 haeret
1076 2071 1312 2141 pectori,
1362 2088 1464 2129 nec
1491 2089 1733 2146 unquam
1766 2081 1818 2130 te

218 2160 465 2230 deserit;
520 2170 574 2218 et
611 2165 764 2222 velut
805 2163 949 2222 593
1007 2164 1255 2236 quaedam
1305 2164 1630 2239 pedissequa
1665 2166 1821 2221 nullo

220 2253 315 2310 abs
343 2262 395 2310 te
426 2255 690 2327 temporis
720 2257 1016 2315 intervallo
1063 2255 1331 2314 discedit:
1372 2261 1522 2311 tenet
1559 2262 1612 2311 te
1642 2271 1820 2324 reum,

221 2352 274 2401 et
304 2345 361 2399 in
392 2361 491 2401 sua
519 2363 733 2420 semper
760 2348 971 2405 ditione
1000 2346 1301 2419 captivum.
1335 2345 1392 2402 Si
1428 2345 1647 2418 quando
1673 2361 1822 2400 men-

219 2444 331 2493 tem
363 2444 512 2493 tuam
558 2439 733 2495 laetior
751 2440 1121 2497 secundarum
1152 2454 1334 2494 rerum
1365 2446 1520 2495 actus
1550 2436 1819 2504 avocarit,

219 2533 275 2581 et
306 2542 497 2583 sensus
520 2534 642 2584 tuos
683 2529 910 2603 coeperit
939 2529 1069 2587 facti
1092 2526 1459 2585 delectatione
1473 2525 1818 2599 jucunditas;

220 2614 407 2672 subito
435 2623 488 2672 te
519 2617 614 2673 illa
651 2619 919 2688 stimulat,
950 2619 1047 2675 illa
1076 2617 1401 2675 medullitus
1429 2618 1610 2690 pulsat
1638 2624 1691 2674 et
1725 2617 1823 2673 in—

220 2704 475 2776 terpellat
495 2722 739 2776 sensum,
772 2707 1131 2780 interrumpit
1162 2707 1445 2781 gaudium,
1475 2714 1528 2763 et
1542 2714 1712 2763 totam
1733 2722 1821 2779 pe-

216 2793 385 2850 ctoris
411 2794 689 2867 regionem
721 2797 929 2853 mmstis
947 2796 1199 2869 suspiriis
1230 2796 1503 2870 inquietat
1533 2814 1544 2852 :
1579 2804 1633 2852 et
1662 2794 1821 2868 quasi

216 2882 507 2940 vulnerata
522 2886 818 2957 opprobrio
845 2895 1116 2957 teneatur,
1144 2904 1258 2944 non
1279 2886 1573 2943 invenitur
1602 2886 1822 2942 homini

218 2972 549 3044 remedium,
599 2991 707 3048 quo
753 2985 1012 3046 curetur;
1046 2994 1260 3050 semper
1297 2978 1446 3033 enim
1500 2974 1821 3046 offenditur,

221 3078 352 3119 cum
399 3061 542 3119 alius
586 3064 902 3138 castigatur,
951 3074 1005 3122 et
1052 3068 1109 3123 in
1147 3067 1329 3123 alieno
1378 3067 1607 3122 vulnere
1642 3067 1822 3138 primo

1927 1877 2097 1933 ritum
2129 1880 2347 1951 populis
2376 1879 2758 1949 minitabatur,
2806 1888 2861 1936 et
2898 1880 3261 1940 denuntiabat
3316 1887 3532 1943 cunctis

1928 1967 2246 2038 proximum
2297 1969 2557 2040 perituris
2613 1969 2894 2041 prophetas
2955 1974 3165 2028 clamor
3233 1974 3468 2032 exitium
3516 1996 3527 2033 :

1943 2078 1961 2102 ι
1991 2056 2118 2111 Post
2149 2056 2416 2123 triduum,
2458 2058 2662 2131 inquit,
2694 2068 2747 2115 et
2788 2059 2989 2117 Ninive
3028 2062 3222 2119 civitas
3253 2065 3532 2122 subverte-

1929 2149 2020 2198 tur
2055 2142 2226 2213 (Jonw
2256 2161 2339 2211 IlI,
2368 2144 2448 2217 4).
2493 2170 2511 2193 ι
2566 2146 2685 2202 Heu
2732 2148 2865 2220 quid
2894 2148 2961 2204 de
3008 2152 3121 2207 Deo
3151 2152 3375 2225 exigitis
3404 2172 3533 2212 sce-

1932 2231 2062 2301 lera,
2095 2231 2228 2305 quid
2274 2242 2493 2306 peccata
2537 2237 2861 2292 mercamini
2902 2237 2931 2293 ?
2977 2239 3153 2310 Ipsam
3202 2241 3301 2297 Dei
3353 2245 3531 2300 nostri

1930 2322 2413 2380 clementissimam
2459 2326 2803 2398 praevenistis
2846 2328 3125 2400 pietatem,
3158 2331 3225 2389 de
3267 2350 3376 2407 quo
3420 2342 3532 2391 tam

1932 2413 2296 2487 pr0pinquam
2351 2424 2405 2472 et
2464 2425 2590 2473 ante
2647 2425 2864 2491 tempus
2923 2422 3182 2494 exegistis
3239 2425 3529 2483 ultionem.

1930 2502 2132 2559 Videre
2190 2503 2371 2577 itaque
2431 2505 2570 2561 mihi
2639 2507 2833 2563 videor
2886 2518 3093 2581 quanta
3150 2512 3377 2568 miseros
3432 2530 3531 2569 ar-

1930 2589 2113 2646 ctabat
2161 2594 2432 2665 angustia,
2474 2602 2528 2650 et
2572 2595 2748 2667 qualis
2789 2598 3185 2667 perstrinxerat
3210 2598 3269 2654 in
3296 2611 3532 2656 tremore

1932 2680 2234 2737 fecessitas.
2298 2682 2604 2739 Consilium
2663 2692 2843 2740 metus
2899 2685 3177 2753 amiserat,
3226 2686 3530 2745 remedium

1930 2770 2237 2843 desperatio
2287 2790 2401 2828 non
2436 2773 2671 2831 habebat
2705 2793 2718 2842 ;
2760 2775 2837 2830 ita
2874 2776 3023 2832 enim
3064 2776 3241 2833 fuerat
3270 2779 3531 2851 temporis

1930 2860 2280 2933 praecipitata
2307 2863 2579 2933 celeritas,
2611 2872 2674 2920 ut
2702 2882 2770 2921 ne
2800 2866 2990 2937 spatiis
3019 2865 3240 2939 quidem
3268 2868 3545 2943 attributa,
3614 2890 3633 2905 κ

1932 2951 2109 3008 diram
2155 2954 2526 3028 suspicionem
2576 2955 2830 3012 criminis
2871 2958 3161 3014 relaxaret.
3224 2982 3242 3005 ι
3277 2958 3407 3014 Post
3434 2960 3545 3015 tri-'

1930 3041 2125 3113 duum,
2153 3044 2355 3118 inquit,
2386 3045 2589 3103 Ninive
2615 3047 2813 3103 civitas
2843 3046 3212 3105 subvertetur.
3238 3075 3256 3095 -
3297 3049 3365 3104 Et
3386 3066 3532 3123 quae-

221 3149 341 3223 ipsa
371 3152 702 3223 percutitur.
730 3134 956 3211 'Deinde
998 3155 1085 3211 vis
1139 3170 1299 3211 nosse
1341 3162 1543 3228 quanta
1586 3134 1661 3212 sit
1682 3173 1830 3213 seve.
1867 3167 1911 3228 α
1942 3134 2295 3228 ιξδωέΐιιᾼιιξζα
2330 3146 2448 3228 (δι’θῖ
2492 3136 2591 3228 ina:
2635 3138 2942 3228 θὼνθτδίβ»
2990 3156 3110 3213 qui“
3139 3139 3409 3199 Ῐηάίοίῑιπ
3443 3160 3531 3216 ΡΘ·

220 3241 359 3298 ritas
402 3242 752 3299 conscientia:
774 3244 803 3300 ?
842 3246 1025 3302 Potest
1065 3245 1169 3302 tibi
1218 3245 1472 3303 conscius
1515 3262 1649 3303 auro
1690 3264 1824 3304 cor-

221 3330 430 3403 rumpi,
469 3339 649 3404 potest
676 3332 910 3404 pecunia
938 3333 1243 3404 comparari
1277 3350 1289 3388 :
1318 3333 1653 3391 conscientia
1677 3336 1820 3392 nihil

219 3417 597 3491 corruptionis
638 3421 904 3489 admittit,
954 3431 1138 3478 manet
1172 3421 1447 3495 integrum
1488 3422 1606 3495 ejus
1652 3423 1822 3480 testi-

220 3508 475 3563 monium
521 3516 639 3565 tota
684 3509 815 3567 ﬁdei
856 3509 1118 3567 ﬁrmitate
1162 3511 1448 3569 vallatum.
1480 3511 1626 3580 Quin
1655 3514 1819 3571 etiam

220 3596 486 3655 adversus
531 3600 816 3657 conscium
869 3600 1200 3657 conducitur
1228 3601 1618 3675 patrocinium,
1648 3613 1702 3660 et
1730 3604 1821 3660 de-

220 3686 494 3745 fensionis
521 3687 743 3761 ingenio
763 3697 1085 3761 argumenta
1108 3692 1364 3749 versutia;
1394 3693 1817 3766 conquiruntur,

218 3784 277 3833 et
305 3777 609 3833 testimonii
650 3777 857 3835 veritas
887 3781 1117 3854 loquela;
1147 3781 1486 3854 impudentis
1515 3781 1818 3840 calliditate

218 3866 559 3938 pervertitur
591 3882 602 3920 :
632 3865 807 3938 judex
836 3886 1052 3943 quoque
1085 3871 1397 3941 redimitur,
1430 3879 1491 3927 ut
1520 3872 1649 3929 facti
1681 3889 1816 3946 qua-

219 3955 354 4008 litas
408 3963 719 4009 excusetur.
778 3958 989 4015 Vacant
1037 3959 1154 4016 haec
1193 3962 1398 4029 omnia,
1448 3961 1544 4017 ubi
1592 3962 1820 4019 interest

215 4038 565 4098 conscientia
595 4058 607 4095 :
636 4049 690 4097 et
719 4057 842 4097 cum
874 4043 1041 4100 homo
1066 4047 1183 4119 (11)
1217 4048 1506 4112 moriatur,
1538 4051 1816 4107 conscien-

219 4132 302 4188 tia
345 4137 492 4188 certe
543 4146 656 4187 non
704 4132 960 4199 moritur,
992 4150 1112 4207 quas
1166 4144 1288 4208 post
1317 4145 1547 4195 mortem
1572 4140 1818 4213 corporis

217 4220 280 4277 in
316 4220 503 4277 anima
543 4219 845 4293 judicatur.
895 4223 966 4278 Et
996 4233 1157 4297 putas
1202 4225 1456 4297 prodesse
1484 4227 1585 4283 tibi
1625 4236 1677 4284 te
1703 4245 1816 4285 non

216 4309 424 4367 habere
470 4309 778 4379 conscium,
829 4327 959 4367 cum
1026 4311 1378 4369 conscientiae
1428 4315 1813 4387 quotidianum

214 4399 429 4457 sentias
487 4407 922 4474 perpetuumque
958 4400 1284 4474 judicium?
1339 4403 1443 4461 Sed
1485 4406 1645 4479 plane
1688 4424 1813 4465 eum

215 4504 337 4545 non
364 4487 726 4546 comitabitur
754 4489 895 4546 ultio
924 4489 1135 4560 divina,
1167 4507 1328 4565 quem
1362 4493 1581 4566 propria
1603 4494 1813 4567 judica-

214 4576 369 4633 verit
414 4578 795 4646 conscientia;
831 4586 989 4637 vacet
1035 4580 1183 4637 enim
1209 4579 1289 4637 ibi
1318 4596 1535 4639 necesse
1558 4593 1642 4641 est
1673 4592 1820 4657 pote-

214 4673 340 4723 stas
362 4664 591 4737 judicis,
638 4665 735 4723 ubi
759 4668 1015 4726 conscius
1038 4669 1146 4726 sibi
1174 4685 1299 4727 reus
1327 4669 1617 4729 adversum
1641 4689 1698 4729 se
1726 4681 1819 4731 te-

213 4754 325 4811 stis
352 4762 408 4811 et
435 4764 718 4813 accusator
745 4758 1041 4815 exstiterit.
1072 4759 1209 4815 Nam
1241 4760 1431 4832 procul
1456 4761 1627 4819 dubio
1653 4765 1818 4837 gemi-

216 4842 454 4900 nabitur
502 4860 665 4902 causa
724 4847 956 4917 peccati,
999 4848 1045 4905 si
1112 4857 1411 4906 contumax
1482 4852 1820 4910 conscientia

213 4933 370 4991 facta
399 4949 499 4991 sua
525 4934 769 4992 noluerit
794 4936 1044 4994 conﬁteri
1068 4955 1083 5006 ;
1119 4945 1253 4996 tunc
1272 4938 1419 4996 enim
1440 4955 1511 4996 ex
1538 4950 1818 5014 peccatore

300 5122 393 5199 (9)Δ
419 5123 501 5199 Ita
520 5122 689 5199 Rem.
707 5122 903 5199 codex,
930 5141 992 5182 ac
1021 5124 1151 5181 Gill.
1178 5122 1233 5199 in
1264 5139 1510 5195 corpore,
1544 5124 1650 5182 nisi
1671 5124 1817 5199 quod

217 5195 423 5277 scribit
445 5197 755 5277 tongtevior
788 5215 799 5253 :
843 5195 1472 5277 idem‘verojnnmarg”
1502 5213 1659 5277 plena
1686 5195 1819 5277 itin-

218 5267 486 5339 turnitate
525 5267 830 5338 bnngior,
859 5268 1000 5339 quod
1042 5267 1348 5339 lentitudine
1387 5267 1645 5324 moriendi
1668 5269 1821 5324 aesti-

222 5345 399 5412 maret
456 5337 669 5412 facinus
713 5337 1045 5411 parricidii:
1096 5355 1258 5412 quam
1318 5338 1609 5412 lectionem
1655 5341 1813 5398 Rom.

221 5409 365 5466 edit.
396 5408 669 5482 amplexa,
701 5408 1006 5466 extenuaret
1034 5408 1214 5466 tamen
1248 5408 1495 5466 retinuit.

300 5482 421 5553 (10)
469 5482 598 5538 Mss.
634 5483 793 5538 Sorb.
843 5490 897 5537 et
925 5482 1082 5550 Gill.,
1105 5482 1353 5553 prodesse
1393 5482 1532 5536 testis
1561 5484 1816 5539 conscien-

223 5553 325 5609 tia.
357 5553 464 5626 Nec
483 5559 682 5626 rectum
702 5559 943 5626 superest
969 5571 984 5621 ;
1018 5553 1077 5608 in
1104 5569 1273 5625 marg.
1319 5560 1522 5626 autem,
1549 5554 1813 5624 prodesse.

230 5624 400 5697 Testis
431 5625 745 5680 conscientia
770 5624 839 5680 ‘et
870 5631 1030 5697 tecum
1058 5624 1258 5697 semper
1302 5630 1376 5680 est
1406 5642 1419 5687 ;
1453 5625 1610 5681 Rom.
1659 5626 1817 5695 edit.,

218 5696 475 5767 prodesse
518 5698 676 5753 testis.
729 5695 1061 5754 Conscientia
1102 5695 1225 5753 vero
1268 5702 1431 5752 tecum
1476 5711 1677 5768 semper
1722 5703 1815 5754 est.

505 5793 747 5855 ΡΑτιιοι..
785 5794 963 5855 XVII.

1847 4535 1898 4595 D

1940 3224 2132 3280 rituris
2157 3225 2187 3281 7
2214 3226 2335 3281 Non
2356 3226 2547 3299 utique
2576 3226 2833 3283 hostilem
2859 3227 3200 3299 signiﬁcabat
3224 3231 3529 3302 incursum,

1934 3329 2047 3368 non
2086 3329 2365 3370 armorum
2401 3316 2693 3388 strepitum
2736 3332 2838 3373 nec
2879 3318 3186 3390 clangorem
3227 3320 3529 3378 terribilem

1933 3400 2313 3472 buccinarum,
2362 3404 2563 3477 quibus
2602 3405 2830 3461 forsitan
2869 3413 3118 3478 poterant
3156 3408 3527 3467 resistentium

1932 3491 2156 3549 obviare
2184 3494 2454 3550 tutamina
2486 3495 2626 3568 (12),
2648 3505 2745 3553 aut
2774 3495 2979 3569 praeliis
3010 3499 3370 3571 promulgatis
3395 3496 3547 3571 par?

1932 3581 2075 3638 tium
2102 3582 2340 3639 conferri
2372 3591 2672 3651 certamen,
2704 3593 2799 3641 aut
2839 3585 2981 3658 fugai
3022 3586 3294 3658 praesidiis
3323 3597 3527 3645 sortem

1931 3674 2197 3747 projicere
2252 3677 2601 3750 captivorum
2654 3696 2665 3735 :
2724 3678 2819 3735 sed
2873 3679 3079 3735 divinae
3132 3679 3530 3751 indignationis

1930 3774 1985 3822 et
2035 3767 2295 3825 vindictae
2337 3770 2573 3826 caelestis
2614 3769 2873 3827 interitus
2915 3770 3266 3843 praedicatur,
3303 3773 3393 3829 cui
3431 3790 3529 3845 pus

1931 3854 2169 3911 niendus
2208 3873 2309 3913 nec
2349 3857 2477 3930 fuga
2519 3857 2866 3927 subducitur,
2909 3876 3011 3916 nec
3061 3858 3276 3915 bellicis
3313 3859 3527 3917 artibus

1930 3949 2260 4007 defendendi
2290 3968 2421 4008 cura
2451 3953 2629 4010 datur.
2666 3954 2801 4022 Quis
2826 3955 2975 4010 enim
3015 3964 3195 4028 posset
3224 3956 3525 4027 irrogatum

1929 4040 2164 4095 exitium
2198 4040 2497 4110 declinare,
2529 4044 2677 4115 quod
2705 4043 2967 4100 aetherius
3006 4044 3189 4116 fragor
3226 4044 3526 4115 incipiebat

1928 4129 2207 4186 effundere
2235 4129 2262 4185 ‘P

2000 4217 2228 4276 CAPUT
2258 4218 2353 4274 VI.
2388 4247 2455 4260 -
2484 4218 2559 4275 At
2594 4233 2720 4276 ecce
2765 4218 2992 4274 miseros
3038 4234 3149 4275 non
3202 4217 3405 4275 deserit
3462 4219 3521 4275 in

1927 4322 2128 4379 pavore
2202 4306 2497 4363 consilium
2538 4351 2554 4376 ,
2642 4317 2695 4363 et
2783 4307 2999 4362 invenit
3072 4306 3376 4363 remedium
3451 4324 3522 4365 ex

1926 4396 2171 4469 periculo
2235 4395 2560 4469 desperatio.
2616 4395 2702 4452 Ad
2762 4414 2818 4454 se
2883 4394 3029 4468 ipsos
3066 4395 3354 4452 redeuntes
3394 4414 3521 4453 con-

1925 4485 2181 4541 scientias
2245 4502 2371 4541 suas
2436 4486 2556 4541 vice
2605 4483 2910 4558 judicantis
2967 4485 3324 4558 interrogant,
3383 4502 3521 4542 cur-

1927 4582 2057 4631 runt
2111 4574 2179 4632 ad
2239 4576 2709 4649 propugnaculum
2768 4575 3125 4648 poenitentiae,
3187 4584 3241 4632 et
3295 4577 3520 4639 confes-

1929 4666 2101 4722 sionis
2146 4674 2301 4724 scuto
2332 4666 2604 4739 Opposito,
2652 4665 2934 4723 declinant
2978 4666 3253 4739 sagittam.
3304 4668 3423 4723 Itur
3451 4668 3518 4724 ab

1928 4755 2186 4813 omnibus
2250 4756 2309 4811 in
2374 4756 2715 4812 curationem
2783 4756 3082 4812 criminum
3148 4757 3516 4827 fatendorum,

1926 4854 1981 4903 et
2030 4847 2085 4901 in
2131 4845 2520 4902 satisfactionis
2567 4844 2809 4902 ofﬁcium
2849 4845 3097 4917 exposita
3145 4846 3308 4904 morti
3360 4847 3519 4904 turba

1926 4935 2221 5009 conspirat.
2259 4935 2518 4993 Indicunt
2564 4936 2671 4993 sibi
2712 4935 3078 4993 necessarium
3105 4937 3337 5010 perituri
3360 4935 3518 5009 jeju-

1925 5123 2027 5182 Sed
2056 5124 2245 5197 locum,
2272 5123 2477 5197 optime
2509 5123 2749 5197 restituit
2774 5125 2925 5182 Rem.
2958 5124 3154 5182 codex.

2000 5197 2115 5268 (11)
2146 5196 2294 5252 Edit.
2312 5195 2474 5257 Gill..
2500 5196 2589 5268 ubi
2611 5197 2925 5252 conscientia
2955 5214 2967 5252 :
2999 5204 3177 5268 etcum
3197 5197 3366 5264 homo,
3384 5204 3513 5264 etc.;

1927 5267 1985 5324 in
2016 5268 2261 5337 margine
2289 5275 2470 5324 autem
2502 5267 2645 5323 idem
2678 5267 2935 5323 admonet
2963 5267 3141 5323 videri
3169 5268 3354 5323 deesse
3384 5284 3517 5322 ver-

1924 5339 2079 5406 bum,
2110 5340 2452 5406 condemnat;
2487 5338 2647 5410 cujus
2675 5346 2857 5395 tamen
2899 5339 3018 5394 loco
3052 5339 3209 5410 Rom.
3243 5337 3375 5393 edit.
3409 5354 3520 5410 po-

1925 5410 2037 5468 suit
2060 5412 2321 5466 vulnerat.
2364 5411 2472 5466 Nos
2501 5409 2663 5481 porro
2692 5410 2814 5467 cod.
2849 5411 3001 5481 Rem.
3032 5409 3443 5481 secutisumus.

2000 5481 2117 5554 (12)
2141 5482 2308 5560 ΔΕιιὶῐ.
2339 5481 2469 5539 Gill.
2504 5480 2566 5540 ac
2612 5483 2794 5560 Romﬁq
2835 5480 3058 5560 obviare
3081 5480 3294 5560 agmina
3335 5498 3346 5536 :
3383 5481 3514 5537 Gill.

1926 5550 2105 5626 autem
2136 5555 2196 5610 in
2226 5569 2395 5626 marg.
2448 5570 2513 5612 ac
2560 5569 2689 5611 mss.
2738 5552 2891 5608 Rem.
2932 5558 2987 5606 et
3027 5550 3184 5607 Sorb.
3237 5550 3293 5606 in
3339 5568 3517 5626 corp.,

1925 5625 2138 5682 obviare
2162 5625 2438 5681 tutamina.

3171 5792 3239 5852 34
