4026 6172
462 271 602 330 1067

1490 273 1586 328 ΑΙ)
1623 271 1858 328 ΟΡΕΒΑ
1895 270 1952 330 S.
1993 271 2329 329 AMBROSII
2365 267 2748 330 APPENDIX.

3629 270 3763 330 1068

460 399 640 469 nium,
687 397 748 455 in
795 397 930 472 ipsis
969 395 1292 469 corporibus
1319 395 1530 453 animas
1562 396 1895 453 humilitatis
1941 396 2052 453 lla-
2079 400 2130 458 A
2158 397 2365 453 nudare
2406 405 2696 465 secretum,
2744 403 2799 454 et
2833 395 3076 452 facinora
3118 395 3348 468 prodere
3379 397 3768 465 conscientia,

461 487 604 563 gello
643 487 908 559 castigant
938 503 952 553 ;
987 483 1231 540 induunt
1270 501 1369 557 pro
1398 493 1548 542 veste
1576 485 1850 554 cilicium,
1876 493 1930 540 et
1959 502 2060 558 pro

459 581 757 656 unguentis
784 579 966 636 cinere
1013 593 1070 632 se
1116 587 1430 650 aspergunt,
1481 595 1544 635 ac
1593 579 1848 652 prostrati
1889 577 2062 634 humo

460 672 743 745 pulverem
771 667 1042 723 lambunt.
1066 667 1295 723 Mortem
1319 685 1472 724 suam
1498 667 1761 741 lacrymis
1782 668 2060 740 funerant,

460 768 514 817 et
538 759 707 816 vitam
739 757 1132 832 plangimoniis
1175 768 1582 832 prosequuntur
1613 777 1624 815 :
1658 767 1866 816 reatum
1899 775 2061 814 suum

459 849 754 924 gemitibus
801 848 1106 921 publicant,
1156 855 1210 904 et
1254 855 1476 906 actuum
1535 866 1762 905 suorum
1812 847 2062 921 pandunt

459 955 657 998 arcana
702 937 966 994 facinora.
1013 936 1208 993 Omnis
1255 944 1387 993 atas
1443 945 1495 992 et
1552 955 1718 994 sexus
1766 937 2064 994 indiscrete

459 1027 787 1103 lugubribus
815 1043 871 1084 se
890 1033 1040 1101 aptat
1065 1026 1261 1084 ofﬁciis
1292 1044 1304 1083 :
1341 1026 1623 1099 depositus
1647 1027 1829 1083 omnis
1857 1028 2063 1101 cultus,

460 1118 706 1192 dejectus
747 1126 972 1174 ornatus
1022 1133 1034 1172 :
1085 1115 1178 1172 sed
1229 1117 1390 1188 plane
1437 1116 1548 1172 illa
1595 1115 1782 1173 sordes
1815 1115 2061 1188 corporis

461 1216 783 1266 ornamenta
812 1206 1036 1264 fuerunt
1081 1207 1438 1280 paenitentia,
1481 1215 1535 1263 et
1567 1207 1746 1264 virtus
1783 1206 2063 1264 habitudi-

460 1297 549 1355 nis
577 1313 857 1355 summum
902 1296 1010 1352 fuit
1050 1294 1216 1353 decus
1254 1297 1635 1354 confessionis.
1683 1297 1887 1369 Negata
1916 1314 2064 1370 quo-

461 1401 567 1462 que
606 1393 735 1442 sunt
776 1384 910 1457 ipsis
946 1384 1209 1441 alimenta
1255 1385 1606 1456 lactentibus,
1656 1395 1709 1444 et
1755 1397 1887 1443 atas
1943 1403 2064 1444 nec-

461 1478 594 1536 dum
626 1475 864 1550 propriis
888 1475 1127 1550 peccatis
1156 1475 1360 1532 infecta
1380 1494 1545 1534 onera
1567 1478 1833 1534 sustinuit
1862 1478 2060 1533 aliena.

463 1567 662 1626 Cibum
707 1581 867 1622 suum
913 1573 1129 1621 mutum
1180 1582 1344 1640 pecus
1391 1565 1644 1633 esurivit,
1694 1574 1747 1620 et
1793 1565 2067 1626 naturalia

461 1657 662 1732 pabula
688 1657 914 1714 brutum
947 1655 1152 1712 animal
1182 1672 1292 1711 non
1313 1657 1542 1728 accepit.
1568 1657 1718 1712 Unus
1739 1655 2064 1712 audiebatur

461 1763 558 1821 per
587 1747 790 1803 mania
815 1746 1064 1803 civitatis
1093 1744 1329 1816 ejulatus
1373 1745 1677 1818 disparium
1718 1753 2061 1814 naturarum,
2093 1771 2140 1832 Β

463 1852 518 1900 et
548 1857 645 1914 per
673 1839 863 1896 omnia
890 1846 1036 1896 tecta
1064 1839 1219 1895 urbis
1248 1835 1458 1894 ﬂebilia
1496 1837 1824 1894 resonabant
1852 1838 2060 1893 lamen-

461 1939 518 1987 ta
551 1929 930 2003 plangentium
961 1946 975 1995 ;
1019 1935 1072 1984 et
1113 1936 1176 1984 ut
1214 1929 1382 1985 semel
1422 1927 1683 1996 dixerim,
1715 1934 1856 1983 terra
1889 1928 2060 1999 mugi-

461 2026 554 2076 tus
599 2018 986 2077 conﬁtentium
1025 2018 1352 2088 sustinebat,
1388 2017 1482 2076 sed
1526 2028 1579 2076 et
1607 2028 1752 2076 astra
1781 2018 1898 2091 ipsa
1928 2035 2061 2076 voce

463 2107 802 2182 panitentia
850 2107 1236 2180 personabant.
1287 2109 1580 2181 Impletum
1615 2115 1696 2164 est
1741 2108 1889 2182 quod
1929 2109 2060 2165 scri-

463 2204 620 2270 ptum
647 2203 728 2254 est
760 2214 773 2254 :
821 2220 840 2244 ε
866 2196 1055 2254 Oratio
1081 2195 1433 2253 humiliantis
1462 2214 1518 2254 se
1546 2198 1720 2255 nubes
1753 2200 2062 2271 penetravit

466 2289 658 2362 (Eccli.
690 2303 869 2354 xxxv,
899 2286 1015 2358 2i).
1047 2311 1066 2334 ι
1119 2287 1368 2360 Denique
1397 2287 1478 2344 sic
1519 2287 1757 2360 placavit
1786 2289 2059 2346 offensum

464 2379 662 2445 Deum,
693 2375 773 2433 sic
796 2373 987 2432 mitem
1017 2375 1149 2432 fecit
1171 2374 1434 2448 rigidum,
1456 2376 1534 2433 sic
1554 2376 1813 2433 demulsit
1834 2378 2057 2448 iratum,

464 2475 518 2524 et
536 2481 854 2522 mucronem
875 2463 1107 2520 ultionis
1129 2463 1186 2520 in
1210 2463 1372 2522 theca
1392 2464 1706 2523 recondidit
1739 2485 1752 2524 :
1784 2469 1914 2541 quia
1932 2485 2058 2525 con-

463 2556 696 2615 scientia
750 2554 816 2611 de
881 2570 938 2611 se
981 2553 1258 2627 judicium
1311 2554 1604 2626 judicavit.
1662 2557 1882 2629 Eripuit
1941 2576 2063 2616 reos

463 2663 638 2720 pana
688 2643 982 2710 confessio,
1012 2652 1068 2700 et
1101 2644 1360 2701 vindicta
1387 2643 1502 2716 jam
1533 2645 1746 2702 deditos
1779 2649 2063 2719 paeniten-

464 2736 542 2793 tia
596 2735 821 2792 sibimet
873 2734 1200 2792 vindicavit.
1264 2737 1512 2793 Deletum
1569 2746 1651 2794 est
1695 2739 1882 2796 statim
1933 2756 2060 2796 con-

464 2827 836 2885 demnationis
871 2828 1109 2900 elogium
1146 2828 1405 2902 lacrymis
1443 2831 1848 2902 conﬁtentium,
1879 2841 1932 2890 et
1970 2833 2062 2889 ah-

465 2917 635 2976 solvit
679 2917 951 2974 obnoxios
999 2934 1172 2990 pana
1217 2920 1532 2992 astipulatio
1573 2921 1821 2978 confessa
1862 2922 1930 2979 de
1958 2923 2061 2978 cri-

465 3007 634 3062 mine.
667 3006 824 3063 Vidit
876 3007 999 3078 pius
1036 3008 1182 3064 Deus
1228 3008 1418 3064 tulisse
1461 3009 1518 3064 in
1564 3026 1620 3066 se
1647 3008 1921 3081 judicium
1951 3028 2059 3084 pce-

464 3095 722 3163 nitentes,
755 3101 810 3150 et
838 3103 1014 3152 errata
1048 3113 1158 3152 sua
1192 3098 1542 3155 conscientiae
1583 3115 1646 3154 ea
1673 3100 2059 3171 astipulatione
2093 3139 2142 3202 C

465 3183 790 3240 damnantes
817 3185 1083 3242 continuo
1113 3184 1341 3242 donavit
1388 3192 1585 3256 venia,
1627 3205 1763 3262 quos
1807 3188 2060 3245 destina-

464 3281 621 3330 verat
667 3289 860 3346 pana,
900 3281 954 3330 et
1001 3275 1152 3332 illico
1179 3277 1420 3350 pepercit
1449 3277 1688 3347 aﬁlictis,
1731 3286 1792 3335 ut
1819 3280 2061 3352 exempti

467 3363 739 3436 supplicio
777 3365 929 3422 lucra
981 3364 1176 3423 ﬁerent
1231 3367 1471 3439 pietatis.
1530 3368 1825 3424 Probatum
1865 3377 1946 3424 est
1985 3376 2062 3424 te-

467 3455 790 3512 stimonium
822 3455 1142 3529 prophetia,
1193 3457 1339 3530 quod
1387 3458 1445 3512 in
1483 3458 1858 3530 superioribus
1900 3458 2062 3530 paulo

466 3550 593 3598 ante
627 3543 1002 3616 disposuimus
1034 3562 1046 3600 :
1102 3569 1121 3591 ι
1161 3545 1278 3616 Ego
1318 3561 1440 3600 sum
1470 3546 1565 3617 qui
1612 3545 1768 3602 deleo
1803 3545 2060 3620 iniquita-

472 3639 556 3688 tes
583 3640 727 3701 tuas,
758 3641 813 3688 et
850 3649 960 3687 non
992 3631 1396 3690 rememorabor
1429 3651 1440 3689 :
1474 3639 1536 3688 tu
1567 3641 1747 3688 autem
1779 3634 1892 3689 noli
1925 3633 2061 3689 obli-

466 3721 628 3790 visci,
671 3728 726 3776 et
765 3718 1099 3791 judicemur.
1140 3721 1242 3778 Dic
1289 3730 1372 3790 tu,
1418 3721 1618 3794 inquit,
1675 3722 1826 3794 prior
1862 3723 2066 3797 iniqui-

465 3817 606 3868 tates
621 3819 760 3878 tuas,
784 3815 846 3866 ut
859 3807 1334 3882 justiﬁceris(lsa.
1360 3827 1518 3880 mn,
1551 3811 1738 3883 25,26)
1774 3829 1787 3880 ',
1821 3836 1838 3860 ι
1883 3820 1938 3869 et
1965 3813 2062 3869 ite-

466 3917 589 3958 rum
624 3918 636 3955 :
680 3922 698 3949 ι
729 3898 866 3956 Cum
896 3915 1195 3956 conversus
1236 3900 1407 3957 fueris
1448 3909 1503 3957 et
1544 3901 1898 3974 ingemueris,
1931 3909 2064 3960 tunc

463 3987 766 4046 salvaberis
796 3987 930 4060 (Isa.
969 4004 1109 4056 xxx,
1141 3989 1230 4061 15)
1268 4007 1282 4058 ;
1315 4016 1333 4039 ι
1377 3998 1431 4046 et
1481 3989 1680 4046 iterum
1715 4008 1726 4046 :
1777 4017 1795 4039 ι
1825 3992 2062 4049 Conver-

463 4078 652 4136 timini
695 4077 764 4134 ad
805 4076 1105 4134 Dominum
1145 4080 1319 4135 Deum
1364 4087 1611 4136 vestrum
1654 4097 1668 4147 ;
1720 4081 1849 4153 quia
1903 4081 2061 4137 mise-

463 4168 636 4226 ricors
693 4173 748 4224 et
803 4166 927 4239 pius
984 4176 1085 4238 est,
1144 4169 1357 4240 patiens
1409 4176 1461 4224 et
1515 4170 1702 4228 multa
1755 4170 2065 4227 misericor.

461 4257 589 4326 dia,
644 4264 698 4314 et
749 4257 844 4329 qui
893 4258 1191 4314 sententias
1244 4257 1424 4315 ﬂectat
1472 4257 1764 4315 adversum
1823 4260 2062 4317 malitias

464 4346 728 4418 irrogatas
760 4346 916 4417 (Joel.
968 4363 1029 4415 ιι,
1073 4347 1160 4416 12,
1204 4347 1315 4418 13).
1348 4372 1366 4395 ι
1415 4347 1568 4404 Unde
1614 4355 1667 4404 et
1712 4347 2063 4407 beatissimus

463 4432 689 4492 David:
745 4457 764 4481 ε
811 4435 1123 4504 Peccatum,
1175 4435 1378 4509 inquit,
1428 4453 1609 4493 meum
1661 4453 1760 4509 ego
1807 4437 1966 4508 scivi,
2006 4448 2061 4495 et

2169 495 2234 542 ut
2277 487 2630 559 indulgentia
2660 505 2771 544 sua
2800 486 2947 543 dono
2969 485 3180 558 operiat
3213 486 3578 559 turpitudinis
3605 489 3766 546 nudi-

2169 588 2376 654 tatem._
2427 580 2714 648 Quomodo
2755 581 2879 636 vult
2918 579 3212 651 spoliatum
3266 578 3428 635 venia
3475 579 3764 638 dimittere

2170 669 2521 727 conﬁtentem
2549 671 2577 727 ?
2616 671 2694 726 De
2739 670 2941 725 talibus
2985 669 3254 742 Propheta
3300 668 3654 729 beatissimus
3682 689 3768 728 ce-

2170 758 2309 816 cinit
2331 758 2519 814 dicens
2549 775 2560 814 :
2609 781 2628 805 ι
2660 757 2810 814 Beati
2855 775 3088 830 quorum
3120 758 3360 815 remissa
3389 767 3518 816 sunt
3561 760 3768 835 iniqui-

2172 855 2330 916 tates,
2357 857 2409 904 et
2429 864 2664 922 quorum
2693 855 2833 905 tecta
2861 857 2991 905 sunt
3014 857 3229 920 peccata
3255 850 3438 917 (Psal.
3469 852 3751 922 ΗΜΛ).-

2172 938 2492 1009 Quanquam
2566 937 2672 994 hoc
2720 936 3030 995 evidentius
3109 938 3348 1009 pertinet
3398 937 3468 994 ad
3521 947 3767 1010 renatos,

2173 1042 2406 1098 quorum
2445 1033 2500 1082 et
2541 1025 2861 1100 iniquitates
2899 1035 2952 1082 et
2983 1025 3218 1082 crimina
3261 1025 3536 1099 baptismo
3587 1030 3766 1102 operi-

2173 1123 2343 1171 untur
2396 1123 2450 1171 et
2507 1123 2810 1187 teguntur;
2871 1114 3088 1172 ﬁdelem
3141 1115 3291 1171 enim
3348 1117 3523 1174 venia
3581 1117 3769 1175 locum

2172 1213 2320 1261 tenet
2367 1221 2479 1260 non
2511 1203 2682 1261 inﬁda
2725 1204 3018 1274 confessio,
3050 1212 3104 1260 et
3132 1206 3190 1261 in
3231 1213 3353 1262 tuto
3381 1213 3460 1261 est
3489 1205 3770 1278 paenitens

2173 1293 2528 1363 conscientia,
2565 1294 2610 1350 si
2661 1293 3018 1367 indulgentia:
3068 1295 3445 1352 remissionem
3493 1312 3606 1352 non
3673 1295 3770 1354 du.

2173 1385 2328 1441 bitet.
3135 1437 3140 1448 _

2245 1473 2472 1531 CAPUT
2501 1474 2621 1533 VII.
2672 1505 2743 1516 —
2771 1476 2844 1532 At
2872 1493 2901 1532 e
2927 1475 3206 1534 contrario
3247 1477 3484 1550 peccatis
3508 1479 3770 1537 cumulus

2172 1562 2423 1636 erigitur,
2469 1563 2515 1619 si
2560 1563 2708 1637 quod
2754 1565 3087 1633 admittitur,
3141 1565 3198 1622 id
3228 1576 3500 1639 negatur:
3536 1569 3687 1641 quod
3714 1570 3772 1626 in

2171 1649 2315 1708 facto
2362 1651 2498 1709 Cain
2543 1669 2708 1726 supra
2750 1657 3198 1727 memoravimus,
3247 1658 3340 1731 qui
3389 1659 3522 1716 dum
3556 1661 3773 1733 putavit

2172 1740 2401 1798 Auctori
2427 1759 2526 1798 suo
2572 1742 2786 1800 facinus
2837 1744 3124 1819 abnegare,
3153 1763 3211 1804 se
3239 1748 3420 1821 ipsum
3452 1767 3626 1822 pana
3658 1769 3770 1810 non

2170 1840 2251 1887 est
2298 1832 2557 1888 remissus
2609 1831 2850 1889 eximere
2887 1852 2900 1903 ;
2943 1842 3005 1890 ut
3052 1837 3391 1894 conscientia
3419 1837 3476 1894 in
3519 1840 3652 1897 facti
3679 1843 3768 1899 sui

2169 1921 2456 1979 atrocitate
2495 1922 2778 1996 publicum
2824 1925 3113 1982 frustraret
3148 1936 3203 1984 et
3230 1944 3300 1984 ex
3336 1929 3630 2001 negatione
3656 1930 3769 1988 fru-

2171 2021 2319 2069 ctum
2368 2013 2726 2086 poenitentia.
2773 2015 2988 2088 Negans
3020 2017 3170 2072 enim
3199 2026 3280 2074 est
3307 2019 3624 2090 convictus,
3657 2038 3769 2081 non

2169 2119 2238 2159 ex
2285 2103 2569 2159 voluntate
2621 2103 2925 2173 confessus,
2983 2114 3037 2162 et
3091 2106 3286 2178 punita
3333 2116 3414 2165 est
3457 2110 3516 2166 in
3566 2112 3769 2170 scelere

2169 2191 2532 2260 contumacia,
2574 2191 2703 2265 quia
2771 2192 3264 2268 interrogationem
3312 2215 3424 2254 non
3475 2199 3767 2259 subsecuta

2169 2292 2251 2341 est
2299 2283 2567 2342 conﬁtens
2617 2284 2959 2356 poenitentia.
3011 2287 3170 2344 Libet
3216 2289 3385 2361 igitur
3429 2290 3766 2363 pedetentim

2171 2372 2262 2432 hic
2309 2373 2462 2430 illius
2491 2374 2750 2430 vindicta
2780 2377 3190 2450 septemplicem
3222 2381 3432 2451 aperire
3468 2383 3765 2452 rationem,

2169 2473 2221 2520 et
2271 2479 2521 2536 quanam
2569 2480 2726 2520 causa
2781 2466 3020 2538 coegerit
3066 2474 3179 2524 tam
3225 2468 3420 2525 duram
3451 2476 3766 2532 coacervari

2170 2554 2519 2620 sententiam,
2539 2554 2815 2610 evidentis
2845 2555 2923 2612 rei
2961 2556 3288 2628 probatione
3320 2569 3669 2631 monstrare;
3706 2582 3770 2622 ne

2169 2642 2495 2699 enormitate
2543 2643 2802 2700 vindicta
2832 2653 3010 2718 pateat
3042 2646 3109 2702 ad
3139 2649 3506 2721 suspicionem
3552 2650 3771 2724 injusti-

2171 2732 2260 2788 tia
2291 2732 2382 2788 via
2427 2733 2719 2790 calumnia
2745 2751 2756 2788 :
2804 2751 3117 2809 quanquam
3145 2739 3278 2793 novi
3311 2741 3535 2795 sceleris
3566 2743 3775 2798 inven-

2169 2829 2288 2877 tum
2339 2820 2637 2878 vehemens
2682 2821 2877 2880 debeat
2925 2826 3177 2882 comitari
3227 2829 3587 2901 supplicium,
3623 2833 3775 2905 quod

2171 2910 2511 2982 longioribus
2534 2919 2673 2967 esset
2702 2912 2932 2984 posteris
2960 2913 3018 2968 in
3047 2917 3380 2989 exemplum.
3421 2919 3587 2976 Errat
3623 2922 3774 2977 enim

2170 2999 2262 3072 qui
2295 3007 2446 3071 putat
2476 3016 2586 3056 uno
2615 3001 2787 3057 teneri
2810 3001 3044 3059 crimine
3075 3005 3433 3076 parricidam,
3465 3026 3594 3066 cum
3626 3009 3767 3082 ejus-

2172 3088 2321 3144 modi
2368 3090 2588 3146 sceleris
2635 3091 2953 3149 testimonio
2999 3097 3305 3167 constipata
3331 3098 3444 3154 sint
3475 3102 3670 3157 omnia
3698 3102 3768 3157 fa-

2170 3179 2359 3235 cinora
2395 3196 2408 3233 :
2459 3180 2624 3236 audio
2668 3181 2816 3238 enim
2861 3183 3159 3240 Dominum
3199 3185 3403 3243 dixisse
3440 3205 3452 3243 :
3514 3215 3533 3236 ι
3564 3191 3768 3264 Diliges

2169 3278 2466 3333 Dominum
2499 3280 2672 3334 Deum
2702 3287 2859 3336 tuum
2887 3297 2955 3336 ex
2988 3291 3104 3339 toto
3133 3285 3296 3343 corde
3324 3295 3444 3356 tuo,
3474 3295 3532 3344 et
3560 3306 3628 3346 ex
3656 3299 3766 3347 tota

2171 3365 2376 3423 virtute
2404 3375 2495 3422 tua
2531 3383 2543 3422 :
2576 3375 2630 3424 et
2657 3368 2854 3442 diliges
2892 3372 3208 3443 proximum
3239 3383 3402 3432 tuum
3435 3385 3702 3452 tanquam
3717 3389 3765 3435 te

2171 3453 2350 3528 ipsum
2386 3457 2598 3526 (Matth.
2631 3474 2770 3528 XXII,
2805 3459 2892 3528 37,
2921 3461 3054 3533 39);
3087 3486 3104 3510 ι
3148 3465 3294 3522 unde
3335 3466 3394 3522 in
3424 3465 3514 3523 his
3544 3469 3761 3527 duobus

2172 3543 2444 3601 mandatis
2487 3553 2602 3602 tota
2643 3547 2733 3603 lex
2783 3548 2981 3620 pendet
3009 3561 3063 3609 et
3101 3554 3401 3627 propheta.
3455 3557 3597 3616 Cum
3628 3576 3756 3632 ergo

2170 3633 2385 3692 duobus
2427 3637 2513 3694 his
2541 3639 2824 3712 praceptis
2868 3642 3102 3714 pendeat
3129 3662 3292 3702 omne
3322 3647 3473 3721 quod
3499 3649 3639 3723 legis
3667 3660 3761 3718 est,

2174 3723 2497 3799 videamque
2527 3725 2661 3784 Cain
2693 3745 2793 3786 nec
2824 3731 2999 3787 Deum
3027 3731 3308 3804 dilexisse,
3339 3735 3500 3810 cujus
3521 3739 3760 3811 primum

2172 3812 2433 3870 fabricam
2457 3815 2689 3875 violavit
2717 3835 2728 3874 :
2763 3828 2817 3876 et
2844 3835 3164 3892 germanum
3186 3825 3541 3884 vehementer
3567 3829 3762 3899 odisse,

2172 3920 2333 3976 quem
2365 3905 2631 3965 instinctu
2651 3908 2950 3982 impietatis
2973 3913 3178 3971 occidit
3201 3932 3213 3970 :
3238 3928 3463 3991 apparet
3483 3919 3648 3976 illum
3678 3921 3762 3978 ad-

2171 3992 2321 4052 hunc
2353 4011 2555 4053 munus
2581 3999 2812 4057 solvisse
2828 4001 3107 4072 vindicta,
3134 4003 3192 4060 in
3218 4004 3376 4078 cujus
3396 4008 3545 4065 facto
3573 4018 3766 4068 cuncta

2173 4083 2535 4142 inveniuntur
2577 4087 2812 4146 crimina
2841 4093 3157 4150 convenire.
3188 4094 3261 4152 Et
3291 4093 3418 4167 jure
3451 4097 3511 4153 in
3544 4099 3645 4156 illo
3674 4117 3760 4157 ex-

2171 4183 2348 4230 ertum
2403 4175 2720 4248 septiforme
2765 4179 3122 4252 supplicium,
3153 4181 3211 4238 in
3245 4200 3353 4257 quo
3397 4187 3664 4244 universa
3694 4197 3764 4245 te-

2171 4261 2374 4318 nebant
2409 4264 2611 4320 scelera
2658 4265 3048 4340 principatum.
3089 4271 3162 4327 Et
3207 4277 3391 4328 tamen
3438 4277 3757 4347 specialiter

2171 4359 2375 4425 septem
2405 4351 2464 4408 in
2495 4353 2592 4408 illo
2633 4353 2984 4426 deprehendo
3031 4357 3256 4432 ﬂagitia,
3287 4361 3490 4433 quibus
3525 4365 3758 4438 singulis

2171 4441 2385 4514 singula
2411 4449 2542 4498 sunt
2569 4441 2826 4516 deputata
2854 4454 3170 4517 tormenta;
3200 4449 3440 4522 primum
3471 4454 3627 4512 enim
3658 4457 3757 4513 cri-

463 4520 813 4594 iniquitatem
855 4537 1030 4577 meam
1078 4503 1191 4579 non
1226 4503 1506 4596 cooperui.
1559 4503 1721 4588 594'
1744 4527 1896 4596 Dixi,
1931 4503 2057 4584 con-
2091 4503 2140 4560 Ῑ)
2170 4503 2292 4586 men
2331 4539 2431 4601 est,
2478 4533 2606 4606 quia
2635 4503 2747 4590 non
2795 4545 2938 4592 recte
3264 4539 3369 4597 hoc
3394 4549 3498 4610 est,
3537 4543 3608 4599 de
3637 4503 3757 4617 pri-

464 4615 663 4674 ﬁtebor
687 4616 976 4676 adversum
1005 4635 1093 4675 me
1124 4620 1454 4693 injustitiam
1505 4639 1682 4680 meam
1713 4625 1970 4694 Domino,
2005 4633 2060 4682 et

462 4711 529 4763 tu
570 4706 831 4764 remisisti
875 4707 1223 4782 iniquitatem
1272 4713 1480 4783 peccati
1529 4713 1637 4770 mei
1687 4714 1862 4786 (Psal.
1895 4731 2056 4783 XXXI,

463 4795 524 4868 ὕ)
567 4814 581 4864 ;
625 4819 644 4845 ι
703 4803 758 4853 et
803 4797 1002 4854 iterum
1041 4816 1053 4855 :
1115 4823 1134 4848 ι
1171 4800 1312 4867 Quia
1349 4800 1697 4876 iniquitatem
1747 4819 1922 4860 meam
1961 4819 2060 4876 ego

463 4884 600 4955 scio,
621 4892 676 4942 et
700 4895 981 4958 peccatum
1013 4905 1195 4944 meum
1223 4907 1406 4948 coram
1430 4909 1516 4949 me
1537 4900 1617 4949 est
1647 4910 1859 4968 semper
1881 4896 2053 4967 (Psal.

462 4990 516 5044 ι,
547 4974 628 5047 ὅ).
662 4999 681 5024 ι
725 4975 895 5033 Vides
927 4993 1054 5050 ergo
1083 4979 1408 5052 quotidiano
1438 4981 1497 5036 in
1541 4998 1597 5038 se
1645 4985 1889 5055 peccanti
1923 5001 2060 5055 opus

462 5077 578 5120 esse
602 5061 840 5136 judicio,
893 5083 1002 5139 quo
1048 5085 1174 5126 cum
1215 5069 1456 5126 nudatur
1497 5073 1851 5141 conscientia,
1885 5072 2059 5145 operi-

463 5158 554 5210 tur
572 5152 688 5226 (13)
714 5171 728 5222 ;
762 5163 960 5213 etcum
982 5156 1318 5232 publicatur,
1337 5161 1602 5232 operitur.
1624 5162 1697 5218 Et
1719 5162 1846 5219 licet
1865 5171 2056 5218 notum

462 5241 536 5298 sit
572 5245 686 5302 Deo
729 5263 892 5304 omne
939 5250 1086 5324 quod
1133 5249 1396 5323 gerimus,
1443 5267 1545 5310 nec
1588 5253 1895 5309 occultetur
1938 5269 2058 5308 sen-

463 5331 616 5392 sibus
644 5333 782 5408 ejus,
813 5343 1106 5413 antequam
1139 5339 1236 5398 ﬁat
1263 5359 1278 5409 ;
1311 5341 1527 5399 mavult
1553 5349 1736 5399 tamen
1765 5340 1948 5399 cordis
1974 5342 2057 5398 tui

537 5551 655 5631 (l3)
702 5553 784 5631 Ita
828 5553 1003 5631 codex
1034 5556 1188 5631 Rem.
1224 5575 1238 5626 ;
1270 5556 1402 5614 edit.
1449 5573 1580 5631 vero
1609 5557 1764 5626 Gill.,
1809 5575 1912 5631 quo
1941 5577 2057 5618 cum

462 5624 776 5681 conscientia
805 5628 1044 5697 operitur
1075 5645 1089 5695 ;
1122 5629 1180 5685 in
1209 5624 1404 5702 marg,
1437 5629 1576 5688 forte
1602 5624 1846 5704 aperitur
1877 5649 1891 5699 ;
1935 5650 2056 5706 qua

2167 4623 2380 4680 mitivis
2422 4633 2579 4681 terra
2627 4624 2900 4683 fructibus
2931 4628 3110 4700 primo
3157 4631 3420 4700 comedit,
3457 4643 3754 4710 antequam

2167 4712 2368 4768 obtulit
2400 4731 2412 4770 :
2445 4715 2745 4772 secundum
2780 4724 2882 4785 est,
2931 4718 3060 4790 quia
3087 4736 3214 4776 cum
3243 4723 3490 4779 muneris
3539 4726 3626 4781 sui
3665 4726 3758 4782 di-

2167 4819 2333 4873 gnum
2377 4801 2656 4860 videretur
2697 4806 2966 4878 accepisse
3003 4807 3314 4880 repudium,
3373 4820 3755 4872 contumacem

2165 4893 2416 4964 concepit
2444 4893 2697 4965 spiritum
2729 4913 2743 4962 ;
2773 4908 2826 4952 et
2871 4913 2999 4954 cum
3029 4899 3184 4954 nulla
3216 4898 3430 4972 reiecta
3459 4903 3760 4964 oblationis

2165 4982 2325 5053 culpa
2370 4982 2446 5054 pii
2498 4983 2683 5040 fratris
2723 4985 3030 5052 exsisteret,
3072 4988 3226 5060 quasi
3257 4989 3665 5050 vindicandum
3703 5011 3758 5051 se

2166 5069 2438 5127 infaustus
2482 5072 2718 5129 credidit
2768 5073 2834 5129 de
2881 5076 3141 5145 Auctore,
3171 5077 3220 5134 si
3261 5094 3361 5152 pro
3389 5078 3500 5140 hoc
3529 5083 3754 5141 fratrem

2165 5160 2276 5216 Deo
2306 5161 2591 5234 probatum
2642 5163 2921 5221 videretur
2948 5166 3196 5223 occidere
3224 5186 3237 5224 :
3290 5172 3520 5229 tertium
3551 5175 3756 5231 crimen

2164 5260 2263 5323 est,
2296 5254 2443 5327 quod
2481 5256 2706 5314 invidia
2736 5257 2863 5314 felle
2909 5259 3192 5330 suffectus,
3221 5270 3275 5318 et
3317 5263 3514 5321 livoris
3547 5267 3760 5324 amari-

2162 5343 2356 5400 tudine
2404 5352 2725 5416 venenatus,
2774 5346 3292 5409 innocentissimum
3315 5353 3524 5410 zelavit
3557 5363 3758 5414 trucu-

2162 5559 2477 5637 conjectura
2541 5560 2598 5618 in
2645 5561 2800 5622 Rom.
2854 5562 2988 5623 edit.
3042 5574 3256 5625 textum
3305 5568 3546 5631 admissa
3603 5575 3754 5634 fuit:

2163 5635 2313 5693 abest
2350 5644 2530 5694 autem
2561 5639 2723 5697 etiam
2753 5641 2820 5698 ab
2842 5641 3025 5717 1113ξώ
3053 5643 3312 5700 nudatur.
