4026 6172
243 320 376 381 1069

1358 321 1455 379 DE
1491 320 1954 397 PCENITENTIA
1991 322 2202 380 LIBER
2240 323 2439 381 UNUS.

3413 324 3549 387 1070

242 452 387 508 lenta
422 446 783 504 animositate
825 461 1185 520 germanum:
1242 455 1499 521 quartum
1544 457 1646 519 est,
1695 452 1844 524 quod
1874 453 1923 514 Α
1958 450 2157 508 fabula
2187 451 2408 509 eliceret
2437 452 2505 509 de
2533 450 2809 509 nesciente
2831 450 3125 524 judicium.
3156 452 3261 511 Sed
3289 454 3387 512 ubi
3414 473 3553 528 pro-
3599 498 3604 504 ι

244 538 369 596 dolo
394 535 599 594 fefellit
630 535 1101 594 obsecundantem
1141 536 1269 606 sibi,
1317 546 1381 594 ut
1422 538 1629 612 pariter
1660 540 1846 598 comi-

245 634 488 686 tarentur
514 626 575 683 in
607 641 890 697 campum,
940 642 1051 699 quo
1084 625 1269 699 justus
1300 626 1547 684 initiaret
1583 630 1687 686 sub
1724 631 1846 687 ovis

247 716 600 790 simplicitate
632 716 983 789 martyrium,
1027 717 1328 790 parricidio
1358 727 1559 775 terram
1593 721 1846 776 macula-

247 814 330 863 ret
370 804 652 878 injustas:
701 805 959 879 quintum
989 813 1091 875 est,
1144 807 1293 880 quod
1332 809 1556 865 fratrem
1604 808 1846 866 nefarius

247 894 590 953 crudelitatis
617 903 809 952 auctor
836 894 1043 952 occidit
1068 914 1082 964 ;
1116 904 1362 967 sextum,
1393 897 1540 971 quod
1569 915 1695 955 cum
1720 916 1847 956 sce-

248 987 336 1044 lus
361 986 662 1061 perﬁceret,
711 986 938 1059 insuper
966 994 1021 1043 et
1058 987 1301 1060 negavit,
1345 995 1400 1043 et
1426 988 1642 1060 putavit
1670 990 1844 1045 Deum

246 1076 481 1148 alicujus
522 1074 653 1133 facti
687 1075 965 1149 ignarum,
1013 1092 1178 1149 quem
1217 1076 1566 1133 conscientia
1605 1095 1714 1135 sua
1750 1096 1848 1136 se-

247 1173 455 1223 cretum
499 1166 759 1222 multasse
802 1174 1179 1238 persenserat;
1233 1183 1359 1224 cum
1407 1176 1725 1241 competens
1767 1187 1848 1226 re-

246 1254 463 1312 tulisset
500 1257 558 1312 in
589 1254 891 1311 oblationis
928 1271 1041 1311 sua
1074 1256 1459 1328 reprobatione
1507 1258 1841 1331 repudium:

244 1344 537 1418 septimum
586 1344 800 1402 crimen
826 1353 929 1414 est,
990 1343 1137 1419 quod
1180 1354 1301 1419 post
1342 1354 1575 1404 mortem
1632 1365 1688 1405 se
1734 1365 1846 1405 non

243 1435 481 1494 credidit
535 1434 790 1508 proditus
819 1479 835 1505 ,
920 1435 1222 1509 parricidio
1284 1436 1469 1510 puniri
1502 1481 1518 1507 ,
1593 1454 1721 1495 cum
1776 1438 1846 1495 ob

243 1522 527 1580 infamiam
559 1523 815 1580 criminis
847 1523 1114 1596 publicati
1136 1525 1204 1581 ad
1225 1542 1463 1599 prasens
1491 1534 1711 1600 tempus
1730 1543 1847 1584 esse

243 1613 545 1687 postulavit
579 1613 783 1671 occidi.
836 1613 1032 1670 Merito
1079 1629 1209 1687 ergo
1252 1615 1311 1671 in
1355 1616 1489 1673 Cain
1531 1617 1844 1691 septuplum

242 1702 595 1760 vindicatum
615 1709 718 1770 est,
751 1702 809 1758 in
841 1718 952 1775 quo
986 1703 1218 1760 totidem
1250 1713 1552 1778 prarogata
1577 1713 1709 1761 sunt
1737 1714 1844 1763 tor-

1954 547 2119 620 pheta
2152 548 2298 620 quod
2328 558 2707 622 proposuerat,
2736 549 3024 622 explicuit,
3058 552 3163 609 fert
3191 552 3285 607 ille
3314 567 3551 607 commo-

1957 644 2044 693 tus
2074 637 2471 710 indesignatam
2522 640 2579 695 in
2607 657 2664 697 se
2710 640 2813 696 sub
2845 640 3077 697 veritate
3124 641 3470 709 sententiam,
3501 648 3556 696 et

1955 728 2290 801 disceptator
2341 729 2565 802 ignarus
2612 731 2669 787 in
2719 747 2774 787 se
2819 733 2996 805 ipsum
3051 735 3225 790 exerit
3262 735 3561 789 ultionem.

1955 818 2123 873 Porro
2153 818 2245 873 ubi
2280 829 2593 890 praeventus
2621 821 2896 893 cognitor,
2916 825 3140 895 proprio
3170 840 3225 880 se
3256 823 3397 879 vidit
3423 839 3557 895 per-

1955 905 2151 978 stringi
2198 912 2343 970 595
2384 907 2621 979 judicio,
2666 916 2720 965 et
2762 927 2914 966 reum
2965 928 3020 967 se
3064 912 3169 969 sibi
3213 912 3559 969 examinator

1950 1002 2290 1075 justissimus
2347 1009 2697 1080 approbavit,
2759 1030 2857 1069 nec
2901 1030 3120 1086 poenam
3162 1014 3331 1070 sensit
3384 1013 3556 1069 vitare

1956 1110 2112 1166 posse
2135 1093 2357 1167 judicii,
2391 1100 2450 1154 in
2482 1117 2591 1173 quo
2616 1100 2791 1173 judex
2822 1104 2937 1175 ipse
2967 1105 3318 1161 detinebatur
3355 1103 3558 1161 condi-

1954 1184 2109 1241 tione
2138 1185 2380 1244 damnati
2404 1208 2416 1257 ;
2442 1191 2638 1264 arripit
2660 1193 3086 1252 saluberrimum
3118 1196 3175 1251 in
3204 1204 3355 1252 tanta
3373 1211 3556 1251 rerum

1959 1276 2284 1332 necessitate
2312 1280 2609 1337 consilium
2640 1300 2652 1337 ε
2688 1291 2738 1339 et
2771 1300 2896 1339 cum
2927 1302 3038 1341 non
3075 1294 3257 1357 posset
3288 1285 3356 1341 ad
3379 1284 3558 1356 justi-

1956 1363 2086 1419 tiam
2113 1363 2313 1436 judicii
2347 1384 2666 1439 provocare,
2690 1373 2941 1444 confugit
2971 1372 3038 1429 ad
3069 1373 3420 1429 secretarium
3452 1388 3556 1444 pce-

1957 1452 2228 1510 nitentia.
2253 1454 2540 1513 Peccatum
2564 1476 2724 1515 suum
2758 1461 3035 1533 proditum
3068 1463 3251 1529 scivit,
3281 1469 3334 1518 et
3360 1460 3559 1534 iniqui-

1957 1549 2124 1598 tatem
2158 1560 2312 1599 suam
2366 1548 2523 1601 nulla
2557 1549 2863 1621 negationis
2900 1551 3045 1607 nube
3074 1550 3322 1608 contexit
3360 1569 3371 1606 :
3415 1549 3562 1606 dixit

1955 1632 2247 1689 adversum
2288 1651 2345 1691 se
2370 1637 2624 1708 protinus
2663 1641 3063 1711 testimonium,
3097 1650 3150 1698 et
3177 1659 3310 1698 voce
3338 1641 3561 1698 confes-

1957 1721 2133 1778 sionis
2167 1724 2386 1793 emissa,
2435 1727 2620 1781 statim
2660 1727 2889 1800 adeptus
2932 1738 3014 1787 est
3053 1730 3270 1787 veniam
3301 1740 3562 1803 peccato-

242 1799 448 1894 ωθιιιξιν
479 1800 620 1865 quot
658 1790 1042 1894 crimina-Fui
1073 1792 1844 1894 ιδηιεείξιίιίοιεξθειξρξριαεεε»
1877 1818 1925 1879 Β
1957 1829 2078 1868 rum
2111 1831 2123 1869 ε
2174 1838 2192 1861 ι
2221 1790 2452 1871 Peccavi
2483 1817 2654 1884 enim,
2703 1790 2886 1891 inquit
2914 1820 3027 1889 hic,
3058 1790 3417 1891 Domino‘m
3435 1824 3557 1894 Reg.

242 1888 460 1955 quanta
488 1890 858 1938 numerantur
885 1889 940 1938 et
965 1897 1145 1938 causa
1172 1900 1186 1950 ;
1235 1888 1300 1938 ut
1328 1899 1429 1939 nec
1449 1881 1671 1955 justitia
1715 1899 1846 1939 mo-

240 1970 373 2028 dum
420 1968 661 2025 ultionis
699 1968 1010 2037 excederet,
1059 1984 1162 2026 nec
1207 1985 1500 2028 numerum
1547 1972 1846 2029 criminum

238 2058 487 2116 vindicta
516 2065 836 2130 competens
860 2057 1185 2131 praeteriret.
1215 2058 1372 2127 Quod
1406 2059 1615 2117 idcirco
1644 2061 1845 2118 iterum

239 2147 419 2223 posui,
446 2162 519 2204 ne
549 2146 842 2204 insinuata
880 2147 1246 2220 expositionis
1276 2149 1580 2221 prateriret
1610 2150 1844 2207 occasio.

310 2256 546 2315 CAPUT
580 2256 726 2314 VIII.
758 2286 830 2298 —
855 2256 1077 2315 Iamdiu
1111 2274 1197 2314 me
1225 2275 1257 2315 a
1285 2262 1566 2334 proposito
1595 2261 1845 2319 inchoati

241 2344 418 2420 operis
442 2345 630 2403 sentio
657 2345 928 2415 deviasse,
987 2354 1041 2403 et
1084 2347 1143 2403 in
1171 2349 1336 2405 aliam
1382 2349 1674 2407 detorsisse
1711 2368 1850 2425 par-

240 2446 348 2495 tem
373 2453 605 2495 cursum
651 2439 886 2495 celerem
930 2439 1229 2496 dictionis:
1280 2440 1375 2497 sed
1428 2441 1607 2497 facilis
1657 2450 1738 2498 est
1778 2439 1847 2497 ad

241 2528 443 2587 omissa
469 2531 739 2600 recursio,
791 2537 845 2587 et
886 2530 999 2588 cito
1039 2530 1307 2603 repetitur
1335 2539 1536 2588 trames
1558 2533 1847 2590 declinata

235 2621 508 2689 materia,
560 2636 687 2677 cum
726 2636 758 2676 a
798 2619 1003 2677 ﬁnibus
1031 2619 1151 2692 ejus
1180 2620 1478 2693 intexjecta
1508 2621 1849 2694 probationis

231 2725 341 2765 non
371 2709 665 2766 exorbitat
696 2719 1103 2783 argumentum.
1167 2734 1187 2758 ι
1234 2711 1525 2769 Peccatum
1556 2727 1704 2784 ergo,
1751 2712 1849 2768 in-

231 2800 367 2872 quit,
395 2814 600 2855 meum
633 2798 795 2867 scivi,
835 2808 889 2856 et
912 2800 1263 2874 iniquitatem
1295 2817 1469 2856 meam
1500 2818 1613 2857 non
1642 2817 1849 2873 coope-

230 2888 336 2945 rui.
367 2889 539 2957 Dixi,
559 2888 868 2945 conﬁtebor
896 2889 1187 2946 adversum
1211 2906 1297 2945 me
1318 2890 1646 2962 injustitiam
1669 2906 1847 2945 meam

232 2980 508 3048 Domino,
559 2985 615 3034 et
657 2986 720 3034 tu
768 2978 1032 3035 remisisti
1082 2978 1429 3052 iniquitatem
1478 2978 1687 3051 peccati
1739 2979 1848 3035 mei

233 3070 400 3144 (Psal.
432 3086 614 3139 xxxx,
646 3069 745 3142 5);
789 3094 808 3116 υ
879 3075 933 3125 et
965 3069 1164 3124 iterum
1197 3087 1209 3125 :
1279 3092 1297 3116 ι
1327 3069 1468 3137 Quia
1496 3069 1845 3143 iniquitatem

1956 1902 2210 1974 xxx,i3).»
2229 1904 2408 1959 Atille
2429 1906 2699 1978 propheta
2719 1923 2830 1963 non
2852 1908 3183 1981 interposuit
3201 1910 3564 1967 absolutionis

1958 2006 2160 2059 moras,
2188 2008 2302 2047 non
2330 1993 2584 2050 eﬁ‘ectum
2615 1995 2836 2051 distulit
2862 1998 3181 2055 remittendi
3209 2017 3219 2053 :
3255 2007 3475 2071 repente
3502 2007 3565 2055 ut

1958 2079 2345 2137 manifestatus
2371 2100 2498 2138 reus
2517 2085 2920 2141 confessionem
2951 2087 3125 2152 dedit,
3166 2086 3563 2159 indulgentiam

1956 2168 2255 2227 criminum
2280 2188 2351 2227 ex
2373 2174 2469 2228 Dei
2494 2176 2780 2231 voluntate
2798 2175 3390 2248 deprompsit,dicens:
3419 2201 3436 2225 ι
3459 2179 3562 2234 Do-

1958 2258 2145 2316 minus
2167 2260 2397 2317 abstulit
2414 2271 2698 2335 peccatum
2715 2272 2872 2321 tuum
2900 2265 3044 2337 (Ibid
3054 2265 3113 2336 ,).
3132 2290 3150 2312 ι
3169 2265 3459 2340 Impletum
3483 2273 3565 2323 est

1957 2347 2119 2414 illud,
2152 2350 2298 2423 quod
2330 2350 2387 2406 in
2425 2353 2636 2424 psalmo
2665 2352 2909 2409 cantavit
2938 2352 3125 2410 dicens
3162 2371 3173 2409 :
3222 2378 3241 2401 ι
3273 2355 3563 2412 Peccatum

1958 2455 2142 2495 meum
2190 2441 2353 2510 scivi,
2403 2452 2457 2498 et
2508 2442 2855 2515 iniquitatem
2906 2461 3079 2501 meam
3129 2461 3239 2501 non
3282 2444 3560 2518 coOperui.

1956 2528 2109 2596 Dixi,
2147 2530 2452 2586 conﬁtebor
2479 2532 2774 2588 adversum
2805 2550 2891 2589 me
2919 2533 3199 2604 injustiam
3235 2550 3408 2589 meam
3444 2536 3564 2589 Do-

1961 2616 2135 2685 mino,
2168 2626 2222 2674 et
2254 2627 2313 2674 tu
2343 2620 2605 2675 remisisti
2635 2621 2983 2693 iniquitatem
3018 2621 3223 2693 peccati
3254 2622 3359 2677 mei
3384 2622 3559 2694 (Psal.

1960 2721 2119 2774 xxxx,
2148 2708 2233 2777 5).
2271 2733 2289 2756 ι

2008 2794 2263 2852 ἘΑΡυΤ
2288 2797 2387 2852 IX.
2406 2827 2476 2838 —
2500 2797 2668 2853 Aliud
2697 2813 2914 2871 quoque
2942 2796 2999 2853 in
3031 2804 3219 2854 sancto
3248 2798 3424 2856 David
3453 2815 3562 2872 poe-

1959 2882 2211 2939 nitentia
2267 2887 2576 2957 aperiamus
2606 2888 2960 2959 exemplum;
3013 2888 3088 2944 ita
3134 2887 3282 2943 enim
3330 2904 3427 2943 rex
3470 2887 3564 2946 hic

1959 2971 2208 3043 egregius
2254 2973 2383 3029 vita
2426 2972 2715 3032 imitabilis
2762 2975 3019 3033 instituto
3060 2976 3200 3048 (14),
3252 2976 3461 3033 divinis
3505 2992 3562 3033 se

1959 3060 2204 3117 cultibus
2229 3060 2379 3118 ﬁdeli
2411 3063 2641 3120 servitio
2671 3064 3076 3137 mancipaverat
3101 3084 3114 3130 ;
3138 3074 3201 3122 ut
3229 3066 3563 3139 relinqueret
3621 3080 3625 3084 '

231 3177 405 3217 meam
435 3176 555 3233 ego
582 3159 724 3227 scio,
769 3167 823 3216 et
869 3165 1156 3231 peccatum
1190 3175 1373 3215 meum
1403 3175 1587 3215 coram
1629 3174 1715 3214 me
1763 3165 1848 3215 est
1884 3181 1928 3242 Ο
1964 3148 2126 3205 nobis
2146 3165 2371 3205 suorum
2398 3168 2613 3208 morum
2636 3169 2748 3209 non
2768 3155 3039 3227 exempla,
3065 3154 3159 3211 sed
3181 3165 3557 3212 monumenta.

234 3265 444 3322 semper
492 3248 667 3320 (Psal.
693 3265 746 3316 ι,
769 3248 852 3317 5).
876 3270 895 3297 ι
925 3248 1043 3303 Hoc
1070 3263 1183 3303 non
1212 3248 1390 3304 solum
1421 3248 1606 3304 verbis
1632 3247 1843 3318 docuit,

236 3339 329 3397 sed
356 3345 412 3394 et
441 3336 616 3394 factis
647 3336 940 3408 implevit;
967 3336 1099 3408 quia
1128 3352 1240 3392 non
1265 3336 1470 3393 suﬂicit
1495 3335 1562 3392 ad
1594 3352 1846 3392 consum-

239 3428 547 3485 mationem
587 3424 871 3498 sapientia
897 3425 1163 3498 spiritalis
1202 3426 1385 3483 verbis
1414 3426 1671 3499 praeferre
1721 3425 1847 3482 vir-

240 3526 436 3590 tutem,
491 3517 599 3574 nisi
628 3516 885 3573 doctrina
912 3522 1141 3573 ornetur
1168 3534 1238 3575 ex
1268 3518 1466 3585 rebus;
1525 3524 1658 3573 tunc
1698 3516 1847 3573 enim

241 3606 470 3666 demum
500 3606 768 3664 tribuitur
802 3614 1121 3680 competens
1164 3607 1466 3667 auctoritas
1506 3605 1844 3679 magisterio,

242 3697 289 3755 si
318 3696 546 3771 proprio
584 3696 853 3755 innititur
880 3697 1156 3768 exemplo.
1203 3697 1453 3772 Denique
1481 3695 1757 3752 Dominus
1787 3695 1846 3751 in

241 3784 588 3860 Evangelia:
654 3811 673 3834 ι
702 3785 810 3854 Qui
843 3785 1056 3855 fecerit,
1101 3785 1307 3860 inquit,
1361 3792 1415 3842 et
1453 3784 1534 3842 sic
1569 3783 1844 3853 docuerit,

241 3874 524 3930 maximus
573 3874 866 3930 vocabitur
909 3874 968 3931 in
1008 3891 1177 3949 regno
1218 3874 1487 3932 calorum
1538 3873 1750 3945 (Matth.
1785 3889 1842 3941 ν,

241 3965 367 4032 19);
400 3986 421 4008 ι
460 3968 522 4016 ut
540 3969 595 4016 et
618 3963 766 4019 facto
780 3963 1033 4019 doctrina
1055 3964 1325 4030 ﬁrmetur,
1344 3971 1398 4019 et
1420 3964 1689 4018 factorum
1708 3961 1844 4018 ﬁdes

238 4067 312 4109 ex
342 4048 601 4105 doctrina
628 4048 863 4119 accipiat
891 4048 1292 4106 testimonium.
1318 4051 1583 4125 Alioquin
1607 4069 1720 4107 non
1740 4052 1846 4108 erit

237 4139 396 4199 nixis
420 4136 638 4194 viribus
666 4136 895 4193 fundata
922 4137 1196 4206 doctrina,
1224 4153 1346 4211 qua
1377 4139 1672 4195 verborum
1699 4140 1846 4211 pha-

239 4229 374 4288 leris
415 4225 590 4300 gloria
618 4222 845 4281 virtutis
887 4223 1174 4293 abutitur;
1224 4226 1332 4281 erit
1376 4228 1523 4283 enim
1572 4228 1844 4285 facundia

240 4317 493 4390 locuples
524 4315 733 4389 lingua,
778 4330 890 4370 non
920 4313 1027 4371 erit
1055 4314 1218 4386 plena
1244 4317 1426 4388 operis
1454 4317 1676 4373 divitiis
1701 4335 1846 4375 con-

240 4404 498 4475 scientia,
542 4414 598 4462 et
646 4402 962 4478 privabitur
998 4402 1198 4460 merito
1237 4420 1358 4470 suo,
1410 4405 1506 4478 qui
1554 4406 1843 4480 privilegio

240 4496 452 4553 fruitur
468 4493 984 4551 alieno.Videamus
1015 4508 1146 4566 ergo
1177 4493 1311 4566 quid
1341 4495 1586 4566 gesserit,
1621 4496 1714 4569 qui
1738 4497 1844 4553 ista

239 4584 507 4644 cantavit.
538 4583 660 4640 Uno
688 4582 861 4655 igitur
892 4589 1137 4654 tempore
1166 4581 1277 4638 duo
1308 4583 1420 4656 regi
1452 4592 1673 4656 peccata
1699 4585 1840 4641 sub-

242 4681 549 4749 repserant,
592 4680 648 4730 et
672 4674 977 4746 pellexerat
1011 4672 1408 4746 principem-in
1436 4673 1701 4732 facinoris
1726 4693 1840 4748 per-

242 4763 610 4838 petrationem
644 4762 800 4835 regni
830 4761 1087 4828 licentia;
1133 4778 1262 4819 cum
1290 4762 1439 4819 enim
1472 4764 1593 4820 vult
1619 4763 1842 4821 adulte-

244 4854 391 4911 rium
416 4850 719 4924 cooperire,
770 4851 981 4907 crimen
1014 4849 1218 4907 indicit
1245 4850 1556 4910 homicidii.
1608 4853 1842 4912 Perfecit

242 4951 429 5001 tamen
459 4949 759 5013 utrumque
788 4955 902 4995 non
929 4939 1197 4996 violentia
1224 4940 1359 5012 regii
1386 4942 1710 5011 stemmatis,
1742 4960 1843 5001 nec

242 5032 552 5090 ambitione
580 5030 898 5103 potestatis;
954 5030 1087 5103 quia
1124 5030 1256 5087 licet
1289 5030 1357 5088 de
1388 5032 1580 5089 incesti
1619 5033 1843 5091 licentia

243 5121 600 5181 descenderet
626 5120 988 5188 adulterium,
1027 5126 1215 5177 tamen
1257 5136 1369 5176 non
1410 5136 1480 5177 ex
1508 5120 1638 5178 odio
1665 5122 1843 5181 fuerat

243 5208 616 5268 homicidium
652 5214 1046 5281 perpetratum.
1098 5207 1338 5265 Mittitur
1372 5225 1500 5282 ergo
1537 5226 1569 5266 a
1604 5211 1841 5267 Domino

246 5298 537 5373 propheta,
585 5297 683 5371 qui
711 5297 859 5371 apud
889 5313 1018 5354 eum
1047 5311 1243 5353 causas
1267 5296 1527 5355 adulterii
1553 5306 1609 5354 et
1636 5299 1838 5356 cadem

248 5395 530 5460 peroraret
557 5386 747 5456 occisi,
798 5394 854 5444 et
892 5384 995 5444 sub
1024 5385 1263 5459 quodam
1302 5386 1486 5445 colore
1522 5389 1840 5463 composita

324 5612 443 5687 (14)
484 5614 635 5672 Edit.
667 5621 722 5671 et
746 5610 905 5687 Sorb.
938 5628 1064 5687 ms.,
1094 5611 1214 5668 vita
1241 5610 1517 5672 imitabilis
1543 5612 1842 5680 institutor;

258 5683 454 5743 melius
484 5688 638 5745 Rem.
671 5684 821 5755 cod.,
850 5692 915 5742 ut
943 5683 1001 5741 in
1029 5690 1206 5741 textu.

1962 3238 2167 3296 Contra
2189 3240 2543 3297 interdictum
2562 3258 2799 3315 namque
2823 3245 3089 3315 populum
3111 3246 3387 3301 numerari
3410 3260 3561 3301 man-

1957 3326 2204 3397 daverat,
2233 3337 2288 3385 et
2316 3331 2567 3387 voluerat
2602 3348 2763 3389 nosse
2788 3332 2974 3389 cuncti
3022 3335 3296 3391 exercitus
3330 3336 3559 3408 quanti-

1958 3423 2149 3475 tatem.
2180 3417 2627 3475 Obsecundatum
2649 3427 2730 3476 est
2750 3422 3025 3479 voluntati
3049 3425 3238 3495 regali,
3275 3432 3328 3481 et
3356 3441 3560 3482 renun-

1956 3506 2093 3564 tiata
2120 3514 2201 3563 est
2227 3507 2397 3565 totius
2426 3508 2663 3582 agminis
2695 3510 3041 3569 dinumerata
3083 3513 3357 3582 collectio,
3398 3522 3559 3588 atque

1957 3595 2170 3669 inclyte
2199 3599 2367 3670 capit
2394 3599 2554 3668 scire,
2591 3600 2739 3674 quod
2770 3604 2961 3659 nocuit
2995 3623 3006 3659 :
3053 3602 3371 3660 felicitatem
3394 3619 3557 3660 suam

1956 3687 2317 3759 popularibus
2339 3690 2543 3745 extulit
2566 3690 2939 3760 incrementis,
2960 3699 3013 3747 et
3034 3691 3185 3750 lucra
3207 3693 3560 3766 multiplicati
3618 3702 3621 3705 ‘

1956 3777 2232 3832 exercitus
2273 3777 2420 3833 inter
2448 3778 2777 3851 principalia
2806 3780 3003 3853 gaudia
3047 3782 3380 3838 numeravit.
3431 3782 3559 3838 Mox

1957 3863 2025 3920 ad
2054 3881 2179 3921 eum
2203 3866 2347 3921 alius
2366 3868 2634 3939 propheta
2662 3868 2942 3941 dirigitur,
2975 3877 3030 3924 et
3054 3887 3165 3925 non
3196 3872 3266 3938 ei,
3291 3880 3351 3926 ut
3379 3872 3559 3942 primo

1954 3962 2137 4009 actum
2167 3961 2271 4020 est,
2302 3954 2582 4010 subtiliter
2606 3958 2813 4027 peccati
2843 3973 3007 4014 causa
3034 3957 3430 4028 praetenditur:
3462 3958 3558 4013 sed

1950 4040 2064 4114 jam
2095 4059 2195 4114 pro
2222 4043 2368 4099 facto
2402 4044 2731 4115 proponitur
2760 4047 2991 4118 panalis
3021 4048 3216 4102 electio
3249 4047 3400 4118 (t5):
3439 4072 3457 4093 ‹
3486 4048 3558 4102 Et

1954 4132 2160 4188 factum
2200 4141 2282 4188 est
2312 4134 2540 4189 verbum
2570 4135 2793 4192 Domini
2824 4136 2890 4191 ad
2928 4136 3046 4192 Gad
3086 4135 3428 4208 prophetam,
3460 4136 3556 4192 di-

1953 4239 2083 4280 cens
2115 4241 2127 4279 :
2160 4223 2314 4281 Vade
2342 4224 2411 4280 ad
2441 4225 2640 4291 David,
2672 4233 2726 4282 et
2752 4228 3003 4299 loquere:
3034 4226 3159 4282 Hac
3189 4225 3325 4282 dicit
3356 4227 3557 4282 Domi-

1954 4330 2080 4380 nus,
2110 4314 2217 4371 tria
2246 4330 2345 4385 ego
2365 4315 2503 4371 tollo
2533 4315 2590 4370 in
2621 4322 2692 4381 te,
2724 4316 2862 4387 elige
2892 4314 2993 4371 tibi
3023 4331 3194 4371 unum
3225 4332 3293 4371 ex
3324 4314 3478 4388 ipsis,
3501 4323 3555 4373 et

1952 4404 2148 4460 faciam
2184 4403 2309 4459 tibi.
2344 4405 2412 4460 Et
2444 4405 2595 4460 venit
2621 4404 2736 4460 Gad
2768 4405 2836 4461 ad
2867 4406 3066 4473 David,
3095 4415 3148 4463 et
3177 4407 3456 4463 nuntiavit
3479 4408 3550 4477 ei,

1951 4492 2179 4550 dicens:
2215 4493 2370 4564 Elige
2399 4493 2502 4549 tibi
2529 4494 2664 4566 quid
2694 4493 2811 4549 ﬁeri
2844 4495 2983 4551 velis
3012 4510 3040 4550 e
3087 4494 3287 4563 tribus,
3331 4495 3448 4551 sive
3477 4496 3552 4552 fa-

1950 4598 2094 4638 mem
2135 4582 2378 4639 triennio
2424 4599 2588 4656 super
2628 4592 2848 4649 terram,
2897 4592 2992 4640 aut
3045 4584 3222 4640 tribus
3276 4585 3554 4641 mensibus

1953 4672 2138 4744 fugere
2169 4680 2220 4728 te
2249 4688 2280 4727 a
2306 4672 2446 4730 facie
2479 4672 2831 4730 inimicorum
2865 4681 3109 4742 tuorum,
3137 4681 3200 4729 ut
3228 4673 3329 4745 ipsi
3362 4690 3555 4745 perse-

1953 4770 2192 4834 quantur
2225 4769 2298 4829 te,
2330 4771 2426 4819 aut
2454 4762 2633 4818 tribus
2662 4762 2856 4818 diebus
2881 4762 2999 4818 ﬁeri
3023 4770 3253 4819 mortem
3288 4763 3344 4818 in
3376 4771 3548 4832 terra;

1952 4859 2006 4907 et
2034 4868 2184 4908 nunc
2211 4853 2354 4909 scito
2383 4860 2438 4908 et
2477 4853 2605 4909 vide
2633 4852 2768 4926 quid
2808 4852 3163 4924 respondeam
3194 4853 3243 4909 ei
3273 4854 3369 4926 qui
3401 4852 3552 4909 misit

1951 4940 2019 4996 ad
2049 4948 2103 4996 te
2138 4940 2368 4997 verbum
2402 4943 2493 5013 (II
2516 4944 2640 5013 Reg.
2664 4959 2822 5010 xxxv,
2849 4942 3096 5013 11-13).»
3131 4944 3393 5009 Quanam
3424 4956 3551 5009 ergo

1951 5037 2032 5086 est
2061 5047 2211 5087 nunc
2238 5031 2294 5086 in
2324 5031 2512 5086 animo
2539 5031 2659 5103 ejus
2687 5041 2898 5088 versata
2927 5049 3103 5104 pugna
3122 5031 3390 5089 consilii}
3418 5030 3549 5097 Qua

1950 5122 2304 5193 cogitationis
2335 5122 2445 5178 fuit
2470 5123 2529 5178 in
2555 5123 2823 5179 electione
2858 5122 3141 5179 turbatio?
3180 5122 3321 5177 Ilinc
3348 5118 3549 5174 inimi-

1950 5227 2147 5267 corum
2176 5219 2374 5280 metus,
2411 5199 2543 5268 hinc
2572 5213 2734 5269 famis
2768 5213 3013 5279 vastitas,
3045 5212 3172 5267 inde
3197 5210 3402 5266 divina
3432 5207 3549 5262 δηί-

1950 5300 2356 5357 madversionis
2412 5303 2569 5375 plaga
2612 5303 2868 5359 terrebat.
2923 5301 3077 5359 Nihil
3128 5299 3326 5354 horum
3376 5294 3549 5351 vellet

1949 5388 2217 5461 incidere,
2261 5390 2357 5447 sed
2386 5391 2591 5448 oﬁ'ensa
2628 5408 2739 5449 non
2767 5397 2979 5464 poterat
3020 5387 3196 5444 inulta
3244 5398 3543 5442 remanere.

2022 5614 2140 5687 (15)
2173 5613 2359 5673 Codex
2380 5616 2536 5674 Rom.
2559 5624 2611 5672 et
2638 5613 2816 5682 Sorb.,
2842 5610 3069 5684 punitur
3088 5607 3317 5683 pwnalis
3335 5606 3542 5673 electio;
3576 5612 3581 5617 ’

1949 5687 2149 5744 melius
2179 5687 2339 5756 edit.,
2375 5694 2721 5760 proponitur,
2747 5691 2851 5741 etc.
3034 5709 3039 5713 ·
3086 5710 3087 5713 η
