4026 6172
474 282 607 340 1071

1476 281 1572 336 AD
1611 280 1845 339 OPERA
1881 280 1938 337 S.
1978 280 2311 340 AMBROSII
2347 281 2726 338 APPENDIX.

3628 279 3758 336 1072

468 408 617 468 Inter
645 404 790 476 ipsas
822 410 1036 460 tantum
1081 402 1366 459 electionis
1406 405 1706 474 angustias,
1753 421 1877 460 cum
1910 406 2059 460 utri-
2093 408 2141 468 A
2167 414 2371 480 quanto
2405 413 2748 480 peccatorum
2779 404 3011 462 sarcinis
3053 420 3110 460 es
3147 411 3436 472 oneratus;
3485 413 3548 460 ut
3597 405 3751 478 quod

465 512 638 568 usque
666 495 897 567 periculi
931 494 1228 549 vallaretur
1268 493 1523 563 artiCulo,
1575 495 1931 567 praecedentis
1970 513 2058 551 ve-

464 586 572 643 nia:
601 584 796 641 doctus
815 583 1088 656 exemplo,
1112 582 1294 639 acrius
1322 583 1476 655 eligit
1501 584 1556 639 in
1581 583 1698 655 ipsa
1718 585 2059 641 volutatione

464 675 796 749 supplicium
829 674 850 743 (
860 673 973 744 17),
1003 681 1057 728 et
1083 672 1320 730 contulit
1351 690 1406 729 se
1429 673 1498 729 ad
1522 674 1782 746 majorem
1817 691 2057 747 poenam,

463 777 526 824 ut
553 773 739 838 posset
766 779 1061 837 provocare
1090 763 1458 820 clementiam.
1486 765 1714 821 Lenitur
1734 765 1879 820 enim
1913 765 2060 837 rigor

457 855 710 930 justitize,
759 872 886 913 cum
932 855 1000 911 de
1032 854 1382 911 miseratione
1430 856 1801 926 praesumitur,
1833 863 1888 910 et
1915 853 2059 928 apud

463 946 956 1008 clementissimum
983 945 1229 1018 judicem
1266 945 1443 1017 prima
1487 944 1705 1017 pietatis
1747 962 1909 1002 causa
1938 954 2060 1002 tra-

462 1047 674 1106 ctatur;
695 1035 790 1110 qui
819 1035 966 1092 enim
989 1044 1167 1092 errata
1190 1033 1583 1093 conﬁtentibus
1607 1034 1794 1104 donat,
1817 1036 2057 1108 pervica-

462 1146 552 1186 ces
597 1144 708 1184 non
738 1125 806 1183 de
846 1125 1134 1181 voluntate
1177 1125 1526 1183 condemnat.
1575 1127 1647 1182 Et
1673 1125 1796 1183 ideo
1828 1145 1924 1184 rex
1957 1129 2058 1184 iste

462 1217 696 1276 devotus
726 1233 852 1274 cum
881 1203 1297 1272 deliberationis
1327 1215 1557 1274 ﬂuctuat
1584 1223 1926 1288 tempestate,
1947 1234 2058 1273 non

462 1305 678 1364 dimisit
713 1304 1010 1361 anchoram
1061 1306 1436 1378 pmnitentize;
1482 1315 1536 1363 et
1575 1306 1718 1363 ﬁdus
1747 1305 1814 1362 de
1861 1307 2060 1380 pietate

464 1394 740 1463 terrentis,
764 1393 1197 1467 magnitudinem
1229 1413 1340 1452 non
1360 1398 1762 1469 contemplatus
1789 1407 1870 1456 est
1897 1399 2059 1456 ultio-

463 1484 551 1541 nis
585 1503 597 1540 :
659 1509 676 1532 ι
706 1484 775 1540 Ει
805 1483 970 1552 dixit,
1018 1483 1220 1557 inquit,
1267 1487 1446 1542 David
1479 1487 1547 1542 ad
1577 1487 1692 1544 Gad
1723 1508 1734 1544 :
1779 1489 2060 1562 Angustias

464 1573 602 1630 mihi
634 1574 794 1631 valde
822 1573 881 1630 in
913 1573 983 1630 iis
1011 1573 1208 1644 tribus,
1259 1575 1355 1632 sed
1387 1577 1584 1633 melius
1634 1577 1775 1633 mihi
1818 1578 2061 1635 incidere

461 1667 520 1722 in
579 1683 775 1722 manus
815 1665 1080 1732 Domini;
1131 1665 1259 1738 quia
1314 1682 1507 1738 magna
1553 1676 1634 1723 est
1685 1668 2062 1724 misericordia

2168 511 2262 565 per
2289 494 2586 550 amicitiam
2619 510 2728 549 non
2758 510 2815 549 es
2841 492 3043 566 dignus
3071 492 3308 565 exigere,
3348 509 3443 565 per
3467 493 3758 565 impuden-

2167 583 2299 638 tiam
2329 584 2510 639 valeas
2537 581 2802 639 obtinere.
2834 581 3008 638 Audis
3033 581 3183 638 enim
3212 581 3270 638 in
3305 582 3608 655 Evangelia
3636 585 3761 640 Do-

2169 672 2382 727 minum
2403 672 2769 745 dixissequia,
2791 695 2808 719 ι
2829 671 2918 728 cui
2935 673 3200 744 pusillum
3225 671 3548 742 dimittitur,
3571 674 3758 731 minus

2168 760 2352 832 diligit
2381 763 2532 831 (Luc.
2571 779 2672 830 vn,
2702 761 2817 834 47).
2845 787 2861 810 ι
2894 760 3106 818 Deinde
3135 761 3367 833 impium
3401 761 3536 818 facis
3555 763 3757 833 Deum,

2167 851 2213 906 si
2248 857 2408 922 putas
2435 866 2560 906 eum
2593 850 2880 923 repudiare
2911 867 3257 920 conversum,
3285 861 3339 908 et
3364 853 3619 910 affectum
3651 871 3760 910 ne-

2169 956 2291 1012 gare
2321 939 2571 996 redeunti
2595 941 2734 1013 (18),
2762 958 2793 997 a
2823 958 2931 1015 quo
2960 942 3098 998 scias
3127 942 3370 1014 perditos
3391 943 3592 1002 affectu
3613 962 3758 1002 com-

2169 1028 2539 1087 miserationis
2568 1029 2796 1104 inquiri.
2829 1032 2946 1089 Hoc
2973 1033 3268 1106 Apostolus
3302 1033 3496 1106 probat
3523 1035 3718 1093 dicens
3745 1056 3757 1093 :

2171 1139 2199 1171 «
2232 1119 2302 1174 Et
2329 1119 2376 1175 si
2406 1137 2508 1176 nos
2534 1119 2784 1177 inﬁdeles
2812 1122 3209 1192 exstiterimus,
3233 1124 3347 1195 ipse
3375 1123 3556 1181 ﬁdelis
3586 1142 3764 1198 perse-

2167 1208 2402 1279 verabit,
2434 1225 2629 1283 negare
2660 1227 2715 1267 se
2745 1209 2925 1284 ipsum
2956 1228 3066 1269 non
3095 1221 3274 1285 potest
3295 1213 3386 1285 (II
3415 1215 3548 1272 Tim.
3586 1233 3647 1284 ιι,
3674 1217 3758 1286 12,

2171 1297 2284 1369 13).
2308 1323 2326 1347 ι
2354 1298 2440 1354 An
2472 1300 2650 1356 nescis
2665 1301 2857 1357 novies
2887 1309 3154 1359 tentatum
3178 1303 3235 1360 in
3256 1319 3440 1360 eremo
3459 1305 3759 1362 Dominum

2169 1385 2447 1444 distulisse
2487 1387 2814 1459 vindictam,
2843 1391 3079 1464 necipsa
3096 1392 3310 1450 decima
3329 1395 3654 1452 tentationis
3684 1396 3761 1452 vi-

2169 1493 2229 1533 ce
2256 1476 2515 1534 damnare
2542 1479 2785 1550 potuisse
2816 1481 3102 1550 duritiam,
3129 1482 3176 1538 si
3206 1483 3499 1556 praeteritis
3521 1486 3642 1556 (19)
3668 1503 3760 1542 no-

2171 1583 2294 1623 vem
2315 1569 2514 1640 culpis,
2534 1569 2732 1642 egisset
2752 1572 2988 1645 populus
3009 1572 3410 1645 pmnitentiam,
3438 1573 3558 1647 ipso
3579 1575 3760 1633 dicen-

2170 1663 2253 1712 te:
2289 1658 2467 1714 «Ecce
2488 1656 2604 1730 jam
2637 1659 2818 1717 decies
2845 1661 3178 1718 exacerbant
3207 1678 3292 1717 me
3322 1662 3383 1718 in
3409 1661 3627 1720 deserto
3657 1663 3761 1722 hoc

462 1754 580 1827 ejus
599 1753 779 1822 valde,
802 1769 964 1826 quam
999 1753 1055 1808 in
1087 1768 1284 1808 manus
1309 1752 1599 1809 hominum
1631 1754 1871 1812 incidam
1896 1757 2058 1828 (Ibid.
2092 1773 2138 1834 Β
2171 1745 2357 1817 (Nam.
2390 1765 2508 1817 XIV,
2544 1748 2636 1821 27)
2657 1749 2684 1806 Ῠ
2709 1774 2728 1797 ι
2791 1750 2931 1823 Lege
2961 1751 3163 1808 librum
3190 1751 3470 1821 Iudicum,
3514 1760 3570 1808 et
3597 1755 3761 1810 inve-

464 1843 577 1915 14).
609 1867 628 1890 ι
672 1841 934 1914 Sequitur
963 1840 1116 1897 illico
1163 1841 1410 1898 vindicta
1455 1859 1780 1900 consensum
1817 1847 1956 1918 (17),
2008 1855 2062 1903 et

462 1932 785 1988 electionem
835 1929 1160 2003 placabilem
1203 1931 1486 2003 placabilis
1529 1950 1688 2020 poena
1715 1937 2054 1993 comitatur:

460 2021 524 2078 ﬁt
570 2029 776 2093 strages
822 2019 1113 2076 innumera
1164 2019 1594 2094 peremptorum,
1656 2034 1708 2082 et
1759 2025 2059 2084 multitudo

461 2110 651 2186 populi
681 2109 928 2184 angelica
967 2112 1320 2184 percussione
1352 2121 1640 2172 mactatur.
1669 2115 2061 2175 Percutiuntur

458 2199 805 2273 septuaginta
832 2198 1012 2257 millia
1039 2199 1106 2256 de
1136 2202 1405 2270 exercitu,
1446 2211 1501 2259 et
1528 2203 1777 2260 acerbius
1808 2221 2058 2279 perurge-

459 2295 552 2351 bat
580 2294 796 2350 dulcem
825 2293 1073 2349 animum
1119 2293 1450 2350 miserabilis
1498 2295 1660 2351 ruina
1704 2305 2006 2354 castrorum
2040 2317 2052 2355 :

459 2389 652 2461 objicit
699 2404 755 2445 se
802 2395 1084 2444 auctorem
1125 2387 1257 2445 facti
1310 2390 1420 2445 telo
1451 2389 1730 2462 supplicii,
1775 2401 1828 2448 et
1875 2392 2058 2449 induit

457 2487 650 2536 contra
687 2477 1006 2535 saevientem
1047 2478 1280 2549 justitiae
1329 2479 1655 2537 machaeram
1693 2482 2056 2540 confessionis

459 2569 714 2638 loricam,
757 2569 1100 2642 puniendum
1130 2586 1187 2626 se
1215 2571 1388 2642 magis
1417 2571 1630 2628 instans
1657 2572 1802 2628 inter
1831 2573 2054 2646 punitos

455 2659 749 2729 exclamat,
779 2667 832 2715 et
852 2668 1004 2733 optat
1035 2659 1093 2716 in
1113 2676 1170 2716 se
1189 2659 1429 2716 derivari
1463 2663 1810 2731 sententiam,
1842 2671 1902 2718 ut
1932 2681 2050 2736 pos-

453 2749 527 2806 sit
554 2766 586 2804 a
630 2749 833 2822 populo
863 2765 1118 2807 revocare
1149 2750 1443 2808 fracturam
1475 2769 1494 2807 :
1555 2777 1573 2799 ι
1602 2753 1744 2809 Ecce
1778 2771 1898 2810 sum
1929 2769 2046 2825 ego,

454 2837 659 2911 inquit,
690 2854 789 2910 ego
816 2848 1000 2911 pastor
1029 2840 1273 2912 peccavi,
1327 2848 1381 2896 et
1409 2858 1506 2912 ego
1545 2841 1687 2897 male
1715 2842 1819 2898 feci
1855 2860 1866 2898 :
1918 2859 2049 2914 grex

450 2934 634 2982 autem
663 2925 756 2983 hic
777 2927 912 2999 quid
931 2927 1064 2984 fecit
1081 2928 1109 2984 ?
1131 2929 1193 2984 In
1215 2945 1302 2984 me
1332 2946 1554 2985 manum
1583 2939 1734 2986 tuam
1765 2941 2045 3002 converte,

451 3022 506 3070 et
533 3014 759 3070 domum
793 3016 964 3087 patris
995 3015 1102 3072 mei
1137 3018 1225 3088 (ΙΙ
1245 3019 1372 3088 ‘Reg.
1405 3035 1564 3088 xxxv,
1601 3020 1711 3090 17).
1746 3045 1764 3070 ι
1796 3021 1938 3077 Ecce
1966 3038 2045 3077 sa-

2168 1835 2285 1891 nies
2322 1835 2628 1894 innumeris
2661 1839 2880 1897 vicibus
2919 1841 3064 1898 ﬁlios
3103 1841 3268 1898 Israel
3299 1857 3484 1898 coram
3523 1843 3758 1900 Domino

2169 1925 2360 1984 fecisse
2397 1928 2656 2002 maligna,
2696 1939 2750 1988 et
2792 1931 3027 1988 traditos
3072 1931 3391 1988 incursibus
3433 1932 3753 1991 nationum:

2167 2015 2261 2073 sed
2293 2017 2494 2074 iterum
2526 2036 2854 2077 conversum
2885 2022 3148 2095 populum
3172 2038 3268 2094 per
3287 2023 3490 2079 electos
3506 2023 3676 2080 duces
3693 2023 3759 2081 de

2167 2108 2580 2181 captivitatibus
2597 2112 2766 2170 variis
2778 2112 3092 2184 liberatum,
3109 2131 3210 2172 nec
3229 2114 3504 2172 vindicari
3519 2116 3758 2189 potuisse

2167 2198 2475 2268 commissa,
2519 2199 2566 2256 si
2614 2200 2780 2258 toties
2823 2203 3032 2260 factum
3074 2213 3396 2277 sequeretur
3441 2214 3757 2278 competens

2166 2288 2520 2363 paenitentia:
2601 2297 2746 2355 596
2819 2293 2950 2366 quia
3004 2293 3132 2350 licet
3209 2294 3444 2366 poenalis
3487 2297 3758 2354 correctio

2165 2405 2277 2446 non
2321 2390 2551 2460 deesset,
2606 2406 2720 2446 non
2776 2398 2892 2446 erat
2938 2398 3122 2447 tamen
3172 2391 3504 2464 perditionis
3558 2393 3756 2450 abscis-

2163 2480 2245 2535 sio
2283 2480 2423 2552 (20),
2475 2479 2570 2536 sed
2593 2479 2972 2536 conversionis
3001 2481 3198 2538 oratio.
3253 2481 3392 2540 Cum
3421 2485 3574 2540 enim
3598 2483 3756 2541 casti-

2163 2578 2316 2643 gatus
2343 2571 2494 2628 ﬁlius
2531 2571 2798 2644 recipitur
2837 2571 2896 2627 in
2937 2571 3218 2642 affectum,
3241 2572 3592 2630 admonitum
3629 2590 3755 2631 eum

2159 2669 2374 2718 constat
2417 2661 2486 2718 ad
2523 2661 2917 2719 satisfactionis
2972 2662 3237 2732 officium,
3287 2680 3399 2721 non
3444 2665 3754 2738 punitum:

2159 2765 2259 2807 nec
2301 2750 2414 2806 odii
2463 2751 2685 2808 videtur
2723 2768 2840 2808 esse
2867 2752 3155 2821 correctio,
3205 2752 3299 2810 sed
3332 2755 3572 2822 amoris;
3625 2772 3757 2812 cum

2157 2854 2377 2894 reverso
2437 2838 2739 2896 identidem
2790 2849 2912 2913 post
2963 2841 3241 2914 flagellum
3313 2859 3423 2899 non
3481 2852 3758 2916 negantur

2151 2926 2278 3000 jura
2303 2929 2542 3001 pietatis.
2593 2931 2841 3003 Denique
2862 2931 2989 2988 audi
3021 2933 3321 2988 Dominum
3371 2949 3468 3006 per
3505 2935 3757 3008 prophe-

2154 3025 2267 3074 tam
2307 3019 2679 3093 increpantem
2723 3020 3043 3093 hujusmodi
3094 3022 3322 3080 verbere
3368 3023 3749 3098 fornicariam,

450 3104 783 3161 tisfactionis
813 3105 993 3161 ofﬁcio
1021 3122 1180 3178 poena
1211 3108 1548 3179 percellitur,
1571 3117 1623 3164 et
1645 3109 1702 3164 in
1730 3110 1900 3166 armis
1919 3127 2044 3168 con-
2075 3141 2124 3204 Ο
2155 3118 2206 3164 et
2238 3109 2511 3180 probrossi
2542 3110 2805 3180 deditam,
2847 3111 3301 3185 inquinatamque
3326 3115 3599 3186 contagiis
3645 3133 3754 3172 vo—

455 3193 712 3250 fessionis
757 3193 1066 3266 indignatio
1115 3205 1530 3268 propugnatur;
1583 3207 1645 3254 ut
1689 3216 1790 3256 nec
1831 3199 1889 3254 in
1919 3217 2044 3256 eum

451 3283 685 3340 ulterius
709 3283 957 3342 vindicta
979 3285 1314 3358 procederet,
1347 3295 1400 3343 et
1423 3303 1548 3360 erga
1575 3289 1841 3360 populum
1874 3305 2048 3361 quas-

448 3371 588 3428 satio
619 3373 834 3430 coelitus
866 3375 1036 3431 eﬁ‘usa
1067 3376 1390 3449 quiesceret.
1447 3377 1566 3433 Uno
1610 3386 1735 3434 actu
1765 3379 2050 3450 poeniten—

447 3460 538 3517 tia:
567 3472 622 3520 et
650 3463 755 3519 sibi
787 3475 1059 3522 mercatus
1087 3476 1168 3523 est
1215 3468 1493 3539 pietatem,
1543 3475 1598 3524 et
1626 3485 1657 3523 a
1685 3470 1890 3540 populo
1919 3486 2048 3525 sus-

446 3551 640 3622 pendit
671 3553 924 3623 protinus
969 3555 1259 3624 ultionem,
1299 3563 1362 3612 ut
1391 3557 1586 3613 merito
1630 3557 1806 3614 veniae
1846 3559 2048 3616 condo-

447 3645 611 3693 natus
629 3641 936 3698 cantaverit
956 3641 1144 3698 dicens
1167 3662 1178 3699 :
1215 3669 1233 3692 ι
1256 3645 1407 3712 Dixi,
1430 3645 1734 3702 conﬁtebor
1755 3647 2045 3705 adversum

447 3742 536 3782 me
563 3725 911 3800 iniquitatem
954 3746 1133 3786 meam
1159 3732 1418 3801 Domino,
1457 3741 1509 3788 et
1541 3742 1600 3790 tu
1635 3735 1896 3791 remisisti
1933 3737 2047 3792 im-

451 3819 706 3890 pietatem
756 3821 964 3894 peccati
1005 3823 1112 3878 mei
1145 3824 1318 3892 (Psal.
1352 3841 1514 3894 XXXI,
1543 3825 1640 3896 5);
1676 3852 1695 3874 ι
1750 3827 1878 3900 quia
1919 3844 2046 3886 cum

450 3909 728 3968 assisteret
748 3911 849 3968 sub
871 3912 1252 3986 desperatione
1281 3915 1546 3983 convicti,
1576 3916 1776 3989 dignus
1806 3922 2044 3990 reputari

450 4001 653 4058 meruit
701 4003 934 4076 expiari.
994 4005 1099 4061 Sed
1142 4007 1343 4078 premit
1385 4015 1438 4063 te
1480 4015 1701 4064 tuorum
1748 4011 2046 4068 enormitas

447 4098 834 4164 peccatorum;
889 4101 943 4150 et
971 4110 1159 4150 eorum
1197 4095 1410 4152 ditione
1438 4097 1709 4169 captivus,
1756 4099 1814 4154 in
1843 4101 2042 4157 cmlum

448 4183 638 4238 oculos
666 4199 778 4239 non
808 4183 976 4241 audes
1005 4185 1274 4242 attollere.
1298 4187 1477 4242 Probo
1507 4188 1729 4261 quidem
1763 4191 2041 4248 conscien-

447 4270 538 4326 tiae
566 4279 796 4341 metum,
828 4289 940 4329 non
971 4273 1136 4330 laudo
1162 4274 1457 4331 consilium
1482 4294 1495 4341 ;
1528 4277 1622 4334 sed
1644 4279 1789 4335 malo
1808 4286 1862 4335 te
1880 4297 2044 4353 super

447 4358 806 4431 indulgentiae
833 4362 1223 4420 consecutione
1250 4373 1588 4437 suspectum,
1615 4382 1728 4424 non
1754 4366 1822 4424 de
1850 4369 2043 4426 salutis

446 4449 788 4519 reparatione
818 4449 1037 4522 penitus
1066 4452 1434 4524 desperatum.

517 4535 744 4592 CAPUT
775 4537 846 4594 X.
879 4568 951 4580 —
975 4539 1144 4596 Tenet
1173 4542 1322 4598 enim
1357 4543 1650 4616 quamdam
1681 4545 2043 4604 confessionis

446 4632 654 4699 partem
685 4627 1033 4699 supplicandi
1075 4630 1348 4701 confusio,
1397 4649 1517 4705 quae
1564 4651 1786 4690 suorum
1816 4637 2035 4694 conscia

442 4724 790 4787 peccatorum
817 4732 928 4774 non
959 4717 1026 4775 de
1054 4719 1313 4778 Auctoris
1331 4722 1657 4780 remissione
1685 4724 1920 4796 dubitat,
1938 4727 2034 4784 sed

441 4803 510 4861 de
530 4805 906 4878 magnitudine
935 4806 1022 4863 sui
1047 4809 1270 4866 sceleris
1297 4810 1604 4882 erubescit;
1646 4822 1856 4871 reatum
1884 4817 2030 4874 enim

440 4893 726 4966 agnovisse
753 4895 1116 4954 confessionis
1143 4898 1369 4956 initium
1395 4909 1496 4970 est,
1545 4911 1600 4958 et
1624 4904 1940 4975 proximum
1968 4905 2031 4960 ﬁt

440 4983 638 5053 veniae,
671 4983 820 5060 quod
865 4985 1114 5044 stimulat
1141 4990 1445 5060 pmnitudo.
1495 4990 1600 5048 Sed
1630 5000 1774 5048 retro
1804 4994 1915 5065 agit
1944 5010 2031 5050 me

437 5089 706 5145 meorum,
758 5075 993 5149 inquies,
1050 5078 1388 5136 abundantia
1455 5090 1822 5153 peccatorum.
1884 5083 2028 5150 Quin

434 5167 549 5225 imo
573 5175 726 5226 tanto
746 5169 918 5243 magis
942 5170 1311 5229 insistendum
1341 5181 1423 5230 est
1441 5175 1804 5233 confessionis
1823 5175 2027 5246 ofﬁcio,

504 5349 621 5433 (1(5)
647 5351 732 5432 ita
760 5351 936 5433 codex
982 5353 1138 5410 Rem.
1169 5352 1302 5433 edit.
1335 5369 1488 5423 vero,
1531 5354 1588 5409 in
1620 5354 1734 5426 ipsa
1763 5357 2029 5413 voluntate

427 5423 744 5492 supplicium
770 5439 782 5477 :
816 5423 1002 5478 minus
1029 5424 1320 5482 concinne.

501 5493 619 5564 (17)
645 5493 796 5568 Edit.
827 5502 882 5550 et
909 5511 1011 5550 ms.
1035 5495 1216 5564 Sorb.,
1241 5497 1472 5552 vindicta
1492 5496 1783 5568 confessum
1807 5517 1820 5567 ;
1853 5501 2027 5558 codex

424 5561 606 5629 Rem.,
634 5565 870 5620 vindicta
898 5561 1222 5622 consensum}

496 5633 614 5705 (18)
658 5635 816 5694 Rom.
851 5636 984 5696 edit.
1017 5639 1154 5705 sola,
1192 5644 1240 5694 et
1268 5639 1498 5710 effectum
1527 5658 1718 5714 negare
1763 5643 2021 5702 redeunti.

2159 3199 2324 3254 luisse
2352 3199 2458 3255 sibi
2483 3199 2612 3272 jure
2639 3201 3021 3258 conversionis
3058 3203 3355 3259 asciscere:
3421 3228 3441 3252 ι
3484 3204 3560 3260 Et
3606 3204 3753 3275 dixi,

2158 3287 2360 3359 inquit,
2410 3298 2697 3362 postquam
2729 3289 3000 3346 fornicata
3035 3307 3091 3346 es
3131 3291 3248 3349 hac
3283 3293 3489 3362 omnia,
3552 3295 3622 3352 ad
3670 3314 3755 3354 me

2158 3384 2468 3446 revertere;
2527 3388 2582 3436 et
2641 3395 2754 3436 non
2810 3396 2868 3436 es
2922 3395 3139 3436 reversa
3193 3381 3564 3456 incomposita
3613 3385 3754 3442 Juda

2160 3467 2376 3538 (Jerem.
2410 3483 2494 3536 ιιι,
2521 3469 2594 3540 7).
2627 3492 2646 3517 ι
2700 3467 2858 3536 Quod
2888 3469 3033 3526 idem
3063 3471 3335 3532 Dominus
3359 3472 3419 3528 in
3447 3474 3752 3548 Evangelia

2158 3557 2490 3625 manifestat,
2531 3575 2658 3615 cum
2706 3558 2993 3615 induratos
3023 3560 3271 3632 increpat
3314 3561 3544 3619 dicens:
3610 3590 3630 3613 ε
3670 3565 3752 3621 ιθ

2157 3646 2414 3715 rusalem,
2464 3647 2787 3716 Jerusalem,
2840 3664 2960 3721 quae
3010 3649 3277 3706 interﬁcis
3324 3651 3646 3724 prophetas,
3700 3663 3751 3711 et

2158 3734 2366 3806 lapides
2423 3736 2620 3792 missos
2673 3735 2742 3790 ad
2794 3744 2884 3804 te;
2941 3738 3157 3809 quoties
3213 3738 3366 3794 volui
3419 3756 3750 3814 congregare

2155 3824 2301 3880 ﬁlios
2329 3831 2472 3892 tuos,
2519 3825 2662 3882 sicut
2693 3824 2897 3896 gallina
2931 3835 3224 3900 congregat
3257 3829 3440 3900 pullos
3481 3846 3613 3886 suos
3651 3830 3752 3886 sub

2153 3913 2266 3970 alas
2293 3930 2436 3981 suas,
2461 3921 2515 3970 et
2538 3914 2765 3971 noluisti
2801 3914 3013 3986 (Matth.
3047 3932 3210 3984 xxm,
3235 3917 3326 3988 37)
3352 3919 3380 3975 ?
3398 3943 3417 3967 ›
3454 3920 3747 3990 Ultimum,

2153 4004 2334 4074 crede,
2366 4003 2495 4060 vita;
2531 4011 2732 4060 nostrae
2757 4013 2944 4060 actum
2971 4006 3244 4062 Dominus
3272 4018 3575 4081 exspectat,
3610 4020 3666 4068 et
3692 4011 3749 4066 in

2153 4111 2261 4168 quo
2290 4111 2391 4150 nos
2417 4095 2600 4152 exitus
2629 4094 2815 4151 ﬁnalis
2841 4096 3138 4166 invenerit,
3172 4098 3232 4154 in
3258 4115 3323 4156 eo
3346 4099 3662 4172 judicabit;
3705 4104 3748 4159 si

2151 4184 2362 4240 scilicet
2391 4184 2797 4256 multiplicibus
2826 4195 3014 4258 septus
3041 4189 3257 4257 erratis,
3301 4189 3750 4248 circumvolvent

2152 4289 2315 4345 supra
2351 4282 2514 4346 caput
2551 4281 2712 4330 tuum
2753 4275 2964 4332 umbrae
3003 4275 3338 4345 facinorum,
3384 4279 3581 4336 oculos
3623 4287 3748 4337 tuos

2152 4363 2417 4418 scelerum
2448 4363 2624 4435 caligo
2661 4364 2996 4436 pernubilet,
3041 4375 3095 4423 et
3127 4367 3335 4439 peccati
3359 4367 3563 4439 jugum
3595 4379 3744 4426 tuam

2150 4451 2420 4508 cervicem
2465 4451 2741 4518 incurvet,
2785 4459 2948 4527 atque
2991 4453 3139 4509 intra
3180 4455 3538 4512 conscientiae
3587 4473 3744 4529 pene-

2152 4541 2288 4597 trale
2317 4539 2653 4612 ﬂagitiorum
2693 4541 2956 4614 probrum
2985 4542 3220 4600 subinde
3258 4545 3466 4601 vulnus
3509 4547 3744 4604 exulce—

2148 4638 2265 4686 ret:
2315 4631 2361 4686 si
2400 4631 2641 4688 animam
2676 4639 2827 4688 tuam
2862 4649 2973 4688 non
3007 4633 3067 4689 in
3110 4633 3514 4706 desperationis
3570 4635 3742 4709 proje-

2143 4721 2282 4775 ceris
2309 4720 2604 4790 vilitatem,
2646 4738 2771 4778 cum
2801 4738 2973 4778 unum
3012 4723 3494 4782 circumcordialis
3541 4727 3738 4782 secreti

2142 4808 2400 4865 effuderis
2455 4811 2513 4866 in
2569 4811 2912 4868 confessione
2952 4827 3288 4883 sermonem,
3340 4829 3453 4870 non
3518 4815 3739 4887 negabit

2142 4901 2445 4959 remedium
2493 4904 2688 4972 veniae,
2737 4903 2833 4976 qui
2889 4904 3044 4961 venit
3091 4905 3304 4962 animas
3349 4907 3586 4974 salvare,
3629 4923 3739 4963 non

2140 4996 2400 5067 perdere;
2445 4999 2575 5071 quia
2605 5015 2716 5054 non
2745 4999 2867 5055 vult
2894 5009 3129 5058 mortem
3157 5001 3469 5070 morientis,
3511 5017 3737 5058 conver-

2140 5101 2260 5140 sum
2303 5088 2494 5157 procul
2528 5087 2696 5144 dubio
2739 5089 2932 5146 suadet
2969 5088 3039 5146 ad
3083 5090 3278 5160 vitam,
3330 5091 3454 5164 ipso
3495 5091 3737 5148 Domino

2139 5175 2383 5236 dicente:
2447 5204 2466 5227 ι
2509 5181 2686 5238 Filius
2712 5179 2955 5238 hominis
2985 5199 3098 5239 non
3129 5183 3284 5240 venit
3313 5183 3530 5241 animas
3559 5183 3734 5241 homi-

2211 5361 2517 5436 (19)_Edit.
2551 5371 2604 5436 et
2633 5364 2755 5420 cod.
2787 5364 2970 5434 Sorb.,
3001 5365 3258 5420 damnare
3277 5365 3530 5436 potuisse,
3583 5366 3632 5421 si
3677 5365 3739 5420 de

2129 5432 2455 5504 praete-ritis;
2488 5434 2680 5491 codex.
2717 5432 3036 5494 Rem.utin
3063 5432 3349 5493 contextu.

2209 5504 2325 5580 (29)
2367 5505 2446 5560 Ila
2459 5507 2634 5580 codex
2657 5508 2808 5564 Rem.
2833 5525 2846 5576 ;
2869 5507 3003 5565 edit.
3028 5524 3180 5578 vero,
3197 5509 3522 5580 proditionis
3537 5508 3734 5568 abscis-

2134 5574 2231 5632 sio.
2259 5576 2379 5633 Non
2411 5578 2542 5635 satis
2572 5586 2738 5635 recte.
