4026 6172
473 331 615 389 1075

1484 330 1581 384 AD
1618 328 1853 384 OPERA
1888 326 1944 384 S.
1988 326 2323 385 AMBROSII
2360 318 2739 384 APPENDIX.

3639 326 3773 384 1076

462 458 678 530 jicieris
723 458 1064 514 cruciatibus
1108 455 1418 524 creditoris,
1452 454 1728 512 obnoxius
1766 454 2068 523 fenoride-
2097 462 2149 522 Α
2177 454 2318 515 dicis
2360 471 2471 512 non
2519 455 2625 513 erit
2653 454 3021 522 verecundia,
3052 453 3146 510 sed
3175 451 3405 527 pudoris
3434 470 3446 509 :
3478 453 3610 526 quia
3645 451 3772 511 licet

470 547 749 604 tineberis.
778 548 1005 603 Dicetur
1036 545 1279 602 liberalis
1308 545 1402 602 illa
1429 546 1721 614 sententia,
1756 562 1921 619 quam
1951 562 2065 603 non

471 636 679 692 valebis
726 636 807 691 tui
859 634 1112 693 conscius
1145 635 1396 702 evadere,
1427 641 1521 691 aut
1554 635 1939 707 appellationis
1969 635 2068 690 in—

469 725 696 797 terjecta
724 740 858 780 voce
887 725 1220 797 suspendere
1253 742 1265 780 :
1308 749 1327 772 ι
1358 724 1520 780 Omni
1552 724 1779 781 habenti
1819 724 2064 791 dabitur,

467 824 521 869 et
549 812 873 881 abundabit,
909 814 978 869 ab
1008 831 1072 870 eo
1101 822 1283 870 autem
1316 813 1411 887 qui
1442 830 1553 869 non
1600 813 1784 882 habet,
1824 821 1881 872 et
1918 814 2065 887 quod

467 902 649 970 habet,
701 902 980 957 auferetur
1021 902 1089 958 ab
1118 920 1206 965 eo
1258 903 1471 974 (Matth.
1526 920 1664 970 xxv,
1714 904 1844 975 29);
1881 929 1899 952 ι
1962 913 2060 961 et:

480 1012 497 1035 ι
528 989 759 1044 Servum
809 1006 1208 1061 supervacuum
1262 991 1474 1063 expelle
1523 990 1668 1046 foras
1715 991 1773 1046 in
1818 991 2067 1048 tenebras

465 1084 764 1140 exteriores
789 1102 803 1150 ;
852 1083 931 1139 ibi
971 1084 1077 1139 erit
1106 1083 1267 1140 ﬂetus
1295 1091 1349 1139 et
1379 1083 1582 1141 stridor
1610 1084 1859 1140 dentium
1899 1084 2063 1155 (Ibid.

465 1172 581 1244 30).
641 1196 659 1220 ›
724 1171 991 1229 Tunicam
1047 1180 1199 1228 tuam
1257 1171 1517 1228 vilissimi
1573 1172 1754 1244 operis
1790 1171 2065 1228 laniﬁcio

464 1262 769 1319 confectam
819 1277 929 1317 non
971 1261 1174 1333 pateris
1221 1260 1449 1318 induere
1484 1279 1495 1317 :
1532 1262 1720 1317 horret
1766 1262 1868 1318 tibi
1899 1262 2068 1318 vestis

468 1358 582 1421 tua,
613 1368 734 1425 quae
769 1351 840 1407 sit
864 1350 1131 1407 deformis
1156 1366 1224 1406 ex
1246 1353 1503 1418 macula;
1538 1361 1591 1408 et
1612 1368 1723 1407 non
1751 1352 1852 1408 tibi
1879 1351 2069 1408 horret

464 1441 651 1496 anima
682 1449 798 1507 tua,
830 1456 949 1512 quae
979 1440 1043 1497 ﬁt
1080 1439 1285 1511 peccati
1319 1441 1478 1497 sorde
1529 1448 1582 1496 et
1623 1440 1843 1497 sceleris
1873 1441 2070 1513 inqui-

464 1529 691 1586 natione
735 1530 946 1603 polluta
972 1530 998 1586 ‘i‘
1034 1530 1151 1586 Nisi
1199 1530 1330 1603 quia
1367 1531 1558 1587 eodem
1598 1537 1880 1588 momento
1923 1529 2070 1586 tuni-

463 1635 583 1675 cam
613 1618 843 1674 festinas
876 1619 1082 1688 eluere,
1124 1628 1186 1676 ut
1214 1619 1387 1692 possis
1415 1636 1533 1675 eam
1576 1617 1837 1676 mundam
1868 1628 1923 1675 et
1950 1619 2068 1677 sine

463 1708 579 1763 ullo
607 1723 765 1764 navo
794 1707 1063 1765 foeditatis
1092 1707 1321 1764 induere
1349 1726 1360 1764 :
1394 1707 1592 1764 animai
1622 1724 1753 1764 vero
1785 1717 1892 1765 tua:
1931 1708 2068 1765 infe.

2165 545 2431 618 frequens
2480 545 2554 601 sit
2599 545 2862 618 peccandi
2910 543 3159 610 licentia,
3205 541 3546 599 excusabilis
3585 550 3769 599 tamen

2177 634 2412 690 efﬁcitur
2448 634 2805 703 conscientia,
2855 650 3020 707 quam
3067 631 3302 706 pertulit
3345 631 3405 688 in
3452 632 3662 704 peccati
3693 649 3773 689 re-

2176 722 2492 780 cordatione
2579 723 2870 781 timiditas.
2947 723 3283 795 Exemplum
3368 720 3561 778 Achab
3622 721 3775 779 illius

2176 813 2492 886 impiissimi
2529 814 2672 886 regis
2708 822 2762 870 te
2811 813 3005 872 doceat
3055 830 3069 871 :
3134 812 3228 870 hic
3273 827 3512 884 namque
3552 810 3773 868 Naboth

2175 902 2471 959 Jezraelitaa
2517 903 2733 959 vineam
2759 903 3188 976 concupiverat,
3246 901 3398 975 quod
3464 918 3577 959 suae
3633 911 3778 959 esset

2175 991 2504 1064 possessioni
2533 991 2787 1050 conﬁnis.
2819 992 2992 1049 Oﬁ‘ert
3028 991 3295 1065 pretium,
3346 997 3441 1047 aut
3484 998 3634 1048 certe
3679 992 3776 1048 vi-

2176 1080 2377 1139 cariam
2406 1081 2582 1137 vineae
2611 1082 3018 1154 quantitatem:
3071 1081 3166 1138 ille
3210 1080 3479 1152 neglexit,
3528 1095 3776 1137 asserens

2177 1168 2578 1226 haereditariam
2608 1187 2665 1227 se
2698 1186 2811 1227 rem
2832 1171 2985 1227 nulla
3003 1170 3062 1226 in
3095 1171 3335 1226 alterum
3368 1184 3524 1241 posse
3552 1168 3770 1227 ratione

2177 1259 2557 1316 transcribere.
2600 1260 2713 1317 Hac
2740 1261 2958 1332 repulsa
3005 1265 3396 1333 compunctus,
3453 1257 3633 1315 tristis
3680 1257 3774 1315 do-

2177 1365 2330 1405 mum
2360 1349 2674 1415 revertitur,
2707 1349 2854 1423 quod
2879 1349 3158 1423 appetitus
3208 1349 3296 1405 sui
3343 1346 3520 1405 libido
3548 1347 3773 1406 recidis-

2178 1446 2259 1494 set
2298 1438 2591 1495 incassum.
2639 1439 2779 1496 Tum
2820 1438 2939 1512 ejus
2993 1438 3194 1496 mulier
3238 1437 3503 1511 sacrilega
3554 1436 3770 1496 Iezabel

2178 1527 2419 1583 tristitiae
2450 1527 2636 1584 mariti
2685 1544 2874 1585 causas
2928 1527 3184 1601 requirit,
3225 1527 3428 1601 quibus
3455 1526 3776 1600 compertis,

2179 1617 2354 1674 veluti
2392 1616 2578 1675 saucio
2610 1617 2765 1675 cordi
2798 1616 2915 1690 ejus
2962 1616 3216 1673 fomitem
3245 1615 3648 1674 consolationis
3676 1616 3775 1673 in-

2170 1706 2306 1780 jecit
2338 1725 2350 1763 :
2384 1724 2492 1781 qua
2537 1715 2673 1777 arte,
2715 1706 3098 1780 compluribus
3137 1707 3489 1765 concinnatis
3538 1707 3778 1765 falsitate

462 1806 613 1855 ctum
642 1799 897 1872 squalore
938 1798 1239 1854 criminum
1282 1815 1396 1855 non
1441 1799 1718 1855 desideras
1746 1815 2067 1873 recuperare
2101 1820 2147 1884 Β
2177 1796 2472 1854 calumniis
2500 1796 2737 1855 consilio
2765 1798 2995 1871 impurae
3052 1797 3324 1865 mulieris,
3355 1797 3574 1856 Naboth
3604 1797 3779 1855 inno-

463 1885 759 1943 candorem
813 1904 825 1942 :
880 1902 983 1943 nec
1028 1895 1183 1958 optas
1237 1886 1381 1941 dilui
1434 1887 1828 1944 conscientiam
1893 1895 2063 1958 tuam,

465 1993 629 2050 quam
674 1976 814 2032 scias
860 1975 1195 2048 ﬂagitiorum
1243 1976 1439 2033 illuvie
1488 1986 1542 2034 et
1595 1978 2066 2035 contaminatione

463 2065 730 2123 scelerum
783 2068 1200 2125 coenulentam?
1245 2068 1401 2135 Quis,
1452 2083 1605 2140 rogo,
1653 2068 1822 2137 cadit,
1856 2077 1912 2125 et
1954 2085 2067 2126 non

464 2157 661 2228 quaerit
707 2158 976 2228 surgere?
1008 2157 1130 2231 quis
1175 2158 1508 2226 infirmatur,
1550 2165 1604 2215 et
1641 2175 1753 2214 non
1793 2159 2066 2218 desiderat

464 2248 845 2304 convalescere
868 2248 895 2304 ?
925 2249 1050 2322 quis
1096 2249 1461 2320 periclitatur,
1492 2257 1546 2304 et
1584 2266 1697 2305 non
1742 2257 1894 2322 optat
1941 2268 2064 2307 eva-

464 2336 591 2392 dere
614 2337 641 2393 ‘i’
670 2337 792 2409 quis
824 2350 1026 2410 pauper
1054 2337 1301 2405 effectus,
1332 2337 1726 2409 patrimonium
1768 2356 1878 2394 non
1912 2341 2066 2413 cupit

463 2444 712 2501 reparare
735 2431 762 2486 "'2
811 2430 938 2486 Haec
981 2430 1025 2486 si
1074 2446 1254 2487 rerum
1301 2429 1508 2502 patitur
1536 2437 1753 2498 natura,
1774 2439 1835 2486 ut
1864 2431 2065 2487 istius-

464 2516 617 2573 modi
673 2518 1077 2590 emergentibus
1123 2519 1359 2587 casibus,
1417 2519 1691 2592 quispiam
1747 2518 1928 2576 redire
1975 2536 2065 2576 ne-

449 2615 626 2678 queat
669 2607 739 2664 ad
783 2616 957 2665 status
990 2608 1210 2681 pristini
1243 2608 1586 2682 qualitatem,
1621 2609 1877 2665 asmulare
1922 2609 2066 2681 prio-

462 2712 546 2764 ra,
594 2704 657 2753 ut
705 2697 976 2755 deteriora
1019 2699 1306 2771 percipias,
1356 2698 1574 2754 dimitte
1622 2714 1837 2765 manus,
1883 2706 1937 2755 et
1986 2716 2062 2756 se-

461 2785 743 2858 mivigiles
798 2788 988 2844 oculos
1041 2787 1346 2844 stoliditate
1402 2787 1649 2852 involve,
1718 2787 2065 2844 obdormisce

463 2892 744 2949 nunquam
796 2874 1175 2948 evigilaturus,
1199 2875 1320 2948 jace
1362 2893 1645 2950 nunquam
1694 2886 2060 2946 surrecturus,

463 2973 518 3021 et
565 2964 817 3022 hebetem
846 2973 1085 3021 mentem
1130 2972 1352 3037 stupore
1385 2967 1597 3037 soporis
1625 2966 1788 3023 elide.
1828 2967 2063 3023 Paenite-

460 3055 542 3112 bit
597 3064 651 3112 te
700 3056 1047 3128 postmodum
1088 3055 1389 3123 tarditatis,
1418 3072 1544 3111 cum
1591 3056 1734 3111 nihil
1780 3055 1927 3128 quod
1957 3057 2064 3115 uti-

462 3143 606 3201 litati
642 3143 839 3200 animae
874 3153 984 3201 tuae
1014 3144 1282 3217 proﬁciat,
1315 3143 1662 3216 cogitaveris.
1694 3145 1821 3200 Eris
1850 3161 2064 3218 semper

455 3235 644 3308 jacens
686 3236 961 3304 inﬁrmus,
1006 3237 1209 3305 nudus,
1258 3241 1574 3308 paupertate
1625 3233 1931 3304 confectus,
1981 3246 2053 3306 et,

462 3333 524 3382 ut
556 3326 633 3381 ita
661 3325 923 3395 dixerim,
952 3326 1131 3383 somni
1153 3324 1414 3382 ebrietate
1436 3326 1793 3394 temulentus,
1817 3325 2057 3399 elogium

462 3415 602 3472 illud
648 3432 757 3489 quo
806 3432 1090 3490 nunquam
1138 3432 1342 3483 careas,
1388 3415 1724 3472 auditurus:
1766 3439 1784 3462 ι
1812 3415 2058 3472 Dormie-

462 3514 591 3561 runt
634 3523 889 3562 somnum
942 3523 1126 3574 suum,
1176 3514 1231 3563 et
1286 3505 1429 3561 nihil
1484 3506 1820 3562 invenerunt
1880 3507 2054 3578 (Psal.

463 3611 631 3663 Lxxv,
662 3598 743 3666 6).
777 3622 795 3644 ι
847 3598 1119 3667 Exsurge,
1164 3595 1353 3664 frater,
1402 3612 1654 3668 exsurge,
1700 3604 1753 3652 et
1797 3597 2059 3653 malesani

461 3684 681 3740 consilii
731 3686 869 3757 pelle
916 3693 1193 3755 torporem
1230 3703 1241 3740 :
1274 3685 1465 3758 vigila,
1506 3700 1720 3756 semper
1770 3685 1959 3756 vigila,
2006 3694 2060 3743 et

461 3779 578 3827 esto
620 3788 718 3843 pro
764 3780 859 3827 tua
886 3771 1060 3829 salute
1103 3772 1395 3842 sollicitus,
1433 3789 1545 3829 non
1591 3781 1653 3830 ut
1692 3773 1934 3833 dormias
1971 3776 2060 3834 deo

460 3869 727 3932 speratus.
770 3860 912 3918 Cave
960 3870 1292 3918 nocturnum
1341 3863 1542 3933 furem,
1585 3879 1655 3920 ne
1707 3863 1905 3922 domus
1949 3874 2056 3923 tuae

459 3948 732 4022 perfodiat
763 3951 1047 4021 parietem,
1071 3958 1126 4007 et
1170 3952 1542 4009 meridianum
1573 3952 1932 4026 jaculatorem
1977 3972 2058 4012 sa-

459 4042 608 4111 gittae
655 4039 893 4095 volantis
952 4039 1137 4109 evita;
1189 4048 1339 4112 patet
1393 4043 1539 4099 enim
1598 4042 1914 4099 incursibus
1970 4044 2056 4100 in-

457 4137 616 4186 cauta
647 4130 933 4198 securitas,
966 4138 1020 4186 et
1064 4130 1226 4188 facile
1268 4118 1567 4189 dormienti
1606 4133 1946 4206 subrepitur,
1994 4142 2058 4192 ut

459 4218 735 4275 lethaliter
781 4220 1030 4276 feriatur.
1061 4221 1125 4275 In
1175 4221 1439 4292 vigilante
1479 4222 1683 4280 ﬁducia
1709 4232 1811 4291 est,
1845 4224 1902 4279 in
1932 4222 2055 4280 dor-

458 4312 660 4369 miente
708 4312 851 4369 nihil
902 4322 1085 4370 tutum
1120 4331 1133 4370 :
1167 4315 1429 4371 convenit
1474 4314 1670 4371 sobrias
1701 4316 1877 4372 menti
1915 4334 2057 4374 som-

457 4417 589 4458 num
621 4418 839 4458 servum
872 4403 1095 4472 habere,
1125 4421 1238 4461 non
1267 4404 1577 4462 dominum.
1606 4407 1826 4481 Refugit
1860 4407 2054 4480 hostis,

457 4507 618 4563 quem
649 4507 759 4546 non
806 4492 1081 4549 invenerit
1110 4492 1477 4551 dormientem
1511 4513 1524 4551 :
1577 4521 1595 4544 ι
1624 4496 1697 4553 Et
1725 4496 1917 4554 beatus
1945 4515 2053 4555 ser-

457 4596 560 4634 vus
588 4579 713 4647 erit,
754 4596 917 4652 quem
945 4582 1243 4639 adveniens
1287 4584 1548 4641 dominus
1576 4584 1870 4644 invenerit
1914 4588 2051 4664 vigi-

457 4671 656 4725 lantem
688 4670 900 4740 (Matth.
932 4688 1091 4742 xxxv,
1114 4671 1206 4745 46)
1232 4692 1246 4741 ;
1277 4698 1296 4721 ι
1334 4674 1465 4747 quia
1495 4675 1633 4734 dicit
1665 4693 1677 4733 :
1726 4702 1745 4725 ι
1764 4676 1934 4752 Surge
1955 4682 2051 4755 qui

454 4758 683 4828 dormis,
732 4776 962 4834 exsurge
1006 4778 1037 4817 a
1080 4763 1313 4820 mortuis
1361 4765 1580 4837 (Ephes.
1632 4784 1691 4837 v,
1750 4767 1881 4841 15);
1927 4794 1947 4819 ι
1997 4778 2052 4829 et

455 4849 659 4920 attinge
689 4849 971 4908 Christum
1005 4851 1145 4924 (24).

524 4937 751 4996 CAPUT
776 4939 926 4998 XIV.
953 4972 1023 4983 —
1047 4941 1151 4999 Sed
1195 4960 1321 4999 non,
1353 4945 1548 5017 andeo,
1589 4946 1830 5022 inquies,
1865 4967 2041 5022 orare,

453 5027 581 5099 quia
624 5043 710 5083 me
748 5037 968 5087 revocat
1010 5030 1376 5101 conscientia;
1408 5048 1518 5089 non
1551 5035 1699 5091 enim
1732 5039 1923 5107 semel,
1953 5040 2047 5096 sed

452 5116 651 5189 saepius
697 5124 751 5173 et
795 5117 1113 5191 frequenter
1155 5120 1358 5178 erravi.
1410 5122 1483 5178 At
1516 5140 1613 5195 ego
1643 5123 1823 5182 dicam
1859 5143 1871 5182 :
1905 5126 1963 5183 Si
1993 5136 2047 5184 te

450 5205 643 5262 orandi
686 5214 908 5265 revocat
936 5208 1287 5281 verecundia,
1334 5212 1596 5284 peccandi
1627 5211 1840 5271 desinat
1868 5216 2048 5287 perti-

450 5297 625 5367 nacia,
658 5306 712 5355 et
748 5298 844 5356 ﬁet
876 5300 1206 5358 beneﬁcium
1235 5302 1470 5374 timoris,
1504 5320 1617 5360 non
1648 5303 2045 5378 desperationis

445 5401 628 5457 causa,
658 5388 821 5467 quod
863 5391 1081 5446 metuis.
1115 5391 1372 5449 Revereri
1419 5392 1568 5450 enim
1606 5401 1932 5467 potestatem
1954 5395 2043 5471 ju-

517 5616 636 5696 (24)
688 5617 841 5696 E_ditt
877 5618 1049 5696 βίη,
1101 5624 1148 5674 et
1187 5618 1392 5696 accingi:
1425 5619 1697 5696 Christum
1733 5640 1747 5682 :
1779 5623 1962 5695 Rom,
1993 5633 2042 5685 et

443 5688 662 5757 attingas
706 5688 976 5745 Christum
1009 5708 1021 5746 :
1058 5706 1190 5747 mss.
1248 5688 1403 5750 Rem.
1448 5700 1503 5751 et
1544 5692 1724 5766 Sorb.,
1756 5702 1806 5755 et
1842 5688 2039 5774 attinge

2082 4547 2131 4607 D

2177 1904 2307 1945 cens
2351 1887 2626 1960 lapidatus
2667 1887 2960 1945 occiditur.
3002 1887 3228 1946 Funesti
3273 1888 3390 1943 voti
3438 1890 3525 1945 sui
3576 1888 3776 1945 mulier

2177 1977 2408 2050 impleto
2438 1977 2672 2051 ﬂagitio,
2724 1978 2881 2034 velut
2918 1978 3123 2036 victrix
3149 1977 3218 2034 ad
3247 1977 3507 2035 maritum
3536 1978 3773 2050 ingredi-

2175 2072 2286 2135 tur,
2318 2066 2637 2139 interempti
2696 2067 2872 2123 exitio
2902 2075 3192 2124 narratura
3221 2066 3473 2125 laetitiam
3509 2084 3520 2122 :
3550 2084 3675 2141 quae
3711 2084 3779 2125 ne

2177 2156 2293 2211 sola
2313 2163 2593 2213 teneretur
2622 2156 2682 2212 in
2711 2156 2966 2226 crimine,
3007 2157 3119 2230 egit
3139 2157 3345 2214 astutia
3384 2156 3638 2213 mulieris
3668 2157 3780 2230 pri-

2176 2244 2405 2314 mitivai,
2435 2253 2498 2303 ut
2544 2246 2803 2303 maritum
2849 2247 2917 2303 ad
2945 2245 3341 2306 conscientiam
3369 2247 3593 2304 sceleris
3619 2246 3780 2304 obli-

2178 2344 2346 2408 garet,
2383 2343 2437 2392 et
2482 2345 2747 2409 utrosque
2790 2336 3004 2410 jugales
3050 2336 3301 2394 conscios
3352 2353 3463 2394 una
3512 2336 3782 2394 facinoris

2175 2432 2367 2483 catena
2408 2425 2669 2482 vinciret.
2744 2449 2761 2474 ι
2799 2425 2991 2499 Surge,
3041 2425 3242 2498 inquit,
3293 2425 3511 2499 posside
3552 2427 3777 2485 vineam

2175 2514 2393 2571 Naboth
2422 2514 2740 2584 Jezraelitae,
2766 2514 2861 2588 qui
2900 2515 3083 2571 noluit
3111 2513 3215 2571 tibi
3243 2531 3361 2572 eam
3392 2515 3523 2573 dare
3555 2517 3777 2589 pretio;

2176 2603 2307 2675 quia
2331 2620 2455 2660 ecce
2478 2612 2731 2660 mortuus
2766 2614 2850 2661 est
2894 2605 3014 2677 (ΙΙΙ
3042 2607 3167 2676 Reg.
3207 2621 3327 2674 xw,
3363 2606 3476 2677 15).
3506 2629 3528 2653 ι
3574 2607 3655 2662 At
3688 2607 3781 2662 ille

2175 2691 2369 2747 dolens
2410 2692 2694 2751 materiam
2742 2709 2799 2749 se
2854 2693 3150 2766 praebuisse
3191 2694 3385 2751 mortis
3438 2695 3633 2764 occisi,
3689 2696 3783 2753 fa-

2178 2782 2386 2838 cinoris
2415 2782 2610 2839 nuntia
2638 2782 3026 2855 perhorrescit,
3073 2793 3129 2841 et
3169 2782 3363 2840 mortis
3404 2782 3524 2856 ejus
3549 2800 3783 2842 causam

2175 2871 2347 2927 ﬂebili
2377 2872 2567 2928 dolore
2594 2872 2867 2929 lucriﬁcat
2893 2891 2907 2941 ;
2944 2871 3191 2932 discissis
3218 2873 3367 2929 enim
3394 2872 3680 2945 regalibus
3700 2874 3782 2931 in-

2174 2960 2454 3018 dumentis
2480 2962 2718 3035 accingit
2749 2978 2806 3019 se
2834 2963 3040 3019 vestitu
3068 2962 3315 3032 funereo,
3357 2977 3468 3019 non
3501 2969 3614 3019 tam
3646 2980 3782 3021 cono

2178 3049 2421 3107 scientiae
2469 3051 2669 3121 reatui,
2699 3068 2863 3125 quam
2896 3051 3234 3126 poenitentia
3268 3051 3459 3125 prima)
3485 3051 3780 3124 cogitatio.

2174 3141 2262 3197 nis
2291 3148 2572 3199 attestans.
2634 3166 2653 3192 ι
2703 3143 2776 3199 Et
2820 3143 3028 3199 factum
3083 3150 3165 3199 est
3212 3140 3489 3216 quomodo
3524 3140 3776 3210 audivit,

2174 3232 2374 3305 inquit,
2399 3232 2591 3290 Achab
2622 3233 2752 3308 quia
2780 3241 3032 3290 mortuus
3079 3240 3162 3290 est
3186 3232 3401 3290 Nabotb
3433 3232 3779 3302 Jezraelites,

2170 3324 2411 3398 disrupit
2439 3325 2769 3382 vestimenta
2797 3342 2913 3394 sua,
2954 3333 3010 3382 et
3036 3322 3280 3381 accinxit
3313 3339 3370 3380 se
3397 3338 3559 3379 sacco
3605 3323 3759 3391 (Ibid

2172 3413 2285 3486 16).
2345 3438 2364 3462 ι
2430 3414 2637 3472 Vacare
2688 3430 2816 3487 ergo
2850 3412 3031 3487 potuit
3063 3412 3255 3470 Achab
3294 3412 3454 3469 effusi
3482 3413 3779 3486 sanguinis

2170 3504 2369 3576 culpa;
2434 3504 2561 3577 quia
2611 3503 2678 3560 de
2735 3511 2999 3578 concepto
3039 3503 3181 3576 (25),
3230 3519 3344 3559 non
3374 3501 3444 3559 de
3472 3503 3779 3575 parricidio

2168 3600 2349 3665 egerat
2379 3592 2782 3666 paenitentiam,
2842 3600 2896 3650 et
2923 3600 3259 3649 remanserat
3288 3592 3349 3648 in
3376 3591 3609 3666 profana
3638 3610 3779 3652 mu-

2169 3682 2301 3738 liere
2329 3682 2582 3755 impietas
2611 3680 2922 3752 homicidii,
2952 3698 3073 3756 qua;
3101 3681 3278 3754 pretio
3303 3682 3543 3755 quodam
3596 3699 3775 3741 cruo-

2168 3771 2245 3829 ris
2274 3772 2431 3828 elfusi
2461 3773 2679 3845 putavit
2710 3788 2766 3829 se
2818 3772 3036 3828 vineam
3064 3770 3327 3828 debuisse
3370 3769 3629 3829 mercari.
3670 3770 3778 3829 Sed

2167 3876 2291 3917 ecce
2317 3861 2462 3918 sicut
2488 3861 2642 3919 canis
2685 3877 2937 3918 reversus
2979 3860 3049 3917 ad
3096 3860 3370 3917 vomitum
3415 3877 3606 3931 suum,
3659 3861 3775 3919 odi-

2168 3948 2296 4006 bilis
2348 3949 2457 4007 ﬁt:
2491 3951 2697 4008 oblitus
2747 3950 2938 4008 Achab
2977 3949 3341 4024 paenitudinis
3386 3967 3524 4019 suae,
3581 3953 3772 4009 statim

2166 4038 2415 4113 deposito
2461 4041 2633 4109 luctu,
2666 4041 2841 4114 pergit
2877 4040 3145 4114 perempti
3181 4040 3402 4096 vineam
3453 4040 3770 4114 possidere.

2165 4129 2238 4186 Et
2266 4130 2449 4202 perdit
2476 4130 2806 4187 innocentiae
2825 4130 3105 4200 meritum,
3132 4128 3229 4204 qui
3248 4129 3427 4187 vineas
3458 4130 3775 4204 cupiditate

2167 4220 2454 4291 pellectus,
2488 4210 2745 4277 innex‘uit
2771 4220 3052 4278 interfecti
3105 4219 3375 4278 occisioni
3402 4236 3767 4278 consensum.

2166 4307 2295 4365 Mox
2322 4308 2387 4364 ad
2419 4326 2543 4367 eum
2573 4311 2918 4369 venerandus
2943 4310 3094 4368 Elias
3140 4308 3411 4383 propheta
3443 4309 3767 4380 mandatur,

2165 4407 2219 4456 et
2248 4400 2518 4458 sententia
2546 4402 2605 4458 in
2636 4419 2760 4460 eum
2799 4419 2926 4461 cum
2966 4400 3350 4474 indignatione
3383 4400 3762 4475 depromitur,

2165 4497 2227 4546 ut
2256 4500 2376 4549 acta
2421 4492 2629 4549 dudum
2656 4491 2979 4567 pcenitentia
3004 4492 3382 4561 frustraretur,
3413 4500 3469 4549 et
3498 4493 3769 4552 vindicta:

2160 4582 2501 4639 occasionem
2533 4583 2799 4641 tribueret
2826 4582 3047 4642 sceleris
3071 4582 3348 4656 geminata
3367 4583 3767 4657 praesumptio.

2179 4697 2196 4720 ι
2241 4672 2312 4729 Ει
2356 4673 2433 4730 ait
2470 4672 2622 4731 Elias
2666 4673 2733 4730 ad
2776 4672 2967 4732 Achab
3015 4674 3190 4730 :Hzec
3237 4672 3375 4731 dicit
3430 4673 3762 4731 Dominus:

2158 4762 2301 4818 Ecce
2338 4778 2436 4836 ego
2487 4762 2853 4836 superinduco
2906 4778 3069 4835 super
3095 4769 3150 4818 te
3200 4761 3365 4830 mala,
3412 4769 3470 4818 et
3515 4762 3763 4820 incidam

2159 4859 2280 4922 post
2333 4858 2405 4919 te,
2458 4859 2513 4908 et
2562 4851 2942 4909 exterminabo
2985 4853 3054 4909 de
3084 4850 3276 4908 Achab
3312 4850 3665 4923 'mingentem
3695 4849 3765 4906 ad

2157 4941 2440 5012 parietem,
2494 4949 2548 4998 et
2577 4950 2952 5015 contemptum
2991 4948 3045 5013 et
3073 4941 3401 4998 derelictum
3440 4940 3500 4997 in
3542 4941 3712 4998 Israel
3746 4955 3760 4993 :

2157 5037 2210 5085 et
2237 5028 2378 5086 dabo
2419 5030 2646 5087 domum
2672 5030 2864 5088 Achab
2892 5016 3036 5089 sicut
3066 5029 3295 5087 domum
3324 5029 3621 5088 Jeroboam
3654 5030 3758 5087 ﬁlii

2152 5116 2348 5189 Nabat,
2395 5127 2449 5177 et
2495 5120 2772 5194 quomodo
2805 5121 3033 5178 domum
3081 5120 3253 5178 Baasa
3298 5118 3403 5175 ﬁlii
3443 5118 3628 5189 Abim,
3658 5135 3761 5193 pro

2154 5207 2412 5266 omnibus
2441 5209 2643 5284 quibus
2671 5209 2904 5267 irritasti
2932 5210 3132 5279 Deum,
3179 5216 3233 5265 et
3270 5207 3454 5265 fecisti
3508 5209 3757 5268 declina-

2152 5317 2211 5358 re
2256 5301 2422 5359 Israel
2466 5300 2627 5375 (Ibid.
2676 5301 2764 5370 21,
2818 5300 2933 5373 22).
2978 5325 2998 5350 ι
3056 5300 3265 5360 Verum
3309 5300 3406 5358 ille
3457 5316 3587 5359 cum
3632 5317 3758 5359 sen-

2151 5392 2338 5450 tentiae
2368 5392 2542 5451 ictum
2580 5408 2693 5450 non
2714 5392 2923 5450 valeret
2951 5390 3211 5466 effugere,
3240 5390 3311 5449 ad
3336 5392 3579 5467 priorem
3609 5408 3743 5466 ρω-

2153 5630 2440 5690 Christum.

2223 5703 2341 5777 (25)
2373 5703 2560 5765 Codex
2586 5706 2743 5767 Rem.
2774 5713 2830 5765 et
2855 5706 3039 5778 Sorb.,
3068 5706 3200 5782 quia
3226 5706 3291 5766 de
3316 5713 3597 5781 comta.
