4026 6172
253 301 379 360 1077
501 310 533 331 κ

1348 301 1442 359 DE
1481 301 1941 360 POENITENTIA
1979 301 2188 360 LIBER
2227 303 2430 362 UNUS.

3417 302 3556 361 1078

251 429 530 489 nitentiam
597 427 874 486 convertit
939 437 1161 503 repente
1227 427 1560 496 consilium,
1628 436 1840 484 reatum
1870 444 1922 505 Α
1953 429 2024 484 Et
2054 429 2270 486 locutus
2302 437 2402 498 est,
2445 427 2648 502 inquit,
2697 427 2968 486 Dominus
3003 427 3295 484 adversum
3327 426 3558 485 Manas-

250 520 460 578 ﬂetibus
488 518 805 587 conﬁtetur,
846 519 1032 577 cilicio
1078 518 1276 591 dejecit
1320 518 1532 590 regium
1580 526 1843 591 potenta-

250 622 380 678 tum,
413 626 630 666 saccum
663 607 848 665 induit
875 607 1236 682 paenitentiae,
1265 615 1317 663 et
1345 607 1613 663 reveritus
1644 607 1842 664 faciem

251 698 654 765 comminantis,
708 696 878 754 tacito
930 697 1136 770 gemitu
1193 696 1509 769 publicabat
1557 697 1840 763 offensam,

251 808 355 850 non
387 790 686 847 excusabat
715 788 1132 846 conscientiam.
1189 811 1206 836 ι
1237 788 1463 844 Factum
1495 795 1596 854 est,
1636 786 1838 860 inquit,

251 880 522 956 quomodo
566 878 782 935 audivit
827 877 1017 935 Achab
1069 893 1346 934 sermones
1401 877 1522 946 hos,
1573 877 1844 932 reveritus

250 988 327 1036 est
368 996 400 1034 a
435 977 573 1035 facie
623 975 866 1045 Domini,
918 982 972 1031 et
1019 975 1133 1031 ibat
1185 974 1339 1045 ﬂens,
1391 971 1534 1030 598
1581 981 1634 1030 et
1681 973 1844 1031 scidit

249 1068 571 1126 vestimenta
609 1083 730 1132 sua,
779 1073 831 1122 et
878 1065 1123 1121 accinxit
1167 1081 1224 1120 se
1267 1080 1444 1121 sacco.
1493 1065 1647 1120 Tunc
1696 1062 1842 1119 dixit

250 1159 517 1216 Dominus
559 1155 626 1211 ad
657 1156 838 1211 Etiam
873 1172 884 1211 :
921 1153 1123 1211 Vidisti
1171 1152 1634 1226 quemadmodum
1679 1168 1842 1208 reve-

250 1248 387 1304 ritus
426 1253 503 1302 est
534 1245 726 1303 Achab
756 1263 786 1300 a
815 1243 954 1300 facie
979 1245 1146 1300 mea?
1187 1245 1306 1301 Non
1354 1242 1610 1314 adjiciam
1659 1242 1843 1298 addu-

247 1353 366 1394 cere
407 1336 549 1391 mala
584 1336 641 1390 in
684 1333 879 1390 diebus
916 1332 1055 1406 ejus,
1103 1332 1197 1389 sed
1243 1333 1302 1388 in
1350 1332 1543 1390 diebus
1581 1331 1682 1387 ﬁlii
1724 1332 1842 1401 eius

245 1422 512 1480 adducam
562 1421 724 1492 (Ibid.
758 1420 983 1492 27-29).
1024 1445 1041 1468 ι
1085 1421 1169 1475 En
1203 1435 1438 1492 quonam
1473 1417 1734 1490 perduxit
1760 1417 1842 1472 ti-

247 1511 454 1568 midum
487 1509 815 1578 reverentia,
867 1517 922 1566 et
967 1516 1234 1582 quantum
1281 1507 1590 1564 severitatis
1629 1514 1838 1562 motum

244 1601 406 1673 fregit
437 1599 650 1655 metus!
702 1598 824 1654 Non
856 1598 1122 1654 orationis
1150 1614 1366 1671 pompa,
1415 1613 1525 1653 non
1573 1595 1840 1652 sermonis

245 1702 464 1760 ornatu,
496 1707 597 1749 nec
625 1689 831 1764 eloquii
860 1689 1016 1762 copia
1056 1689 1261 1762 placuit
1299 1691 1411 1744 Deo
1442 1707 1454 1745 :
1506 1686 1600 1744 sed
1651 1687 1841 1743 multis

1957 537 2051 578 seu
2081 528 2135 576 et
2191 520 2479 577 adversum
2541 519 2826 592 populum,
2883 527 2937 577 et
2986 534 3098 574 non
3127 516 3423 575 audierunt
3455 533 3470 572 :
3503 526 3559 575 et

1957 611 2181 668 induxit
2228 625 2392 683 super
2447 609 2572 666 illos
2625 609 2896 666 Dominus
2952 609 3228 683 principes
3283 610 3554 668 virtutum

1956 701 2335 775 Assyriorum,
2376 708 2430 756 et
2481 701 3018 774 comprehenderunt
3045 703 3354 769 Manassen,
3383 711 3438 759 et
3464 703 3557 758 al-

1957 795 2266 867 ligaverunt
2299 808 2426 848 eum
2457 790 2697 848 vinculis
2744 800 2798 847 et
2843 792 3221 865 compedibus,
3271 800 3325 848 et
3371 791 3556 848 addu—

1955 891 2160 940 xerunt
2183 898 2306 938 eum
2337 882 2396 938 in
2427 880 2809 954 Baby30niam.
2829 883 2901 938 Et
2924 899 3054 938 mox
3076 882 3315 939 aﬂlictus
3361 881 3556 955 quaesi-

1955 971 2036 1026 vit
2063 969 2361 1028 Dominum
2409 971 2583 1026 Deum
2631 987 2813 1038 suum,
2844 977 2898 1025 et
2926 969 3253 1028 humiliatus
3276 978 3358 1028 est
3388 970 3556 1028 nimis

1954 1071 2082 1118 ante
2118 1062 2308 1119 faciem
2341 1060 2438 1118 Dei
2467 1068 2683 1133 patrum
2706 1077 2952 1128 suorum,
2981 1068 3034 1116 et
3055 1061 3234 1116 oravit
3263 1060 3331 1116 ad
3357 1063 3552 1131 Deum,

1955 1158 2009 1206 et
2057 1151 2344 1207 exaudivit
2389 1151 2550 1206 illum
2581 1149 2868 1216 Dominus,
2893 1157 2946 1205 et
2994 1150 3277 1206 revocavit
3308 1149 3466 1206 illum
3495 1150 3554 1206 in

1954 1239 2274 1306 Jerusalem,
2308 1237 2366 1293 in
2397 1254 2624 1309 regnum
2655 1234 2792 1308 ejus.
2842 1236 2914 1291 Et
2972 1237 3232 1308 cognovit
3283 1237 3555 1294 Manasses

1954 1327 2084 1400 quia
2113 1327 2383 1384 Dominus
2413 1326 2530 1398 ipse
2579 1333 2661 1382 est
2707 1325 2871 1381 Deus.
2904 1325 3047 1382 Ecce
3071 1332 3337 1398 quantum
3369 1342 3555 1399 repen-

1955 1416 2084 1472 tinze
2130 1414 2536 1471 lamentationis
2603 1429 2673 1469 ex
2728 1412 2894 1471 corde
2950 1429 3217 1470 converso
3270 1421 3554 1488 peccatum

1953 1527 2113 1567 suum
2143 1509 2295 1566 ﬂevit
2323 1519 2377 1566 et
2404 1509 2593 1577 diluit,
2627 1517 2682 1565 et
2712 1508 2980 1582 lacrymis
3009 1509 3188 1577 tersit,
3231 1508 3379 1582 quod
3403 1508 3557 1566 nefas

1953 1604 2233 1660 infecerat.
2303 1603 2494 1659 Oravit
2553 1610 2738 1658 tamen
2801 1602 3055 1658 conscius
3112 1609 3296 1658 reatus
3345 1601 3557 1669 sui;et

1951 1693 2182 1749 veniam
2214 1692 2417 1748 meruit
2457 1690 2831 1746 satisfactione
2882 1691 3114 1747 mercari
3148 1707 3160 1746 :
3211 1707 3383 1764 usque
3421 1689 3556 1746 adeo

242 1782 499 1874 precibus
527 1782 918 1874 lacrymarum.
951 1779 1024 1874 Ds
1056 1780 1246 1874 tacuit,
1277 1777 1370 1835 sed
1401 1794 1495 1834 cor
1525 1777 1794 1849 ingemuit
1822 1795 1835 1834 :
1882 1815 1927 1874 B
1959 1790 2022 1838 ut
2069 1783 2164 1838 illa
2204 1798 2356 1838 sacra
2385 1797 2506 1854 quae
2535 1779 2744 1837 dudum
2778 1779 2993 1852 profani
3023 1788 3174 1837 actus
3201 1779 3556 1836 contamina-

241 1874 422 1932 oculis
463 1872 638 1939 ﬂevit,
682 1869 778 1927 sed
804 1869 1143 1927 conscientia
1192 1869 1425 1941 planxit,
1475 1875 1528 1923 et
1571 1882 1848 1924 verecun-

241 1963 395 2021 diam
428 1959 788 2036 pmnitudinis
818 1959 990 2033 pietas
1032 1957 1278 2014 laudavit
1315 1957 1594 2015 Auctoris.
1647 1957 1845 2013 Parum

240 2054 350 2112 fuit
386 2068 540 2108 reum
569 2050 813 2107 debitum
859 2049 1097 2106 evasisse
1134 2048 1490 2122 supplicium,
1542 2047 1650 2104 nisi
1693 2063 1846 2104 acce-

239 2143 414 2218 pisset
444 2140 747 2198 reverentia
776 2138 1078 2212 probabilis
1106 2138 1507 2194 testimonium.
1551 2139 1621 2193 Et
1653 2137 1845 2208 proba-

238 2240 327 2290 tus
355 2239 443 2290 est
471 2231 530 2289 in
560 2231 778 2298 timore,
809 2230 905 2304 qui
935 2228 1301 2286 damnabatur
1338 2229 1396 2284 in
1432 2227 1666 2285 crimine
1700 2245 1712 2284 :
1747 2245 1848 2285 nec

237 2323 399 2399 prius
436 2323 584 2397 quod
626 2329 858 2379 mortem
906 2321 1052 2377 luxit
1097 2320 1286 2390 occisi,
1340 2319 1503 2377 inane
1552 2320 1697 2389 fuit;
1752 2317 1846 2375 sed

235 2413 536 2487 repetitam
593 2410 894 2469 identidem
955 2411 1174 2483 culpam
1218 2410 1411 2466 iterata
1456 2410 1847 2468 lamentatione

233 2503 524 2579 purgavit.

308 2601 549 2662 CAPUT
583 2602 706 2660 XV.
750 2633 821 2644 —
859 2602 969 2658 Nec
1008 2599 1283 2658 Manasses
1317 2613 1534 2674 quoque
1573 2613 1671 2654 rex
1699 2597 1849 2656 ﬁlius

231 2691 499 2750 Ezechiae
529 2691 790 2749 tacendus
822 2697 925 2760 est,
957 2690 1050 2765 qui
1081 2696 1404 2747 cunctorum
1439 2696 1849 2762 praetergressus

230 2780 534 2839 audaciam
566 2781 943 2854 profanorum,
976 2795 1170 2836 manus
1198 2777 1434 2835 tetendit
1480 2777 1678 2850 impias
1722 2793 1848 2834 con-

231 2879 318 2931 tra
343 2875 556 2941 Deum,
588 2880 641 2929 et
672 2872 910 2945 paternis
942 2870 1188 2928 moribus
1232 2870 1585 2943 degenerans,
1619 2884 1688 2924 ex
1732 2875 1849 2924 toto

230 2979 349 3037 prae
393 2960 607 3018 divinis
648 2962 892 3018 cultibus
932 2960 1207 3017 idolorum
1258 2965 1422 3031 caput
1471 2957 1647 3015 erexit
1690 2957 1850 3013 insa-

231 3068 410 3109 num.
480 3052 582 3108 llic
632 3051 898 3124 sacrilego
956 3051 1138 3107 furore
1195 3065 1494 3122 possessus,
1562 3047 1619 3103 in
1685 3046 1848 3103 domo

226 3143 334 3200 Dei
381 3141 732 3197 exsecranda:
762 3138 1172 3212 superstitionis
1213 3155 1332 3194 aras
1371 3137 1637 3206 instituit,
1666 3136 1850 3192 simu-
1884 3177 1928 3237 Ο

224 3233 412 3291 lacris
464 3229 778 3287 daemonum
836 3230 1158 3296 funestavit,
1215 3227 1407 3301 templi
1457 3243 1607 3283 sacra
1657 3225 1851 3282 altaria

225 3319 483 3395 lapideis
539 3319 819 3393 figmentis
875 3319 1148 3391 implevit,
1211 3318 1362 3373 lucos
1419 3314 1684 3383 excoluit,
1734 3315 1848 3386 igni

222 3420 478 3492 prolano
510 3416 654 3474 ﬁlios
685 3433 812 3473 suos
851 3415 1078 3482 dicavit,
1125 3413 1367 3486 captavit
1420 3411 1647 3484 auguria
1705 3411 1847 3483 (26),

224 3509 421 3565 vitam
453 3523 607 3562 suam
643 3505 928 3562 maleﬁciis
959 3504 1294 3578 inquinavit,
1327 3503 1592 3576 populum
1621 3499 1689 3556 ad
1720 3499 1850 3556 ido-

225 3599 428 3654 lorum
486 3595 895 3652 observationes
945 3593 1188 3662 induxit,
1237 3590 1580 3651 caeremoniis
1629 3589 1847 3662 polluit,

223 3686 470 3745 diabolo
524 3686 878 3759 mancipavit,
907 3692 960 3740 et
990 3683 1176 3741 omnia
1223 3699 1342 3756 quae
1382 3679 1591 3737 divinis
1639 3677 1849 3750 legibus

224 3775 636 3850 prohibentur,
697 3776 842 3831 ultra
891 3791 1110 3830 onmem
1154 3769 1504 3828 insolentiam
1554 3765 1849 3840 desperatae

226 3863 455 3922 mentis
497 3864 766 3920 exercuit.
818 3864 922 3919 Pro
952 3862 1039 3918 his
1070 3869 1151 3918 tot
1180 3861 1456 3933 tantisque
1485 3857 1709 3930 ﬂagitiis
1737 3855 1850 3912 du-

222 3959 374 4008 ctus
414 3949 468 4002 in
512 3949 770 4018 praedam,
805 3957 858 4003 et
889 3948 1133 4004 vinculis
1179 3948 1441 4014 innexus,
1489 3951 1850 4016 gravatusque

221 4033 632 4108 compedibus,
666 4037 892 4108 pertulit
936 4037 1142 4108 captivi
1183 4035 1540 4109 supplicium,
1585 4042 1746 4106 atque
1789 4033 1849 4087 in

220 4125 615 4200 Babyloniam
675 4131 1093 4197 transportatus,
1155 4125 1452 4196 impietatis
1505 4141 1615 4180 sum
1666 4139 1850 4196 paruas

223 4219 356 4279 luit
383 4234 397 4284 ;
448 4222 512 4272 ut
556 4213 804 4271 divinam
835 4211 1103 4271 ultionem
1133 4214 1362 4270 sentiret
1391 4212 1664 4278 addictus,
1693 4211 1850 4284 cujus

220 4324 536 4381 nunquam
565 4316 725 4364 antea
751 4306 1074 4362 meminerat
1104 4303 1411 4361 induratus.
1442 4303 1689 4376 Denique
1716 4319 1848 4360 con-

219 4414 387 4476 gruo
439 4403 722 4468 correptus
781 4393 996 4466 ﬂagello
1051 4391 1414 4460 convertitur,
1465 4399 1518 4448 et
1567 4393 1739 4448 Deum
1791 4390 1848 4445 in

217 4503 414 4564 poena
443 4485 775 4543 constitutus
805 4483 1048 4557 agnovit,
1101 4499 1262 4556 quem
1313 4481 1371 4536 in
1424 4496 1588 4552 regno
1641 4479 1851 4551 positus

216 4587 409 4636 antea
439 4591 548 4630 non
578 4573 852 4647 quaesivit.
915 4572 1128 4628 Profuit
1175 4569 1401 4627 afﬂictio
1447 4568 1748 4642 desperato,
1798 4575 1852 4623 et

213 4674 498 4726 correcta
540 4671 622 4720 est
672 4663 728 4718 in
777 4661 1057 4735 agnitione
1104 4660 1171 4717 de
1217 4660 1444 4716 stimulo
1495 4658 1852 4716 correctionis

219 4753 600 4828 improbitas.
635 4752 763 4810 Fuit
793 4750 1042 4809 vindicta
1083 4751 1179 4807 illa
1215 4750 1417 4808 mentis
1454 4749 1679 4823 perdita:
1729 4763 1852 4803 me-

217 4845 462 4913 dicina,
505 4850 559 4899 et
594 4843 831 4898 multum
880 4842 1045 4898 saluti
1093 4841 1329 4898 contulit
1379 4839 1682 4912 castigatio,
1732 4854 1850 4910 quae

214 4937 375 4996 ideo
423 4931 738 4989 verberavit
766 4931 1021 5004 impium,
1054 4937 1114 4986 ut
1142 4931 1254 4986 Deo
1297 4929 1498 4985 faceret
1544 4934 1848 5000 acceptum,

217 5041 415 5100 quem
459 5020 713 5078 diabolus
761 5037 854 5094 per
891 5019 1270 5092 impotentiam
1309 5018 1512 5073 fecerat
1559 5017 1799 5072 alienum
1833 5031 1845 5069 :

213 5123 284 5172 et
345 5111 556 5168 anima:
604 5111 826 5168 sanitati
873 5109 1101 5183 profuit,
1155 5107 1301 5181 quod
1348 5107 1618 5163 inﬂictum
1675 5105 1852 5161 fuerat

217 5201 518 5260 vanitati.
548 5201 663 5258 Hoc
705 5200 990 5272 scripturae
1037 5197 1330 5254 dominica:
1372 5194 1507 5252 ﬁdes
1557 5193 1842 5251 admittit:

313 5393 448 5468 (26)
480 5392 632 5450 Edit.
665 5391 872 5468 et_c_od_.
904 5391 1084 5468 Sorb_.,
1127 5390 1378 5463 implevit,
1413 5389 1642 5468 ggpla_€it
1672 5404 1851 5459 augu-

211 5460 338 5526 ria‘
369 5483 391 5546 ε.
419 5460 540 5538 qua;
571 5479 701 5520 vero
731 5463 818 5520 his
847 5460 1214 5531 inseruimus;
1231 5478 1301 5518 ex
1331 5460 1518 5518 codice
1548 5462 1700 5518 Rem.
1733 5476 1850 5516 mu-

213 5546 395 5599 tuan
425 5553 635 5594 sumus.

313 5607 448 5738 (2Ὶῖ
477 5609 634 5666 Rom.
667 5605 802 5665 edit.
831 5622 861 5663 e
894 5623 1064 5679 marg.
1097 5605 1252 5674 Gill.,
1291 5611 1340 5660 et
1365 5604 1658 5676 alienigena
1681 5604 1852 5676 prin-

313 5697 391 5736 is.
451 5680 575 5737 nfra
615 5695 747 5736 vero
778 5687 1008 5738 utraque
1040 5676 1098 5735 in
1127 5693 1302 5738 corp.,
1339 5694 1490 5738 quem
1519 5675 1852 5738 sacrilegium

213 5677 391 5756 cepa.
423 5677 575 5738 Infra
615 5695 747 5736 vero
778 5677 1098 5752 utraque/in
1127 5693 1302 5751 corp.,
1339 5694 1490 5749 quem
1519 5677 1854 5747 sacrilegium

1960 1872 2110 1928 tione
2138 1872 2428 1944 polluerat,
2451 1871 2507 1926 in
2542 1869 2838 1943 pristinum
2868 1868 3182 1925 restitueret
3204 1885 3555 1936 veneramen,

1956 1969 2009 2017 et
2038 1960 2096 2016 in
2123 1960 2331 2018 cultum
2356 1959 2572 2016 timoris
2602 1959 2702 2016 Dei
2732 1968 2932 2015 cuncta
2962 1965 3270 2029 reponeret.
3290 1956 3555 2014 Consum-

1959 2050 2198 2106 matione
2227 2049 2477 2106 conversi
2518 2043 2821 2122 impletum’
2857 2054 2940 2103 est
2994 2047 3378 2120 propheticum
3417 2045 3558 2103 illud

1956 2139 2136 2196 divini
2167 2139 2278 2196 oris
2307 2139 2594 2196 oraculum
2634 2155 2646 2195 :
2693 2162 2711 2185 ι
2744 2137 2882 2196 Cum
2932 2152 3232 2194 conversus
3279 2136 3450 2192 fueris
3503 2143 3558 2192 et

1959 2231 2312 2303 ingemueris,
2343 2238 2478 2286 tunc
2504 2228 2803 2286 salvaberis
2833 2228 2968 2301 (Isa.
2997 2244 3140 2294 xxx,
3174 2226 3286 2298 15).
3321 2251 3340 2275 ι

2028 2318 2255 2378 CAPUT
2310 2319 2468 2377 XVI.
2526 2349 2597 2360 —
2645 2317 2751 2374 Sed
2805 2316 2941 2392 quid
2994 2333 3091 2390 ego
3137 2332 3327 2373 eorum
3365 2331 3554 2388 regum

1958 2409 2154 2467 faciam
2187 2407 2545 2476 mentionem,
2567 2424 2703 2483 quos
2736 2406 2893 2464 electi
2929 2407 3143 2479 generis
3173 2405 3327 2479 origo
3372 2403 3554 2460 lauda-

1955 2499 2086 2556 bilis
2113 2515 2223 2555 non
2253 2497 2468 2556 sinebat
2495 2497 2564 2554 ab
2607 2497 2743 2554 urbe
2789 2513 2955 2554 sacrae
3009 2495 3294 2567 religionis
3323 2494 3558 2566 pessima

1958 2588 2311 2662 persuasione
2349 2585 2626 2642 discedere
2673 2602 2686 2640 :
2742 2601 2868 2642 cum
2914 2582 3422 2641 Nabuchodonosor
3460 2581 3556 2636 ille

1959 2677 2146 2732 feralis
2177 2685 2230 2732 et
2258 2674 2566 2748 alienigena
2594 2673 2916 2746 principalis
2948 2672 3064 2744 (27)
3096 2670 3287 2726 divina
3310 2668 3554 2725 animad-

1958 2765 2208 2822 versione
2238 2765 2502 2819 multatus
2539 2763 2648 2830 sit;
2696 2769 2758 2817 ut
2805 2777 2902 2834 per
2949 2758 3388 2816 emendationem
3418 2757 3555 2814 vin-

1957 2855 2118 2912 dictae
2164 2863 2449 2928 cogeretur
2489 2868 2802 2927 agnoscere,
2840 2868 3001 2926 quem
3049 2849 3350 2922 sacrilegiis
3389 2864 3555 2905 ausus

1959 2944 2135 3001 fuerat
2174 2945 2488 3017 abnegasse,
2513 2950 2567 3000 et
2605 2941 2908 2998 virtutibus
2938 2957 3063 2997 eum
3093 2937 3355 3008 crederet,
3389 2953 3551 3011 quem

1959 3051 2054 3108 per
2083 3034 2343 3090 ferociam
2373 3033 2602 3107 spiritus
2631 3039 2756 3089 ante
2784 3030 3045 3098 nescisset
3083 3043 3095 3083 :
3133 3043 3305 3102 usque
3329 3025 3464 3084 adeo
3492 3034 3556 3084 ut

1958 3125 2053 3199 qui
2111 3125 2286 3181 elatus
2313 3123 2512 3196 spiritu
2556 3121 2825 3196 pervicaci
2858 3123 3032 3178 Deum
3062 3135 3119 3176 se
3154 3131 3268 3174 non
3297 3116 3558 3174 timuerat

1959 3221 2118 3269 antea
2147 3213 2454 3286 praedicari,
2486 3228 2595 3268 non
2616 3211 2838 3268 auderet
2865 3208 3216 3282 postmodum
3246 3222 3411 3279 super
3438 3204 3558 3278 ejus

1958 3301 2386 3374 incomparabili
2420 3301 2700 3374 n.ajestate
2729 3299 2950 3355 mentiri
2978 3316 2992 3365 ;
3025 3313 3151 3354 cum
3176 3296 3386 3367 ingenti
3414 3293 3475 3350 in
3497 3309 3555 3350 se

1958 3391 2089 3448 facti
2123 3391 2484 3448 admiratione
2519 3396 2817 3456 correctus,
2838 3401 2948 3443 non
2980 3385 3144 3442 desiit
3177 3385 3358 3441 solum
3378 3385 3553 3438 Deum

1959 3500 2153 3540 verum
2185 3501 2253 3540 ex
2301 3491 2418 3540 toto
2473 3482 2656 3550 corde,
2712 3479 3053 3552 decretisque
3113 3473 3557 3550 praconantibus

1958 3573 2206 3632 conﬁteri
2229 3574 2256 3631 ?
2284 3573 2388 3631 Sed
2413 3573 2458 3631 si
2491 3575 2630 3630 male
2658 3571 2762 3629 tibi
2801 3569 3053 3628 conscius
3083 3566 3350 3626 revereris
3378 3580 3555 3633 orare,

1958 3668 2125 3725 habes
2179 3666 2553 3741 magisterium
2602 3665 2913 3739 publicani;
2955 3664 3058 3720 etsi
3099 3667 3412 3736 suspectum
3457 3674 3559 3732 ge-

1959 3758 2053 3827 ris,
2085 3774 2154 3814 ne
2181 3775 2308 3815 cum
2349 3773 2447 3830 pro
2493 3755 2730 3828 peccatis
2776 3753 2887 3810 tuis
2915 3751 3182 3818 oraveris,
3221 3766 3334 3807 non
3371 3763 3559 3806 mere-

1958 3847 2067 3905 aris
2091 3847 2291 3904 audiri.
2337 3848 2619 3920 Ingressus
2668 3845 2762 3901 ille
2791 3843 3060 3916 templum
3091 3841 3269 3898 fuerat
3297 3846 3558 3912 peccato-

1958 3956 2080 3995 rum
2112 3939 2254 3994 mole
2280 3937 2576 3994 decurvata
2605 3934 2838 4003 cervice,
2881 3940 2935 3990 et
2962 3932 3248 3990 oculorum
3283 3926 3559 4002 palpebris

1959 4026 2112 4100 gravi
2160 4025 2352 4081 morbo
2407 4023 2721 4098 iniquitatis
2776 4021 3125 4094 compressis,
3184 4017 3385 4075 caelum
3443 4030 3556 4071 non

1958 4114 2192 4171 audebat
2215 4113 2502 4186 aspicere:
2554 4119 2700 4169 retro
2747 4109 2974 4183 gradum
3024 4105 3255 4164 timidus
3311 4109 3554 4171 revocat,

1958 4211 2012 4260 et
2042 4211 2350 4260 extremum
2379 4219 2435 4258 se
2465 4217 2573 4257 non
2615 4207 2724 4256 tam
2777 4201 2920 4265 loco,
2971 4211 3136 4269 quam
3175 4191 3390 4265 judicio
3426 4207 3554 4248 con-

1957 4291 2199 4349 scientiae
2227 4291 2373 4348 sistit
2415 4307 2426 4347 :
2487 4306 2588 4347 nec
2630 4287 2700 4344 ad
2741 4283 3163 4360 supplicandum
3191 4282 3556 4339 irreverenter

1958 4379 2151 4453 pedem
2197 4379 2394 4437 incitat
2441 4385 2725 4452 promptus
2753 4374 3002 4440 audacia,
3031 4371 3127 4429 sed
3161 4369 3410 4444 vestigiis
3439 4386 3553 4426 mo-

1957 4473 2092 4529 dum
2115 4471 2424 4538 subtrahit;
2459 4469 2744 4544 publicans
2773 4465 3161 4524 verecundiam
3193 4479 3343 4520 reum
3368 4471 3556 4536 pectus

1961 4578 2275 4636 percussum
2324 4559 2515 4617 crebro
2557 4563 2952 4617 commemorat
2983 4547 3124 4627 (28),
3177 4560 3231 4609 et
3275 4568 3372 4610 cor
3409 4567 3554 4608 con-

1960 4651 2134 4709 scium
2178 4650 2344 4725 pugni
2377 4647 2756 4707 admonitione
2807 4643 3120 4704 contundit.
3168 4640 3554 4699 Audiebantur

1961 4742 2072 4798 oris
2098 4741 2216 4814 ejus
2247 4758 2356 4798 non
2388 4741 2574 4809 verba,
2605 4739 2698 4796 sed
2730 4737 3000 4811 gemitus;
3053 4741 3108 4791 et
3145 4734 3389 4808 quinque
3420 4741 3553 4789 tan-

1964 4843 2079 4890 tum
2127 4830 2473 4888 sermonibus
2514 4829 2784 4886 celebrata
2831 4835 2912 4883 est
2954 4833 3070 4882 tota
3112 4823 3404 4881 confessio.
3441 4822 3556 4878 Hoc

1959 4921 2228 4979 Dominus
2286 4920 2342 4975 in
2399 4919 2700 4991 Evangelia
2755 4915 3089 4983 manifestat,
3121 4913 3375 4971 homines
3417 4911 3555 4968 duos

1961 5009 2266 5068 ascendisse
2299 5009 2355 5065 in
2385 5009 2650 5080 templum
2682 5007 2906 5062 adorare
2939 5023 2951 5062 :
2998 5020 3143 5060 unus
3195 5012 3308 5060 erat
3364 4998 3553 5073 phari-

1959 5116 2120 5168 saeus,
2155 5107 2208 5155 et
2237 5099 2375 5154 alter
2423 5096 2792 5172 publicanus:
2844 5094 3144 5168 pharisaeus
3185 5100 3367 5147 autem
3426 5103 3552 5143 cum

1959 5189 2222 5259 stetisset,
2249 5188 2382 5247 talia
2407 5187 2553 5263 apud
2601 5204 2659 5244 se
2703 5185 3029 5260 precabatur
3057 5181 3245 5239 dicens
3277 5196 3290 5235 :
3335 5200 3354 5227 ι
3384 5178 3552 5244 Deus,

1958 5387 2184 5459 fuerat;
2221 5381 2311 5439 ubi
2345 5383 2496 5439 Item.
2535 5379 2729 5448 codex,
2761 5393 2913 5448 quem
2947 5371 3237 5497 sacriljgis,
3269 5377 3374 5426 etc.

2036 5458 2154 5497 19m
2183 5458 2255 5497 Im
2287 5453 2456 5497 mde
2492 5453 2621 5497 llam
2673 5451 2839 5497 :edit-
2872 5462 3022 5497 vero.
3063 5460 3094 5497 ο
3169 5443 3294 5497 (sca!
3319 5457 3373 5497 se

2036 5443 2260 5527 (28)'lta
2287 5453 2461 5510 codex
2492 5453 2644 5510 item.
2673 5443 2840 5519 ;ed'it.
2872 5462 3022 5527 vero,
3057 5443 3294 5522 publicat
3319 5457 3373 5498 se
3399 5455 3554 5527 υεςεέ

1959 5509 2156 5586 διιιῖἷίξᾷ
2180 5509 2369 5594 meum,
2409 5509 2685 5598 peccatum
2719 5517 2968 5595 pectoris,
2994 5509 3331 5589 percussione
3372 5509 3554 5568 crebro

1959 5605 2344 5659 commemorat.
