4060 6208
493 286 631 345 1079

1496 288 1594 344 ΑΙ)
1633 285 1868 345 OPERA
1905 287 1961 344 S.
1999 287 2334 347 AMBROSII
2371 286 2751 347 APPENDIX.

3652 290 3794 348 1080

488 411 690 484 gratias
740 426 841 483 ago
883 410 1007 480 tibi,
1051 411 1180 484 quia
1228 426 1341 468 non
1370 427 1491 469 sum
1523 411 1667 468 sicut
1695 412 1877 468 caeteri
1908 412 2085 469 homi-
2115 414 2166 474 A
2196 421 2278 470 tot
2302 431 2367 472 ac
2394 415 2598 473 talibus
2624 414 2974 473 documentis
3010 430 3269 488 agnoscas
3305 415 3569 473 delectari
3601 416 3797 489 pinni-

486 517 583 556 nes
608 499 819 573 injusti,
853 509 1117 572 raptores,
1148 500 1383 558 adulteri
1417 520 1429 557 :
1483 503 1760 576 quomodo
1804 512 1857 560 et
1887 504 2083 576 publi-

485 608 654 648 canus
678 592 798 648 iste.
830 590 1027 662 Jejuno
1056 591 1142 648 bis
1184 593 1243 647 in
1285 592 1532 662 sabbato,
1572 592 1816 649 decimas
1845 593 1915 650 do
1949 611 2080 651 om—

483 681 639 736 nium
674 698 792 753 qua
852 681 1123 754 possideo.
1174 681 1507 739 Publicanus
1560 692 1741 739 autem
1799 683 1867 740 de
1918 684 2079 758 longe

482 770 680 838 stabat,
719 778 773 827 et
822 788 997 844 neque
1023 773 1212 829 oculos
1239 772 1298 828 in
1327 775 1527 830 cmlum
1573 774 1795 831 volebat
1846 776 2028 832 levare
2062 792 2073 831 :

481 859 576 914 sed
606 858 944 931 percutiebat
975 868 1163 932 pectus
1191 879 1377 928 suum,
1405 862 1595 920 dicens
1628 882 1639 919 :
1690 866 1855 934 Deus,
1879 866 2078 938 propi-

482 946 592 1002 tius
617 954 733 1003 esto
771 947 910 1003 mihi
941 950 1211 1020 peccatori
1259 951 1411 1023 (an.
1451 969 1612 1020 xvm,
1660 952 1865 1025 ii-i3).
1912 978 1929 1000 ι
1973 953 2078 1009 Sed

481 1035 704 1092 adverte
730 1036 863 1110 quid
892 1038 958 1093 de
984 1039 1292 1111 inspectore
1326 1040 1507 1096 cordis
1536 1042 1781 1113 exegerit
1820 1058 2077 1098 reverens

480 1126 855 1199 supplicatio:
900 1130 1230 1186 verecundia
1286 1131 1536 1187 mercede
1590 1131 1850 1188 muniﬁca
1906 1132 2075 1188 sensit

478 1217 678 1286 Deum,
714 1235 874 1292 quem
907 1219 1160 1291 cupiebat
1188 1219 1386 1277 habere
1417 1221 1736 1295 propitium.
1770 1224 1841 1277 Et
1886 1221 2072 1278 statim

480 1307 683 1362 meruit
725 1307 1017 1379 justiﬁcari
1064 1312 1416 1380 verecundia,
1466 1328 1585 1384 quae
1632 1311 1858 1384 probata
1904 1320 1984 1367 est
2016 1312 2073 1368 in

478 1394 793 1453 humilitate
828 1398 1092 1467 confessa,
1125 1401 1365 1456 Domino
1395 1400 1609 1457 dicente
1634 1417 1667 1457 ε,
1686 1425 1703 1447 ι
1728 1401 1863 1457 Dico
1892 1402 2070 1471 vobis,

477 1485 759 1543 descendit
788 1487 880 1545 hic
918 1487 1254 1560 justiﬁcatus
1300 1491 1358 1546 in
1406 1490 1632 1546 domum
1679 1508 1856 1561 suam,
1902 1493 2073 1563 magis

477 1592 641 1650 quam
671 1578 764 1634 ille
793 1579 1094 1651 pharisaeus
1119 1599 1132 1648 ;
1166 1580 1296 1654 quia
1313 1581 1495 1638 omnis
1515 1584 1609 1655 qui
1638 1598 1695 1637 se
1722 1581 2069 1650 exaltaverit,

476 1665 884 1739 humiliabitur,
943 1678 998 1725 et
1058 1670 1154 1743 qui
1198 1687 1255 1727 se
1298 1670 1699 1739 humiliaverit,
1739 1670 2073 1729 exaltabitur

478 1756 642 1825 (Ibid.
679 1757 789 1829 ia).
825 1783 843 1805 .

546 1844 775 1901 CAPUT
814 1846 988 1902 XVII.
1020 1875 1091 1886 —
1148 1845 1250 1901 Ubi
1303 1845 1501 1904 deinde
1558 1847 1718 1921 ponis
1756 1849 2070 1922 exemplum

474 1934 726 1988 mulieris
779 1934 933 1990 illius
986 1935 1329 2006 peccatricis,
1373 1953 1493 2010 quae
1537 1937 1773 1995 crimina
1818 1956 1916 1995 sua
1959 1955 2071 1995 non

475 2021 657 2077 verbis
686 2023 804 2077 visa
831 2029 913 2078 est
942 2025 1279 2098 exposuisse,
1317 2025 1412 2083 sed
1443 2027 1724 2101 lacrymis,
1757 2028 1917 2101 cujus
1944 2045 2072 2085 cum

473 2112 681 2168 orando
727 2113 959 2169 tacuerit
1006 2115 1212 2188 lingua,
1245 2116 1583 2189 poenitentiae
1613 2119 1796 2175 ofﬁcio
1824 2119 2073 2175 confessa

472 2208 555 2257 est
575 2201 953 2259 conscientia?
980 2206 1042 2260 In
1060 2204 1226 2261 domo
1254 2222 1488 2279 namque
1508 2207 1763 2280 pharisaei
1784 2207 2070 2281 cujusdam

471 2295 744 2353 Dominus
765 2298 1137 2367 recumbebat,
1160 2307 1214 2355 et
1240 2308 1638 2372 prieparaverat
1672 2302 1827 2359 velut
1852 2300 2069 2359 homini

474 2393 887 2458 temporanenm
920 2387 1159 2442 invitato
1190 2387 1307 2459 (29)
1336 2388 1430 2443 ille
1453 2389 1796 2446 convivium.
1833 2391 1948 2447 Hoc
1976 2408 2072 2447 re-

472 2475 686 2548 periens
708 2476 908 2533 mulier
937 2477 1539 2551 prostituta,.pharisa3i
1559 2479 1785 2536 domum
1815 2472 2072 2538 audacter

472 2566 800 2638 ingreditur,
830 2576 994 2642 atque
1018 2569 1086 2625 ad
1115 2569 1278 2641 pedes
1296 2568 1530 2637 Domini
1577 2570 1947 2627 recumbentis
1975 2587 2071 2627 as-

471 2656 638 2725 sistit,
662 2658 809 2713 lavat
828 2658 1089 2732 lacrymis
1109 2666 1298 2716 sancta
1317 2659 1789 2732 vestigia,capillis
1810 2661 2066 2731 extergit,

472 2750 753 2806 osculatur
798 2749 1197 2807 incessabiliter
1244 2752 1476 2823 plantas,
1526 2759 1580 2807 et
1621 2751 1859 2824 pretioso
1908 2750 2072 2823 pedes

475 2838 770 2894 madefecit
798 2848 1099 2912 unguento,
1131 2848 1294 2913 atque
1322 2840 1582 2896 omnibus
1628 2856 1766 2913 pene
1809 2839 2070 2896 membris

475 2927 676 2999 quibus
719 2936 846 2986 ante
898 2939 1255 3002 peccaverat,
1316 2937 1460 2994 599
1519 2931 1788 2986 scelerum
1844 2946 2069 2987 suorum

474 3032 716 3087 maculas
743 3031 1017 3103 expiabat.
1051 3032 1203 3087 Tunc
1245 3033 1515 3087 Dominus
1557 3033 1701 3102 apud
1748 3048 1907 3104 quem
1951 3049 2071 3088 ossa

474 3127 662 3175 nostra
704 3120 943 3177 discreta
984 3128 1134 3189 sunt,
1182 3120 1448 3193 propheta
1488 3121 1706 3178 dicente
1740 3138 1751 3175 :
1797 3145 1816 3168 ι
1869 3121 2071 3178 Omnia

473 3224 594 3265 ossa
629 3226 750 3266 mea
791 3210 997 3279 dicent,
1040 3209 1294 3280 Domine,
1340 3211 1463 3285 quis
1492 3211 1692 3267 similis
1728 3212 1832 3267 tibi
1892 3212 2063 3283 (Psal.

470 3315 670 3368 xxxrv,
706 3300 795 3373 10)
819 3300 847 3356 ?
877 3324 894 3347 ι
925 3299 1287 3357 obtrectantis
1312 3301 1567 3374 pbarisaei
1597 3317 1849 3358 murmur
1877 3301 2067 3357 obver-

468 3388 641 3459 berat,
693 3391 962 3447 occultam
1015 3391 1265 3447 mulieris
1310 3391 1723 3463 cogitationem,
1755 3390 1849 3447 sed
1896 3388 2070 3446 mani-

470 3480 663 3537 festam
717 3481 883 3538 ﬁdem
934 3482 1249 3539 admirabili
1294 3482 1614 3553 probatione
1660 3480 1956 3549 collaudat,
2015 3486 2068 3535 et

469 3569 688 3638 praefert
701 3571 1054 3641 apparatibus
1071 3570 1364 3627 invitantis
1386 3571 1703 3629 conﬁtentis
1719 3569 2064 3642 obsequium,

468 3656 641 3725 magis
668 3657 970 3711 delectatus
1008 3658 1258 3713 mulieris
1289 3658 1455 3725 facto,
1485 3674 1647 3730 quam
1681 3657 1934 3730 prandio,
1975 3656 2066 3714 cui

468 3744 594 3815 plus
619 3743 727 3800 fuit
756 3746 1115 3802 conversione
1148 3747 1429 3814 delectari,
1468 3763 1631 3820 quam
1662 3747 1809 3819 pasci
1835 3765 1848 3815 ;
1882 3756 1943 3803 ut
1971 3746 2067 3820 qui

471 3830 582 3888 cibi
616 3832 890 3889 desiderio
924 3834 1153 3891 minime
1181 3833 1503 3905 ducebatur,
1532 3836 1895 3893 confessionis
1923 3852 2067 3908 epu-

469 3920 538 3977 lis
584 3930 895 3994 pasceretur
938 3941 949 3979 :
1021 3948 1039 3971 ε
1078 3924 1267 3993 Vides,
1309 3925 1513 3998 inquit,
1545 3924 1687 3983 hanc
1723 3926 2009 3983 mulierem
2038 3926 2066 3984 ?

469 4012 679 4068 Intravi
721 4013 779 4069 in
826 4012 1054 4071 domum
1097 4025 1272 4085 tuam,
1304 4017 1555 4074 osculum
1596 4016 1756 4087 mihi,
1788 4026 1841 4074 et
1869 4033 2064 4091 aquam

469 4102 703 4176 pedibus
732 4104 870 4160 meis
897 4122 1008 4161 non
1034 4104 1237 4163 dedisti
1268 4124 1280 4161 :
1312 4106 1431 4163 haec
1466 4115 1649 4163 autem
1704 4124 1773 4163 ex
1826 4124 1935 4180 quo
1968 4106 2067 4162 in-

472 4192 658 4263 travit,
706 4209 819 4249 non
868 4195 1100 4252 cessavit
1136 4197 1370 4253 osculari
1420 4197 1582 4268 pedes
1611 4212 1779 4253 meos.
1818 4197 1954 4254 Oleo
1981 4214 2066 4253 ca-

471 4290 571 4354 put
599 4298 780 4339 meum
812 4301 925 4340 non
956 4284 1190 4356 unxisti,
1222 4286 1339 4344 haec
1377 4295 1556 4343 autem
1584 4294 1864 4359 unguento
1903 4288 2067 4344 unxit

468 4371 632 4442 pedes
663 4389 830 4429 meos.
864 4375 1092 4447 Propter
1138 4377 1285 4449 quod
1319 4377 1444 4433 dico
1473 4376 1598 4444 tibi,
1628 4377 1988 4434 remittuntur
2015 4379 2066 4434 ei

470 4468 688 4528 peccata
718 4462 913 4528 multa,
946 4465 1076 4535 quia
1104 4464 1303 4521 dilexit
1350 4466 1608 4523 multum.
1648 4467 1721 4522 Et
1769 4482 2068 4524 conversus

470 4545 539 4600 ad
571 4547 856 4604 mulierem
890 4532 1038 4607 dixit
1068 4570 1080 4607 :
1130 4554 1368 4609 Dimissa
1421 4563 1550 4610 sunt
1596 4554 1700 4610 tibi
1730 4565 1950 4626 peccata
1974 4563 2071 4612 tua
2096 4532 2144 4590 D

471 4636 624 4706 (Luc.
662 4652 761 4705 vn,
791 4636 906 4709 44).
940 4663 957 4686 ι
992 4640 1229 4697 Parvum
1259 4650 1341 4697 est
1376 4641 1482 4699 hoc
1503 4645 1530 4700 i‘
1570 4642 1927 4701 Postmodum
1958 4661 2066 4701 au-

468 4735 578 4782 tem
610 4726 737 4783 vide
766 4728 898 4800 quid
924 4731 1111 4788 audiat
1144 4749 1155 4787 :
1204 4754 1223 4778 ‹
1252 4733 1413 4802 Filia,
1446 4732 1581 4791 ﬁdes
1617 4743 1711 4791 tua
1759 4742 1814 4791 te
1856 4736 2065 4791 salvam

476 4814 622 4883 fecit,
653 4816 790 4872 vade
821 4818 877 4873 in
906 4835 1035 4891 pace
1066 4821 1228 4893 (Ibid.
1271 4821 1387 4894 50).
1420 4845 1440 4871 ι
1500 4823 1721 4880 Dudum
1761 4827 2062 4899 peccatrix,

479 4903 721 4971 absoluta
749 4922 881 4963 mox
921 4908 1056 4978 ﬁlia,
1086 4919 1140 4967 et
1201 4911 1260 4967 in
1316 4912 1540 4969 Domini
1593 4930 1723 4986 pace
1772 4917 2063 4973 confestim

467 4994 716 5052 absoluta
770 4997 1094 5067 dimittitur,
1144 5016 1264 5072 quae
1311 5019 1537 5059 suorum
1582 5003 1731 5061 bello
1761 5005 2063 5062 criminum

469 5086 801 5143 vastabatur.
839 5087 953 5143 Hoc
998 5097 1081 5144 est
1120 5089 1262 5145 illud
1311 5092 1692 5164 propheticum
1725 5096 2008 5152 oraculum
2045 5111 2058 5149 :

481 5202 498 5225 ε
529 5176 667 5234 Cum
696 5194 993 5259 conversus
1022 5178 1191 5236 fueris
1227 5190 1281 5238 et
1325 5183 1679 5254 ingemueris,
1710 5192 1844 5242 tunc
1872 5186 2062 5241 salva-

460 5274 608 5331 beris
652 5276 788 5349 (Isa.
819 5294 959 5346 xxx,
994 5277 1083 5348 i5)
1115 5296 1128 5346 ;
1162 5302 1181 5327 ι
1214 5287 1267 5334 et
1301 5295 1312 5332 :
1349 5304 1367 5328 «ι
1392 5281 1493 5337 Dic
1529 5291 1587 5338 tu
1621 5282 1771 5354 prior
1798 5282 2059 5357 iniquita-

466 5371 542 5422 tes
570 5373 713 5435 tuas,
745 5375 806 5424 ut
828 5365 1150 5438 justiﬁceris
1187 5368 1322 5442 (Isa.
1351 5386 1510 5441 xuii,
1551 5370 1666 5443 26).
1700 5392 1728 5421 ››
1763 5360 1898 5428 Cum
1929 5388 2058 5445 ergo

532 5519 645 5592 (29)
676 5520 845 5590 Edit.,
876 5521 1133 5579 invitator
1163 5538 1181 5579 :
1213 5523 1389 5585 codex
1422 5524 1577 5583 Rem.
1611 5541 1676 5584 ac
1707 5525 1889 5598 Sorb.,
1920 5527 2055 5586 invi-

459 5597 826 5734 tatfliO)Edit.
856 5665 1012 5736 Gill.,
1045 5682 1137 5723 nec
1182 5668 1244 5724 de
1289 5666 1605 5741 profundo;
1661 5670 1843 5740 Rom.,
1893 5672 1941 5727 si
1992 5673 2056 5730 de

2104 1787 2151 1846 B

2189 504 2375 560 tentias
2417 505 2709 574 sacriﬁcio,
2760 520 2863 562 nec
2908 504 3134 562 contriti
3181 504 3364 562 cordis
3406 513 3463 561 et
3506 504 3796 562 humiliati

2188 592 2415 664 spiritus
2451 593 2594 666 apud
2635 593 2788 667 pium
2816 593 3063 666 judicem
3094 593 3332 651 verearis
3371 593 3552 666 perire
3582 610 3796 651 merce-

2188 682 2332 752 dem,
2365 684 2646 757 Scriptura
2678 685 2896 742 dicente
2930 702 2941 741 :
2977 707 3005 735 ‹‹
3045 684 3388 742 Sacriﬁcium
3416 686 3529 741 Deo
3560 683 3797 756 spiritus

2187 773 2611 843 contribulatus,
2651 791 2748 831 cor
2792 775 3094 831 contritum
3138 782 3194 831 et
3239 772 3599 829 humiliatum
3647 774 3799 831 Deus

2187 878 2297 917 non
2328 863 2537 934 spernit
2569 864 2751 933 (Psal.
2786 864 2997 936 1,,19);
3029 888 3047 910 ι
3092 879 3191 919 cur
3236 878 3347 918 non
3393 862 3462 918 de
3510 860 3799 935 profundo

2189 953 2306 1025 (30)
2350 954 2606 1023 luxuriae,
2657 962 2711 1010 et
2762 953 2831 1010 de
2878 953 3174 1009 mundanae
3225 951 3531 1023 voluptatis
3578 951 3799 1024 gurgite

2186 1041 2410 1098 festinas
2438 1059 2731 1115 emergere,
2764 1051 2925 1116 atque
2963 1042 3032 1099 ad
3079 1043 3418 1115 poenitentia
3471 1041 3661 1098 ofﬁcia
3712 1057 3797 1097 ca-

2186 1130 2447 1202 pessenda
2475 1148 2545 1188 ex
2573 1131 2890 1188 temulentis
2915 1131 3128 1189 actibus
3149 1131 3413 1204 respirare
3430 1130 3458 1185 ?
3485 1131 3605 1187 Nec
3634 1137 3800 1201 putes

2184 1220 2331 1293 quod
2360 1228 2414 1276 te
2443 1220 2511 1276 ab
2550 1222 2670 1293 ipso
2701 1221 3066 1293 elongaveris,
3115 1219 3241 1276 ideo
3287 1235 3471 1275 aurem
3516 1218 3629 1274 tibi
3682 1217 3803 1290 ejus

2182 1312 2443 1370 occludi:
2489 1328 2619 1367 mox
2664 1319 2728 1367 ut
2781 1309 3108 1383 pulsaveris,
3158 1309 3303 1365 fores
3346 1307 3582 1381 aperiet,
3635 1316 3695 1363 et
3742 1308 3801 1364 in

2182 1407 2334 1473 septa
2370 1401 2539 1457 cortis
2576 1417 2687 1456 sua;
2736 1397 3110 1455 miserandum
3157 1398 3448 1453 miseratus
3488 1395 3795 1452 includet:

2183 1500 2397 1549 tantum
2430 1499 2510 1547 est
2538 1499 2602 1548 ut
2629 1489 2835 1547 doloris
2865 1490 2947 1546 tui
2977 1488 3201 1562 querela
3240 1487 3525 1545 ﬂectatur!
3576 1486 3800 1554 Quanto

2181 1588 2241 1636 tu
2289 1580 2481 1653 procul
2532 1579 2885 1646 abscesseras,
2931 1584 3086 1634 tanto
3139 1576 3374 1634 celerius
3423 1574 3799 1647 proximabit,

2180 1669 2452 1741 Propheta
2475 1668 2691 1725 dicente
2729 1687 2740 1724 :
2796 1690 2816 1714 ι
2846 1667 3142 1723 Proximus
3187 1673 3269 1722 est
3310 1667 3459 1722 Deus
3504 1664 3799 1721 tribulatis

2181 1758 2364 1827 corde,
2396 1765 2449 1813 et
2476 1756 2717 1813 humiles
2742 1755 2941 1828 spiritu
2970 1755 3150 1811 salvos
3179 1753 3345 1811 faciet
3370 1754 3555 1825 (Psal.
3584 1770 3795 1823 mm,

2185 1847 2298 1917 19).
2327 1870 2345 1894 ι
2394 1849 2472 1903 De
2514 1845 2717 1920 quibus
2751 1844 3022 1900 Dominus
3053 1843 3113 1900 in
3136 1842 3483 1916 Evangelio:
3550 1866 3569 1890 ι
3615 1842 3793 1913 Beati,

2182 1935 2386 2010 inquit,
2417 1936 2758 2010 plangentes,
2792 1934 2920 2009 quia
2947 1934 3053 2009 ipsi
3091 1933 3531 1993 consolabuntur
3573 1935 3789 2006 (Matth.

2182 2048 2238 2098 v,
2272 2030 2401 2102 5).»

2254 2134 2483 2206 CAPUT
2510 2137 2714 2194 XVIII.
2746 2167 2817 2178 —
2845 2135 2951 2193 Sed
2978 2150 3170 2209 aspera
3199 2132 3305 2189 tibi
3349 2132 3605 2191 fortassis
3642 2134 3794 2191 vide-

2180 2241 2271 2292 tur
2299 2241 2422 2308 post
2458 2234 2769 2305 voluptates
2805 2231 2991 2290 saeculi
3034 2230 3383 2304 pmnitentia.
3424 2231 3639 2289 Verum
3689 2240 3792 2301 at,

2180 2329 2357 2385 sentio
2385 2324 2721 2383 valetudinis
2748 2334 2857 2382 tua:
2877 2312 3298 2393 vitium,'video
3325 2322 3502 2380 animi
3526 2323 3620 2379 tui
3650 2339 3794 2380 mor-

2179 2416 2344 2474 bum:
2377 2416 2474 2473 sed
2501 2415 2548 2471 si
2577 2414 2759 2471 curari
2783 2411 3081 2481 desideras,
3114 2411 3339 2469 medelas
3368 2412 3649 2484 impetum
3678 2429 3790 2469 non

2180 2506 2449 2574 attendas,
2508 2521 2611 2562 nec
2654 2519 2986 2576 expavescas
3030 2501 3367 2569 remedium;
3418 2512 3573 2559 cum'
3602 2502 3791 2559 admo-

2180 2595 2324 2652 verit
2348 2601 2447 2650 tuo
2476 2592 2694 2649 vulneri
2724 2592 3141 2660 ferramentum,
3189 2589 3418 2647 celerior
3454 2606 3596 2646 cura
3626 2592 3790 2648 secti-

2180 2688 2302 2743 onis
2347 2685 2603 2742 efﬁcitur.
2645 2684 2783 2741 Nam
2821 2683 3055 2756 pessime
3085 2681 3348 2739 sedulitas
3378 2680 3645 2738 medendi
3678 2683 3793 2755 pal-

2181 2784 2360 2848 patur,
2391 2791 2518 2832 cum
2549 2789 2662 2830 non
2687 2772 2954 2829 continuo
2984 2778 3283 2844 suppurata
3312 2769 3462 2827 labes
3489 2769 3795 2828 abscindi-

2179 2872 2288 2921 tur.
2321 2864 2558 2918 Amarus
2585 2869 2669 2919 est
2697 2868 2888 2935 gustus
2915 2859 3174 2930 antidoti,
3213 2858 3311 2916 sed
3348 2859 3520 2915 vitale
3547 2875 3616 2915 ac
3646 2859 3793 2916 salu-

2180 2962 2297 3010 tare
2352 2962 2452 3023 est,
2510 2951 2658 3027 quod
2712 2959 2795 3008 est
2848 2951 3102 3008 faucibus
3148 2952 3396 3008 insuave.
3453 2949 3629 3008 Curat
3690 2967 3795 3008 nos

2180 3044 2452 3100 Dominus
2508 3058 2620 3100 non
2675 3050 2737 3099 ut
2795 3048 3035 3111 exteros,
3085 3049 3378 3098 extraneos
3434 3039 3545 3096 sibi
3605 3048 3793 3097 servat

2102 3148 2144 3209 α
2179 3149 2534 3206 quoscunque
2593 3132 2874 3189 sanaverit
2925 3131 3333 3206 delinquentes.
3389 3130 3559 3187 Omni
3629 3130 3788 3200 hora,

2178 3221 2329 3278 omni
2359 3222 2449 3278 die
2478 3221 2536 3277 in
2562 3221 2821 3278 curandis
2859 3221 3127 3290 intentus,
3166 3237 3269 3278 nec
3304 3219 3626 3277 retardatur
3652 3228 3790 3276 tem-

2178 3330 2329 3388 pore,
2360 3329 2459 3371 nec
2489 3314 2620 3370 ullis
2650 3330 2927 3370 morarum
2958 3312 3257 3369 obstaculis
3285 3311 3792 3385 impeditur.Plane

2177 3412 2313 3461 tunc
2341 3403 2461 3476 ejus
2488 3403 2667 3460 virtus
2693 3402 3014 3476 impeditur,
3038 3420 3165 3459 cum
3189 3419 3302 3458 non
3326 3403 3595 3459 inventus
3620 3403 3793 3460 fuerit

2180 3493 2322 3565 (31),
2353 3493 2448 3568 qui
2487 3501 2737 3561 curetur;
2788 3499 2945 3549 vacet
2983 3492 3135 3548 enim
3181 3509 3402 3549 necesse
3447 3500 3530 3549 est
3579 3492 3790 3550 beneﬁ-

2177 3581 2323 3638 cium
2350 3580 2594 3647 Domini,
2626 3598 2752 3636 cum
2782 3597 2896 3636 non
2922 3588 3121 3649 exstat,
3149 3580 3240 3637 cui
3270 3580 3465 3639 debeat
3506 3581 3787 3638 misereri.

2176 3671 2384 3742 Aspera
2411 3678 2494 3726 est
2515 3669 2800 3741 castigatio
2836 3670 3201 3742 paenitentiae,
3241 3669 3336 3726 sed
3384 3669 3568 3727 lenior
3618 3671 3789 3728 efﬁci-

2175 3767 2287 3828 tur,
2318 3758 2365 3814 si
2400 3758 2599 3816 modus
2627 3759 2802 3831 culpae
2831 3766 3116 3816 tractetur.
3165 3759 3502 3832 Iampridem
3533 3767 3594 3816 te
3626 3777 3787 3817 mun-

2175 3853 2337 3910 dialis
2365 3870 2580 3927 pompae
2601 3852 2909 3911 oblectabat
2945 3854 3198 3924 ambitio,
3246 3862 3303 3911 et
3347 3855 3408 3911 in
3451 3871 3687 3913 servum
3732 3865 3790 3914 te

2175 3941 2281 3998 sibi
2310 3941 2627 3999 dominatus
2663 3942 2849 3999 saeculi
2882 3941 3221 4012 vindicabat,
3260 3959 3410 3999 nunc
3452 3942 3512 4000 in
3553 3943 3787 4003 luxuria

2175 4030 2486 4101 remissum,
2541 4048 2692 4089 nunc
2738 4032 2798 4087 in
2851 4030 3160 4088 vinolentia
3213 4030 3545 4090 demersum.
3600 4034 3675 4090 Hi
3729 4044 3783 4092 te

2176 4121 2341 4178 modo
2377 4120 2643 4178 exercitio
2685 4121 2896 4178 aleonis
2931 4121 3205 4179 intentum
3241 4121 3522 4192 viderunt,
3565 4124 3673 4180 alii
3710 4123 3781 4181 ad

2177 4211 2544 4284 ganeandum,
2572 4209 2666 4267 alii
2697 4210 2756 4267 in
2782 4218 3025 4268 scortum
3056 4211 3383 4285 projectum,
3416 4212 3509 4269 isti
3548 4212 3781 4286 lupana-

2176 4299 2329 4356 ribus
2356 4299 2752 4374 mancipatum,
2790 4300 3088 4374 unguentis
3124 4299 3384 4370 oblitum,
3431 4302 3781 4360 aromatibus

2175 4389 2506 4459 delibutum,
2537 4398 2593 4447 et
2620 4391 2921 4464 peregrinis
2944 4390 3241 4448 cernebant
3272 4390 3452 4448 oculis
3476 4391 3776 4450 infectum.

2176 4479 2510 4552 Splendebas
2575 4478 2840 4548 vestibus,
2907 4495 3042 4535 auro
3107 4479 3375 4554 fulgebas,
3430 4482 3669 4553 gemmis
3722 4493 3779 4541 et

2177 4569 2592 4642 pretiosissimis
2654 4569 2968 4644 margaritis
3030 4570 3333 4628 ornabaris.
3384 4570 3578 4629 Vicem
3648 4590 3777 4647 ergo

2176 4658 2287 4715 vici
2317 4658 2564 4727 restitue,
2595 4667 2651 4715 et
2683 4674 2804 4715 sero
2843 4660 3036 4716 saltem
3084 4660 3589 4733 compensationem
3639 4670 3775 4719 tem-

2175 4764 2367 4820 porum
2397 4746 2738 4821 temporibus
2760 4748 2925 4806 redde
2954 4767 2966 4805 :
3020 4749 3355 4822 reciprocam
3398 4750 3573 4807 vitam
3623 4761 3773 4810 tuam

2173 4837 2233 4893 in
2261 4846 2495 4911 utroque
2526 4844 2647 4893 actu
2680 4839 2878 4912 aequali
2910 4840 3286 4898 moderatione
3319 4840 3544 4915 partire.
3592 4840 3773 4899 Fuisti

2172 4932 2308 4983 tunc
2334 4925 2563 4996 diaboli,
2608 4936 2723 4985 esto
2768 4947 2922 4988 nunc
2962 4931 3102 4999 Dei;
3154 4933 3269 4988 imo
3313 4948 3446 4989 vero
3484 4940 3606 4991 esto
3655 4934 3771 5006 jam

2169 5023 2318 5086 tuus,
2346 5017 2442 5092 qui
2466 5018 2675 5076 dudum
2704 5019 2886 5079 fueras
2915 5023 3147 5080 alienus.
3193 5024 3266 5081 Et
3302 5022 3541 5081 forsitan
3567 5023 3619 5080 si
3644 5040 3775 5082 cono

2169 5106 2396 5178 sideres,
2453 5109 2691 5167 multum
2747 5111 3013 5185 temporis
3051 5112 3353 5182 decoxisti;
3403 5121 3467 5171 ut
3513 5114 3575 5172 id
3619 5111 3771 5187 quod

2168 5196 2451 5255 residuum
2509 5207 2611 5270 est,
2664 5200 2833 5259 breve
2884 5211 3099 5275 tempus
3144 5211 3417 5276 angustet.
3470 5204 3621 5261 Vaca
3655 5203 3772 5275 jam

2166 5286 2291 5356 tibi,
2322 5304 2436 5346 non
2464 5290 2734 5363 tempori;
2768 5308 2921 5359 vaca,
2951 5292 3093 5361 dixi,
3134 5309 3247 5350 non
3288 5303 3351 5352 ut
3399 5302 3640 5368 torpeas,
3675 5292 3777 5351 sed

2165 5383 2229 5433 ut
2256 5376 2477 5451 negotio
2501 5380 2863 5438 confessionis
2900 5381 3141 5440 insistas.
3175 5384 3470 5442 Revertere
3505 5385 3566 5442 in
3616 5387 3775 5443 viam

2156 5530 2431 5609 profundo
2450 5550 2474 5598 ;
2500 5531 2676 5609 codex
2695 5533 2875 5609 Bem.,
2906 5552 3013 5609 cur_
3027 5554 3135 5609 non
3165 5537 3228 5593 de
3250 5537 3549 5609 profundo.

2237 5604 2355 5682 (3i)
2395 5604 2479 5661 Ita
2520 5604 2657 5682 coda
2701 5606 2856 5664 Rem.
2887 5607 3085 5682 ;Aedi_t.
3134 5604 3285 5681 vero,
3334 5604 3390 5666 et
3434 5626 3538 5668 ms.
3577 5609 3774 5682 Sorb.,

2159 5673 2466 5750 impeditur,
2492 5693 2610 5734 cum
2636 5676 2873 5736 inventus
2888 5673 3091 5752 fuerit,
3116 5686 3221 5737 etc.
