4026 6172
247 289 368 350 1081

1335 288 1430 346 DE
1468 286 1930 347 POENITENTIA
1969 288 2177 348 LIBER
2216 291 2416 348 UNUS.

3397 296 3534 354 1082

247 434 276 473 a
298 415 442 488 cujus
479 411 702 470 semitis
745 409 1115 482 aberraveras,
1169 411 1369 470 damna
1421 429 1541 486 quae
1581 430 1826 486 gesseras
1852 418 1901 477 Α
1939 416 2082 473 stiri.
2115 419 2256 474 Dare
2279 417 2440 489 jubet
2467 425 2522 473 et
2550 418 2840 486 annulum,
2877 418 3117 492 symboli
3146 428 3361 493 reparat
3389 420 3537 491 sigil-

252 520 417 580 qutere
444 500 593 576 quod
622 500 822 556 fueras.
848 500 1034 558 Primo
1062 510 1115 558 te
1143 500 1323 574 ipsum
1353 501 1564 571 inveni,
1595 512 1658 559 ut
1686 504 1834 576 quod

251 593 458 667 quaeris,
506 588 803 656 invenias;
853 597 909 645 et
947 589 994 644 si
1039 597 1093 646 te
1123 590 1422 660 inveneris,
1472 593 1568 649 abs
1613 600 1667 649 te
1715 594 1833 666 ipso

252 681 385 738 nihil
411 695 638 753 quaeras.
684 677 912 735 Saccum
943 678 1132 747 indue,
1183 681 1425 736 cinerem
1468 696 1718 753 asperge,
1776 682 1834 738 in

246 769 450 843 jejunio
498 782 712 839 semper
757 782 874 834 ora,
925 766 982 822 in
1031 768 1280 826 oratione
1321 767 1534 841 jejuna.
1586 771 1831 827 Pretiosa

152 931 162 938 ν
252 857 417 930 magis
458 856 574 912 haec
615 863 762 924 sunt,
806 855 1006 929 quibus
1037 874 1235 931 corpus
1265 857 1541 926 afficitur;
1592 868 1654 915 ut
1699 861 1833 931 pul-

248 947 499 1005 chritudo
542 945 712 1002 animi
759 953 1059 1017 reparetur.
1115 947 1316 1002 Horret
1363 946 1593 1004 humilis
1640 948 1829 1017 vestis,

247 1037 338 1094 sed
366 1037 468 1093 hoc
497 1035 655 1090 valde
685 1033 862 1102 decet,
894 1034 1040 1106 quod
1070 1036 1184 1091 Deo
1215 1051 1325 1091 non
1356 1033 1646 1107 displicet:
1702 1036 1834 1092 vilis

245 1137 323 1186 est
350 1126 590 1200 corporis
627 1128 832 1195 cultus,
883 1127 977 1184 sed
1023 1128 1136 1201 ipse
1164 1130 1479 1202 praecipuus
1525 1127 1834 1185 sanctitatis

244 1225 481 1276 ornatus.
541 1218 613 1273 Et
644 1216 822 1274 adhuc
858 1217 925 1274 de
961 1218 1288 1291 indignitate
1333 1220 1564 1277 forsitan
1591 1218 1834 1291 quereris

243 1310 572 1378 indumenti,
620 1309 716 1384 qui
756 1309 1060 1382 nuptialem
1090 1311 1332 1370 tunicam
1367 1311 1710 1384 perdidisti?
1762 1311 1835 1367 Et

241 1419 361 1460 cum
400 1416 663 1472 appareas
695 1399 958 1456 foeditatis
989 1409 1098 1457 tua)
1127 1403 1376 1458 nuditate
1405 1401 1690 1468 deformis,
1722 1417 1833 1456 non

246 1491 446 1564 cogitas
471 1491 716 1563 qualiter
754 1489 1057 1546 identidem
1089 1492 1388 1549 vestiaris?
1434 1493 1554 1548 Non
1600 1498 1831 1559 metuas,

241 1598 441 1656 quaeso,
475 1597 548 1636 ne
582 1597 706 1637 cum
742 1579 840 1636 illo
873 1580 966 1654 qui
1010 1580 1077 1636 ad
1115 1581 1319 1654 regiam
1352 1597 1562 1638 coenam
1605 1587 1835 1637 vocatur

238 1670 483 1738 intravit,
533 1685 566 1724 a
607 1669 870 1726 convivio
909 1671 1352 1727 recumbentium
1403 1670 1576 1727 simili
1625 1685 1837 1742 expro-

235 1759 420 1817 bratus
465 1757 828 1814 damnatione
875 1759 1116 1830 pelleris,
1176 1766 1230 1815 et
1282 1760 1472 1817 audias
1527 1760 1637 1818 dici
1691 1759 1831 1815 tibi:
1864 1783 1909 1843 Β

248 1873 266 1896 ι
295 1849 514 1916 Amice,
545 1847 822 1921 quomodo
853 1847 963 1905 huc
991 1847 1217 1914 venisti,
1247 1865 1360 1904 non
1390 1849 1599 1906 habens
1628 1855 1834 1904 vestem

235 1937 546 2010 nuptialem
579 1937 791 2008 (Matth.
823 1954 966 2005 xxu,
1003 1937 1136 2008 12)?
1156 1962 1174 1984 ι
1210 1946 1264 1994 et
1292 1955 1417 1994 cum
1449 1945 1834 2010 argumentum

233 2043 348 2083 non
382 2026 656 2098 repereris
684 2025 1004 2095 excusandi,
1037 2026 1220 2084 dicat:
1271 2051 1289 2075 ι
1313 2027 1515 2083 Tollite
1543 2043 1669 2106 eum
1705 2026 1834 2098 liga-

233 2114 306 2172 tis
335 2113 600 2170 manibus
629 2121 684 2170 et
712 2113 963 2186 pedibus,
1013 2124 1068 2172 et
1113 2116 1321 2173 mittite
1352 2115 1408 2172 in
1437 2117 1691 2173 tenebras
1729 2132 1837 2170 ex-

233 2205 484 2273 teriores,
520 2203 640 2260 illic
663 2204 768 2259 erit
801 2204 1038 2276 ploratio
1067 2213 1122 2261 et
1150 2205 1354 2261 stridor
1382 2203 1633 2261 dentium
1671 2203 1834 2276 (Ibid.

236 2296 348 2367 13).
379 2319 399 2343 ι
444 2296 522 2351 Et
553 2294 748 2368 utique
778 2295 892 2362 ille,
925 2295 1054 2368 quia
1082 2311 1194 2351 non
1223 2295 1534 2369 quasierat,
1567 2303 1664 2350 aut
1692 2310 1837 2351 acce-

231 2393 404 2457 perat,
454 2385 668 2442 dicitur
694 2383 976 2456 abjectus;
1009 2393 1238 2441 vocatus
1267 2386 1415 2441 enim
1448 2384 1700 2452 intravit,
1743 2381 1839 2438 sed

229 2490 343 2529 non
362 2472 604 2529 vestitus
623 2472 902 2529 accubuit.
922 2471 978 2529 Si
997 2489 1122 2544 ergo
1141 2473 1187 2529 is
1202 2473 1295 2547 qui
1315 2489 1596 2545 nunquam
1621 2471 1836 2538 habuit,

227 2563 438 2630 taliter,
497 2561 627 2634 quia
672 2578 786 2617 non
834 2559 1109 2634 quaesivit,
1169 2562 1387 2627 exivit;
1449 2561 1684 2635 qualiter
1725 2559 1839 2632 jam

222 2649 557 2724 puniendus
587 2650 711 2715 erit,
745 2650 838 2723 qui
873 2651 1119 2706 tunicam
1149 2652 1382 2724 accepit,
1413 2658 1467 2706 et
1496 2649 1756 2724 perdidit,
1788 2659 1842 2707 et

219 2743 413 2799 vestiri
466 2743 664 2798 iterum
697 2759 809 2797 non
841 2741 1067 2814 potuit?

292 2841 545 2900 CAPUT
592 2839 948 2908 XIX—Sed,
971 2839 1156 2909 credo,
1188 2839 1409 2896 dubitas
1438 2839 1706 2896 amissum
1728 2855 1839 2894 non

219 2947 381 3003 posse
425 2928 617 3001 repeti
664 2928 1076 2996 vestimentum,
1138 2937 1233 2984 aut
1285 2929 1352 2984 ab
1404 2945 1468 2984 eo
1524 2929 1620 3001 qui
1670 2944 1843 2999 nuper

221 3019 488 3086 dederat,
547 3034 672 3074 cum
730 3017 976 3089 petieris,
1031 3033 1189 3090 posse
1236 3016 1443 3089 negari.
1505 3018 1722 3073 Intuere
1783 3015 1840 3070 in

219 3106 549 3180 Evangelia
579 3106 757 3161 filium
783 3105 1061 3178 juniorem
1098 3105 1310 3177 perdito
1332 3103 1666 3178 patrimonio
1691 3121 1837 3160 men-
1870 3133 1919 3196 Ο

220 3197 543 3263 dicantem,
595 3211 768 3268 usque
798 3211 861 3251 eo
893 3194 1060 3250 fuisse
1089 3195 1436 3266 perductum,
1479 3201 1540 3249 ut
1586 3193 1842 3266 egestatis

221 3285 490 3360 impulsu
521 3291 706 3356 pastor
735 3284 904 3339 vellet
933 3300 1047 3339 esse
1079 3299 1369 3355 porcorum
1403 3283 1559 3354 (Luc.
1592 3299 1688 3350 xv,
1724 3284 1837 3355 15).

224 3381 280 3436 Is
313 3391 547 3434 summa
585 3372 774 3445 inopia
812 3381 867 3429 et
913 3381 1149 3444 egestate
1199 3372 1504 3442 confectus,
1566 3389 1693 3428 cum
1743 3388 1844 3428 nec

225 3481 541 3541 porcorum
593 3462 742 3520 vesci
796 3461 1042 3535 pastibus
1097 3462 1392 3530 sineretur,
1470 3453 1720 3517 reversus
1775 3460 1842 3515 ad

226 3557 538 3630 pristinam
587 3553 790 3608 mentis
836 3552 1068 3625 propriae
1115 3551 1430 3620 sanitatem,
1491 3550 1692 3623 prioris
1740 3550 1844 3606 aevi

227 3645 409 3718 coepit
439 3641 715 3699 desiderio
745 3641 1099 3714 conﬂagrare,
1149 3649 1204 3697 et
1245 3649 1482 3714 paternae
1510 3641 1708 3697 domus
1737 3639 1840 3694 ab-

227 3731 574 3790 undantiam
631 3730 900 3802 cogitans,
973 3738 1184 3786 reatum
1240 3745 1404 3785 suum
1462 3726 1846 3785 conversionis

227 3818 730 3879 animadversione
750 3819 1030 3876 damnare.
1058 3817 1258 3875 Habito
1287 3818 1458 3890 igitur
1494 3817 1713 3874 tandem
1739 3833 1847 3889 pre-

226 3907 453 3964 nitenti
503 3913 756 3974 tractatu,
811 3915 866 3962 et
907 3924 1090 3964 secum
1142 3907 1201 3962 in
1247 3906 1413 3962 corde
1455 3904 1848 3962 satisfactionis

139 4016 142 4018 ‘
226 4008 454 4052 arcano
487 3993 725 4058 locutus,
771 3994 924 4048 velut
954 3994 1298 4064 postliminio
1345 3994 1414 4049 ad
1467 3995 1606 4050 lares
1643 3994 1849 4065 patrios

227 4080 438 4143 nudus
465 4079 732 4150 exsulque
761 4081 1076 4136 revertitur.
1099 4082 1238 4136 Tum
1270 4081 1364 4138 ille
1396 4089 1566 4154 pater,
1589 4083 1683 4154 qui
1705 4081 1849 4153 cogi-

228 4171 427 4234 tantis
456 4169 672 4227 viderat
709 4171 768 4226 in
802 4170 966 4228 corde
992 4171 1308 4236 consilium,
1347 4181 1638 4246 antequam
1684 4173 1852 4229 verba

228 4261 506 4340 perditus
535 4260 685 4316 filius
711 4259 770 4316 in
800 4260 1144 4317 confessione
1177 4261 1555 4333 profunderet,
1595 4263 1848 4319 affectum

229 4351 497 4413 dolentis
523 4350 810 4424 anticipat,
851 4358 905 4406 et
944 4349 1378 4407 misericorditer
1415 4351 1647 4424 suscipit
1687 4352 1853 4408 rede-

231 4449 470 4500 untem.
498 4439 560 4495 In
592 4440 798 4496 collum
832 4437 950 4511 ejus
977 4438 1162 4508 irruit,
1193 4439 1397 4495 osculis
1428 4441 1770 4508 reconciliat,
1797 4449 1851 4496 et

230 4530 442 4588 adhuc
500 4527 777 4600 trepidum
838 4527 1092 4602 nihilque
1147 4531 1462 4601 loquentem
1509 4538 1661 4602 pater
1714 4530 1852 4585 mire

231 4617 549 4676 confirmat
581 4616 722 4689 (32).
750 4616 855 4674 Sed
885 4617 980 4674 ille
1006 4618 1452 4674 consultissimus
1483 4617 1779 4691 paenitens,
1802 4629 1856 4676 et

229 4707 540 4768 confessor
587 4706 835 4778 egregius
871 4706 938 4762 de
987 4715 1116 4764 voto
1164 4707 1335 4780 patris
1387 4723 1634 4777 securus,
1693 4715 1854 4780 atque

231 4795 440 4854 adhuc
485 4793 552 4850 de
591 4811 689 4850 sua
719 4794 1092 4852 satisfactione
1117 4804 1423 4868 suspectus,
1475 4801 1619 4860 600
1670 4795 1856 4852 medi-

234 4899 436 4950 tatum
468 4889 830 4946 confessionis
858 4891 1108 4948 ordinem
1141 4893 1355 4965 pandit,
1387 4903 1440 4950 et
1470 4895 1653 4951 verbis
1683 4897 1857 4970 expli-

232 4989 364 5049 cat,
409 4978 558 5053 quod
585 4979 750 5037 corde
779 4980 1154 5038 ruminaverat
1183 4999 1196 5037 :
1240 5008 1258 5029 ι
1287 4983 1466 5050 Pater,
1499 4983 1702 5056 inquit,
1739 5003 1858 5058 pec-

231 5069 382 5128 cavi
413 5067 472 5124 in
501 5069 702 5125 caalum
746 5079 799 5127 et
843 5086 1025 5126 coram
1058 5078 1146 5126 te:
1196 5070 1308 5142 jam
1357 5087 1468 5126 non
1508 5089 1629 5127 sum
1661 5072 1859 5146 dignus

234 5157 448 5216 vocari
481 5157 632 5214 illius
661 5166 789 5214 tuus
811 5175 825 5224 ;
846 5159 933 5215 fac
955 5175 1040 5215 me
1059 5159 1202 5216 sicut
1223 5175 1394 5215 unum
1416 5161 1484 5216 de
1508 5164 1860 5219 mercenariis

235 5246 371 5304 tuis
398 5245 552 5318 (Luc.
579 5263 675 5315 xv,
711 5246 797 5315 18,
831 5247 943 5320 19).
973 5273 990 5295 ι
1040 5248 1291 5305 Placatus
1321 5248 1506 5321 itaque
1536 5257 1689 5322 pater
1723 5268 1855 5324 pre-

245 5337 429 5395 cibus
457 5335 798 5406 confitentis,
829 5339 1024 5394 stolam
1055 5337 1288 5410 primam
1317 5338 1542 5396 mandat
1569 5339 1776 5409 afferri,
1806 5351 1861 5399 et

242 5425 455 5484 statim
491 5426 705 5483 nudum
737 5427 986 5500 praecipit
1009 5429 1210 5485 amisso
1228 5445 1404 5502 nuper
1423 5429 1751 5489 indumento
1772 5449 1860 5491 ve-

335 5635 463 5709 (32)
506 5637 694 5698 Codex
724 5639 903 5708 Rem.,
934 5646 1090 5714 pater
1107 5639 1236 5712 jure
1261 5642 1560 5716 conﬁrmat.

1882 4493 1930 4552 D

1943 504 2079 573 lum,
2124 505 2284 578 pedes
2333 506 2569 563 includit
2614 508 2921 564 munimine
2951 517 3368 582 praeceptorum,
3400 517 3454 564 et
3482 510 3541 564 in

1943 595 2289 666 reparatione
2319 595 2437 667 ejus
2468 599 2694 654 mactari
2734 597 2892 669 jubet
2922 598 3160 654 vitulum
3207 599 3540 670 saginatum,

1944 682 2047 738 hoc
2071 691 2172 752 est,
2206 702 2303 756 pro
2333 687 2686 744 reconciliata
2707 689 2891 745 offerri
2916 687 3146 760 imperat
3167 687 3538 760 gratissimum

1944 774 2299 841 sacriﬁcium,
2337 777 2486 848 quod
2513 787 2654 834 esset
2681 788 2964 850 acceptum
3001 785 3054 832 et
3086 780 3225 834 ctelo
3250 785 3305 833 et
3334 779 3540 834 exerci~

1943 864 2091 920 tibus
2117 867 2457 937 angelorum.
2490 869 2759 924 Erexerat
2789 869 2844 924 in
2868 869 3110 941 germani
3142 867 3331 923 odium
3353 867 3541 923 fratris

1942 953 2184 1009 severior
2211 957 2528 1026 pertinacia,
2551 959 2890 1030 exprobrans
2924 958 3159 1013 crimina
3189 958 3395 1028 recepti
3427 973 3538 1011 ma-

1938 1041 2027 1113 jor
2056 1042 2204 1098 ﬁlius
2231 1044 2580 1101 contradicit.
2615 1047 2938 1104 Mandatum
2971 1064 3080 1103 non
3106 1046 3539 1115 revocatur,'pie-

1942 1134 2025 1183 tas
2055 1129 2224 1200 patris
2253 1147 2362 1185 non
2393 1139 2659 1201 mutatur,
2715 1134 2884 1190 frater
2913 1134 3030 1205 ejus
3067 1134 3352 1198 asseritur,
3393 1133 3542 1189 filius

1943 1227 2339 1291 nuncupatur:
2396 1231 2451 1278 et
2507 1224 2731 1295 plenum
2785 1225 2960 1297 patris
3009 1225 3066 1280 in
3114 1230 3171 1280 'se
3222 1224 3543 1296 provocavit

1941 1307 2220 1378 affectum,
2271 1311 2365 1384 qui
2397 1313 2700 1384 perfectum
2735 1314 2929 1370 habuit
2961 1314 3016 1368 in
3047 1313 3368 1385 paenitendo
3399 1329 3543 1368 con-

1943 1396 2151 1454 silium.
2203 1400 2562 1470 Jucundatus,
2596 1402 2798 1474 inquit,
2831 1420 2948 1458 sum
2983 1410 3036 1458 et
3065 1401 3320 1474 gavisus:
3366 1424 3386 1449 ¢
3417 1401 3545 1474 quia

1945 1483 2037 1542 hic
2067 1486 2235 1543 frater
2264 1497 2390 1546 tuus
2420 1499 2672 1547 mortuus
2701 1492 2897 1559 fuerat,
2931 1500 2984 1547 et
3014 1491 3252 1557 revixit;
3287 1492 3540 1563 perierat,

1944 1583 1998 1630 et
2028 1576 2287 1633 inventus
2333 1588 2414 1635 est
2465 1581 2626 1648 (Ibid.
2660 1580 2776 1651 24).
2816 1605 2834 1628 ι
2898 1579 3066 1637 Vides
3112 1597 3238 1652 ergo
3279 1595 3544 1636 converso

1945 1665 2064 1721 ﬁlio
2097 1668 2294 1724 stolam
2327 1669 2613 1740 pristinam
2639 1672 2976 1742 poenitentiae
2998 1671 3359 1728 mercimonio
3390 1671 3544 1726 resti-

1946 1762 2142 1824 tutam,
2174 1765 2229 1812 et
2263 1757 2408 1815 votis
2440 1759 2702 1816 omnibus
2731 1761 3036 1817 celebrasse
3066 1747 3272 1832 patrem
3303 1761 3543 1816 reditum

1945 1845 2284 1904 confitentis.
2338 1848 2745 1904 Patrimonium
2777 1850 2923 1905 enim
2964 1848 3239 1921 perditum
3285 1847 3545 1921 baptismi

1946 1935 2191 1994 insinuat
2224 1947 2650 2008 sacramentum,
2696 1939 2753 1995 in
2784 1956 2892 2012 quo
2921 1945 3050 1995 sunt
3077 1945 3276 1994 cuncta
3316 1935 3550 1992 aedificia

1946 2027 2252 2082 caelestium
2282 2029 2585 2084 constituta
2627 2046 2944 2101 regnorum.
2979 2029 3095 2084 Hoc
3123 2028 3217 2083 ille
3246 2026 3414 2093 ﬁlius,
3443 2023 3550 2101 hoc

1947 2124 2047 2185 est,
2095 2117 2276 2173 fidelis
2305 2117 2644 2174 christianus
2691 2119 3000 2174 libertatem
3051 2118 3222 2190 patris
3266 2116 3545 2187 indeptus,

1950 2205 2202 2262 libidinis
2231 2221 2294 2263 ac
2326 2207 2565 2263 luxuriae
2595 2207 2922 2280 contagione
2951 2208 3283 2280 perdiderat,
3307 2214 3361 2261 et
3390 2206 3550 2276 longe

1948 2313 1976 2351 a
2007 2299 2118 2352 Deo
2153 2313 2252 2352 suo
2291 2297 2524 2368 positus,
2565 2297 2844 2369 probrosis
2888 2313 2944 2352 se
2993 2296 3208 2353 actibus
3238 2303 3350 2351 tota
3380 2293 3550 2350 foedi-

1949 2393 2058 2441 tate
2088 2387 2380 2458 polluerat,
2423 2404 2485 2444 ac
2511 2387 2734 2443 diabolo
2769 2386 3131 2458 mancipatus,
3165 2385 3252 2442 cui
3287 2401 3342 2440 se
3372 2382 3548 2456 perdi-

1949 2476 2172 2533 tissima
2198 2478 2614 2534 conversatione
2638 2477 2941 2546 dediderat,
2975 2493 3286 2549 porcorum,
3314 2475 3421 2530 hoc
3445 2480 3546 2539 est,

1950 2566 2368 2622 immundorum
2400 2566 2697 2638 spirituum
2739 2567 2904 2638 cmpit
2948 2581 3202 2622 exercere
3249 2570 3549 2635 pasturam,

1950 2671 2184 2727 quorum
2225 2670 2351 2710 cum
2391 2670 2501 2708 non
2531 2653 2946 2725 permitteretur
2991 2653 3116 2708 cibo
3148 2649 3390 2722 depasci,
3422 2646 3552 2719 quia

1953 2761 2049 2816 per
2079 2743 2260 2800 carnis
2301 2743 2586 2798 obtentum
2635 2742 2988 2798 daemoniacis
3017 2757 3128 2796 non
3174 2746 3386 2813 poterat
3417 2737 3549 2794 sili-

1951 2835 2076 2907 quis
2137 2834 2485 2907 ingurgitari,
2543 2833 2836 2906 utrobique
2883 2833 3148 2900 desertus,
3205 2841 3258 2887 et
3302 2829 3550 2901 undique

1952 2923 2269 2992 destitutus,
2305 2923 2465 2979 bonae
2512 2923 2687 2995 frugis
2736 2921 2922 2994 inopia
2949 2921 3193 2978 defessus
3225 2917 3546 2976 desudabat.

1953 3013 2058 3068 Sed
2089 3029 2362 3081 reversus,
2413 3029 2575 3068 omne
2611 3011 2762 3068 illico
2790 3027 2900 3085 quo
2945 3010 3122 3065 fuerat
3149 3009 3419 3081 privatus,
3448 3023 3550 3062 ac-

1953 3103 2119 3175 cepit,
2168 3110 2222 3158 et
2252 3101 2310 3157 in
2338 3101 2690 3158 concordiam
2732 3100 2900 3174 patris
2948 3107 3200 3172 reputate
3246 3095 3550 3154 substantia

1955 3190 2156 3263 prioris
2184 3190 2542 3262 possessionis
2588 3189 2870 3246 remansit.
2905 3190 3195 3244 Revertere
3224 3203 3352 3259 ergo
3382 3193 3435 3242 et
3465 3193 3548 3249 tu,

1953 3281 2143 3346 frater,
2172 3286 2468 3344 revertere,
2494 3287 2548 3334 et
2574 3295 2643 3334 ex
2675 3286 2892 3334 mortuo
2922 3277 3211 3344 revivisce,
3239 3285 3293 3332 et
3321 3291 3389 3332 ex
3420 3289 3554 3347 per-

1953 3369 2072 3424 dito
2102 3385 2374 3441 reparare.

2027 3458 2255 3515 CAPUT
2283 3457 2410 3514 XX.
2442 3487 2513 3498 —
2541 3456 2748 3524 Quaerit
2777 3473 2936 3512 ovem
2965 3472 3121 3512 suam
3162 3455 3341 3511 bonus
3369 3461 3554 3526 pastor

1955 3556 2250 3616 errantem,
2283 3557 2337 3604 et
2365 3547 2603 3619 amplius
2629 3545 2696 3602 de
2726 3545 2964 3612 invecta,
2995 3561 3158 3618 quam
3188 3543 3256 3600 de
3281 3560 3390 3600 non
3423 3559 3556 3614 per-

1955 3636 2072 3693 dita
2119 3639 2443 3710 gratulatur.
2497 3635 2752 3692 Humeris
2794 3635 3006 3692 revehit
3051 3635 3246 3707 ipsam,
3291 3634 3349 3689 in
3380 3633 3558 3705 gregis

1956 3725 2042 3780 sui
2073 3726 2357 3782 consortio
2386 3726 2622 3798 reponit,
2655 3725 2828 3798 ipsam
2851 3723 3158 3780 diversorio
3189 3722 3380 3796 priscas
3405 3739 3556 3779 secu-

1959 3814 2138 3871 ritatis
2174 3816 2414 3872 includit
2443 3833 2454 3870 :
2494 3831 2594 3872 nec
2623 3815 2858 3871 attendit
2893 3815 3208 3872 relictarum
3240 3829 3557 3879 numerum,

1958 3905 2053 3978 qui
2076 3905 2356 3977 quaerebat
2381 3921 2447 3959 ex
2470 3905 2814 3975 reparatione
2834 3904 3000 3960 unius
3021 3902 3245 3976 perditae
3258 3903 3559 3973 complesse

1959 3995 2234 4066 integrum
2262 3994 2662 4050 centenarium.
2696 3993 3025 4051 Drachmam
3057 3991 3326 4064 perditam
3357 3989 3560 4045 mulier

1960 4082 2316 4139 vehementer
2354 4082 2612 4155 inquirit,
2666 4083 2945 4140 lucernam
2998 4079 3269 4146 accendit,
3329 4079 3557 4134 domum

1963 4171 2145 4244 scopis
2174 4170 2459 4239 emundat,
2489 4181 2543 4227 et
2574 4171 2766 4227 charas
2796 4171 3000 4243 pariter
3025 4186 3090 4224 ac
3118 4167 3330 4222 vicinas
3360 4166 3561 4223 invitat

1961 4260 2031 4316 ad
2079 4259 2338 4331 gaudium
2394 4259 2634 4315 inventae
2690 4259 2984 4315 drachma.
3040 4257 3112 4312 Et
3160 4265 3314 4327 putat
3360 4255 3562 4328 aliquis

1961 4349 2136 4404 Deum
2168 4364 2280 4404 non
2311 4349 2484 4405 laetari
2521 4348 2588 4405 de
2619 4348 2961 4421 reparatione
2991 4345 3264 4412 conversi,
3305 4361 3430 4400 cum
3471 4361 3560 4417 pa-

1964 4442 2206 4498 rabolam
2248 4441 2434 4497 videat
2478 4442 2792 4513 specialiter
2823 4441 2878 4496 in
2910 4456 3196 4512 personam
3241 4439 3561 4511 paenitentis

1963 4531 2183 4604 aptari?
2210 4533 2328 4604 ipso
2356 4531 2572 4588 dicente
2597 4549 2608 4587 :
2657 4557 2674 4580 ι
2703 4532 2839 4588 Dico
2860 4531 3036 4599 vobis,
3065 4531 3146 4587 sic
3164 4531 3270 4586 erit
3300 4530 3559 4601 gaudium

1963 4637 2150 4677 coram
2177 4621 2386 4692 angelis
2415 4621 2514 4676 Dei
2545 4637 2707 4692 super
2732 4637 2844 4676 uno
2871 4628 3150 4692 peccatore
3181 4619 3560 4691 pmnitentiam

1965 4719 2162 4783 agente
2193 4711 2356 4782 (Ibid.
2385 4711 2496 4781 10).
2521 4735 2538 4771 ε
2565 4709 2958 4766 Animadverte
2987 4709 3207 4765 tandem
3233 4708 3561 4766 sententiam

1967 4799 2119 4855 illam
2143 4800 2365 4856 Domini
2387 4801 2742 4872 singularem,
2768 4801 2895 4873 quia
2916 4799 3087 4856 dixit:
3125 4823 3143 4846 ι
3174 4799 3295 4854 Non
3315 4807 3396 4855 est
3427 4814 3565 4872 opus

1965 4889 2113 4945 sanis
2143 4889 2408 4959 medicus,
2440 4889 2533 4945 sed
2556 4890 2696 4946 male
2726 4889 3080 4955 habentibus;
3116 4905 3226 4944 non
3251 4886 3399 4945 enim
3435 4887 3564 4943 veni

1967 4996 2161 5036 vocare
2178 4979 2378 5052 justos,
2402 4979 2495 5036 sed
2519 4989 2830 5052 peccatores
2851 4978 2918 5034 ad
2944 4977 3321 5049 paenitentiam
3345 4975 3559 5044 (Matth.

1970 5087 2046 5138 1x,
2084 5070 2169 5136 12,
2198 5069 2310 5139 13).
2344 5093 2363 5118 ι
2406 5069 2579 5125 Vocat
2610 5085 2737 5141 ergo
2771 5068 3038 5124 Dominus
3081 5067 3150 5124 ad
3180 5064 3562 5139 pamitentiam

1969 5166 2301 5232 peccatores,
2349 5167 2402 5214 et
2433 5167 2585 5230 optat
2636 5157 2881 5215 medicus
2912 5165 3096 5213 noster
3136 5152 3408 5226 languidis
3439 5168 3564 5206 ma-

1969 5248 2050 5320 gis
2078 5247 2352 5320 prodesse,
2384 5263 2546 5320 quam
2578 5248 2749 5304 sanis.
2783 5247 2887 5304 Sed
2922 5263 3033 5302 non
3081 5245 3202 5300 ideo
3225 5243 3405 5314 justos
3431 5258 3562 5314 pra:-

1970 5338 2118 5406 terit,
2168 5339 2297 5412 quia
2327 5346 2636 5412 peccatores
2664 5340 2882 5398 asciscit
2915 5357 2926 5394 :
2984 5354 3110 5393 nam
3136 5335 3413 5407 justorum
3451 5334 3566 5389 vita

1967 5428 2159 5485 divina
2189 5429 2405 5487 vocatio
2450 5436 2553 5500 est,
2599 5429 2743 5488 sicut
2787 5427 3085 5502 nonaginta
3113 5433 3169 5482 et
3204 5439 3402 5480 novem
3433 5439 3566 5482 oves
