4060 6208
466 300 606 360 1083

1483 302 1578 356 AD
1618 299 1852 357 OPERA
1890 297 1947 356 S.
1974 296 2309 356 AMBROSII
2345 297 2725 357 APPENDIX.

3625 301 3774 361 ιοει

464 435 522 490 in
555 431 837 489 montibus
877 432 1193 506 dereliquit,
1225 432 1321 505 qui
1350 447 1516 487 unam
1547 431 1834 488 erraticam
1864 430 2058 504 requi—
2084 432 2136 491 Α
2169 431 2342 502 ponit,
2377 432 2434 487 in
2463 447 2570 504 qua
2599 429 2974 488 Ecclesiarum
3005 431 3225 503 angelos
3255 431 3525 503 increpat,
3577 438 3639 487 ut
3667 433 3776 503 pri.

464 523 596 580 sivit
623 541 636 590 ;
671 522 784 578 illis
812 520 1058 577 debitum
1095 519 1328 578 reddens
1349 520 1580 592 justitiae
1610 520 1918 593 praemium,
1945 520 2063 574 istis

464 612 794 668 beneﬁcium
828 610 1221 668 misericordia:
1270 610 1590 667 collaturus.
1625 611 1740 667 Hoc
1769 611 2064 684 Apostolus

463 700 658 773 probat
686 701 875 757 dicens
912 719 923 757 :
991 724 1010 747 ι
1056 700 1123 756 Ei
1171 706 1350 754 autem
1400 699 1494 772 qui
1543 717 1656 755 non
1702 709 1979 772 operatur,
2010 708 2064 756 et

463 791 639 847 credit
686 791 742 846 in
785 807 933 858 eum,
988 790 1082 863 qui
1130 788 1396 861 justificat
1431 789 1685 862 impium,
1736 797 1954 862 accepta
1983 798 2064 846 est

462 880 600 936 ﬁdes
629 880 747 952 ejus
781 880 838 936 in
875 880 1095 952 justitia
1137 879 1439 935 secundum
1489 881 1830 952 propositum
1878 879 2062 951 gratias

463 970 561 1026 Dei
594 971 768 1040 (Rom.
805 987 878 1036 ιν,
912 970 993 1039 5).
1025 994 1043 1016 ι
1107 968 1354 1042 Denique
1384 967 1679 1024 Dominum
1707 969 1834 1025 audi
1865 969 2064 1041 quibus

457 1057 659 1134 jaculis
691 1059 749 1113 in
779 1059 1086 1131 Evangelio
1117 1059 1279 1116 feriat
1306 1058 1471 1115 corda
1501 1058 1867 1130 peccantium,
1898 1066 1951 1113 et
1983 1057 2063 1112 in-

462 1147 676 1220 telliges
731 1147 924 1219 quanti
982 1148 1178 1204 fecerit
1234 1147 1588 1219 poenitentiae.
1635 1155 2058 1204 sacramentum.

476 1265 494 1288 ι
533 1241 778 1297 Aderant
815 1249 1017 1307 autem,
1063 1239 1272 1313 inquit,
1313 1240 1406 1313 qui
1439 1241 1487 1296 ei
1519 1240 1840 1295 nuntiarent
1870 1239 1936 1295 de
1963 1239 2064 1294 Ga-

465 1331 646 1398 lilzeis,
710 1347 944 1404 quorum
1004 1328 1216 1384 Pilatus
1265 1329 1586 1402 sanguinem
1653 1328 1875 1384 miscuit
1936 1345 2061 1384 cum

462 1418 747 1475 sacriﬁciis
802 1434 1014 1474 eorum.
1069 1418 1222 1474 Tunc
1253 1419 1390 1474 dicit
1436 1418 1550 1474 illis
1596 1419 1795 1474 Jesus:
1856 1419 2065 1474 Putatis

463 1509 592 1582 quia
621 1508 713 1563 isti
744 1507 957 1564 Galilwi
990 1525 1099 1578 prae
1131 1508 1387 1564 omnibus
1424 1509 1665 1565 Galilaais
1697 1509 1901 1564 fuerint
1931 1526 2065 1580 pec-—

460 1605 693 1664 catores,
744 1596 873 1670 quia
930 1597 1063 1652 talia
1112 1598 1252 1669 passi
1305 1597 1481 1653 sunt?
1537 1597 1670 1652 Dico
1719 1596 1895 1664 vobis,
1955 1597 2063 1652 nisi

462 1686 848 1758 paenitentiam
878 1686 1121 1758 egeritis,
1149 1702 1338 1740 omnes
1358 1685 1615 1740 similiter
1636 1684 1885 1757 peribitis
1909 1686 2060 1756 (Luc.

2172 519 2332 576 stinis
2359 520 2596 578 fraudati
2627 520 2910 577 erroribus
2929 519 2997 576 ad
3015 521 3354 592 paenitentiae
3380 521 3628 576 lamenta
3655 537 3780 576 cur-

2172 618 2372 666 ventur
2397 628 2410 676 ;
2444 627 2570 666 nam
2605 610 2873 683 probatur
2897 610 2980 667 sic
3008 611 3278 666 Dominus
3307 611 3521 667 nullius
3546 609 3780 666 deside-

2174 715 2291 754 rare
2363 701 2601 768 ruinam,
2671 699 2768 772 qui
2823 700 3040 757 cadenti
3097 700 3297 773 ingerit
3363 700 3778 772 pceuiteutiam.

2173 789 2383 860 Angelo
2411 789 2649 862 denique
2678 791 2941 846 Ecclesiae
2971 789 3174 861 Ephesi
3202 807 3214 845 :
3286 813 3304 835 ‹
3335 790 3637 859 Memento,
3684 791 3782 846 in-

2174 878 2313 950 quit,
2371 879 2518 936 unde
2571 879 2856 947 cecideris,
2919 888 2973 936 et
3019 896 3116 952 age
3166 878 3572 951 paenitentiam,
3607 888 3664 936 et
3699 880 3780 936 fac

2173 967 2349 1038 prima
2368 985 2566 1040 opera:
2602 969 2688 1025 sin
2717 975 2922 1038 autem,
2956 968 3120 1024 venio
3152 968 3276 1037 tibi,
3308 977 3363 1024 et
3390 967 3631 1024 movebo
3652 986 3781 1025 can-

2173 1056 2457 1113 delabrum
2494 1065 2648 1114 tuum
2682 1058 2748 1114 de
2777 1060 2896 1116 loco
2920 1075 3040 1126 suo,
3089 1058 3194 1114 nisi
3225 1058 3613 1130 pmnitentiam
3643 1077 3782 1131 ege-

2173 1147 2250 1203 ris
2297 1149 2485 1221 (Apoc.
2518 1167 2580 1218 η,
2611 1150 2690 1223 5).
2727 1174 2745 1197 ι
2803 1150 2874 1205 Et
2901 1166 3026 1206 ecce
3055 1157 3238 1205 tamen
3284 1151 3511 1222 angelus
3543 1150 3780 1219 dicitur,

2173 1237 2261 1292 cui
2291 1239 2627 1310 poenitentia:
2672 1257 2802 1296 cura
2832 1242 3230 1313 conversioque
3262 1239 3575 1306 mandatur,
3631 1246 3778 1304 601

2173 1344 2227 1392 et
2272 1336 2338 1391 ad
2370 1336 2553 1409 priora
2600 1353 2763 1409 opera
2799 1336 3134 1410 perﬁcienda
3180 1337 3463 1408 suadetur,
3519 1347 3584 1395 ut
3631 1341 3780 1398 nihil

2173 1427 2419 1483 amisisse
2462 1441 2532 1481 ex
2581 1428 2714 1483 totis
2759 1428 2874 1482 suis
2917 1426 3128 1482 meritis
3179 1428 3484 1484 intimetur.
3535 1429 3781 1487 Gravius

2178 1525 2358 1573 tamen
2392 1517 2635 1572 minatur
2660 1516 2966 1572 admonitio
2996 1517 3374 1589 paenitentiam
3409 1535 3524 1574 non
3565 1522 3774 1592 agenti,

2173 1609 2219 1665 si
2249 1608 2652 1666 contumaciam
2680 1606 2968 1680 pertulerit
2999 1608 3240 1664 indurati
3268 1611 3410 1676 ;erit
3431 1611 3587 1667 enim
3619 1612 3774 1669 inex-

2172 1697 2432 1754 cusabilis
2467 1699 2727 1754 severitas
2755 1697 3009 1766 ultionis,
3057 1699 3102 1753 si
3132 1699 3406 1755 cervicem
3439 1700 3780 1759 indomitam

463 1792 590 1842 XIII,
627 1776 763 1846 1-3).
801 1801 819 1824 ι
881 1778 993 1831 Aut
1023 1775 1104 1830 illi
1152 1774 1338 1831 decem
1371 1783 1424 1830 et
1462 1782 1584 1830 0010
1614 1791 1776 1846 super
1805 1791 1943 1847 quos
1980 1790 2061 1831 σθ’
2093 1793 2135 1853 Β
2173 1803 2282 1842 non
2309 1787 2527 1843 ﬂexerit
2563 1786 2740 1859 prima
2770 1786 3070 1842 correctio:
3131 1794 3184 1842 et
3215 1787 3359 1844 malo
3401 1804 3504 1844 suo
3544 1791 3776 1862 peribit,

460 1863 598 1920 cidit
631 1863 796 1919 turris
827 1863 885 1918 in
915 1863 1083 1930 Siloe,
1111 1870 1161 1919 et
1184 1861 1388 1919 occidit
1428 1880 1538 1930 eos,
1575 1863 1779 1934 putatis
1801 1863 1930 1936 quia
1950 1879 2059 1935 prae

459 1952 674 2010 caeteris
709 1960 1021 2025 peccatores
1052 1952 1280 2021 fuerint,
1333 1953 1430 2026 qui
1485 1952 1806 2009 habitabant
1835 1955 2061 2010 Jerusa-

460 2041 614 2099 lem?
658 2068 674 2090 ε
704 2042 838 2098 Dico
868 2041 1047 2111 vobis,
1089 2042 1196 2098 nisi
1248 2042 1627 2116 paenitentiam
1658 2043 1898 2115 egeritis,
1932 2061 2063 2098 om—

461 2147 557 2186 nes
585 2131 844 2186 similiter
872 2132 1146 2204 peribitis.
1172 2157 1188 2179 ι
1221 2134 1290 2188 Et
1318 2131 1553 2204 subjecit
1581 2132 1649 2187 ad
1680 2132 2060 2205 probationem

465 2219 542 2274 rei
572 2221 1000 2293 comparationis
1044 2223 1383 2292 exemplum,
1435 2221 1686 2277 ficulneae
1716 2221 1928 2276 arboris
1969 2221 2062 2275 fa-

459 2305 617 2362 ciens
648 2310 1007 2376 mentionem,
1051 2327 1172 2382 quaa
1203 2309 1386 2366 fructu
1417 2310 1622 2366 sterilis
1652 2318 1706 2364 et
1736 2310 2062 2382 infrugifera

454 2393 683 2466 jubetur
711 2396 959 2451 abscindi
999 2413 1012 2452 :
1062 2396 1157 2451 sed
1189 2396 1508 2451 interventu
1556 2398 1738 2453 coloni
1772 2397 2059 2455 interitum

459 2487 670 2544 differri
724 2486 1088 2558 permittitur,
1154 2486 1328 2543 donec
1382 2488 1640 2559 congruis
1703 2489 2061 2546 circumfossa

459 2574 716 2643 culturis,
745 2575 1001 2631 adhibito
1031 2575 1272 2648 cophino
1301 2576 1577 2647 stercoris,
1608 2577 1675 2632 ad
1707 2578 2059 2649 proferendos

459 2663 672 2721 fructus
717 2664 1057 2737 pmnitentiae
1107 2665 1413 2721 differatur.
1463 2667 1633 2722 Porro
1663 2666 1710 2722 si
1738 2667 1901 2723 arbor
1938 2684 2057 2740 quae

460 2753 672 2825 generis
720 2753 807 2809 sui
861 2753 1104 2810 fructum
1157 2756 1376 2810 nullum
1425 2754 1620 2824 edidit,
1669 2764 1794 2812 ante
1843 2764 2059 2828 tempus

459 2850 730 2916 praecepta
757 2851 840 2898 est
870 2844 1164 2916 amputari,
1210 2844 1359 2916 quali
1383 2843 1498 2916 jam
1528 2845 1861 2902 ferramento
1892 2853 2060 2902 trun-

458 2933 652 3001 canda,
684 2933 774 2988 vel
803 2931 981 2988 securi
1011 2933 1266 2988 cadenda
1291 2942 1392 3000 est,
1415 2951 1535 3005 quze
1567 2935 1827 3006 vepribus
1855 2935 2054 3004 obsita,

457 3028 511 3076 et
539 3021 714 3092 spinis
755 3020 1078 3090 alienigenis
1126 3021 1451 3093 constipata,
1500 3023 1708 3078 nullam
1759 3023 1953 3079 habuit
2000 3024 2056 3080 in

2171 1878 2264 1951 qui
2313 1875 2705 1933 comminantis
2747 1877 3072 1933 auctoritate
3111 1879 3494 1949 praemonitus,
3541 1880 3777 1936 satisfa-

2170 1964 2371 2021 ctionis
2395 1964 2528 2038 jugo
2557 1965 2864 2038 pervicacia
2879 1965 3022 2022 colla
3041 1983 3153 2022 non
3169 1967 3412 2040 subjicit.
3438 1969 3777 2027 Rediturum

2170 2071 2294 2110 eum
2328 2070 2455 2109 sane
2483 2054 2550 2109 ad
2576 2062 2781 2110 statum
2810 2057 3149 2128 praeteritum
3191 2057 3502 2130 proﬁtetur,
3555 2059 3656 2132 qui
3709 2059 3778 2116 ad

2170 2161 2309 2200 verae
2343 2144 2470 2200 vitae
2501 2145 2740 2201 stadium
2771 2145 3174 2203 decurrendum
3209 2147 3375 2220 digna
3401 2149 3778 2207 confessionis

2169 2233 2485 2290 humilitate
2512 2233 2830 2307 corrigitur.
2888 2236 3005 2292 Hoc
3042 2237 3268 2293 uberius
3299 2238 3463 2310 paulo
3489 2240 3772 2311 posterius

2170 2323 2496 2393 declaratur,
2537 2341 2662 2380 cum
2693 2324 2919 2398 angelus
2949 2325 3211 2383 Ecclesiae
3241 2326 3520 2400 Thyatira:
3569 2329 3774 2401 objur-

2170 2415 2406 2488 gationis
2437 2416 2665 2473 verbere
2694 2417 3036 2489 castigatur:
3095 2441 3114 2466 ι
3142 2417 3349 2487 Habeo,
3399 2419 3616 2493 inquit,
3667 2419 3775 2476 ad-

2170 2523 2388 2563 versum
2418 2515 2475 2563 te
2502 2508 2695 2576 multa,
2747 2509 2879 2580 quia
2916 2507 3155 2565 dimittis
3193 2508 3482 2565 mulierem
3526 2510 3770 2580 Iezabel,

2169 2612 2288 2668 quae
2318 2612 2374 2650 se
2402 2595 2540 2652 dicit
2570 2595 2992 2668 prophetissam,
3026 2605 3080 2652 et
3109 2596 3286 2664 docet,
3319 2605 3372 2652 et
3400 2597 3630 2655 seducit
3663 2617 3773 2656 ser-

2168 2701 2266 2740 vos
2299 2701 2446 2740 meos
2475 2684 2740 2741 fornicari
2774 2693 2826 2741 et
2859 2683 3189 2742 manducare
3223 2686 3290 2742 de
3320 2688 3654 2745 immolatis.
3705 2692 3774 2746 Et

2167 2773 2292 2830 dedi
2340 2773 2425 2829 illi
2455 2782 2671 2846 tempus
2716 2781 2778 2829 ut
2827 2775 3209 2846 paenitentiam
3238 2785 3438 2850 ageret,
3490 2786 3546 2834 et
3588 2779 3778 2836 noluit

2167 2863 2432 2936 paenitere
2478 2881 2509 2919 a
2557 2863 3021 2921 fornicationibus
3069 2863 3215 2922 suis:
3265 2873 3319 2921 et
3359 2867 3580 2923 mittam
3616 2869 3772 2925 illam

2168 2955 2225 3010 in
2259 2955 2496 3021 lectum;
2540 2961 2594 3009 et
2620 2953 2714 3025 qui
2744 2954 3091 3010 moechantur
3116 2972 3242 3012 cum
3270 2972 3353 3023 ea,
3392 2957 3451 3012 in
3484 2957 3772 3016 tribulati-

2166 3060 2270 3099 one
2298 3059 2493 3115 magna
2522 3050 2704 3111 erunt,
2737 3042 2844 3099 nisi
2873 3044 3251 3115 paenitentiam
3293 3046 3503 3119 egerint
3532 3046 3609 3104 ab
3640 3066 3774 3107 om-

457 3112 542 3165 sui
574 3108 972 3165 restauratione
992 3111 1263 3166 culturam
1283 3111 1310 3166 ?
1339 3111 1475 3167 Nam
1498 3113 1811 3184 exemplum
1841 3113 2052 3169 arboris
2084 3148 2128 3209 α
2165 3133 2328 3188 nibus
2362 3108 2619 3204 {pel-ibus
2647 3108 2761 3189 silis
2792 3151 2803 3189 ε
2853 3108 2908 3190 έι
2946 3134 3091 3190 ﬁlios
3120 3134 3236 3207 ejus
3275 3108 3616 3195 ίηῖθιιίίείαιῃ
3660 3140 3770 3211 sla.

457 3197 768 3254 similitudo
796 3205 878 3253 est
906 3198 1150 3254 hominis
1179 3199 1378 3268 ﬁdelis,
1429 3200 1524 3274 qui
1565 3201 1691 3256 ﬁdei
1723 3218 1832 3258 suae
1867 3201 2052 3258 fructu

449 3288 695 3362 jejunus,
738 3289 880 3346 nihil
912 3289 1060 3364 quod
1089 3290 1155 3346 ad
1187 3291 1385 3347 futurae
1416 3292 1531 3364 spei
1568 3294 1783 3348 lucrum
1814 3292 2054 3364 proﬁce-

452 3395 557 3455 ret,
591 3386 894 3458 cogitavit;
938 3388 1180 3459 plantata
1210 3389 1356 3444 enim
1390 3390 1446 3445 in
1494 3390 1657 3447 vinea
1685 3390 1882 3460 fuerat,
1933 3407 2053 3463 quae

455 3479 618 3535 vinea
649 3479 960 3550 specialiter
1005 3481 1253 3552 designat
1288 3482 1618 3549 Ecclesiam,
1672 3484 1726 3537 in
1760 3499 1866 3554 qua
1893 3483 2055 3538 arbor

450 3568 628 3622 fuerat
664 3568 761 3622 illa
807 3570 1051 3639 plantata
1081 3587 1093 3623 :
1141 3569 1233 3624 sed
1265 3570 1445 3624 cultor
1483 3569 1649 3641 hujus
1698 3572 1871 3626 vineae
1901 3571 2054 3627 illius

449 3654 749 3711 sacerdotis
796 3671 1028 3726 persona
1076 3656 1297 3711 videtur
1343 3656 1613 3727 exprimi,
1666 3659 1761 3730 qui
1804 3658 2051 3714 scrobem

450 3743 782 3798 infructuosi
831 3742 1090 3814 plantarii
1118 3745 1336 3800 cultura
1365 3744 1773 3800 dominicorum
1805 3756 2054 3804 exerceat

451 3840 849 3904 praeceptorum
885 3849 896 3887 :
948 3839 1002 3888 et
1032 3834 1290 3889 stercoris
1318 3833 1558 3906 cophino
1598 3833 1936 3906 poenitentia:
1962 3837 2050 3893 de-

449 3921 699 3994 signatur
742 3922 1005 3978 oﬁicium.
1055 3922 1212 3990 Quod
1251 3923 1297 3978 si
1351 3923 1592 3979 inveniri
1639 3925 1696 3979 in
1737 3941 1800 3981 ea
1839 3925 2052 3984 fructus

450 4019 573 4084 post
600 4010 926 4068 dilationem
959 4013 1222 4084 temporis
1264 4013 1492 4068 omnino
1535 4029 1646 4068 non
1680 4022 1881 4085 posset,
1923 4031 2050 4072 con-

449 4101 609 4156 vulsa
629 4101 685 4156 in
709 4102 898 4159 futuro
919 4103 1184 4159 radicitus
1208 4111 1568 4171 exaresceret,
1597 4103 1701 4160 hoc
1729 4111 1828 4172 est,
1861 4104 2050 4162 futuro

447 4189 689 4247 abscissa
715 4191 932 4263 judicio
980 4200 1240 4265 tanquam
1278 4193 1414 4264 ligni
1447 4192 1662 4248 inutilis
1699 4192 1910 4265 abjecta
1939 4211 2047 4250 ma-

447 4280 631 4348 teries,
668 4283 928 4354 pabulum
957 4282 1150 4340 effecta
1179 4283 1370 4339 aeterni
1411 4283 1556 4353 ignis
1587 4282 1836 4351 arderet;
1879 4300 2048 4357 quan-

447 4385 609 4442 quam
641 4370 746 4428 hoc
791 4380 845 4428 et
881 4372 948 4428 de
977 4371 1199 4429 Christo
1226 4371 1397 4444 possit
1425 4378 1479 4427 et
1507 4371 1574 4427 de
1603 4371 1761 4444 plebe
1793 4372 1909 4446 (33)
1957 4374 2048 4430 Ju-

447 4461 604 4518 daica
631 4460 938 4518 subaudiri.

518 4571 746 4630 CAPUT
777 4572 1014 4628 XXI.-—
1035 4571 1210 4630 Credo
1237 4573 1352 4628 tuis
1377 4572 1628 4629 sensibus
1657 4572 1744 4630 his
1773 4574 2046 4646 probatio-

447 4660 631 4728 nibus,
664 4676 784 4732 quaz
815 4660 998 4717 studio
1025 4660 1092 4716 de
1122 4660 1359 4716 inﬁrmis
1391 4661 1600 4733 ingenti
1631 4662 1697 4717 ad
1727 4663 2046 4734 erigendum

445 4750 693 4806 animum
734 4757 892 4804 tuum
945 4749 1434 4824 suscitandumque
1496 4750 1850 4822 protulimus,
1917 4754 2047 4810 satis

447 4840 772 4912 abundeque
805 4840 1087 4909 claruisse,
1139 4839 1218 4896 ita
1263 4842 1438 4896 Deum
1471 4840 1866 4897 misericordiae
1913 4841 2048 4898 fon-

446 4940 556 4988 tem
602 4931 749 4986 nolle
805 4929 1093 4986 interitum
1145 4931 1509 5003 peccantium,
1571 4933 1663 4989 sed
1711 4933 2081 5006 ﬂagitiosum-

447 5021 618 5094 magis
666 5019 866 5076 habere
911 5028 1266 5079 correctum:
1309 5029 1371 5077 ut
1419 5031 1636 5095 quantae
1684 5031 2046 5079 numerantur

446 5111 687 5180 offensae,
738 5119 892 5167 tanta
943 5111 1016 5166 sit
1044 5111 1188 5167 actio
1237 5112 1598 5183 poenitentiae.
1645 5113 1765 5168 Non
1797 5112 2043 5184 desperet

446 5201 656 5257 reditus
721 5200 808 5257 sui
863 5199 1313 5256 reformationem
1377 5201 1629 5270 celerem,
1701 5201 1794 5274 qui
1857 5200 2045 5257 audiat

446 5291 627 5364 ipsum
652 5291 954 5349 Dominum
984 5291 1261 5364 peccatori
1291 5290 1672 5364 paenitentiam
1702 5289 2040 5347 suadentem.

446 5382 562 5439 Hoc
591 5383 902 5454 expressius
930 5381 1293 5455 Apocalypsis
1329 5381 1634 5440 beatissimi
1678 5381 1904 5438 Joannis
1935 5399 2043 5438 ex—

521 5544 638 5616 (33)
678 5544 829 5601 Edit.
881 5552 935 5601 et
968 5561 1069 5601 ms.
1104 5543 1285 5613 Sorb.,
1321 5546 1414 5600 hoc
1441 5545 1503 5600 de
1549 5544 1758 5600 Christo
1786 5544 1961 5615 possit
1987 5543 2044 5599 in

440 5615 608 5688 plebe.
655 5615 728 5688 Et
752 5616 919 5685 infra,
959 5617 1040 5671 his
1072 5617 1475 5687 probationibus
1498 5617 1753 5688 patuisse,
1793 5634 1909 5686 qua:
1935 5622 2042 5671 stu-

446 5685 533 5752 dio
574 5687 637 5741 de
681 5687 912 5769 inﬁrmis
961 5685 1350 5771 unguentis..."
1401 5685 1744 5773 protulimus,
1797 5685 2041 5744 abunde-

2164 3221 2257 3277 dio
2288 3240 2300 3289 ;
2335 3229 2388 3278 et
2418 3222 2593 3278 scient
2624 3239 2815 3278 omnes
2843 3224 3122 3291 Ecclesiae,
3164 3225 3292 3297 quia
3321 3242 3420 3297 ego
3451 3243 3580 3282 sum
3618 3246 3772 3285 εει-ιιι

2163 3317 2307 3365 tator
2335 3309 2516 3367 cordis
2546 3317 2601 3366 et
2631 3327 2848 3379 renum,
2891 3311 2985 3385 qui
3017 3312 3186 3369 reddo
3216 3313 3518 3388 unicuique
3548 3333 3767 3373 secun-

2163 3398 2295 3454 dum
2327 3399 2470 3456 facta
2497 3417 2594 3456 sua
2626 3401 2814 3472 (Apoc.
2852 3418 2910 3468 II,
2939 3400 3153 3468 2023).
3186 3425 3203 3449 ι
3247 3402 3391 3470 Quid
3420 3421 3555 3460 vero
3590 3415 3769 3477 potest

2165 3488 2480 3557 humanius,
2523 3489 2655 3562 quid
2683 3489 3012 3546 clementius
3041 3491 3151 3547 dici
3172 3492 3201 3548 ?
3238 3515 3256 3539 ι
3277 3493 3346 3547 Ει
3375 3492 3524 3561 dedi,
3551 3495 3766 3568 inquit,

2162 3577 2245 3633 illi
2277 3585 2491 3649 tempus
2520 3586 2581 3633 ut
2609 3579 2990 3651 paenitentiam
3032 3587 3234 3652 ageret,
3267 3590 3320 3638 et
3369 3583 3551 3639 noluit
3589 3584 3768 3656 pceui-

2162 3674 2294 3723 tere.
2321 3693 2339 3716 ι
2371 3668 2490 3724 Non
2514 3668 2698 3737 habes,
2725 3677 2994 3741 peccator,
3015 3687 3126 3726 non
3141 3671 3306 3728 habes
3328 3673 3478 3744 quod
3495 3690 3757 3731 excuses:

2162 3774 2272 3813 non
2303 3767 2384 3814 est
2408 3758 2552 3832 quod
2583 3775 2708 3815 cum
2739 3775 2900 3814 causa
2931 3759 3168 3828 dubites,
3201 3777 3313 3817 non
3342 3771 3424 3818 est
3457 3762 3612 3835 quod
3645 3764 3768 3821 sine

2161 3865 2323 3905 causa
2359 3848 2654 3921 desperes;
2710 3849 2797 3904 his
2844 3857 2898 3905 te
2943 3849 3011 3906 ad
3054 3851 3434 3909 confitendum
3488 3855 3768 3926 exemplis

2159 3939 2462 4010 accingere,
2511 3937 2598 3994 his
2631 3937 2699 3993 ad
2729 3938 3109 4012 paenitentiam
3135 3940 3484 3998 documentis
3521 3961 3762 4000 armare.

2230 4031 2457 4089 CAPUT
2496 4031 2674 4087 XXII.
2726 4061 2797 4071 —
2838 4031 3035 4089 Differt
3064 4033 3212 4089 enim
3239 4035 3512 4091 Dominus
3539 4052 3763 4108 prauam

2159 4129 2220 4177 ut
2251 4121 2495 4177 inveniat
2528 4119 2912 4192 paenitentiam
2942 4139 2953 4176 :
3000 4128 3054 4177 et
3088 4123 3383 4180 moraturis
3422 4131 3587 4180 utens
3631 4142 3766 4198 spa-

2157 4211 2270 4278 tiis,
2331 4211 2563 4283 protelat
2616 4209 2976 4281 patientiam;
3051 4227 3120 4278 ne
3168 4213 3386 4269 amittat
3438 4214 3764 4284 clementia,

2157 4300 2303 4375 quod
2335 4299 2526 4356 debuit
2553 4297 2673 4354 fieri
2708 4315 2957 4355 censura.
3006 4299 3128 4355 Non
3159 4301 3437 4372 praterita
3463 4303 3612 4358 mala
3641 4320 3763 4376 spe-

2157 4399 2286 4460 ctat,
2337 4406 2448 4446 non
2479 4396 2658 4445 errata
2686 4397 2992 4460 computat,
3042 4390 3136 4446 sed
3174 4399 3422 4448 correcta
3450 4392 3759 4449 collaudat.

2163 4479 2338 4536 Habes
2383 4479 2713 4551 promissum
2768 4477 2836 4533 ad
2866 4479 3247 4550 pmnitentiam
3295 4481 3580 4537 suadentis
3631 4482 3757 4550 tibi,

2161 4572 2207 4626 si
2241 4586 2352 4626 non
2382 4568 2723 4642 poenitueris,
2749 4568 3082 4639 imputabit:
3122 4568 3396 4626 «Etdedit
3418 4571 3526 4639 illi,
3550 4571 3758 4644 inquit,

2155 4667 2372 4732 tempus
2401 4667 2461 4715 ut
2488 4658 2869 4730 poenitentiam
2901 4665 3103 4730 ageret,
3136 4667 3190 4715 et
3220 4660 3400 4716 noluit
3426 4662 3742 4732 pmnitere.‘

2157 4752 2298 4808 Huic
2325 4751 2506 4807 simile
2527 4751 2911 4823 propheticum
2945 4750 3113 4808 illud:
3154 4775 3172 4798 ι
3197 4751 3267 4807 Et
3296 4751 3440 4820 dixi,
3461 4767 3756 4826 pos:quam

2155 4842 2425 4898 fornicata
2451 4849 2531 4896 est
2566 4841 2755 4895 omnia
2785 4840 2931 4896 haec:
2985 4839 3072 4896 Ad
3112 4857 3198 4896 me
3229 4850 3526 4909 revertere,
3573 4853 3630 4899 et
3661 4860 3756 4899 uo-

2156 4932 2261 4988 luit
2300 4931 2369 4988 ad
2399 4947 2484 4986 me
2515 4930 2714 4986 reverti
2765 4930 2980 5001 (Jerem.
3011 4947 3097 4998 in,
3130 4929 3211 5000 7).
3242 4954 3259 4977 ι
3323 4930 3597 4988 Caeterum
3628 4933 3676 4988 si
3707 4941 3759 4989 te

2155 5022 2213 5077 in
2243 5020 2640 5093 desperationis
2670 5019 2941 5092 gurgitem
2971 5020 3298 5075 enormitate
3327 5028 3552 5076 tuorum
3583 5024 3756 5079 scele-

2154 5127 2276 5167 rum
2307 5111 2676 5167 circumactus
2705 5107 2988 5180 abjeceris,
3036 5117 3131 5165 aut
3168 5108 3387 5166 itineris
3418 5110 3503 5165 tui
3533 5109 3755 5168 dubita-

2153 5200 2299 5255 veris
2365 5215 2609 5271 represso
2674 5197 2844 5270 gradu
2897 5197 3202 5269 exstirpare
3251 5200 3585 5272 congeriem,
3667 5203 3756 5258 vel

2152 5289 2391 5346 sinistrae
2420 5288 2619 5345 mentis
2649 5287 2909 5361 prolapsu
2947 5287 3217 5346 declivior
3257 5289 3315 5344 in
3355 5305 3595 5362 pronum
3626 5309 3755 5349 ver-

2154 5380 2335 5453 gentia
2359 5379 2600 5435 adducas
2628 5377 2844 5434 lubrica
2871 5379 3271 5436 exercitatione
3301 5381 3561 5454 vestigia,
3592 5381 3758 5440 illico

2151 5541 2565 5670 qu-etclaruisse;
2615 5541 2769 5599 Rem.
2805 5557 2908 5599 ms.
2939 5549 3172 5618 utroque
3206 5541 3346 5611 loco,
3402 5551 3465 5602 ut
3511 5543 3572 5601 iu
3621 5561 3757 5603 con-

2151 5622 2243 5670 tex
2271 5629 2326 5670 u.

2150 5622 2326 5670 textu.
