4026 6172
219 338 358 398 1085

1310 342 1406 399 DE
1445 319 1907 404 POENITENTIA
1945 346 2154 410 LIBER
2194 353 2395 411 UNUS.

3380 366 3515 424 1086

216 469 316 527 tibi
364 485 486 560 spes
535 469 737 560 amissa
781 469 1143 542 reparationis
1189 471 1473 542 adimitur,
1527 475 1703 548 rapiet
1746 484 1802 533 te
1849 482 1894 541 A
1925 481 2210 552 quaesisses
2256 481 2502 551 evadere,
2539 491 2634 539 aut
2665 483 2710 540 si
2761 485 2903 557 fuga
2931 485 3116 544 aditus
3155 487 3518 560 prmberetur,

213 559 440 616 sorbens
469 559 529 616 in
553 558 849 631 abruptum
898 575 1096 634 vorago
1125 561 1459 632 facinorum,
1489 564 1819 622 claudentur

214 649 361 706 oculi
393 647 480 704 tui
511 656 672 704 nocte
702 648 938 720 peccati,
971 665 1038 704 ne
1068 649 1184 705 veri
1214 650 1445 708 luminis
1469 652 1695 711 videant
1718 672 1818 711 ra-

211 737 368 795 dium
399 737 796 811 permicantem
834 753 847 805 ;
890 738 1084 795 mortis
1118 755 1176 796 se
1218 741 1436 798 caecitas
1481 753 1737 822 opponet,
1760 755 1812 804 et

212 845 308 900 per
350 829 542 885 ludum
592 826 882 900 quemdam
925 827 1034 885 huc
1081 838 1244 902 atque
1287 831 1424 890 illuc
1472 840 1527 888 te
1562 833 1814 893 circum—

209 918 419 975 ducent
461 918 639 990 angeli
686 916 1019 990 deceptores.
1069 919 1228 976 Fient
1277 921 1380 978 tibi
1428 931 1580 995 grata
1610 935 1812 983 cuncta

209 1008 437 1080 ﬂagitia,
457 1017 512 1065 et
545 1008 808 1080 peccandi
837 1009 1062 1066 licentia
1083 1009 1184 1066 tibi
1205 1012 1450 1083 poenitus
1470 1015 1798 1074 allubescet:

209 1097 421 1155 tenebit
448 1104 502 1153 te
521 1096 778 1153 diabolus
805 1097 908 1153 sub
938 1115 1031 1170 spe
1063 1099 1336 1157 libertatis
1361 1103 1644 1162 addictum
1666 1106 1808 1178 (34),

209 1193 273 1242 ut
297 1186 372 1242 sit
427 1185 530 1242 tibi
578 1186 813 1242 liberum
848 1204 1090 1260 peccare,
1142 1205 1254 1246 non
1283 1191 1491 1248 vivere.
1527 1195 1638 1251 Nec
1667 1195 1811 1252 sinet

207 1282 262 1331 te
287 1275 562 1347 respicere
595 1283 720 1331 ante
752 1276 846 1348 qui
885 1277 1084 1346 fueras,
1115 1294 1241 1334 cum
1265 1279 1643 1339 blandimento
1670 1300 1809 1356 pec-

206 1363 389 1432 candi,
413 1364 707 1421 dulcedine
738 1372 791 1421 te
820 1365 1119 1423 criminum
1171 1369 1572 1440 pellacissimus
1601 1390 1810 1431 avoca-

204 1453 351 1510 verit
385 1470 397 1508 :
427 1461 481 1510 et
514 1461 576 1510 ut
609 1455 776 1510 semel
811 1453 1071 1525 dixerim,
1129 1458 1206 1514 ita
1251 1465 1306 1514 te
1331 1461 1599 1532 pereundi
1628 1464 1809 1521 suavi-

201 1554 318 1602 tate
336 1545 599 1619 decipiet,
617 1555 679 1602 ut
698 1547 1083 1605 delectabilius
1103 1550 1321 1609 tibimet
1338 1551 1591 1610 videatur
1606 1555 1806 1627 perire,

201 1636 388 1709 potius
417 1652 580 1710 quam
630 1637 830 1693 redire.
887 1638 1061 1694 Omne
1105 1656 1340 1713 namque
1371 1653 1652 1714 peccatum
1686 1647 1805 1704 abs-

201 1739 311 1796 que
342 1725 428 1780 sui
457 1724 823 1782 delectatione
852 1742 962 1781 non
993 1728 1220 1799 geritur,
1255 1747 1354 1786 nec
1385 1731 1521 1789 alias
1551 1733 1806 1791 invisca-

200 1829 259 1870 re
312 1814 439 1886 (35)
489 1815 738 1872 animum
791 1816 1012 1888 poterit,
1057 1817 1164 1874 nisi
1225 1821 1495 1877 suavitate
1545 1822 1804 1880 desiderii

199 1900 425 1972 illiciat,
456 1918 619 1977 quem
664 1903 981 1978 deceperit;
1035 1906 1227 1978 dulcis,
1258 1908 1408 1965 enim
1458 1910 1709 1981 mistura,
1751 1921 1804 1969 et

199 1994 394 2050 suavis
423 1993 496 2051 sit
524 2011 741 2051 necesse
771 2003 852 2052 est
882 1996 1137 2054 faucibus
1167 1999 1390 2056 lethalis
1419 2002 1604 2074 poculi
1633 2003 1806 2060 fune—

194 2091 284 2138 sta
319 2083 612 2152 confectio,
647 2101 714 2140 ne
742 2085 1130 2144 amaritudinis
1159 2089 1338 2162 prima
1366 2090 1558 2147 libatio
1588 2101 1808 2150 revocet

196 2173 572 2231 haurientem.
615 2175 706 2232 Sic
744 2175 982 2249 denique
1010 2177 1192 2234 visum
1240 2186 1322 2235 est
1351 2181 1570 2238 mulieri
1601 2183 1806 2256 primi-

195 2263 330 2320 tiva:
362 2262 571 2320 bonum
607 2281 722 2321 esse
752 2265 821 2322 ad
869 2275 1159 2339 aspectum
1209 2275 1264 2324 et
1313 2268 1473 2327 dulce
1521 2271 1589 2328 ad
1618 2271 1804 2328 cibum

195 2352 414 2409 arboris
474 2351 626 2410 illius
683 2371 979 2424 venenum,
1030 2355 1192 2428 cujus
1239 2366 1524 2432 postquam
1572 2363 1807 2420 mentita

193 2449 278 2498 est
324 2440 614 2500 suavitatis
673 2444 840 2501 labris
887 2445 1248 2515 comedentis,
1294 2446 1485 2506 infecit
1514 2451 1805 2507 morientis

192 2532 432 2591 haustus
461 2536 706 2593 violenta
734 2537 1034 2608 subtilitas,
1061 2539 1208 2611 quod
1239 2539 1430 2610 vigens
1457 2555 1521 2596 ac
1550 2539 1805 2596 vividum

194 2624 486 2694 manebat,
515 2626 822 2695 exstinxit;
856 2636 909 2683 et
936 2628 994 2684 in
1034 2628 1370 2685 contrarium
1418 2645 1513 2702 per
1538 2629 1803 2703 intempe-

199 2714 447 2771 rantiam
481 2715 852 2773 recidentibus
899 2717 1064 2786 votis,
1115 2717 1184 2774 ad
1224 2719 1485 2776 exsilium
1527 2719 1723 2777 mundi
1751 2728 1805 2777 et

193 2807 577 2878 spectaculum
609 2806 795 2863 saeculi
835 2806 901 2863 de
916 2807 1169 2879 paradiso
1183 2807 1547 2865 beatitudinis
1575 2817 1629 2866 et
1669 2826 1803 2882 prae.

191 2893 296 2950 dio
330 2894 643 2952 securitatis
671 2895 852 2967 ejecit.

258 3000 502 3059 CAPUT
524 3003 728 3060 XXIII.
760 3035 832 3046 —
858 3003 968 3061 Oro
993 3011 1068 3073 te,
1101 3005 1290 3075 frater,
1322 3005 1440 3063 haec
1468 3013 1700 3075 metuas,
1722 3006 1803 3064 fu-

184 3092 313 3164 gias
345 3099 399 3148 et
427 3110 798 3166 expavescas;
845 3111 947 3150 nec
995 3096 1218 3167 patiaris
1266 3096 1560 3153 inimicum
1595 3098 1661 3154 de
1710 3106 1804 3154 tua

190 3183 518 3256 perditione
549 3185 801 3257 gaudere,
831 3194 884 3241 et
915 3185 972 3240 in
994 3193 1291 3258 conspectu
1317 3187 1415 3242 Dei
1446 3188 1800 3259 supercilium
1836 3224 1880 3284 Ο

195 3274 406 3330 eﬂ‘erre
451 3273 700 3332 victoris.
754 3273 898 3331 Cave
955 3275 1194 3332 reditum
1240 3283 1447 3348 septem
1504 3277 1804 3350 spirituum

187 3362 640 3432 immundorum,
693 3364 894 3438 quibus
924 3381 981 3422 se
1027 3365 1222 3436 ducem
1256 3366 1526 3422 malorum
1552 3367 1800 3423 omnium

185 3453 436 3511 sociavit
465 3463 712 3511 octavus.
746 3455 816 3510 Et
854 3471 979 3511 cum
1015 3471 1184 3510 unum
1207 3471 1370 3512 nemo
1419 3457 1658 3529 patiatur
1688 3459 1800 3514 dia-

186 3542 416 3611 bolum,
459 3543 584 3616 quis
649 3552 774 3602 octo
831 3545 1106 3601 sustinere
1160 3546 1345 3602 valeat
1388 3547 1741 3603 dominatum
1773 3549 1803 3605 ‘I

181 3632 436 3688 Domino
465 3632 715 3690 dicente:
765 3659 783 3683 ‹
813 3634 952 3692 Cum
982 3634 1308 3692 immundus
1336 3635 1569 3709 spiritus
1603 3637 1801 3694 exierit

178 3721 252 3793 ab
289 3722 543 3791 homine,
582 3725 877 3795 pertransit
924 3724 1042 3782 loca
1092 3724 1378 3799 inaquosa,
1427 3741 1676 3799 quaerens
1715 3743 1796 3783 re-

180 3811 403 3885 quiem,
433 3820 486 3868 et
515 3829 626 3869 non
658 3812 968 3884 inveniens,
993 3814 1131 3871 dicit
1164 3832 1176 3870 :
1211 3817 1475 3874 Revertar
1495 3817 1551 3872 in
1568 3815 1797 3874 domum

185 3917 398 3967 meam,
431 3918 463 3956 a
511 3918 619 3973 qua
665 3904 906 3960 exieram
944 3922 956 3961 :
1008 3913 1062 3961 et
1105 3921 1356 3963 reversus
1410 3905 1630 3963 invenit
1677 3923 1796 3964 eam

181 3995 499 4056 vacantem,
530 3990 846 4046 mundatam
882 3993 1081 4064 scopis,
1127 4001 1180 4048 et
1221 3995 1602 4066 compositam.
1637 3996 1792 4054 Tunc

178 4075 350 4134 vadit
379 4085 432 4132 et
458 4076 681 4133 adducit
723 4094 908 4136 secum
942 4081 1080 4138 alios
1108 4090 1316 4154 septem
1346 4085 1576 4156 spiritus
1604 4087 1794 4160 nequi-

177 4183 316 4225 ores
345 4181 424 4234 se,
455 4173 510 4222 et
538 4166 768 4239 ingressi
799 4167 1127 4224 habitabunt
1157 4171 1274 4227 illic
1299 4191 1310 4228 :
1357 4180 1410 4228 et
1437 4173 1572 4230 ﬂent
1604 4177 1788 4231 novis-

177 4259 332 4318 sima
374 4255 529 4313 illius
582 4256 827 4314 hominis
872 4256 1059 4330 pejora
1104 4258 1381 4331 prioribus
1426 4262 1642 4334 (Matth.
1683 4281 1787 4333 xu,

175 4357 401 4428 43-45).
426 4381 446 4407 ι
488 4356 546 4413 Si
587 4363 640 4412 te
671 4356 958 4413 obsidione
1003 4355 1202 4414 bellica
1231 4367 1448 4432 septum
1479 4377 1677 4418 manus
1705 4379 1792 4421 ac-

174 4456 422 4528 cepisset
467 4451 708 4521 hostilis,
753 4460 806 4508 et
845 4451 947 4508 sub
977 4451 1292 4510 incursione
1320 4454 1606 4512 barbarica
1635 4464 1789 4514 tenu-

174 4546 317 4602 isset
368 4542 641 4615 praedonis
686 4556 827 4599 urna
872 4541 1176 4614 captivum,
1208 4560 1346 4616 quos
1383 4543 1544 4601 ﬂetus
1573 4546 1779 4616 ederes,

173 4647 322 4706 quos
348 4629 586 4702 eiulatus
613 4628 791 4699 dares,
822 4646 944 4704 quae
989 4632 1228 4688 lamenta
1260 4631 1496 4703 jactares
1522 4635 1550 4691 ?
1580 4635 1782 4708 Ageres

171 4720 338 4777 omni
368 4719 458 4775 die
490 4727 758 4793 nocteque
786 4719 1108 4792 suspirium,
1129 4737 1241 4777 non
1259 4721 1445 4778 cibum
1477 4740 1772 4797 quaereres,

172 4819 375 4882 potum
428 4824 541 4864 non
593 4807 949 4878 desiderares,
1023 4808 1114 4866 siti
1173 4809 1476 4867 exhaustus
1529 4820 1584 4868 et
1636 4814 1782 4870 fame

170 4906 433 4967 enectus,
467 4899 582 4956 sola
612 4900 670 4955 in
699 4909 752 4956 te
781 4914 982 4974 asperae
1021 4901 1162 4958 cutis
1209 4903 1437 4960 ariditas
1483 4913 1537 4962 et
1585 4922 1782 4980 rugosa

169 4989 384 5046 macies
411 4997 714 5062 appareret,
765 4991 962 5063 rigeret
1007 5000 1264 5049 concreta
1309 4992 1566 5051 sordibus
1596 5013 1776 5066 coma,

167 5089 221 5136 et
249 5079 474 5136 hirsuta
517 5079 763 5136 caesaries
808 5081 1132 5154 squallentis
1163 5083 1410 5151 verticis,
1464 5085 1777 5156 promissae-

167 5185 275 5242 que
333 5168 518 5225 barhaa
547 5168 799 5241 impressi
845 5177 997 5226 artus
1026 5169 1333 5239 horrerent,
1366 5173 1770 5244 patrimonium

170 5252 434 5318 redderes
488 5259 855 5334 redemptoris
882 5261 985 5318 sub
1029 5262 1230 5336 gladio,
1265 5263 1552 5322 districtus
1581 5267 1774 5326 ambu-

168 5351 314 5408 lares
359 5349 561 5421 nudus,
608 5367 826 5436 panper.
858 5360 1020 5426 atque
1059 5353 1213 5410 omni
1262 5371 1425 5412 sensu
1467 5356 1768 5417 evolutus:

242 5503 366 5576 (34)
398 5504 500 5577 Alta
545 5503 723 5577 codex
773 5503 969 5573 Rem.;
1015 5504 1154 5563 edit.
1200 5522 1351 5577 vero,
1385 5507 1628 5566 diabolus
1664 5527 1773 5569 sua:

171 5575 407 5631 libertati
432 5576 721 5633 addictum.

237 5647 374 5729 (35)
402 5647 580 5730 Edit.,
627 5665 718 5704 nec
755 5647 896 5709 alias
923 5648 1156 5707 inescare
1182 5667 1206 5718 ;
1244 5652 1420 5714 codex
1448 5655 1627 5730 Rem.,
1677 5672 1767 5714 nec

169 5718 311 5777 alias
341 5718 621 5780 inviscare.

1927 568 2030 625 sub
2079 569 2322 626 maximo
2351 572 2594 630 incertus
2622 573 2942 632 discrimine
2985 577 3332 635 meditareris
3362 579 3520 652 peri-

1925 660 2109 714 culum
2143 677 2413 734 superare.
2449 663 2739 737 Captivum
2763 673 2817 721 te
2847 674 2996 723 tenet
3014 677 3205 724 auctor
3224 671 3517 738 scelerum,

1925 748 2164 806 vinculis
2210 767 2324 806 non
2369 752 2580 821 ferreis,
2625 755 2720 810 sed
2760 756 2968 812 catenis
3016 757 3186 814 habet
3216 758 3512 815 criminum

1923 845 1977 894 te
2028 839 2305 911 ligatum:
2350 843 2640 915 compedes
2687 845 2790 900 tibi
2843 847 3093 903 libidinis
3145 848 3430 920 imposuit,
3465 856 3519 904 et

1925 927 2168 1001 undique
2208 939 2260 986 te
2288 931 2455 1004 sepsit
2479 934 2701 990 arctiori
2751 937 3039 992 custodia:
3076 939 3247 1010 legem
3278 938 3380 994 tibi
3411 938 3517 994 de-

1927 1015 2010 1072 dit
2039 1028 2098 1073 ut
2149 1019 2358 1076 licitum
2391 1029 2546 1093 putes
2579 1039 2742 1079 omne
2791 1024 2940 1096 quod
2980 1042 3089 1080 non
3123 1027 3286 1083 licet:
3321 1029 3514 1083 vivum

1927 1112 1980 1161 te
2009 1114 2225 1164 aeternae
2275 1110 2470 1165 mortis
2502 1112 2660 1167 fovea
2691 1113 2956 1170 demersit
2993 1132 3004 1181 ;
3039 1123 3094 1170 et
3123 1132 3232 1171 non
3271 1116 3515 1188 ingemi-

1920 1194 2026 1250 scis
2073 1197 2264 1252 salutis
2299 1208 2402 1255 tuae
2429 1199 2715 1270 damnum,
2745 1204 2860 1274 spei
2891 1214 3110 1260 aeterna:
3137 1206 3512 1278 dispendium,

1919 1289 1973 1336 et
2015 1282 2142 1338 vitae
2189 1294 2463 1357 perpetuae
2498 1289 2895 1348 detrimentum
2930 1295 2958 1350 ‘I
3010 1294 3226 1351 Incedis
3260 1303 3515 1367 comptus

1919 1383 2115 1432 ornatu
2142 1377 2404 1448 vestium,
2429 1383 2676 1438 celebras
2699 1386 2976 1457 opulentis
2997 1385 3136 1443 cibis
3167 1386 3512 1455 refectiones,

1919 1470 2050 1524 vino
2081 1471 2282 1541 madas,
2317 1474 2644 1547 pinguiﬁcas
2670 1479 2848 1551 epulis
2878 1481 3219 1554 quotidianis
3248 1481 3511 1551 animam,

1918 1568 1973 1615 et
2016 1563 2186 1618 torosi
2219 1568 2466 1638 corporis
2501 1570 2752 1626 excolere
2777 1587 2886 1627 non
2919 1572 3157 1645 quiescis
3187 1571 3513 1646 ingluviem,

1919 1656 1982 1703 ut
2031 1650 2255 1708 interim
2310 1655 2377 1710 de
2422 1658 2632 1713 caeteris
2691 1661 3020 1717 criminibus
3067 1669 3295 1719 taceam.
3351 1661 3516 1717 Putas

1916 1738 2101 1809 etiam,
2135 1750 2293 1811 putas
2335 1751 2388 1799 et
2418 1744 2522 1800 hoc
2573 1763 2682 1801 non
2723 1764 2838 1804 esse
2895 1749 3388 1807 animadversionis
3418 1749 3516 1804 di—

1915 1827 2081 1897 vinae,
2121 1838 2182 1886 ut
2209 1833 2422 1888 nescias
2455 1835 2924 1905 quemadmodum
2957 1838 3154 1894 debeas
3171 1838 3236 1895 de
3269 1841 3381 1895 tuis
3405 1855 3515 1897 sce-

1915 1916 2122 1974 leribus
2178 1921 2493 1991 poenitere;
2552 1926 2820 1998 Apostolo
2875 1928 3160 1998 probante,
3221 1929 3315 2000 qui
3378 1928 3454 1984 ait
3499 1945 3511 1983 :

1929 2029 1947 2051 ι
1987 2007 2213 2081 Propter
2267 2013 2417 2084 quod
2469 2031 2580 2070 non
2623 2016 2938 2073 habuerunt
2988 2020 3162 2074 Deum
3202 2018 3260 2074 in
3296 2017 3515 2087 notitia,

1917 2095 2142 2155 tradidit
2191 2117 2282 2158 eos
2316 2103 2372 2158 in
2407 2106 2700 2176 reprobum
2751 2124 2994 2176 sensum,
3035 2109 3212 2165 facere
3243 2109 3518 2166 inconve-

1916 2184 2125 2244 nientia
2157 2191 2332 2262 (Rom.
2358 2209 2396 2262 ι,
2415 2194 2531 2267 28);
2554 2221 2569 2242 ι
2600 2205 2653 2252 et
2676 2197 2878 2253 iterum
2908 2215 2919 2252 :
2968 2224 2984 2245 ε
3005 2199 3110 2255 Pro
3129 2217 3194 2255 eo
3214 2199 3360 2272 quod
3381 2199 3516 2255 dile-

1915 2282 2066 2331 ctum
2096 2279 2351 2337 veritatis
2374 2300 2481 2338 non
2505 2295 2848 2358 receperunt,
2874 2296 2936 2343 ut
2967 2289 3334 2358 salvarentur,
3363 2288 3516 2344 misit

1915 2367 2063 2422 Deus
2104 2368 2222 2426 illis
2269 2372 2642 2444 operationem
2694 2377 2921 2444 erroris,
2964 2385 3025 2434 ut
3067 2377 3391 2450 judicentur
3417 2376 3514 2450 qui

1915 2471 2026 2511 non
2057 2458 2414 2518 crediderunt
2444 2463 2668 2521 veritati
2703 2463 2792 2536 (ΙΙ
2828 2467 3008 2522 Thess.
3044 2483 3104 2534 ιι,
3139 2465 3392 2536 10,11).›
3435 2466 3514 2520 De

1913 2546 2120 2604 talibus
2167 2549 2406 2625 denique
2437 2555 2656 2623 metuit,
2688 2572 2756 2610 ne
2786 2557 3016 2613 veniens
3043 2555 3378 2613 Corinthum
3413 2555 3513 2610 lu-

1915 2647 2063 2711 geret
2092 2642 2297 2698 multos
2341 2659 2410 2698 ex
2451 2644 2560 2714 his,
2594 2646 2688 2718 qui
2720 2663 2830 2702 non
2861 2655 3090 2719 egerunt
3121 2646 3506 2718 pcenitentiam

1913 2743 1982 2782 ex
2014 2729 2388 2788 immunditiis
2431 2749 2566 2806 quas
2605 2735 2880 2804 fecerunt,
2928 2743 2982 2792 et
3019 2735 3505 2804 fornicationibus,

1913 2824 1968 2871 et
1991 2815 2232 2873 "libidine
2267 2821 2356 2890 (II
2384 2821 2509 2877 Cor.
2543 2839 2643 2891 xu,
2678 2823 2796 2896 21).

1985 2905 2212 2963 CAPUT
2259 2909 2462 2967 XXIV.
2501 2942 2567 2954 —
2595 2912 2785 2984 Cogita
2832 2912 3030 2971 divitis
3059 2914 3216 2972 illius
3254 2913 3506 2988 opiparas

1912 3010 2118 3066 caanas,
2165 3005 2220 3054 et
2270 3000 2620 3073 copiosarum
2651 3002 2853 3076 dapum
2886 3004 3112 3061 uberem
3143 3004 3504 3072 afﬂuentiam,

1911 3099 2171 3157 purpura,
2206 3089 2415 3146 murice
2443 3091 2742 3165 pinguiori,
2787 3103 2839 3151 et
2867 3093 3160 3150 textilibus
3191 3093 3396 3150 inclusi
3427 3110 3506 3150 se-

1913 3174 2012 3231 rici
2044 3177 2338 3249 nitoribus,
2367 3189 2544 3238 totum
2576 3185 2643 3240 de
2670 3201 2766 3257 spe
2796 3185 3080 3258 praesentis
3108 3183 3393 3258 temporis,
3423 3183 3504 3239 ni-

1915 3269 1991 3324 hil
2039 3278 2224 3328 tamen
2264 3274 2330 3330 de
2359 3275 2546 3332 futuro
2573 3278 2880 3335 tractantis.
2933 3278 3077 3346 Quid
3108 3277 3193 3334 illi
3237 3287 3356 3350 post
3401 3278 3508 3335 ista

1913 3360 2100 3416 omnia
2128 3373 2444 3435 reponatur,
2475 3368 2741 3423 ausculta.
2775 3369 2905 3424 Post
2935 3384 3230 3440 purpuram
3261 3367 3503 3435 ﬂamma,

1912 3453 2055 3512 602
2090 3461 2213 3527 post
2259 3456 2447 3527 epulas
2474 3465 2702 3528 egestas,
2739 3463 2802 3512 ut
2847 3473 3002 3530 aquae
3034 3457 3302 3529 guttulam
3345 3474 3505 3530 quie-

1911 3556 2073 3615 reret,
2122 3546 2216 3619 qui
2248 3553 2456 3618 guttam
2505 3554 2667 3602 antea
2695 3545 2918 3618 pretiosi
2971 3545 3206 3602 nectaris
3244 3545 3504 3602 ebibisset

1909 3646 1964 3694 et
1989 3639 2056 3695 ab
2094 3654 2158 3693 eo
2196 3645 2422 3710 peteret,
2454 3653 2554 3694 nec
2599 3644 2783 3693 tamen
2814 3637 3107 3710 acciperet,
3165 3637 3502 3694 summitatis

1908 3727 2068 3801 digiti
2097 3727 2378 3784 humentis
2409 3727 2692 3796 solatium,
2723 3727 2810 3783 cui
2842 3728 2900 3784 in
2933 3729 3132 3785 saeculo
3164 3727 3330 3784 micas
3367 3742 3502 3782 sua-

1906 3834 2029 3874 rum
2060 3826 2352 3890 negaverat
2380 3817 2688 3889 epularum.
2738 3817 3037 3886 Confitere,
3067 3835 3273 3893 quaso,
3305 3821 3502 3873 cuncta

1903 3909 2105 3980 quibus
2134 3924 2286 3963 reum
2318 3917 2372 3964 te
2401 3909 2736 3977 memineris,
2768 3908 3056 3976 conﬁtere,
3086 3916 3139 3963 et
3168 3907 3364 3965 faciem
3399 3905 3500 3962 Dei

1905 3997 2145 4069 praeveni
2174 3999 2568 4056 satisfactionis
2597 3999 2799 4068 oﬂicio,
2832 3997 3068 4054 humilia
3097 4005 3223 4052 ante
3252 4012 3376 4051 eum
3406 4011 3501 4051 cor

1903 4093 2082 4154 tuum,
2115 4095 2168 4143 et
2199 4087 2258 4143 in
2305 4098 2600 4160 conspectu
2629 4086 2747 4160 ejus
2785 4103 2956 4146 curva
2984 4085 3254 4142 cervicem
3291 4102 3303 4139 :
3341 4083 3498 4139 ﬂecte

1903 4193 2097 4249 genua,
2150 4186 2204 4233 et
2232 4177 2367 4232 eliso
2398 4178 2559 4232 vultu
2605 4185 2764 4232 terrae
2811 4183 3175 4248 prosternere.
3221 4171 3496 4245 Suscipiet

1903 4265 2169 4340 gemitum
2199 4273 2357 4321 tuum
2395 4265 2635 4323 cmlestis
2664 4266 2759 4322 ille
2807 4264 3060 4337 protinus
3088 4262 3408 4329 advocatus,
3443 4269 3498 4317 et

1900 4373 2013 4413 non
2043 4356 2424 4430 praetermittet
2451 4372 2550 4428 pro
2577 4363 2629 4412 te
2674 4355 3026 4427 interpellare
3057 4354 3276 4408 Patrem
3306 4367 3494 4419 suum,

1900 4446 1996 4519 qui
2029 4445 2198 4501 ﬁdum
2229 4444 2465 4517 praebere
2494 4445 2784 4502 consuevit
2815 4441 3212 4516 paenitentibus
3241 4440 3492 4514 patroci—

1899 4533 2074 4590 nium.
2116 4533 2346 4592 Causam
2389 4549 2543 4589 suam
2573 4549 2685 4589 non
2733 4531 3069 4604 argumentis
3117 4531 3187 4586 ad
3232 4529 3496 4602 praescri-

1891 4630 2046 4695 ptum
2078 4639 2247 4696 genus
2275 4621 2602 4694 eloquentiae
2633 4621 2933 4695 perorabit,
2963 4621 3117 4678 illico
3153 4621 3493 4697 impetratu-

1892 4729 1987 4768 rus
2017 4713 2192 4770 veniae
2219 4712 2572 4780 beneﬁcium,
2597 4713 2691 4786 qui
2715 4713 2781 4770 de
2797 4719 3051 4784 superato
3081 4727 3193 4766 non
3214 4704 3495 4785 eXspectat

1890 4805 2114 4878 aliquod
2166 4807 2527 4864 honorarium
2581 4806 2722 4878 (36).
2778 4806 2893 4862 Hoc
2934 4805 3230 4876 Apostolus
3276 4803 3492 4876 probat,

1891 4897 2078 4956 dicens
2103 4915 2115 4952 :
2163 4923 2182 4946 ι
2203 4899 2336 4967 Quis
2361 4897 2642 4956 accusabit
2669 4897 2932 4953 adversus
2953 4896 3155 4953 electos
3181 4897 3277 4954 Dei
3297 4898 3324 4954 ?
3348 4901 3494 4958 Deus

1888 4989 1983 5062 qui
2007 4987 2306 5062 justiﬁcat,
2336 4989 2460 5064 quis
2489 4997 2572 5046 est
2599 4989 2693 5061 qui
2715 4986 3091 5044 condemnet?
3116 4988 3370 5046 Christus
3391 4991 3484 5063 qui

1889 5090 2142 5138 mortuus
2157 5091 2257 5150 est,
2280 5099 2475 5139 verum
2491 5082 2656 5138 etiam
2675 5081 3064 5150 etresurrexit,
3083 5081 3262 5155 quiest
3281 5081 3338 5136 in
3357 5080 3486 5136 dex-

1889 5179 2000 5227 tera
2026 5171 2146 5238 Dei,
2177 5172 2270 5245 qui
2291 5180 2345 5228 et
2365 5171 2684 5243 interpellat
2722 5187 2820 5243 pro
2845 5170 3005 5227 nobis
3030 5171 3206 5242 (Rom.
3229 5186 3354 5235 vui,
3395 5168 3483 5236 33,

1884 5261 2024 5333 34).»
2058 5262 2368 5320 Concinens
2385 5263 2633 5318 Joannes
2650 5261 2929 5334 apostolus
2942 5259 3289 5316 beatissimus
3305 5257 3360 5311 in
3375 5257 3485 5327 epi~

1881 5353 2022 5409 stola
2035 5369 2134 5410 sua
2152 5351 2308 5427 ponit
2333 5360 2388 5409 et
2409 5351 2549 5410 dicit
2577 5370 2588 5408 :
2610 5352 2697 5409 «Si
2718 5349 3028 5408 dixerimus
3050 5347 3178 5419 quia
3197 5353 3480 5418 peccatum

1953 5511 2099 5593 (³6).
2130 5510 2317 5593 Codex
2365 5513 2518 5593 Βθεη·
2577 5517 2631 5566 ει
2661 5508 2858 5593 ,δοξιρη
2905 5501 3404 5593 ηυνξμςρξιπιεηξξερ
3435 5510 3484 5593 ει

1871 5574 2249 5657 priascriptum
2297 5583 2538 5654 genuinae
2574 5579 2848 5657 patientur:
2894 5575 3256 5655 perorabit....
3305 5574 3397 5646 qui
3423 5575 3486 5630 de

1877 5649 2114 5737 suspectd
2141 5671 2250 5711 non
2276 5649 2546 5738 despectat
2573 5649 2793 5732 aliquod
2820 5649 3188 5712 honorarium,
