4026 6172
504 319 638 376 1087

1517 321 1614 374 AD
1654 318 1888 374 OPERA
1925 317 1979 374 S.
2024 317 2361 375 AMBROSII
2405 318 2792 377 APPENDIX.

3671 324 3813 382 1088

497 460 609 500 non
655 442 941 512 habemus,
989 460 1090 500 nos
1128 442 1275 516 ipsos
1313 442 1641 515 decipimus,
1689 451 1742 499 et
1781 442 1985 499 veritas
2023 443 2080 498 in
2121 447 2168 504 A
2200 452 2259 500 ut
2287 452 2442 501 tanta
2485 445 2626 503 scias
2657 462 2814 519 posse
2845 445 2946 503 tibi
2989 446 3218 516 dimitti,
3268 456 3534 522 quantum
3580 459 3641 507 tu
3689 469 3811 524 pro-

500 534 659 590 nobis
687 551 798 590 non
829 542 910 590 est
941 549 952 587 :
997 533 1042 589 si
1072 539 1255 588 autem
1284 533 1524 589 confessi
1571 532 1843 588 fuerimus
1871 542 2092 605 peccata

501 633 704 691 nostra,
737 631 790 678 et
833 623 1012 679 ﬁdelis
1051 632 1104 680 et
1126 623 1316 695 justus
1346 633 1424 680 est
1447 626 1616 691 Deus,
1645 624 1738 696 qui
1771 623 1930 678 nobis
1959 640 2092 696 pec—

499 721 617 770 cata
667 711 930 781 dimittat,
979 720 1034 767 et
1062 713 1296 768 mundet
1342 729 1442 768 nos
1470 713 1536 768 ab
1575 713 1724 768 omni
1777 713 2088 785 iniquitate.

497 801 554 858 Si
583 800 893 856 dixerimus
941 800 1069 873 quia
1113 818 1221 857 non
1250 819 1560 874 peccamus,
1595 802 1910 858 mendacem
1945 802 2091 858 faci—

497 906 619 946 mus
647 907 795 958 eum,
835 898 888 946 et
916 891 1142 947 verbum
1179 891 1298 962 ejus
1325 909 1437 947 non
1485 899 1566 947 est
1595 893 1650 948 in
1684 892 1864 947 nobis.
1899 891 2090 947 Filioli

497 981 627 1050 mei,
649 981 766 1038 haec
787 982 969 1038 scribo
1000 982 1179 1050 vobis,
1229 991 1292 1038 ut
1333 998 1446 1037 non
1479 982 1714 1053 peccetis
1748 999 1758 1036 :
1793 990 1848 1038 et
1890 982 1936 1037 si
1968 981 2092 1054 quis

496 1071 821 1141 peccaverit,
874 1071 1139 1128 habemus
1197 1072 1523 1128 advocatum
1553 1071 1695 1143 apud
1744 1071 1955 1128 Patrem
1992 1071 2091 1126 Je-

498 1177 646 1228 sum,
678 1168 731 1216 et
777 1161 894 1233 ipse
929 1169 1119 1218 exorat
1167 1179 1265 1234 pro
1307 1161 1544 1234 peccatis
1584 1161 1788 1218 nostris
1822 1162 1841 1234 (
1873 1163 1906 1217 Ι
1929 1161 2086 1217 Joan.

497 1267 558 1318 ιι,
606 1249 772 1317 8-10;
823 1252 1050 1322 111,1)»
1111 1251 1285 1307 Omne
1321 1251 1467 1324 quod
1519 1252 1617 1307 Dei
1669 1251 1843 1306 Filius
1890 1250 2091 1306 Domi-

496 1355 602 1395 nus
627 1340 782 1396 Jesus
813 1339 1087 1409 Christus,
1112 1342 1204 1413 qui
1249 1351 1331 1397 est
1353 1341 1463 1410 via,
1499 1343 1701 1398 veritas
1730 1351 1785 1397 et
1815 1341 1952 1407 vita,
1996 1341 2088 1394 lo—

496 1439 657 1485 cutus
683 1438 783 1496 est,
819 1431 907 1484 lex
953 1439 1070 1486 est:
1103 1439 1156 1486 et
1186 1430 1286 1486 sub
1323 1433 1580 1502 exemplo
1611 1431 1695 1486 sui
1727 1431 1846 1485 fieri
1878 1428 2088 1494 docuit,

495 1517 643 1591 quod
675 1517 836 1574 nobis
866 1519 923 1572 in
955 1519 1160 1590 scripto
1191 1519 1474 1575 mandavit
1504 1538 1516 1586 ;
1558 1535 1733 1591 neque
1761 1517 1909 1573 enim
1943 1533 1974 1571 a
1997 1533 2088 1572 no-

492 1607 579 1664 bis
623 1607 742 1663 fieri
792 1607 1005 1680 aliquid
1057 1609 1247 1673 vellet,
1276 1609 1422 1680 quod
1450 1618 1544 1663 aut
1592 1609 1706 1679 ipse
1736 1623 1846 1661 non
1877 1605 2087 1674 fecerit,

492 1708 586 1756 aut
616 1700 762 1772 quod
794 1699 842 1754 ei
886 1699 943 1754 in
982 1699 1143 1754 nobis
1175 1700 1506 1755 facientibus
1549 1714 1661 1753 non
1700 1697 1954 1769 placeret.
1987 1695 2091 1752 Sed

2202 535 2322 605 prio
2348 535 2628 592 dimiseris
2658 537 2936 593 debitori:
2993 538 3105 593 imo
3158 554 3290 594 vero
3328 547 3390 594 ut
3419 538 3540 595 -tibi
3585 557 3812 613 parcere

2202 625 2458 694 videaris,
2492 643 2617 682 cum
2659 628 2756 682 alii
2803 627 3121 684 obsecratus
3167 628 3462 700 ignoveris.
3496 630 3634 686 Nam
3661 630 3809 702 judi-

2201 715 2288 772 cio
2317 724 2412 772 tuo
2443 718 2632 788 procul
2659 717 2830 774 dubio
2857 717 3216 790 judicaberis,
3239 720 3283 774 si
3316 719 3524 776 dimitti
3560 720 3660 777 tibi
3697 722 3810 794 ipse

2208 814 2454 884 cupiens,
2489 811 2582 867 alii
2629 810 2912 867 dimittere
2958 811 3224 878 nolueris,
3271 812 3508 869 Domino
3553 812 3807 869 dicente:

2214 925 2231 948 ‹
2255 903 2314 957 In
2345 919 2454 974 quo
2477 901 2692 973 judicio
2713 901 3118 975 judicaveritis,
3149 901 3205 957 in
3240 901 3428 958 eodem
3459 901 3811 974 judicabitur

2201 991 2268 1048 de
2310 992 2497 1048 vobis:
2538 1001 2591 1049 et
2623 993 2678 1048 in
2711 1009 2817 1065 qua
2847 1009 3102 1049 mensura
3137 993 3313 1048 mensi
3361 993 3599 1061 fueritis,
3635 995 3696 1050 in
3727 1011 3807 1050 ea-

2201 1084 2325 1138 dem
2353 1083 2672 1138 remetietur
2701 1083 2860 1138 vobis
2895 1085 3107 1156 (Matth.
3145 1102 3244 1151 vn,
3279 1084 3358 1155 2).
3392 1109 3411 1133 θ
3467 1087 3646 1156 Legas
3680 1087 3806 1141 volo

2201 1175 2469 1232 intentius
2519 1175 2800 1248 prophetae
2849 1176 3124 1232 Zacharias
3179 1174 3540 1249 principium,
3599 1183 3658 1232 et
3695 1176 3807 1233 illic

2200 1298 2308 1354 quo
2340 1276 2623 1336 robustius
2642 1270 2924 1338 animeris,
2969 1270 3219 1326 invenies
3254 1288 3265 1324 :
3313 1293 3331 1317 ι
3364 1269 3545 1324 Iratus
3585 1276 3696 1337 est,
3730 1269 3806 1324 in-

2205 1374 2343 1446 quit,
2376 1371 2644 1428 Dominus
2665 1369 2732 1425 ad
2762 1375 2941 1440 patres
2961 1371 3178 1421 nostros
3204 1363 3285 1419 ira
3314 1379 3510 1433 magna
3539 1363 3802 1434 (Zachar.

2205 1479 2242 1529 ι,
2275 1463 2355 1533 2).
2391 1485 2410 1509 ›
2454 1460 2588 1528 Quis
2636 1475 2748 1514 non
2797 1457 2902 1513 hoc
2948 1454 3178 1510 audiens
3212 1455 3655 1511 contremiscat?
3687 1456 3806 1528 quis

2201 1567 2310 1605 non
2346 1548 2512 1621 hujus
2542 1549 2696 1606 vocis
2743 1547 2956 1602 tonitru
3008 1545 3332 1616 perterritus
3379 1543 3633 1600 areﬁeret
3657 1546 3687 1601 ?
3717 1554 3808 1603 aut

2199 1655 2360 1711 quem
2394 1654 2612 1694 sensum
2651 1654 2762 1692 non
2813 1635 2930 1692 haec
2969 1632 3279 1705 indignatio
3327 1633 3583 1689 intimata
3617 1634 3806 1690 turba-

2200 1737 2282 1784 ret
2311 1729 2338 1784 ?
2367 1729 2500 1796 Quis
2530 1729 2680 1785 enim
2711 1736 2887 1783 status
2927 1723 3102 1781 teneri
3155 1730 3365 1796 poterat
3407 1726 3686 1796 sanitatis,
3711 1729 3806 1786 ubi

493 1807 595 1890 ne?
643 1790 933 1890 ἀίδρξίθθτθ
983 1800 1167 1890 Posset
1218 1790 1364 1890 911051
1414 1791 1528 1888 ipse
1576 1791 1923 1890 Πξδηάξὶδδθῖῇ
1962 1789 2092 1890 (Ῑιξίδ
2125 1811 2170 1870 Β
2204 1825 2316 1874 tam
2345 1789 2642 1874 vehemens
2672 1817 2755 1873 ira
2781 1789 3212 1873 denuntiabatur
3258 1815 3517 1872 Auctoris
3541 1817 3568 1872 ?
3607 1789 3684 1874 Et.
3715 1835 3808 1890 pa-

495 1881 592 1952 qui
631 1879 963 1948 mandasset,
995 1880 1110 1952 ipse
1137 1887 1298 1936 antea
1325 1879 1558 1934 fecisset.
1607 1878 1790 1934 Inanis
1822 1879 1969 1934 enim
2001 1879 2094 1934 tie-

491 1978 573 2024 ret
597 1967 849 2024 doctrina
875 1968 1140 2038 mandati,
1169 1969 1215 2024 si
1252 1969 1310 2024 in
1339 1968 1483 2025 facto
1511 1968 1753 2025 doctoris
1783 1984 1894 2024 non
1930 1968 2085 2041 praei-

489 2067 572 2114 ret
603 2057 900 2114 auctoritas
932 2075 944 2113 :
978 2057 1071 2114 sed
1119 2057 1391 2131 quidquid
1439 2058 1709 2114 Dominus
1753 2059 2012 2130 praecepit
2040 2068 2094 2115 et

485 2144 634 2214 fecit,
667 2145 828 2202 inane
855 2163 963 2202 non
993 2146 1096 2202 erit
1125 2145 1271 2218 quod
1302 2146 1403 2202 sub
1431 2146 1738 2203 imitatione
1759 2147 1845 2202 sui
1878 2147 2082 2202 facien-

487 2234 618 2292 dum
666 2253 781 2292 esse
843 2235 1145 2292 mandavit.
1197 2234 1348 2290 Idem
1399 2253 1527 2309 ergo
1583 2236 1852 2292 Dominus
1907 2236 2090 2292 disci—

485 2325 631 2396 pulis
657 2324 774 2381 hrec
805 2324 1162 2381 custodienda
1182 2325 1466 2397 proposuit
1491 2340 1502 2376 :
1542 2348 1559 2371 ι
1586 2325 1870 2381 Attendite
1905 2326 2084 2383 vobis:

487 2411 534 2469 si
583 2412 892 2484 peccaverit
938 2412 996 2467 in
1038 2420 1091 2468 te
1140 2413 1308 2468 frater
1342 2421 1492 2481 tuus,
1523 2413 1741 2469 dimitte
1789 2411 1916 2479 illi;
1951 2423 2004 2469 et
2033 2413 2082 2469 si

491 2500 692 2571 septies
721 2501 778 2555 in
807 2499 896 2556 die
920 2501 1227 2573 peccaverit
1256 2501 1316 2556 in
1347 2510 1421 2568 te,
1454 2510 1507 2557 et
1537 2502 1736 2574 septies
1766 2512 2076 2559 revertatur

488 2592 559 2647 ad
592 2601 643 2648 te
674 2592 894 2649 dicens:
919 2594 1157 2650 Pmnitet
1179 2610 1264 2649 me
1288 2612 1302 2662 ;
1326 2595 1546 2651 dimitte
1569 2595 1672 2663 illi,
1697 2605 1750 2652 et
1769 2595 2086 2652 dimittetur

485 2680 586 2737 tibi
614 2681 766 2753 (Luc.
799 2699 940 2748 xvn,
972 2682 1124 2753 3,4).
1155 2708 1173 2730 ι
1214 2687 1394 2756 Atque
1412 2700 1537 2739 cum
1567 2701 1597 2738 a
1627 2694 1814 2742 sancto
1839 2687 2085 2757 apostolo

486 2771 651 2828 Petro
682 2772 876 2828 fuisset
907 2772 964 2827 in
996 2787 1159 2827 causa
1187 2773 1493 2841 consultus,
1525 2782 1578 2830 et
1605 2773 1813 2831 diceret
1841 2794 1852 2832 :
1910 2799 1929 2822 ε
1959 2778 2084 2831 Do-

485 2861 656 2929 mine,
708 2861 755 2918 si
819 2861 1129 2934 peccaverit
1175 2861 1232 2916 in
1289 2877 1373 2917 me
1422 2861 1591 2918 frater
1642 2880 1817 2932 meus,
1866 2865 2083 2937 quoties

485 2949 764 3006 dimittam
794 2949 878 3004 illi
901 2950 929 3005 Ῡ
958 2966 1130 3021 usque
1157 2951 1359 3021 septies
1380 2951 1407 3006 ?
1436 2953 1593 3008 Dixit
1623 2952 1704 3008 illi
1731 2955 1886 3010 Jesus
1911 2972 1922 3010 :
1955 2956 2080 3011 Non

485 3038 610 3094 dico
637 3038 740 3094 tibi
769 3055 940 3110 usque
971 3038 1190 3109 septies,
1221 3038 1315 3093 sed
1335 3056 1506 3112 usque
1535 3042 1838 3113 septuagies
1869 3044 2074 3116 septies

487 3127 702 3200 (Matth.
759 3143 923 3195 xvm,
971 3126 1060 3196 2i,
1100 3127 1215 3199 22).
1249 3149 1267 3174 ›
1303 3127 1407 3194 Qui
1455 3145 1583 3202 ergo
1627 3130 1955 3188 dimittenda
1981 3149 2076 3187 se—

485 3216 625 3290 pties
652 3217 809 3274 fratri
843 3217 901 3273 in
930 3233 1030 3273 nos
1062 3219 1512 3290 peccantidebita
1541 3221 1702 3277 nobis
1731 3222 1934 3279 donare
1967 3224 2082 3279 im—

484 3315 655 3379 perat,
705 3323 831 3378 erga
877 3323 977 3363 nos
1016 3307 1249 3364 formam
1283 3311 1537 3383 praecepti
1570 3312 1655 3367 sui
1695 3327 1808 3366 non
1843 3313 2082 3369 servat?

481 3395 595 3451 Aut
642 3395 736 3467 qui
783 3395 970 3452 dixit:
1018 3418 1035 3443 ι
1067 3397 1499 3454 Misericordiam
1545 3399 1670 3472 plus
1722 3401 1871 3469 volo,
1917 3417 2080 3474 quam

482 3485 815 3542 sacrificium
868 3487 1022 3557 (Osee
1046 3505 1126 3554 vi,
1155 3487 1211 3558 6)
1243 3507 1256 3556 ;
1289 3513 1305 3536 ι
1349 3489 1743 3546 misericordia:
1774 3491 1933 3547 nobis
1974 3507 2082 3562 po—

481 3583 588 3631 test
633 3590 829 3646 negare
879 3574 1198 3631 thesaurum
1245 3577 1273 3633 ?
1329 3579 1444 3634 Hoc
1497 3587 1598 3646 est,
1654 3580 1800 3651 quod
1857 3588 2082 3636 exorata

481 3662 634 3734 prius
703 3663 866 3719 venia
919 3663 1183 3732 dixerim,
1241 3665 1462 3722 credere
1536 3668 1833 3724 Dominum
1893 3670 2078 3725 Jesum

479 3760 677 3808 cuncta
712 3768 833 3824 quae
879 3750 1088 3819 docuit,
1149 3752 1317 3809 fuisse
1365 3756 1678 3824 mentitum,
1723 3757 1766 3812 si
1805 3757 1950 3813 circa
1979 3775 2077 3814 nos

479 3839 714 3896 formam
767 3839 1045 3896 custodire
1091 3858 1317 3899 suorum
1367 3844 1606 3901 noluerit
1655 3855 2072 3919 praeceptorum.

547 3969 776 4028 CAPUT
824 3972 1003 4028 XXV.
1053 4005 1124 4015 --
1161 3975 1232 4031 Et
1282 3976 1418 4031 bene
1475 3978 1622 4050 quod
1671 3987 1894 4050 repente
1925 3988 2076 4052 aptat

479 4060 611 4116 huic
651 4062 941 4118 sententiae
991 4061 1058 4117 de
1115 4066 1522 4135 comparatione
1561 4067 1875 4138 parabolam
1925 4068 2075 4124 duo-

478 4166 600 4206 rum
648 4151 863 4208 scilicet
908 4151 1277 4221 servulorum,
1327 4153 1393 4210 de
1436 4154 1636 4226 quibus
1679 4173 1822 4211 unus
1850 4173 1974 4212 cum
2003 4156 2072 4212 ob

476 4241 724 4298 debitum
781 4258 1163 4313 numerosum,
1195 4262 1300 4300 aere
1330 4244 1578 4314 decocto,
1609 4263 1717 4301 una
1746 4264 1870 4302 cum
1901 4265 2073 4304 uxore

477 4340 530 4387 et
588 4330 720 4386 ﬁliis
762 4329 998 4388 distrahi
1043 4334 1352 4405 juberetur,
1385 4343 1439 4390 et
1481 4336 1801 4406 patientiam
1852 4337 2070 4393 Domini

476 4429 778 4491 prostratus
824 4420 942 4492 ejus
995 4424 1224 4495 pedibus
1267 4433 1539 4490 exorarct,
1593 4433 1654 4480 ut
1696 4425 1908 4480 tributo
1963 4425 2070 4480 sibi

477 4512 675 4582 spatio,
722 4530 887 4569 omne
947 4513 1196 4569 debitum
1253 4512 1600 4580 reddidisset,
1675 4514 2070 4588 meruissetque
2105 4544 2152 4602 Ι)

477 4600 856 4658 misericordia
909 4601 1132 4657 Domini
1178 4611 1375 4658 cuncta
1416 4603 1521 4658 sibi
1575 4603 1768 4659 donari
1803 4621 1815 4657 :
1849 4605 1942 4676 qui
1973 4605 2074 4660 sub

475 4689 793 4746 conditione
840 4691 939 4747 tali
986 4691 1054 4746 ad
1099 4681 1377 4747 cruciatus
1419 4691 1772 4748 detinebatur
1798 4693 2068 4760 addictus,

476 4775 592 4848 ipse
643 4795 911 4835 conservo
951 4796 1052 4835 suo
1111 4779 1351 4836 debitori
1396 4781 1578 4835 noluit
1625 4781 1904 4846 misereri;
1944 4780 2074 4853 quia

475 4863 681 4920 oblitus
709 4875 790 4923 est
835 4868 1019 4924 collati
1053 4868 1158 4924 sibi
1191 4869 1511 4940 nuperrime
1543 4869 1794 4925 beneficii
1837 4886 1847 4923 :
1884 4870 2069 4925 statim

474 4955 781 5012 tortoribus
835 4959 1090 5026 traditur,
1149 4967 1204 5014 et
1253 4959 1319 5013 de
1366 4959 1483 5030 ejus
1535 4960 1871 5016 cruciatibus
1899 4959 2066 5028 idem,

473 5045 623 5118 quod
671 5045 881 5102 dudum
946 5047 1126 5104 fuerat
1169 5047 1458 5117 donatum,
1504 5050 1768 5121 exigitur.
1812 5049 1946 5104 Inde
1987 5056 2068 5105 est

472 5135 621 5207 quod
669 5135 940 5192 Dominus
979 5135 1300 5210 hujusmodi
1355 5137 1550 5193 orandi
1603 5137 1852 5194 ordinem
1885 5138 2068 5209 posuit

471 5224 661 5282 dicens
685 5243 696 5281 :
731 5250 750 5273 ε
771 5227 842 5283 Et
866 5225 1084 5283 dimitte
1108 5226 1266 5282 nobis
1285 5226 1471 5283 debita
1501 5237 1710 5297 nostra,
1735 5228 1878 5286 sicut
1896 5235 1949 5282 et
1967 5244 2066 5284 nos

471 5312 808 5372 dimittimus
857 5313 1201 5372 debitoribus
1247 5313 1450 5371 nostris
1491 5317 1704 5386 (Matth.
1748 5333 1823 5384 v1,
1867 5314 1996 5387 12):
2029 5339 2048 5364 ι

543 5598 659 5670 (37)
692 5598 878 5670 Codex
909 5599 1088 5667 Rem.,
1121 5599 1408 5670 indignatis
1436 5599 1713 5655 irascitur.

544 5669 659 5740 (38)
688 5669 837 5725 Idem
867 5671 1063 5740 codex,
1086 5670 1329 5728 videatur
1356 5671 1582 5728 habenas
1610 5671 1808 5729 dedisse
1832 5670 2056 5729 licentia.

2203 1925 2325 1963 rum
2357 1908 2464 1965 fuit
2501 1907 2706 1964 dixisse
2729 1907 2886 1974 iram,
2921 1905 3028 1960 nisi
3060 1904 3482 1962 denuntiaretur
3511 1915 3564 1963 et
3582 1924 3804 1980 magna,

2203 1997 2358 2070 quasi
2387 1999 2430 2054 si
2462 2013 2572 2054 non
2604 2005 2745 2055 esset
2777 2011 2992 2068 magna,
3025 1994 3285 2050 sustineri
3329 1994 3448 2066 ejus
3495 2005 3687 2068 posset
3715 2000 3801 2055 vel

2202 2089 2404 2144 lentior
2433 2087 2740 2144 iracundia.
2772 2085 2877 2142 Sed
2912 2085 3197 2142 videamus
3245 2101 3405 2157 quem
3433 2086 3657 2142 exitum
3687 2105 3804 2160 pm

2203 2179 2422 2236 nuntiet
2449 2187 2600 2236 tanta
2631 2178 2955 2235 commotio.
3007 2175 3207 2242 Credo,
3257 2175 3421 2243 dixit,
3453 2176 3682 2233 bellicis
3711 2195 3805 2235 vos

2203 2269 2520 2342 inquietabo
2552 2268 2907 2335 tumultibus,
2939 2258 2998 2322 et
3037 2265 3377 2339 captivitatis
3415 2284 3519 2323 vos
3549 2285 3700 2324 sazva
3727 2269 3802 2325 di-

2202 2358 2350 2414 tione
2380 2359 2680 2425 mulctabo,
2715 2357 2860 2413 fame
2891 2373 2991 2411 vos
3022 2355 3282 2423 afﬁciam,
3315 2356 3512 2412 morbo
3533 2359 3801 2431 quatiam,

2198 2458 2374 2506 morte
2415 2466 2756 2517 consumam,
2799 2448 3039 2503 ferarum
3087 2455 3249 2520 atque
3293 2446 3597 2504 bestiarum
3633 2451 3804 2522 rapiet

2198 2542 2481 2613 inopinata
2530 2539 2785 2606 vastatio,
2836 2539 3096 2611 profugos
3151 2546 3205 2594 et
3259 2537 3465 2612 ubique
3525 2539 3804 2612 dispersos

2195 2629 2428 2702 agitabit
2455 2629 2736 2687 exsilium.
2773 2630 2889 2685 H0:
2917 2628 3066 2684 enim
3094 2627 3404 2684 intellectui
3434 2628 3801 2701 relinquitur,

2195 2729 2255 2776 ut
2303 2721 2440 2776 iram
2492 2736 2745 2792 magnam
2794 2717 3177 2774 vehementior
3222 2717 3470 2773 vindicta
3515 2727 3801 2792 sequatur.

2206 2836 2223 2857 ι
2262 2811 2437 2865 Iratus
2487 2817 2587 2876 est,
2640 2807 2844 2880 inquit,
2912 2806 3182 2862 Dominus
3233 2805 3298 2861 ad
3347 2814 3532 2878 patres
3581 2816 3806 2864 nostros

2193 2899 2273 2954 ira
2297 2915 2509 2970 magna,
2539 2898 2732 2954 dicens
2762 2896 2830 2952 ad
2863 2911 2982 2951 eos.
3014 2919 3032 2943 ι
3077 2893 3220 2963 Quid
3243 2894 3449 2950 dixerit
3466 2895 3804 2955 audiamus:

2206 3014 2222 3035 ι
2241 2987 2644 3045 Convertimini
2668 2988 2735 3042 ad
2759 3002 2864 3054 me,
2892 2993 2945 3040 et
2965 2992 3258 3042 convertar
3275 2984 3341 3041 ad
3359 3001 3457 3041 vos
3483 2986 3656 3059 (Ibid.
3678 2987 3759 3059 3).
3776 3015 3795 3034 ν

2190 3078 2234 3133 Ο
2266 3077 2702 3149 indignationem
2733 3075 2799 3131 de
2831 3075 3032 3146 pietate
3068 3082 3382 3130 manantem
3416 3075 3428 3131 ι
3474 3092 3512 3131 o
3541 3092 3805 3149 magnam

2112 3177 2155 3235 ο
2191 3165 2355 3233 iram,
2387 3183 2506 3238 quae
2540 3165 2710 3221 infert
2747 3161 3218 3220 misericordiam!
3253 3164 3402 3236 Rogo
3423 3165 3522 3237 qui
3560 3165 3648 3222 sic
3677 3167 3809 3222 iras-

2191 3255 2358 3322 citur,
2392 3253 2853 3327 quemadmodum
2887 3253 3178 3308 miseretur
3207 3253 3235 3308 ?
3264 3252 3376 3309 Aut
3417 3252 3463 3308 si
3516 3255 3598 3309 ita
3629 3256 3806 3312 mise-

2192 3354 2362 3413 retur,
2410 3345 2873 3419 quemadmodum
2933 3344 3254 3415 indignatus
3303 3344 3566 3401 irascitur
3612 3346 3733 3416 (37,)
3780 3347 3808 3402 ?

2193 3438 2308 3493 Hoc
2353 3437 2494 3493 alius
2544 3436 2811 3508 propheta
2860 3435 3260 3507 proloquitur:
3307 3456 3324 3480 ι
3358 3434 3687 3502 Revertere,
3732 3435 3805 3490 Is-

2191 3527 2326 3594 rael,
2359 3525 2426 3581 ad
2458 3525 2755 3582 Dominum
2801 3533 2980 3593 tuum,
3018 3532 3240 3596 propter
3293 3522 3439 3596 quod
3479 3522 3804 3580 infirmatus

2193 3633 2251 3672 es
2305 3617 2360 3672 in
2419 3614 2814 3688 iniquitatibus
2857 3615 2986 3671 tuis.
3037 3613 3216 3670 Dicite
3262 3613 3352 3668 ei:
3401 3613 3614 3669 Potens
3645 3631 3804 3670 εει-ε-

2194 3705 2414 3762 mittere
2443 3714 2665 3779 peccata
2709 3712 2917 3772 nostra,
2947 3719 3058 3758 non
3105 3711 3164 3758 ut
3192 3703 3478 3774 accipiatis
3518 3702 3804 3776 iniquita-

2189 3805 2320 3866 tem,
2376 3797 2470 3853 sed
2508 3805 2569 3852 ut
2617 3795 2902 3868 accipiatis
2933 3795 3110 3860 bona;
3145 3802 3198 3849 et
3239 3793 3450 3850 reddite
3483 3794 3539 3850 ei
3586 3794 3803 3852 fructus

2187 3887 2458 3943 labiorum
2523 3893 2852 3953 vestrorum,
2909 3893 2964 3941 et
3011 3884 3327 3956 epulabitur
3368 3883 3425 3938 in
3487 3881 3662 3940 bonis
3707 3901 3801 3940 cor

2185 3986 2426 4034 vestrum
2450 3977 2600 4046 (Osee
2623 3993 2744 4044 xw,
2767 3975 2821 4043 2,
2841 3975 2933 4047 3);
2957 3998 2975 4022 ›
3019 3973 3218 4030 etalibi
3245 3992 3256 4029 :
3301 3999 3319 4021 ι
3346 3974 3571 4044 Redite,
3591 3976 3795 4054 inquit,

2184 4069 2285 4123 ﬁlii
2315 4069 2640 4136 desertores,
2674 4065 2812 4122 dicit
2839 4065 3110 4121 Dominus
3142 4065 3284 4133 (Isa.
3329 4079 3488 4131 xnvr,
3539 4064 3602 4136 8)
3644 4083 3660 4132 ;
3695 4091 3714 4115 ›
3753 4071 3800 4120 et

2186 4159 2429 4213 iterum:
2472 4182 2488 4203 ι
2522 4154 2910 4224 Revertimini,
2959 4153 3062 4211 ﬁlii
3113 4161 3470 4221 revertentes,
3507 4163 3566 4210 et
3597 4155 3803 4210 sanabo

2183 4245 2597 4302 tribulationem
2647 4252 2884 4301 vestram
2921 4244 3138 4315 (Jere-m.
3189 4259 3271 4310 ιιι,
3321 4242 3435 4314 22).
3471 4267 3491 4290 ι
3538 4243 3650 4301 His
3678 4261 3802 4301 con-

2181 4351 2316 4390 sona
2351 4333 2531 4390 David
2579 4333 2773 4389 beatus
2822 4339 3173 4404 peccatorum
3227 4330 3427 4386 solatia
3475 4330 3801 4390 decantavit

2181 4422 2372 4478 dicens
2396 4441 2408 4478 :
2457 4447 2473 4469 ι
2502 4421 2858 4478 Conﬁtemini
2882 4420 3122 4476 Domino
3145 4419 3404 4492 quoniam
3428 4420 3651 4492 bonus,
3673 4441 3798 4497 quo-

2182 4513 2330 4568 niam
2361 4513 2418 4567 in
2447 4520 2717 4567 aeternum
2752 4510 3131 4566 misericordia
3159 4509 3278 4582 ejus
3315 4509 3493 4578 (Psa-l.
3529 4527 3630 4580 cv,
3665 4513 3742 4583 1).
3769 4539 3786 4559 ι

2255 4600 2485 4658 CAPUT
2516 4601 2727 4657 XXVI.
2767 4630 2836 4640 —
2863 4601 2974 4657 Nec
3002 4599 3108 4656 hoc
3159 4599 3420 4663 dixerim,
3468 4608 3534 4656 ut
3572 4601 3798 4658 latiores

2182 4691 2481 4748 admodum
2517 4691 2705 4748 videar
2732 4691 2978 4748 habenas
3017 4691 3238 4748 dedisse
3280 4690 3522 4746 licentiae
3557 4691 3711 4763 (38),
3747 4699 3796 4746 et

2181 4781 2282 4836 sub
2313 4780 2496 4836 veniae
2539 4781 2814 4836 divinitus
2862 4780 3171 4836 tribuendas
3218 4787 3492 4852 praetextu
3525 4780 3794 4851 peccandi

2181 4871 2352 4941 magis
2398 4871 2650 4925 fomitem
2699 4869 2970 4925 Auctoris
3015 4869 3395 4941 paenitentiam
3448 4868 3791 4941 praebuisse;

2181 4962 2286 5018 hoc
2330 4962 2478 5018 enim
2523 4977 2776 5018 sermone
2824 4978 2944 5017 meo
2991 4961 3277 5017 cadentem
3321 4961 3500 5032 erigo,
3550 4969 3792 5018 stantem

2177 5068 2288 5107 non
2316 5052 2543 5124 impello
2573 5069 2587 5118 ;
2624 5068 2726 5108 nec
2755 5051 3059 5123 praejudico
3089 5050 3442 5119 innocentiae,
3470 5051 3571 5123 qui
3593 5051 3792 5107 exhoro

2177 5147 2263 5195 tor
2298 5139 2365 5195 ad
2412 5139 2800 5212 paenitentiam
2844 5146 3206 5212 peccatorem.
3249 5137 3563 5212 Siquidem,
3617 5148 3680 5195 ut
3703 5154 3789 5204 su-

2175 5247 2272 5301 pra
2298 5230 2410 5301 jam
2434 5229 2702 5298 diximus,
2738 5230 3068 5286 innocentia
3091 5228 3264 5300 exigit
3294 5227 3362 5283 de
3390 5229 3510 5284 Deo
3539 5228 3790 5285 debitum

2172 5319 2303 5379 vitae
2333 5335 2446 5375 sua:
2476 5319 2765 5391 praemium
2801 5338 2812 5376 :
2846 5318 3172 5392 paenitentia
3199 5333 3330 5374 vero
3359 5325 3654 5389 exspectat
3689 5332 3790 5372 mr
