4026 6172
218 298 346 356 1089

1290 293 1386 350 DE
1424 291 1886 350 ΡΟΕΝΙΤΕΝΤΙΑ
1926 292 2133 350 LIBER
2171 290 2368 348 UNUS.

3361 295 3500 356 1090

206 417 506 480 δεήσοι-ἀίω
548 414 914 485 beneﬁcium;
968 433 1079 474 non
1127 433 1350 491 peccare
1403 419 1550 474 enim
1593 419 1786 475 timere
1815 422 1865 479 A
1899 417 2016 489 25).
2048 443 2066 465 ι
2119 418 2521 476 Convertamur
2562 435 2692 491 ergo
2731 428 2785 476 et
2831 419 3194 478 confiteamur
3239 423 3500 492 Domino,

201 521 298 580 est,
317 507 582 583 pmnitere
610 522 742 562 vero
775 507 897 578 plus
927 523 1090 580 quam
1126 509 1338 563 timere.
1371 508 1506 563 Nam
1540 510 1794 580 plerum-

202 617 300 675 que
326 594 729 655 oﬂ'ensionibus
753 594 999 667 subjacet
1047 612 1238 654 secura
1274 596 1545 653 felicitas:
1583 598 1795 652 cautior

205 698 374 747 autem
405 686 472 743 ad
507 685 773 742 evitanda
804 685 1077 758 praeterita
1119 686 1378 755 efﬁcitur,
1425 703 1585 758 quem
1617 696 1796 744 metus

205 777 482 843 emendat;
513 775 647 848 quia
675 775 968 831 sollicitior
997 792 1210 847 semper
1249 776 1374 843 erit,
1420 776 1515 848 qui
1541 784 1698 832 cavet
1727 793 1792 833 ne

207 867 500 925 identidem
533 870 676 928 603
705 863 783 919 ibi
823 863 1050 934 incidat,
1101 865 1196 920 ubi
1237 864 1354 937 jam
1383 875 1542 922 antea
1571 865 1790 922 cecidit.

207 964 294 1021 Sic
327 964 740 1037 gubernatorem
791 962 1006 1019 faciunt
1049 963 1292 1034 pericula
1331 972 1556 1036 experta
1591 963 1792 1019 sollici-

205 1063 341 1122 tum,
373 1061 424 1110 et
476 1053 533 1108 in
592 1052 830 1109 offensos
887 1063 1078 1124 portus
1132 1070 1526 1126 nonnunquam
1573 1061 1795 1110 veretur

206 1143 424 1211 intrare,
456 1143 550 1214 qui
579 1143 668 1197 vel
698 1143 866 1199 semel
899 1142 1195 1200 incurrerit
1223 1161 1293 1200 ex
1330 1145 1624 1200 securitate
1663 1159 1792 1198 nau-

204 1232 451 1305 fragium.
484 1232 734 1306 Denique
764 1232 1050 1306 Scriptura
1079 1233 1306 1290 divina:
1357 1259 1374 1281 α
1404 1235 1509 1302 Qui
1545 1251 1654 1290 non
1677 1242 1791 1289 ten-

205 1329 342 1378 tatus
369 1329 468 1390 est,
489 1321 694 1394 inquit,
727 1322 911 1395 qualia
937 1323 1042 1379 scit
1060 1323 1252 1393 (Eccli.
1285 1340 1486 1390 xxxiv,
1519 1323 1643 1394 11)?
1673 1348 1690 1369 ι
1732 1332 1794 1380 ut

202 1412 504 1468 ostenderet
533 1427 631 1484 per
662 1412 988 1492 tentationis
1031 1429 1250 1469 causam
1282 1419 1553 1468 tentatum
1581 1429 1794 1484 semper

202 1501 335 1558 efﬁci
364 1501 690 1570 cautiorem,
747 1508 800 1556 et
830 1518 926 1573 per
951 1502 1208 1558 timorem
1244 1502 1416 1574 magis
1443 1501 1666 1574 corrigi,
1697 1503 1790 1574 qui

200 1589 445 1647 incautus
494 1597 661 1646 antea
714 1591 882 1646 fuerit
929 1591 1252 1648 tentationis
1305 1591 1553 1648 scientia.
1613 1591 1792 1664 Usque

199 1677 326 1734 adeo
353 1685 541 1735 autem
575 1679 930 1751 peccantibus
971 1681 1243 1737 Dominus
1287 1689 1439 1753 optat
1488 1681 1789 1753 ignoscere,

1901 523 2026 561 cum
2062 507 2118 561 in
2158 505 2265 562 hoc
2310 506 2495 562 saeculi
2543 505 2792 578 degimus
2841 517 3172 578 commeatu,
3225 517 3279 566 et
3323 509 3505 581 judici

1903 602 2090 649 nostro
2121 593 2455 665 paenitentiae
2503 595 2767 651 viaticum
2818 613 3206 668 praeparemus.
3240 601 3364 655 Non
3393 601 3506 657 sint

1904 684 2164 756 temporis
2207 685 2378 738 nostri
2424 684 2599 740 otiosa
2645 685 2945 754 curricula,
3004 701 3104 743 nec
3135 702 3236 742 nos
3276 688 3392 743 nati
3435 690 3504 747 ad

1903 774 2261 844 peccandum,
2320 774 2415 829 sed
2469 775 2538 830 ad
2593 773 2730 830 bene
2789 774 3060 846 agendum
3114 777 3498 836 convivamus.

1902 864 2014 924 Aut
2045 864 2090 919 si
2123 873 2341 935 peccato
2381 865 2649 920 fuerimus
2695 865 2946 933 obnoxii,
3002 867 3263 938 quoniam
3317 867 3503 926 deesse

1903 968 2012 1007 non
2044 961 2220 1025 potest
2269 955 2324 1009 in
2373 953 2478 1010 hoc
2522 954 2714 1009 mundi
2745 954 2960 1010 theatro
3006 955 3142 1026 quin
3193 971 3500 1027 peccemus,

1903 1042 2322 1098 reminiscamur
2362 1045 2560 1111 nostri,
2610 1051 2672 1098 ut
2705 1044 2934 1100 evadere
2967 1044 3228 1116 gehennae
3257 1047 3502 1118 praecipi-

1901 1131 2041 1186 tium
2072 1133 2380 1205 cupiamus.
2423 1132 2796 1189 Poeniteamus
2841 1150 2967 1204 ergo
2997 1150 3065 1188 ex
3107 1133 3234 1204 fide,
3283 1152 3502 1193 oremus

1901 1237 1966 1276 ex
2005 1222 2189 1291 corde,
2241 1225 2520 1294 ploremus
2562 1240 2629 1278 ex
2678 1223 2906 1280 viscere.
2960 1224 3030 1279 Et
3061 1223 3203 1279 sicut
3233 1224 3504 1296 Propheta

1901 1309 2037 1367 dicit
2063 1329 2074 1367 :
2113 1334 2131 1358 ‹
2158 1312 2487 1380 Adoremus,
2520 1321 2573 1368 et
2604 1312 2976 1384 procidamus,
2997 1320 3048 1367 et
3069 1313 3347 1384 ploremus
3373 1321 3502 1370 ante

1900 1400 2220 1468 Dominum,
2279 1401 2372 1474 qui
2427 1401 2560 1458 fecit
2611 1418 2711 1457 nos
2774 1401 3132 1472 (Psal.xc1v,
3163 1401 3261 1472 6);
3303 1426 3321 1450 ι
3373 1402 3503 1475 quia

1915 1509 1934 1535 ι
1973 1489 2067 1561 qui
2097 1497 2284 1545 serunt
2316 1490 2373 1544 in
2423 1491 2702 1562 lacrymis,
2755 1490 2812 1545 in
2842 1490 3040 1562 gaudio
3085 1497 3292 1546 metent
3326 1491 3500 1561 (Psal.

1901 1595 2070 1646 cxxv,
2111 1580 2192 1647 5).
2232 1604 2249 1626 ι

1900 1683 2236 1739 crymarum,
2267 1684 2375 1739 quo
2398 1667 2587 1722 futuro
2614 1677 2857 1740 tempore
2877 1669 3220 1739 colliguntur
3245 1669 3498 1741 praemia!

2304 1581 2482 1648 Felix,
2533 1580 2642 1636 heu
2688 1580 2922 1636 nimium
2969 1580 3105 1636 felix
3151 1580 3394 1635 oﬂicium
3431 1581 3504 1636 la-

197 1766 286 1840 qui
309 1783 420 1824 non
460 1769 591 1824 vult
623 1777 855 1824 mortem
887 1769 1194 1838 morientis,
1225 1778 1491 1842 quantum
1523 1778 1584 1825 ut
1613 1787 1790 1826 rever.
1821 1775 1867 1835 B
1901 1766 1953 1811 Cl.
1983 1755 2205 1811 130311111]
2238 1756 2468 1811 seminis
2497 1757 2926 1824 incrementum,
2957 1757 3102 1828 quod
3135 1757 3193 1811 in
3223 1756 3354 1813 ﬂetu
3383 1774 3504 1829 ρΓΟ·

195 1864 338 1915 tatur
362 1866 416 1914 et
445 1858 632 1925 vivat;
666 1866 727 1914 ut
756 1875 894 1932 quos
924 1877 1020 1932 pro
1054 1859 1392 1916 facinoribus
1419 1860 1534 1916 suis
1571 1860 1796 1933 aliquo-

197 1950 297 2007 ties
325 1950 573 2008 destinat
611 1968 808 2023 paene,
833 1953 1212 2024 interpellatus
1238 1953 1584 2026 paenitentia,
1643 1953 1796 2010 illico

194 2039 416 2096 festinet
445 2041 763 2098 absolvere:
789 2049 844 2098 et
873 2050 935 2098 ut
960 2043 1220 2101 recondat
1259 2059 1318 2098 1n
1338 2043 1536 2115 vagina
1565 2041 1795 2098 machae-

193 2146 328 2200 ram,
362 2139 675 2188 commutat
714 2133 1211 2192 animadversionis
1251 2133 1629 2192 satisfactione
1671 2150 1795 2190 sen-

193 2220 442 2278 tentiam.

259 2423 492 2482 CAPUT
527 2425 759 2482 XXVII.
791 2455 862 2466 —
891 2426 962 2482 Et
999 2441 1312 2498 quanquam
1364 2425 1469 2482 hoc
1499 2441 1568 2481 ex
1625 2424 1796 2480 Nini-

190 2513 432 2570 vitarum
465 2515 617 2572 facto
642 2515 894 2588 superius
941 2516 1014 2572 sit
1053 2515 1366 2588 probatum,
1397 2524 1580 2572 tamen
1629 2515 1793 2569 etiam

181 2603 434 2660 Ieremia:
476 2603 760 2677 prophetae
809 2621 974 2676 super
1032 2621 1097 2660 eo
1151 2605 1336 2676 accipe
1380 2602 1791 2669 testimonium;

177 2700 235 2748 ut
257 2709 328 2748 ex
369 2693 726 2750 testimoniis
755 2693 972 2765 plenius
1006 2693 1109 2750 tibi
1160 2693 1422 2766 probetur
1456 2693 1792 2764 exemplum.

189 2807 208 2830 ς
235 2781 429 2838 Sermo
449 2825 473 2851 ,
509 2782 710 2856 inquit,
747 2781 842 2854 qui
899 2781 1077 2838 factus
1108 2789 1191 2838 est
1218 2798 1248 2836 a
1278 2781 1515 2838 Domino
1539 2781 1606 2837 ad
1636 2782 1796 2837 Jere—

176 2870 367 2940 miam,
430 2869 671 2926 (licens:
728 2871 976 2942 Exsurge
1008 2915 1022 2939 ,
1055 2878 1109 2926 et
1155 2870 1423 2927 descende
1454 2873 1510 2926 in
1567 2870 1794 2926 domum

174 2959 355 3032 ﬁguli,
387 2969 462 3018 et.
481 2959 558 3015 ibi
585 2959 776 3016 audies
801 2959 970 3015 verba
1001 2976 1138 3016 mea.
1172 2961 1242 3016 Et
1270 2960 1530 3016 descendi
1575 2960 1631 3015 in
1686 2959 1796 3014 do-

178 3066 330 3106 mum
363 3049 562 3123 ﬁguli,
594 3057 648 3105 et
677 3065 800 3106 ecce
831 3051 946 3122 ipse
976 3066 1115 3121 opus
1145 3049 1379 3106 faciebat
1425 3065 1587 3121 super
1646 3049 1796 3121 lapi-

1904 1847 2182 1910 funditur,
2211 1855 2274 1902 ut
2304 1847 2362 1901 in
2393 1847 2589 1902 laetitia
2609 1847 2874 1902 metatur!
2909 1845 3184 1917 Scriptum
3212 1854 3291 1901 est
3320 1846 3498 1905 enim:

1921 1961 1936 1982 ι
1969 1935 2125 1990 Felix
2155 1935 2344 2003 homo,
2383 1935 2477 2008 qui
2529 1937 2776 2007 agnoscit
2806 1936 3078 1991 ululatum
3127 1951 3286 1990 suum
3318 1937 3495 2006 (Eccl.

1906 2042 2024 2093 xiv,
2057 2025 2136 2095 2).
2172 2049 2188 2071 ι
2231 2025 2500 2080 Levemus
2531 2027 2720 2081 oculos
2749 2035 2966 2080 nostros
2997 2024 3066 2079 ad
3097 2033 3330 2094 montes,
3358 2024 3505 2080 unde

1906 2113 2093 2169 veniet
2122 2113 2396 2168 auxilium
2432 2113 2630 2182 nobis;
2664 2115 2792 2186 quia
2827 2139 2844 2161 ι
2872 2114 3016 2170 sicut
3045 2115 3189 2169 oculi
3221 2132 3502 2171 servorum

1905 2203 1964 2259 in
1995 2204 2248 2259 manibus
2300 2201 2656 2258 dominorum
2689 2219 2938 2270 suorum,
2973 2210 3026 2257 et
3055 2201 3200 2258 sicut
3229 2204 3376 2258 oculi
3404 2221 3504 2259 an-

1905 2291 2049 2349 cillae
2080 2293 2148 2348 ad
2181 2309 2375 2348 manus
2406 2291 2647 2348 domina
2676 2309 2788 2348 suae
2820 2311 2830 2348 :
2863 2291 2943 2348 sic
2971 2299 3024 2348 et
3055 2291 3201 2347 oculi
3233 2293 3407 2348 nostri
3437 2293 3506 2348 ad

1905 2381 2203 2438 Dominum
2239 2383 2412 2438 Deum
2461 2389 2733 2451 nostrum,
2785 2397 2957 2456 usque
3003 2381 3134 2439 dum
3185 2381 3508 2439 misereatur

1905 2471 2064 2526 nobis
2098 2471 2271 2542 (Psal.
2309 2487 2487 2540 cxxn,
2521 2471 2600 2543 2).
2643 2496 2662 2518 ι

1975 2687 2203 2744 CAPUT
2233 2685 2761 2757 XXVIll.—Neque
2788 2684 2866 2740 ita
2895 2683 3273 2741 conversionis
3302 2689 3503 2740 nostra:

1905 2775 2198 2832 consilium
2258 2774 2521 2846 temporis
2577 2772 3040 2829 delectationibus
3094 2774 3500 2845 prolongemus,

1904 2875 1967 2921 ut
2013 2866 2114 2920 sub
2145 2864 2377 2921 scientia
2428 2862 2689 2936 peccandi
2741 2870 2794 2919 et
2838 2861 3202 2920 delectatione
3241 2862 3506 2936 pereundi

1904 2971 2077 3026 usque
2102 2953 2172 3010 ad
2209 2961 2511 3009 extremam
2549 2960 2762 3009 aetatem
2808 2968 2907 3007 nos
2939 2951 2996 3006 in
3026 2953 3345 3024 voraginem
3383 2952 3504 3009 cri-

1907 3044 2120 3100 minum
2171 3044 2586 3116 demergamus;
2632 3059 2758 3099 cum
2801 3041 3030 3098 vivendi
3079 3042 3239 3099 nobis
3285 3059 3446 3098 usum
3473 3058 3505 3098 a

175 3139 294 3210 des,
327 3148 384 3196 et
418 3139 636 3196 cecidit
667 3156 762 3195 vas
791 3139 939 3212 quod
1000 3140 1114 3211 ipse
1164 3138 1397 3195 faciebat
1439 3139 1497 3194 in
1545 3137 1801 3193 manibus
1830 3137 1872 3196 C
1909 3134 2098 3190 divina
2129 3133 2448 3205 dignatione
2493 3133 2755 3191 collatum
2799 3132 2896 3205 qui
2945 3132 3216 3189 terminus
3263 3130 3504 3200 claudat,

181 3229 331 3297 suis;
365 3236 424 3285 et
467 3227 668 3284 iterum
713 3228 844 3285 fecit
890 3227 1031 3282 illud
1079 3243 1174 3283 vas
1201 3227 1373 3296 aliud,
1419 3228 1562 3284 sicut
1594 3227 1799 3297 placuit

179 3334 372 3375 coram
407 3318 540 3389 ipso
571 3317 767 3373 facere.
809 3317 880 3371 Et
912 3316 1090 3372 factus
1128 3324 1210 3372 est
1250 3331 1430 3371 sermo
1468 3313 1698 3371 Domini
1730 3312 1798 3368 ad

182 3424 294 3476 me,
325 3407 563 3464 dicens:
597 3406 752 3462 Sicut
805 3405 1006 3478 figulus
1047 3405 1149 3462 iste
1196 3423 1308 3462 non
1362 3411 1551 3477 potero
1597 3421 1696 3459 vos
1723 3403 1798 3458 fa-

181 3515 332 3567 cere,
359 3498 569 3554 domus
590 3497 754 3552 Israel
775 3497 946 3553 ?Ecce
958 3497 1101 3553 sicut
1118 3498 1295 3553 lutum
1315 3497 1469 3568 ﬁguli
1483 3513 1582 3552 vos
1599 3495 1798 3551 estisin

181 3587 466 3643 manibus
495 3585 668 3641 meis:
704 3595 758 3642 et
774 3593 988 3642 tantum
1012 3587 1059 3642 si
1089 3588 1458 3660 loquarsuper
1476 3593 1688 3658 gentem
1706 3593 1800 3641 aut

184 3693 363 3751 super
395 3692 660 3744 regnum;
699 3677 964 3733 uttollam
997 3693 1109 3744 eos,
1138 3684 1192 3732 et
1227 3684 1289 3732 ut
1310 3676 1531 3749 perdam
1547 3691 1658 3731 eos.
1680 3674 1799 3730 Etsi

181 3782 471 3824 conversa
501 3765 668 3822 fuerit
687 3783 818 3839 gens
837 3767 934 3823 illa
950 3784 981 3824 a
1001 3766 1165 3822 malis
1200 3767 1316 3823 suis
1345 3765 1798 3837 cogitationibus,

181 3856 590 3930 paenitentiam
621 3874 775 3929 agam
824 3875 922 3930 pro
975 3858 1156 3926 malis,
1213 3874 1333 3930 qua:
1389 3855 1694 3928 cogitabam
1742 3865 1803 3912 ut

178 3945 441 3999 facerem
473 3944 574 4010 eis,
597 3953 652 3999 et
693 3962 802 4000 non
858 3947 1080 4002 faciam.
1143 3947 1216 4001 Et
1269 3953 1452 4000 tamen
1493 3944 1539 3998 si
1586 3945 1804 4000 locutus

181 4031 359 4088 fuero
393 4044 560 4100 super
589 4047 816 4102 regnum
847 4041 944 4088 aut
974 4041 1214 4104 gentem,
1247 4041 1310 4088 ut
1338 4032 1705 4088 reaedilicetur
1749 4043 1803 4090 et

177 4121 702 4192 circumplantetur
724 4141 737 4189 ;
762 4129 816 4177 et
831 4122 1020 4179 fecerit
1043 4123 1235 4195 iniqua
1259 4123 1316 4178 in
1339 4132 1638 4195 conspectu
1655 4141 1801 4194 meo,

179 4220 251 4270 ut
272 4224 402 4266 non
425 4208 684 4265 exaudiat
703 4227 895 4267 vocem
913 4227 1108 4266 meam:
1134 4211 1511 4282 paenitentiam
1529 4229 1683 4284 agam
1705 4229 1804 4286 pro

180 4300 392 4368 bonis,
411 4316 531 4373 qua:
547 4302 766 4359 locutus
777 4319 899 4359 sum
922 4313 984 4360 ut
1002 4303 1237 4360 facerem
1259 4305 1360 4372 eis,
1379 4312 1433 4359 et
1450 4320 1562 4360 non
1579 4305 1799 4363 faciam.

180 4395 442 4450 Etnunc
470 4391 561 4449 dic
573 4393 639 4450 ad
659 4393 808 4450 viros
835 4394 1064 4463 Juda,et
1083 4393 1464 4450 inhabitantes
1479 4395 1799 4455 Jerusalem:

179 4481 346 4538 Ecce
380 4496 480 4552 ego
511 4481 660 4555 ﬁngo
690 4485 834 4540 mala
863 4500 1028 4556 super
1058 4500 1178 4550 vos,
1219 4491 1274 4539 et
1301 4483 1483 4555 cogito
1513 4501 1677 4557 super
1704 4504 1803 4544 vos

178 4569 618 4643 cogitationem.
684 4572 1053 4630 Convertatur
1107 4573 1485 4646 unusquisque
1522 4592 1553 4630 a
1593 4575 1682 4630 via
1711 4593 1808 4633 sua

181 4659 473 4730 maligna,
499 4659 754 4716 meliores
769 4661 930 4719 facite
950 4662 1318 4734 cogitationes
1348 4671 1556 4720 vestras
1589 4665 1802 4735 (Jerem.

181 4765 374 4815 xvm,
427 4749 599 4821 1-12).
633 4773 650 4797 ι
701 4749 903 4806 Suadet
959 4767 1088 4823 ergo
1117 4751 1319 4824 ﬁgulus
1379 4761 1564 4809 noster
1615 4771 1646 4809 a
1700 4755 1807 4812 viis

184 4835 470 4911 pessimis
502 4845 556 4891 et
592 4839 1022 4910 cogitationibus
1077 4856 1178 4895 nos
1209 4841 1467 4914 malignis
1505 4845 1704 4912 averti,
1747 4851 1808 4899 ut

179 4924 503 4984 conversio
534 4927 872 4997 poenitentiae
927 4928 985 4983 in
1015 4928 1168 4983 aliud
1219 4946 1314 4984 vas
1339 4929 1511 4999 possit
1542 4931 1808 4987 fracturas

181 5027 427 5076 nostras
454 5016 700 5089 vitiaque
735 5018 1024 5088 plasmare.
1073 5018 1145 5073 Et
1192 5019 1314 5073 vult
1343 5020 1522 5090 operis
1553 5022 1637 5076 sui
1666 5021 1808 5077 sub-

181 5105 468 5166 stantiam
503 5121 614 5160 non
645 5105 823 5178 perire
853 5105 911 5161 in
959 5107 1374 5178 poenitentiam;
1418 5125 1485 5163 ne
1537 5111 1808 5166 sententia

183 5213 363 5254 reum
396 5203 601 5263 teneat,
633 5211 794 5268 quem
846 5197 1120 5253 confessio
1158 5205 1402 5253 excusat.
1466 5198 1607 5254 Huic
1661 5216 1807 5255 con-

181 5293 368 5344 sonat
393 5284 673 5358 Sapientia
702 5285 1042 5360 Salomonis:
1090 5310 1107 5335 σ
1139 5287 1245 5343 Sed
1277 5288 1574 5354 misereris,
1601 5289 1805 5362 inquit,

184 5373 466 5443 Domine,
501 5374 777 5442 omnium,
835 5375 965 5448 quia
1021 5376 1209 5431 omnia
1255 5385 1429 5449 potes,
1485 5386 1538 5434 et
1577 5378 1809 5450 negligis

184 5473 432 5540 peccata
481 5463 792 5534 hominum,
862 5473 1083 5538 propter
1139 5467 1553 5538 pcenitentiam;
1622 5467 1808 5525 subest

185 5555 360 5612 enim
392 5554 495 5611 tibi
526 5571 652 5613 cum
697 5554 851 5610 voles
902 5571 1078 5628 posse,
1139 5564 1192 5613 et
1247 5575 1372 5614 cum
1423 5558 1500 5614 sis
1555 5559 1805 5615 omnium

187 5643 502 5715 Dominus,
533 5644 792 5704 omnibus
847 5651 900 5703 te
953 5661 1173 5718 parcere
1227 5647 1361 5707 facis
1411 5649 1565 5722 (Sap.
1597 5667 1678 5719 xx,
1714 5648 1804 5719 24,

1907 3225 2174 3282 habeatur
2205 3225 2498 3280 incertum.
2551 3225 2622 3279 Et
2650 3224 2882 3279 forsitan
2929 3223 3034 3280 hoc
3081 3224 3228 3296 quod
3258 3233 3352 3279 aut
3381 3223 3508 3295 pri-

1908 3332 2058 3370 mum
2090 3321 2334 3387 putatur,
2357 3321 2450 3368 aut
2472 3313 2736 3381 medium,
2763 3313 3108 3369 imminentis
3125 3313 3342 3370 occidui
3365 3320 3506 3369 meta

1904 3404 2016 3477 jam
2047 3403 2271 3470 limitet,
2301 3403 2480 3475 sitque
2508 3403 2729 3459 debitus
2758 3403 2888 3458 ﬁnis
2909 3402 3250 3476 indignantis
3280 3402 3505 3458 Domini

1909 3511 1978 3550 ex
2007 3493 2386 3552 conversionis
2425 3492 2680 3549 tarditate
2723 3493 2977 3559 vocatio;
3027 3491 3248 3565 quando
3283 3491 3506 3564 quidem

1909 3601 1980 3640 ex
2053 3583 2434 3640 admonitione
2509 3581 2938 3655 rumpendarum
3016 3581 3075 3636 in
3149 3581 3510 3638 conversione

1915 3693 2191 3733 morarum
2238 3679 2581 3750 propositum
2633 3677 2886 3734 videatur
2934 3677 3264 3733 oraculum:
3329 3699 3348 3722 ε
3386 3675 3508 3731 Non

1911 3767 2094 3822 tardes
2139 3767 2385 3822 converti
2432 3765 2500 3822 ad
2533 3766 2856 3833 Dominum,
2899 3774 2954 3822 et
2984 3781 3052 3820 ne
3079 3764 3299 3821 differas
3326 3763 3394 3820 de
3420 3763 3510 3820 die

1911 3856 1970 3911 in
2003 3856 2150 3911 diem
2177 3873 2189 3921 ;
2221 3856 2406 3912 subito
2435 3857 2582 3911 enim
2615 3857 2800 3912 veniet
2825 3856 2905 3910 ira
2935 3854 3074 3925 ejus,
3105 3854 3235 3908 etin
3266 3861 3510 3925 tempore

1912 3945 2176 4000 vindictae
2208 3945 2486 4016 disperdet
2517 3951 2568 4000 te
2600 3946 2793 4016 (Eccli.
2819 3961 2874 4012 v,
2907 3943 2960 4010 8,
2993 3944 3049 4014 9)
3077 3961 3090 4010 ;
3129 3966 3146 3989 ι
3187 3951 3242 3998 et
3269 3941 3504 3997 iterum:

1929 4059 1946 4081 ι
1978 4033 2106 4102 Fili,
2139 4035 2401 4104 peccasti,
2434 4049 2501 4088 ne
2539 4032 2767 4104 adjicias
2798 4033 3022 4099 iterum,
3072 4031 3166 4086 sed
3211 4037 3265 4085 et
3302 4029 3369 4084 de
3401 4030 3509 4102 pri-

1913 4122 2073 4180 stinis
2091 4122 2403 4195 deprecare,
2427 4131 2488 4178 ut
2508 4122 2611 4178 tibi
2642 4123 2996 4178 dimittantur
3029 4119 3349 4192 (Eccli.xx1,
3375 4119 3450 4188 1);
3476 4142 3493 4164 ι

1927 4238 1945 4261 ι
1976 4223 2029 4270 et
2051 4229 2118 4269 ne
2143 4211 2371 4283 adjicias
2391 4219 2673 4284 peccatum
2705 4228 2868 4284 super
2896 4219 3199 4283 peccatum,
3231 4218 3285 4265 et
3309 4209 3459 4265 dicas
3492 4225 3504 4264 :

1913 4303 2192 4360 Miseratio
2221 4302 2320 4357 Dei
2351 4318 2546 4373 magna
2574 4309 2685 4368 est;
2728 4298 3108 4356 misericordia
3155 4298 3303 4354 enim
3333 4305 3389 4354 et
3427 4297 3510 4354 ira

1913 4393 1980 4448 ab
2010 4392 2108 4446 illo
2141 4391 2332 4462 (Eccli.
2367 4408 2424 4459 v,
2456 4391 2597 4463 5-7).
2635 4415 2654 4438 ι
2697 4391 2807 4447 Nec
2843 4406 2942 4445 nos
2973 4405 3146 4461 usque
3176 4388 3244 4444 ad
3273 4395 3510 4444 mortem

1835 4505 1883 4563 ι)
1915 4483 2032 4540 fieri
2064 4482 2338 4555 mancipia
2386 4482 2678 4553 patiamur,
2725 4489 2779 4536 et
2825 4480 3018 4536 demus
3048 4495 3278 4551 corpora
3325 4486 3512 4534 nostra

1918 4575 2184 4630 scelerum
2218 4571 2440 4639 ditioni,
2489 4573 2582 4627 sed
2611 4571 2932 4627 obediamus
2960 4570 3224 4642 Apostolo
3253 4568 3460 4627 dicenti
3495 4588 3508 4628 :

1931 4689 1948 4710 ι
1979 4664 2096 4720 Non
2146 4669 2334 4732 regnet
2378 4668 2659 4733 peccatum
2699 4661 2756 4716 in
2789 4667 2970 4716 vestro
3012 4658 3231 4715 mortali
3261 4675 3508 4731 corpore,

1916 4761 1978 4808 ut
2019 4751 2288 4807 obediatis
2331 4750 2381 4806 ei
2435 4752 2610 4821 (Rom.
2643 4767 2721 4817 vr,
2758 4749 2887 4820 12);
2931 4774 2949 4797 ι
3004 4757 3067 4804 ut
3111 4747 3240 4821 quia
3293 4755 3513 4819 peccata

1915 4840 2100 4896 deesse
2130 4857 2240 4895 non
2272 4846 2518 4910 possunt,
2551 4846 2697 4894 certe
2737 4854 2847 4894 non
2887 4846 3134 4909 regnent,
3168 4837 3273 4893 hoc
3299 4845 3400 4906 est,
3445 4855 3512 4894 ne

1917 4930 2034 4986 sine
2079 4936 2327 5000 respectu
2381 4927 2650 4983 evadendi
2707 4927 2802 4983 fiat
2846 4927 3079 4999 abrupta
3122 4927 3346 4984 licentia
3392 4943 3512 4998 pec-

1917 5019 2099 5076 candi.
2134 5019 2245 5073 Aut
2275 5025 2421 5074 certe
2449 5018 2494 5072 si
2526 5024 2681 5089 putat
2707 5016 2913 5090 aliquis
2941 5025 3141 5072 restare
3173 5016 3277 5071 sibi
3298 5025 3514 5086 tempus

1917 5117 1979 5165 ut
2009 5117 2214 5181 peccet,
2261 5118 2317 5165 et
2346 5109 2539 5165 satiata
2584 5107 2818 5164 libidine
2849 5124 2973 5164 cum
3010 5107 3125 5179 jam
3157 5106 3515 5178 imperassent

1917 5201 2104 5256 animo
2131 5203 2378 5272 corporis
2407 5201 2574 5269 vires,
2614 5209 2748 5257 tunc
2775 5199 2843 5256 ad
2875 5197 3179 5272 paenitendi
3212 5196 3388 5252 redire
3411 5194 3513 5266 ju-

1917 5290 2148 5359 dicium,
2173 5293 2432 5347 ultimum
2466 5291 2593 5347 vitaa
2623 5308 2735 5347 sua;
2759 5289 2898 5346 mihi
2931 5299 3147 5359 tempus
3174 5285 3372 5353 edicat,
3403 5302 3512 5358 quo

1917 5381 2245 5450 calculante,
2293 5381 2570 5449 didicerit,
2627 5397 2736 5454 quo
2785 5378 3120 5444 insinuante,
3157 5373 3510 5447 cognoverit;

1918 5480 1979 5528 ut
2007 5470 2130 5542 jure
2159 5470 2286 5540 sibi,
2337 5480 2400 5528 ut
2430 5472 2504 5528 ita
2533 5471 2736 5538 dicam,
2767 5469 2834 5524 de
2863 5465 3126 5538 temporis
3157 5464 3334 5537 spatio
3362 5463 3516 5520 blan-

1917 5563 2120 5619 diatur.
2156 5563 2228 5617 At
2257 5579 2380 5619 cum
2407 5561 2566 5618 nobis
2595 5560 2912 5633 inopinatus
2941 5556 3012 5612 sit
3043 5555 3224 5612 exitus
3259 5553 3516 5610 termina-

1918 5650 2007 5720 lis,
2045 5659 2097 5707 et
2127 5649 2255 5708 vita).
2285 5659 2486 5707 nostra:
2515 5647 2684 5704 dubia
2722 5645 2835 5702 sint
2865 5660 2933 5701 ex
2966 5643 3158 5700 mortis
3208 5640 3518 5714 ignorantia
