4026 6172
493 295 640 357 .1091

1543 296 1639 352 AD
1677 294 1912 352 OPERA
1950 293 2007 352 S.
2048 292 2384 353 AMBROSII
2421 292 2804 355 APPENDIX.

3678 299 3817 359 1092

504 425 813 491 curricula;
843 421 1120 496 quomodo
1148 421 1253 476 sibi
1284 421 1516 494 quisque
1542 437 1820 493 superesse
1847 419 1915 476 ad
1955 437 2098 478 con-
2128 423 2178 482 A
2211 420 2396 488 locus;
2452 420 2548 477 sed
2600 437 2776 495 neque
2828 421 2925 495 qui
2981 421 3208 494 decipit,
3261 439 3436 496 neque
3492 424 3589 498 qui
3627 424 3812 498 decipi

504 514 771 572 ﬁtendum
823 523 1039 584 tempus
1073 511 1376 579 existimat,
1427 510 1522 583 qui
1562 511 1828 582 temporis
1857 512 1940 566 sui
1970 519 2105 566 tem-

506 619 608 675 pus
656 603 890 673 ignorat,
937 617 1062 657 cum
1098 601 1288 672 utique
1327 598 1515 654 audiat
1560 599 1831 654 dicentem
1864 600 2105 671 Scriptu-

505 709 617 748 ram
650 711 661 748 :
707 717 724 738 ι
753 692 960 747 Vivens
983 698 1035 744 et
1062 705 1227 744 sanus
1257 687 1536 756 fateberis,
1558 696 1612 744 et
1639 688 1886 744 laudabis
1905 691 2101 757 Deum,

505 788 559 836 et
589 781 644 835 in
683 796 741 851 pa
755 789 891 835 rtem
925 779 1090 834 vades
1118 778 1304 834 saeculi
1346 777 1521 834 sancti
1551 795 1675 833 cum
1708 778 1852 834 vivis
1879 785 1930 832 et
1961 778 2107 834 dan-

504 869 654 925 tibus
698 869 1104 925 confessionem
1154 869 1347 938 (Ecch’.
1379 885 1519 936 xvn,
1548 868 1639 933 25,
1670 867 1785 937 27).
1825 892 1843 916 ι
1901 868 2106 924 Dilatio

502 957 650 1012 enim
693 957 957 1028 temporis
991 957 1390 1014 confessionem
1423 965 1588 1026 creet,
1622 965 1675 1011 et
1705 973 1815 1012 non
1854 957 2104 1029 despera-

501 1047 712 1102 tionem
757 1055 976 1118 generet
1003 1065 1015 1113 ;
1050 1047 1178 1120 quia
1208 1056 1564 1118 exaggeratur
1595 1047 1650 1101 in
1682 1045 1853 1102 dilato
1881 1046 2103 1102 damna-

503 1139 602 1208 tio,
655 1140 748 1212 qui
782 1139 1028 1194 divinam
1073 1137 1392 1211 patientiam
1443 1138 1710 1208 pertinaci
1757 1138 2103 1193 animositate

503 1230 729 1301 cogitat.
776 1229 933 1296 Quod
979 1229 1154 1285 sancti
1194 1229 1307 1284 Noe
1345 1228 1682 1299 temporibus
1724 1228 1950 1284 docetur
1979 1227 2100 1282 effe-

501 1326 675 1387 ctum,
717 1336 842 1374 cum
893 1335 987 1390 per
1041 1327 1262 1374 centum
1321 1333 1493 1372 annos
1545 1324 1813 1388 pertracta
1843 1316 2105 1389 patientia

503 1407 909 1480 implacabilem
960 1423 1054 1479 per
1100 1407 1293 1462 mundi
1333 1405 1599 1461 ambitum
1640 1406 1785 1461 fudit
1831 1407 2103 1477 cataclys-

505 1513 678 1565 mum,
725 1496 1032 1552 inundante
1064 1513 1312 1552 censura.
1366 1496 1520 1552 Unde
1567 1495 1758 1552 beatus
1809 1497 2105 1568 Apostolus

501 1586 579 1641 ait
613 1605 624 1642 :
685 1610 702 1632 ι
736 1586 822 1642 An
867 1587 1139 1660 numquid
1181 1587 1522 1659 opulentiam
1563 1585 1828 1642 bonitatis
1867 1586 2005 1658 ejus,
2052 1595 2106 1642 et

502 1675 723 1747 longam
771 1675 1091 1748 patientiam
1141 1675 1474 1742 contemnis,
1524 1675 1782 1745 ignorans
1823 1675 1968 1748 quod
2004 1676 2104 1731 Dei

2215 511 2406 584 possit,
2450 511 2668 584 penitus
2725 511 3031 568 invenitur.
3089 511 3212 568 Illic
3257 512 3401 568 bona
3449 515 3660 582 omnia,
3699 515 3814 570 illic

2214 609 2414 658 cuncta
2441 600 2644 668 felicia,
2707 601 2827 657 illic
2881 618 3140 674 prospera
3179 602 3464 670 universa;
3525 621 3638 660 non
3697 603 3816 660 dies

2216 691 2353 748 lucis
2383 691 2728 747 incremento
2759 692 3059 761 mutabilis,
3085 709 3196 749 non
3227 695 3308 749 sol
3341 694 3542 750 lentior
3572 695 3631 750 in
3663 703 3812 761 ortu,

2215 781 2273 836 in
2315 781 2580 854 fulgendo
2627 782 2847 850 clarior,
2897 783 2954 838 in
2994 800 3191 841 occasu
3249 785 3458 842 fuscior
3486 785 3812 858 apparebit:

2214 888 2325 926 nox
2351 871 2581 928 omnino
2613 872 2850 941 vacabit,
2912 873 3049 929 luna
3104 891 3216 930 non
3275 875 3400 941 erit,
3436 891 3538 931 nec
3567 875 3813 932 siderum

2215 963 2448 1020 micatus
2479 963 2760 1020 ardentior
2795 965 3050 1022 rutilabit
3083 983 3094 1021 :
3156 965 3336 1021 famen
3389 982 3553 1021 nemo
3590 967 3814 1036 sentiet,

2215 1053 2474 1126 lacrymaa
2506 1053 3060 1126 detergentur,timor
3082 1055 3298 1124 nullus,
3322 1065 3496 1112 metus
3517 1073 3587 1112 ex
3607 1057 3813 1126 nihilo,

2208 1140 2531 1214 jucunditas
2589 1145 2796 1211 omnia,
2856 1159 2964 1215 pax
3003 1153 3204 1212 totum,
3251 1143 3508 1215 gaudium
3543 1146 3814 1220 quidquid

2213 1237 2518 1294 obnoxium
2551 1239 2793 1295 tristitiae
2810 1239 3005 1308 fuerat,
3039 1238 3416 1311 possidebunt.
3457 1241 3664 1298 Omnia
3695 1261 3813 1316 pro-

2213 1328 2378 1399 pheta
2407 1328 2574 1383 Isaias
2602 1329 2890 1385 evidenter
2917 1328 3148 1402 exponit
3181 1329 3316 1399 (Isa.
3351 1345 3442 1398 1.x,
3473 1329 3654 1402 2.21).
3687 1331 3813 1399 Qua

2213 1425 2347 1473 tunc
2371 1416 2446 1472 ibi
2477 1418 2650 1488 gloria
2681 1418 2951 1486 felicium,
2983 1435 3104 1491 quae
3157 1418 3428 1490 supplicia
3458 1419 3811 1489 miserorum,

2215 1503 2309 1576 qui
2343 1505 2598 1576 gemitus,
2628 1523 2749 1579 quae
2780 1507 3015 1579 suspiria
3048 1507 3416 1579 peccantium,
3460 1523 3580 1580 quae
3631 1507 3814 1565 beati-

2213 1593 2350 1650 tudo
2389 1605 2706 1653 sanctorum
2743 1598 2770 1654 ?
2824 1598 2924 1653 His
2979 1614 3104 1654 cum
3149 1599 3264 1654 Deo
3293 1600 3663 1669 consortium,
3697 1582 3815 1656 illos

2215 1683 2411 1741 donari
2439 1687 2832 1758 gebennalium
2862 1688 3242 1744 cruciamento
3279 1686 3635 1745 ﬂammarum
3672 1708 3686 1745 :
3720 1689 3815 1745 hos

498 1763 722 1821 bonitas
751 1766 816 1821 ad
850 1765 1231 1836 ρωηίῐθηιίειηι
1267 1772 1318 1819 te
1365 1764 1589 1820 adduc“
1610 1765 1638 1820 7
1684 1765 1765 1819 Τιι
1804 1773 1986 1822 autem
2024 1782 2102 1822 εθ-
2136 1787 2182 1846 Β
2215 1774 2637 1847 incomparabili
2670 1777 2878 1849 perfrui
2921 1777 3227 1849 refrigerio,
3283 1777 3411 1833 illos
3439 1777 3706 1834 incendio
3736 1779 3814 1834 in-

501 1856 750 1913 eundum
799 1856 1062 1910 duritiam
1098 1863 1246 1910 tuam
1281 1863 1334 1910 et
1363 1872 1458 1910 cor
1488 1855 1839 1926 impoenitens
1888 1855 2103 1912 thesau-

502 1945 643 1998 rizas
672 1945 776 2000 tibi
808 1943 945 1998 iram
979 1945 1036 1999 in
1067 1944 1156 1999 die
1182 1945 1276 2000 ira:
1321 1953 1375 2001 et
1407 1944 1764 2000 revelationis
1789 1944 1925 2016 justi
1955 1943 2102 2016 judi-

501 2033 572 2089 cii
608 2033 730 2101 Dei,
765 2032 859 2106 qui
911 2033 1102 2090 reddet
1148 2033 1453 2106 unicuique
1501 2033 1802 2090 secundum
1834 2034 1978 2091 facta
2006 2051 2103 2091 sua

504 2122 682 2194 (Rom.
715 2139 774 2188 ιι,
807 2121 943 2192 4-6).
973 2146 990 2168 ι

572 2211 801 2268 CAPUT
836 2211 1044 2270 XXIX.
1079 2241 1146 2251 —
1176 2211 1318 2268 Volo
1348 2210 1498 2268 dicas
1544 2211 1705 2280 mihi,
1755 2230 1876 2285 quae
1917 2229 2099 2269 rerum

500 2301 853 2373 praesentium
884 2300 1080 2373 gloria,
1114 2300 1209 2374 qui
1235 2302 1348 2357 sint
1379 2301 1544 2373 hujus
1575 2302 1839 2373 temporis
1865 2303 2098 2371 fructus,

499 2406 622 2462 quae
650 2390 862 2445 utilitas
907 2390 1261 2445 caducorum.
1314 2391 1485 2461 Regni
1540 2391 1804 2462 potentia,
1851 2399 1913 2447 ut
1959 2392 2099 2460 dixi,

500 2486 680 2535 morte
728 2480 940 2548 ﬁnitur,
991 2481 1276 2552 potestatis
1324 2480 1554 2536 ambitio
1595 2481 1938 2538 successione
1971 2482 2102 2537 diri-

500 2567 692 2636 mitur,
726 2568 1052 2624 divitiarum
1081 2568 1239 2642 c0pia
1265 2569 1408 2624 vivis
1437 2568 1596 2624 nobis
1625 2569 1948 2641 plerumque
1977 2569 2100 2625 sub-

505 2658 767 2728 trahitur,
821 2660 1122 2731 voluptatis
1167 2659 1381 2715 effectio
1428 2658 1653 2713 tristitia
1698 2659 2100 2714 interveniente

500 2749 896 2821 c‘orrumpitur,
941 2747 1267 2818 jucunditas
1312 2747 1636 2819 gaudiorum
1679 2757 1858 2804 metus
1896 2748 2100 2804 formi-

507 2839 635 2895 dine
690 2839 952 2908 violatur,
1016 2846 1070 2894 et
1122 2855 1284 2893 omne
1335 2837 1482 2911 quod
1539 2837 1752 2910 capitur
1803 2837 2095 2907 desiderio,

499 2945 698 3001 corpus
745 2936 839 2984 aut
885 2929 1071 2984 anima
1120 2927 1367 2998 corporis
1419 2926 1711 2994 desiderat,
1771 2933 1919 2990 604
1971 2927 2099 2982 ﬁnis

505 3026 645 3082 falce
674 3025 979 3082 succiditur
1010 3025 1150 3096 (39).
1201 3026 1309 3081 Nec
1357 3033 1533 3097 potest
1578 3026 1876 3097 perfectum
1914 3025 2098 3098 privi-

501 3115 706 3185 legium
737 3113 1099 3169 beatitudinis
1126 3113 1395 3182 obtinere,
1445 3113 1592 3188 quod
1629 3115 1956 3170 aeternitatis
1985 3132 2094 3170 non
2128 3151 2171 3210 Ο

497 3204 883 3260 circumvallat
930 3202 1207 3272 infinitas;
1259 3202 1525 3260 caducum
1575 3204 1724 3259 enim
1775 3205 1847 3259 sit
1879 3221 2096 3262 necesse

497 3301 601 3363 est,
623 3293 769 3367 quod
799 3293 1114 3349 inevitabili
1145 3293 1466 3350 necessitate
1495 3294 1758 3350 metitur:
1789 3293 2096 3352 obnoxium

497 3395 551 3443 et
579 3384 899 3442 inconstans
926 3392 1088 3457 atque
1117 3383 1402 3440 infirmum
1431 3385 1620 3456 procul
1655 3383 1824 3440 dubio
1855 3401 2096 3442 remane-

494 3473 596 3542 bit,
653 3474 814 3546 cujus
867 3473 1039 3529 vitam
1103 3489 1502 3546 nonnunquam
1549 3473 1816 3530 fortuitus
1867 3483 2096 3532 eventus

495 3563 796 3636 intercipit.
852 3564 950 3618 His
979 3579 1107 3634 ergo
1135 3563 1352 3619 cunctis
1383 3571 1558 3618 morte
1609 3563 1804 3631 ﬁnitis,
1846 3575 2093 3622 nostrum

495 3654 554 3709 in
600 3654 718 3726 ipsa
749 3661 926 3708 morte
973 3654 1108 3725 quid
1137 3655 1470 3725 proprium?
1517 3653 1574 3708 Si
1605 3653 1748 3709 nihil
1778 3655 1925 3726 quod
1962 3654 2094 3711 boni

495 3746 676 3818 operis
703 3746 1045 3802 incremento
1093 3745 1431 3802 conscientia
1460 3746 1888 3814 subsarcinetur,
1920 3745 2098 3802 habe-

493 3838 717 3906 bimus;
751 3845 806 3893 et
833 3837 879 3893 si
907 3837 1052 3893 nihil
1082 3836 1211 3893 boni
1244 3853 1313 3893 ex
1345 3836 1505 3894 nobis
1540 3837 1744 3894 habere
1789 3840 2090 3911 potuimus,

494 3929 629 4004 quid
676 3929 966 3986 nobiscum
1011 3937 1316 3984 remeantes
1357 3927 1428 3983 ad
1475 3927 1706 4001 patriam
1741 3927 2093 3987 deferemus?

491 4019 665 4086 Quam
693 4019 840 4075 nuda
857 4027 1018 4092 atque
1038 4018 1304 4075 deformis
1334 4019 1519 4076 anima
1546 4027 1734 4075 nostra
1762 4020 2090 4090 remanebit,

489 4115 535 4171 si
578 4132 680 4171 nos
726 4131 843 4170 eam
874 4115 1065 4170 saltem
1101 4114 1438 4186 paenitentiae
1467 4115 1838 4173 velaminibus
1867 4126 1920 4173 et
1950 4134 2093 4174 con-

489 4203 746 4260 fessionis
773 4202 1071 4260 amictibus
1098 4221 1211 4259 non
1241 4203 1561 4275 obtegamus
1586 4206 1596 4260 l
1629 4205 1734 4261 nisi
1762 4205 1890 4278 quia
1917 4207 2089 4279 turpi-

489 4294 739 4350 tudinem
786 4292 1115 4350 festinamus
1156 4293 1510 4362 abscondere,
1551 4302 1606 4350 et
1643 4294 1840 4350 animae,
1877 4296 2088 4367 operire

487 4401 600 4441 non
629 4385 1018 4442 contendimus
1048 4384 1380 4452 nuditatem,
1431 4384 1589 4456 cujus
1616 4402 1742 4441 cum
1775 4385 1847 4441 sit
1872 4395 2088 4442 natura-

2211 1863 2528 1921 domitabili
2556 1865 2820 1922 trucidari
2847 1883 2859 1922 :
2918 1865 3019 1922 hos
3035 1866 3273 1938 paradisi
3303 1865 3574 1935 fontibus,
3610 1884 3814 1923 nemo—

2212 1970 2445 2026 rumque
2487 1955 2790 2012 verticibus
2834 1972 2866 2011 a
2913 1956 3113 2012 rivulis
3163 1956 3466 2012 indefessos
3523 1958 3813 2026 ammnari,

2211 2043 2338 2100 illos
2365 2051 2558 2117 stagno
2613 2045 2778 2118 ignis,
2818 2053 2870 2102 et
2918 2045 3126 2103 ﬂuento
3180 2045 3445 2115 incendii,
3479 2056 3650 2121 atque
3680 2058 3810 2106 atrae

2212 2134 2390 2190 noctis
2412 2135 2654 2190 tenebris
2679 2134 2948 2203 obsessos,
2971 2134 3151 2208 pomis
3180 2134 3671 2194 inextricabilihus
3702 2156 3816 2211 per-

2209 2225 2421 2298 urgeri:
2456 2226 2525 2282 ad
2583 2235 2923 2298 postremum
2981 2225 3083 2282 bos
3135 2225 3296 2282 bonis
3343 2227 3668 2285 caelestibus
3708 2231 3812 2297 uti,

2210 2315 2340 2371 illos
2368 2316 2541 2372 totius
2599 2316 2861 2390 gehennae
2916 2325 2972 2373 et
3027 2324 3243 2374 aeterna:
3300 2319 3496 2375 mortis
3543 2320 3817 2377 edacitate

2210 2406 2460 2463 consumi
2491 2407 2520 2463 ?

2283 2495 2511 2554 CAPUT
2547 2496 2754 2553 XXXI.
2777 2527 2848 2538 —
2876 2497 2932 2554 Si
2957 2513 3107 2554 nunc
3145 2505 3410 2570 quantum
3442 2497 3516 2555 ad
3546 2500 3814 2556 saeculum

2210 2585 2482 2659 quispiam
2507 2588 2845 2660 paupertatis
2866 2587 2986 2644 labe
3014 2588 3283 2658 defectus,
3315 2590 3373 2646 in
3400 2599 3673 2664 promptu
3701 2609 3816 2648 non

2210 2675 2408 2732 habeat
2433 2676 2580 2732 unde
2633 2678 3005 2750 qualicunque
3062 2679 3216 2736 victu
3255 2679 3568 2737 famelicam
3603 2691 3818 2736 susten-

2208 2772 2324 2820 tare
2360 2767 2534 2837 possit
2561 2767 2820 2837 esuriem,
2853 2767 3147 2841 videatque
3175 2770 3311 2826 alios
3339 2770 3542 2842 opimis
3575 2770 3820 2843 dapibus

2209 2872 2424 2912 mensas
2453 2873 2700 2926 onerare,
2758 2875 2822 2915 ac
2873 2859 3103 2916 refertos
3141 2861 3316 2933 epulis
3355 2861 3543 2918 bibere
3573 2879 3815 2934 gemma,

2206 2953 2262 3000 et
2289 2947 2609 3017 protrahere
2640 2949 2800 3018 longe
2845 2956 3139 3020 apparatus
3169 2949 3473 3006 ambitione
3500 2952 3818 3022 peregrinis

2206 3037 2496 3109 saporibus
2527 3038 2863 3111 pigmentata
2891 3039 3171 3108 convivia,
3206 3056 3324 3112 quze
3354 3047 3516 3112 putas
3546 3056 3681 3096 eum
3716 3041 3815 3097 du-

2205 3141 2328 3181 cere
2351 3126 2419 3181 ab
2448 3128 2648 3182 ultima
2675 3127 2950 3183 viscerum
2987 3135 3138 3200 parte
3169 3128 3421 3201 suspiria,
3470 3146 3614 3202 quas
3646 3130 3808 3186 edere

2206 3215 2472 3273 intestino
2502 3215 2691 3272 dolore
2720 3217 2987 3289 querelas;
3020 3216 3298 3275 interdum
3321 3217 3486 3272 etiam
3523 3219 3807 3290 lacrymas

2207 3306 2458 3376 fundere,
2489 3323 2616 3363 cum
2649 3307 2815 3379 paulo
2842 3307 3080 3380 amplius
3105 3307 3225 3379 capi
3257 3307 3490 3379 incipiat
3519 3307 3806 3364 desiderio

2207 3395 2476 3466 visorum,
2505 3405 2562 3453 et
2591 3396 2936 3454 inardescere
2982 3396 3158 3467 magis
3210 3411 3273 3452 ac
3301 3395 3476 3467 magis
3501 3396 3714 3453 sentiat
3743 3413 3809 3452 ex

2205 3485 2482 3543 desiderio
2529 3486 2784 3544 ineﬂicax
2812 3485 3187 3543 desiderium?
3227 3485 3462 3553 Quinam
3505 3500 3644 3556 ergo
3677 3494 3808 3543 tunc

2204 3584 2367 3632 erunt
2396 3576 2632 3648 gemitus
2667 3574 2997 3644 infelicium,
3037 3574 3187 3648 quod
3228 3574 3628 3630 inconsolabili
3661 3577 3808 3632 luctu

2204 3667 2262 3722 in
2286 3667 2383 3722 illa
2412 3667 2820 3740 comparatione
2873 3673 3239 3734 tormentum,
3303 3680 3428 3720 cum
3487 3665 3806 3722 caelestibus

2203 3756 2400 3828 copiis,
2431 3756 2769 3829 perennibus
2792 3754 3008 3812 divitiis
3039 3753 3247 3826 perfrui
3280 3752 3529 3809 felicium
3560 3754 3803 3810 viderint

2203 3864 2396 3921 agmen
2425 3847 2762 3916 animarum,
2811 3854 2865 3902 et
2919 3861 2976 3902 se
3033 3842 3322 3900 stillicidia
3371 3844 3621 3900 rorantis
3649 3843 3801 3915 digiti

2201 3936 2538 4011 defraudari,
2597 3946 2651 3994 et
2707 3935 2948 4008 perferre
2992 3934 3217 4004 insuper
3278 3933 3800 4005 inexstinguibilem

2202 4026 2502 4095 ﬂammam,
2539 4043 2664 4084 cum
2692 4025 2850 4082 nulla
2904 4040 3000 4097 spe
3041 4029 3391 4083 reserventur
3416 4020 3489 4077 ad
3519 4023 3748 4077 veniam
3776 4021 3803 4076 ?

2201 4116 2347 4173 Solis
2376 4116 2626 4172 ardorem
2657 4116 2800 4171 ferre
2829 4131 2942 4170 non
2973 4129 3282 4186 possumus,
3315 4110 3610 4169 balneares
3638 4119 3800 4168 estus

2201 4207 2435 4264 minime
2467 4207 2793 4273 toleramus,
2819 4205 3091 4262 sentimus
3118 4202 3376 4261 incendia
3399 4202 3722 4267 fornacum,
3749 4209 3802 4258 et

2200 4300 2362 4372 longe
2393 4299 2724 4365 secedimus;
2758 4295 2882 4370 quis
2912 4297 3051 4352 ferat
3078 4294 3435 4352 ﬂuctuantem
3466 4293 3797 4365 gehennam,

2197 4397 2252 4446 et
2275 4389 2509 4446 caminis
2537 4387 2790 4443 tartareis
2841 4394 3161 4442 aestuantem
3213 4385 3325 4457 pati
3381 4383 3684 4455 strepitum
3717 4383 3794 4438 fu-

489 4474 622 4530 liter
642 4475 946 4530 invisibilis
970 4474 1348 4546 pulchritudo,
1368 4473 1607 4529 visibilis
1626 4473 1720 4529 fiet
1743 4483 2088 4546 peccatorum
2115 4517 2163 4575 D
2201 4480 2407 4535 mantis
2425 4477 2676 4534 barathri
2699 4477 2922 4550 poterit,
2948 4483 3002 4531 et
3028 4475 3298 4532 sustinere
3317 4473 3662 4529 infernarum
3687 4473 3794 4544 glo-

486 4565 645 4619 sorde
672 4564 1012 4620 deformitas.

557 4660 785 4718 CAPUT
826 4660 1007 4716 XXX.
1040 4691 1112 4702 —
1144 4662 1246 4717 llla
1288 4669 1418 4717 sunt
1457 4661 1777 4734 occupanda
1820 4677 2083 4720 commer-

485 4751 590 4820 cia,
622 4751 734 4807 illa;
763 4751 1186 4822 complectenda:
1213 4750 1448 4821 divitiae,
1481 4752 1576 4807 illa
1603 4751 1869 4825 captanda
1897 4763 2084 4824 poten-

489 4840 581 4907 tia,
615 4855 779 4912 quam
829 4856 938 4894 non
970 4847 1190 4910 tempus
1219 4839 1403 4912 eripit,
1444 4857 1556 4897 non
1605 4842 1758 4898 locus
1787 4841 2082 4912 subtrahit,

421 4923 424 4926 ’
488 4946 599 4986 non
632 4946 866 5003 persona
909 4929 1192 5000 subducit,
1239 4947 1360 5003 quae
1401 4940 1584 4988 manet
1613 4939 1758 4988 statu
1799 4940 2081 5004 perpetuo,

483 5036 604 5095 quae
632 5019 927 5094 privilegio
973 5030 1225 5078 servatur
1261 5031 1487 5090 :eterno,
1540 5039 1659 5095 quae
1687 5023 1785 5078 fini
1815 5037 1927 5076 non
1957 5020 2082 5076 sub-

483 5113 727 5182 ducitur,
768 5129 892 5186 quae
924 5111 1120 5169 mortis
1162 5111 1296 5184 jugo
1344 5129 1446 5168 nec
1475 5113 1745 5183 premitur
1790 5127 1890 5168 nec
1929 5127 2081 5183 urge-

481 5210 592 5261 tur.
646 5202 727 5260 Ibi
762 5203 909 5259 enim
942 5203 1088 5259 bona
1119 5211 1241 5260 tuta
1269 5210 1401 5258 sunt
1427 5201 1796 5270 conscientiae,
1846 5201 1942 5256 ubi
1965 5199 2079 5272 jam

480 5311 592 5351 non
619 5293 808 5350 licebit
837 5301 960 5365 post
988 5293 1280 5366 praesentia
1307 5293 1493 5349 saeculi
1524 5293 1668 5347 mala
1706 5308 1948 5364 peccare,
1984 5290 2078 5347 ubi

478 5382 703 5441 diabolo
758 5385 949 5439 nullus
993 5399 1263 5453 accessus,
1309 5381 1407 5438 ubi
1447 5381 1796 5438 tenebrarum
1843 5396 1954 5438 non
1999 5389 2081 5438 est

2197 4568 2297 4625 bos
2333 4567 2702 4634 tenebrarum;
2745 4565 2841 4622 ubi
2871 4566 3022 4622 solus
3056 4564 3282 4620 auditur
3309 4563 3560 4618 ululatus
3589 4562 3793 4616 arden-

2193 4660 2358 4728 tium,
2391 4667 2445 4715 et
2500 4658 2739 4730 ejulatus
2797 4665 3014 4714 resonat
3068 4655 3369 4713 crudeliter
3404 4653 3790 4727 punitorum?

2195 4750 2343 4817 Haec,
2377 4765 2495 4816 oro,
2529 4765 2691 4822 quam
2728 4748 2990 4820 fugienda
3045 4753 3194 4808 sunt.
3255 4761 3416 4818 quam
3456 4743 3706 4800 cavenda
3735 4758 3794 4797 ac

2192 4837 2327 4894 totis
2357 4837 2590 4902 viribus,
2624 4845 2678 4892 et
2707 4837 2859 4892 omni
2890 4836 3076 4892 animo
3128 4852 3192 4891 ac
3221 4843 3403 4890 mente
3429 4831 3786 4890 declinanda!

2264 4927 2494 4984 CAPUT
2520 4927 2757 4982 XXXII.
2789 4956 2860 4966 —
2888 4925 3026 4982 Cum
3065 4931 3250 4998 patent
3296 4923 3468 4995 igitur
3489 4921 3678 4994 januaz
3704 4936 3789 4975 ve.

2192 5016 2387 5085 niales,
2418 5033 2544 5073 cum
2579 5013 2976 5072 ﬂuctuantibus
3029 5022 3083 5070 et
3129 5012 3427 5069 criminum
3469 5019 3788 5084 tempestate

2185 5105 2410 5179 jactatis
2439 5103 2778 5178 poenitentiae
2827 5111 3018 5176 portus
3061 5102 3308 5170 offertur,
3349 5116 3477 5158 cum
3507 5099 3786 5156 mentibus

2190 5197 2539 5270 promittitur
2567 5212 2700 5252 cura
2729 5193 3142 5266 languentibus,
3173 5201 3225 5248 et
3254 5189 3516 5247 sanciatis
3555 5189 3782 5244 vitalem

2190 5289 2482 5363 pollicetur
2536 5288 2822 5344 ultroneus
2867 5285 3068 5342 artifex
3124 5281 3487 5338 medicinam:
3515 5297 3646 5337 cum
3685 5279 3783 5333 mi-

2189 5378 2491 5437 sericordia
2517 5376 2751 5435 habetur
2807 5376 2867 5432 in
2901 5382 3186 5449 promptu,
3217 5378 3509 5444 antequam
3566 5367 3784 5441 justitia

558 5607 678 5679 (39)
717 5606 868 5665 Edit.
925 5607 1108 5677 Rom.,
1153 5614 1248 5665 aut
1295 5622 1487 5680 corpus
1512 5613 1608 5664 aut
1633 5606 1815 5664 anima
1844 5606 1969 5680 ﬁnis
2001 5607 2138 5666 calce
2185 5606 2493 5677 succiditur;
2541 5605 2718 5666 codex
2754 5611 2936 5664 autem
2975 5603 3134 5662 Rom.
3191 5615 3254 5657 ac
3283 5597 3419 5657 Gill.
3484 5595 3777 5656 lectionem

487 5687 730 5735 nostram
762 5681 1128 5737 constituunt.
