4026 6172
225 315 348 376 £093

1617 317 2032 378 ADMONITIO.

3350 326 3488 385 1094

209 441 386 516 capulo
429 447 582 495 tenus
639 437 895 496 extrahat
940 441 1257 513 pugionem,
1301 458 1583 499 sumamus
1626 461 1779 501 arma
1813 451 1864 510 Α
1891 453 2096 516 nostra,
2119 455 2181 502 ut
2202 448 2563 520 pncenicium,
2600 457 2661 505 ut
2687 448 2874 506 nivem
2909 449 3281 507 dealbabitzsi
3305 459 3487 508 autem

203 530 546 608 pmnitentiae,
598 538 653 587 et
675 529 884 601 judicis
912 531 1148 604 rigorem
1178 533 1572 591 satisfactionis
1600 536 1783 592 officio

204 621 543 676 mulceamus.
595 617 816 674 Certum
849 621 995 676 enim
1033 620 1196 677 habet
1225 621 1429 678 donum
1464 624 1660 693 veniae,
1691 626 1783 681 cui

210 709 526 783 permittitur
577 709 880 780 poenitere;
915 726 1038 765 nam
1090 712 1280 783 procul
1330 711 1500 769 dubio
1530 714 1780 770 conﬁteri

211 813 313 853 non
340 797 552 862 sinitur,
583 796 673 852 cui
705 796 876 868 pietas
905 797 1057 853 nulla
1107 808 1376 856 servatur.
1431 802 1545 857 Iloc
1589 802 1782 874 probat

211 887 480 944 inveterati
515 887 779 958 serpentis
804 886 857 941 in
883 887 998 958 ipsa
1028 887 1238 960 origine
1261 890 1451 946 mundi
1478 892 1780 959 damnatio,

207 992 358 1049 quem
380 975 677 1032 inauditum
704 977 991 1032 sententiae
1025 977 1235 1035 fulmen
1267 981 1510 1037 excussit
1541 999 1552 1035 :
1595 991 1647 1038 et
1671 1000 1781 1040 non

206 1074 524 1138 peroptatum
575 1065 824 1121 absoluta
879 1067 1140 1124 severitas
1194 1077 1368 1126 status
1433 1072 1516 1128 sui
1576 1089 1780 1144 posses-

203 1159 346 1216 sione
399 1157 610 1230 dejecit.
664 1158 780 1214 Hoc
807 1157 1056 1216 Sodomae
1102 1169 1155 1216 et
1202 1161 1522 1219 Gomorrhae
1568 1165 1777 1221 caelesti

203 1247 446 1306 incendio
475 1257 834 1304 concrematas
873 1248 1165 1320 perhibent
1197 1253 1466 1323 regiones,
1501 1261 1625 1326 erga
1647 1271 1783 1327 quas

200 1336 266 1392 ob
292 1352 566 1393 excessum
601 1335 910 1391 facinorum
942 1337 1084 1392 nihil
1117 1350 1453 1396 reservatum
1486 1351 1566 1398 est
1595 1345 1779 1414 poeni-

199 1428 403 1494 tentim;
448 1444 517 1482 ne
567 1427 816 1484 fortassis
859 1427 1130 1484 admoniti
1163 1440 1383 1502 possent
1432 1434 1662 1490 ultionis
1693 1435 1779 1507 ju-

197 1518 388 1574 stitiam
429 1517 732 1574 declinare.
765 1518 881 1574 Hoc
915 1520 1212 1578 Pharaonis
1257 1522 1312 1578 in
1354 1523 1549 1580 Exodo
1580 1526 1780 1582 clamat

195 1606 452 1673 interitus,
477 1606 588 1663 hoc
607 1608 766 1675 Core,
787 1607 1000 1664 Dathan
1023 1617 1076 1664 et
1092 1609 1300 1666 Abiron
1342 1611 1777 1685 inexspectatum

193 1703 410 1752 testatur
437 1696 677 1753 exitium
703 1715 716 1764 ;
745 1696 855 1753 hoc
884 1697 1146 1754 Antiochi
1173 1707 1227 1755 et
1247 1700 1479 1758 Ilerodis
1509 1703 1780 1774 supplicia

1893 543 1953 591 ut
1982 536 2291 606 coccinum,
2324 545 2385 593 ut
2417 538 2595 596 lanam
2626 537 2916 595 candidam
2965 539 3186 596 efﬁciet.
3237 542 3308 596 Et
3354 541 3483 614 quia

1892 633 2136 697 asperget
2185 625 2444 699 hyssopo,
2478 634 2531 683 et
2579 628 2994 696 mundabimur,
3043 630 3252 686 lavabit
3281 647 3404 698 nos,
3435 639 3491 686 et

1892 729 2055 784 super
2081 715 2262 770 nivem
2295 716 2640 773 candidiores
2667 717 2873 773 erimus
2897 718 3070 787 (Psal.
3103 736 3153 785 L,
3186 719 3269 789 9).

1964 801 2190 858 CAPUT
2230 805 2486 862 XXXIII.
2526 837 2596 846 —
2618 806 2743 861 Tria
2773 814 2901 862 sunt
2931 825 3052 879 quae
3083 825 3207 880 erga
3237 825 3336 864 nos
3367 810 3490 864 Do-

1893 891 2077 945 minus
2134 893 2363 949 arbitrio
2429 911 2529 950 suo
2576 897 2876 951 constituta
2941 906 3233 953 conservat
3305 915 3316 952 :
3377 897 3490 952 bo-

1892 980 2118 1035 nitatem
2186 982 2356 1052 dico,
2428 984 2899 1054 misericordiam,
2965 995 3126 1059 atque
3185 985 3484 1058 justitiam.

1893 1069 2118 1127 Bonitas
2163 1081 2264 1141 est,
2301 1089 2405 1144 qua
2453 1090 2568 1130 esse
2592 1074 2704 1145 jam
2737 1075 3004 1147 ccepimus
3038 1094 3049 1131 :
3085 1076 3485 1146 misericordia,

1893 1173 1999 1230 qua
2027 1161 2092 1216 ad
2124 1161 2504 1231 paenitentiam
2553 1180 2918 1236 provocamur
2951 1183 2962 1221 ;
2991 1163 3227 1236 justitia,
3263 1182 3369 1238 qua
3403 1166 3488 1221 fu-

1892 1257 2016 1304 turo
2067 1257 2310 1322 tempore
2352 1250 2746 1322 judicabimur.
2797 1253 2922 1308 Haec
2966 1253 3189 1308 interim
3237 1255 3486 1311 ordinem

1890 1341 2199 1407 temporum
2222 1339 2277 1393 in
2313 1355 2427 1394 sese
2457 1339 2796 1408 custodiunt,
2831 1339 3193 1411 praeteritum,
3224 1358 3484 1413 praesens,

1891 1433 1944 1480 et
1973 1425 2221 1480 futurum
2255 1445 2266 1482 :
2300 1428 2659 1499 praeteritum,
2693 1444 2801 1500 quo
2839 1429 3078 1484 Domino
3107 1438 3328 1488 auctore
3343 1448 3488 1489 crea-

1890 1531 2016 1569 mur
2045 1525 2097 1571 et
2130 1517 2413 1572 nascimur
2445 1535 2456 1572 :
2491 1534 2747 1589 praesens,
2807 1534 2916 1590 quo
2967 1521 3220 1576 conversi
3261 1521 3491 1577 miseri—

1889 1604 2133 1660 cordiam
2186 1622 2563 1677 promeremur
2597 1624 2608 1661 :
2670 1607 2945 1676 futurum,
3000 1624 3108 1680 quo
3133 1608 3298 1680 juxta
3325 1626 3491 1682 opera

1889 1701 2096 1762 nostra,
2127 1693 2344 1765 justitia
2389 1696 2773 1765 distribuente,
2817 1699 3251 1756 munerabimur.
3301 1702 3490 1773 Itaque

193 1786 632 1860 proloquuntur;
667 1785 773 1842 hoc
799 1785 1028 1842 Ananiae
1059 1793 1113 1843 et
1133 1787 1412 1860 Sapphirae
1452 1789 1660 1848 indicat
1697 1809 1778 1848 re-
1815 1812 1852 1870 ις
1887 1801 2013 1841 cum
2053 1787 2446 1844 misericordiae
2501 1805 2729 1860 regnum
2787 1789 3052 1846 habemus
3101 1791 3159 1846 in
3210 1793 3487 1863 manibus,

194 1876 405 1948 pentina
429 1875 912 1932 animadversione
943 1877 1290 1949 naufragium
1326 1896 1338 1934 :
1371 1895 1510 1951 quos
1539 1881 1606 1936 ad
1647 1897 1779 1952 prae-

192 1981 309 2020 sens
340 1973 560 2038 tempus
587 1963 834 2021 vindicta
864 1981 974 2020 non
1005 1964 1243 2033 distulit,
1285 1975 1335 2022 et
1368 1977 1565 2040 negata
1593 1971 1776 2032 venia.

189 2053 444 2111 severitas
502 2054 764 2110 comitata
809 2055 1110 2112 truncavit.
1161 2056 1282 2112 Non
1329 2074 1430 2114 nos
1483 2059 1782 2132 imparatos

187 2139 300 2197 dies
327 2140 664 2199 abcessionis
695 2141 964 2211 inveniat,
996 2159 1098 2200 nec
1129 2143 1273 2200 intra
1302 2154 1476 2203 castra
1506 2147 1782 2209 diabolica

187 2234 379 2292 hiemis
407 2234 565 2291 illius
617 2243 716 2290 aut
759 2234 970 2290 sabbati
1022 2244 1238 2309 tempus
1279 2238 1543 2298 includat.
1578 2243 1779 2316 Vigile-

185 2341 302 2382 mus
331 2333 525 2382 contra
558 2323 734 2380 hostis
763 2323 977 2396 antiqui
1024 2325 1404 2385 fraudulentas
1451 2330 1680 2390 insidias
1727 2343 1780 2390 et

185 2423 390 2487 apertas
419 2414 638 2482 minas;
690 2423 815 2485 erga
843 2431 1138 2472 conversos
1166 2406 1312 2472 enim
1355 2419 1534 2475 acrius
1563 2422 1781 2477 excita-

187 2514 294 2573 tur,
337 2511 390 2560 et
419 2504 641 2576 refugos
679 2521 806 2560 suos
852 2505 1093 2562 severior
1123 2514 1382 2580 tanquam
1416 2509 1610 2567 irrisus
1641 2511 1779 2568 inse-

177 2593 388 2666 quitur.
424 2592 585 2649 Tunc
614 2609 741 2648 cum
766 2593 1060 2666 deciperet,
1083 2595 1482 2654 blandimentis
1504 2599 1776 2670 illexerat,

172 2698 319 2738 nunc
351 2680 764 2738 tentationibus
788 2689 840 2738 et
859 2682 1280 2740 crudelitatibus
1306 2685 1575 2760 inquietat
1601 2704 1612 2742 :
1648 2697 1782 2747 tunc

166 2772 342 2828 fuerat
388 2779 472 2828 ut
524 2771 754 2840 amicus,
805 2789 954 2829 nunc
986 2781 1046 2828 ut
1078 2773 1337 2832 inimicus
1386 2776 1683 2847 irascitur;
1728 2789 1780 2836 et

165 2879 258 2936 per
287 2879 494 2920 casum
526 2861 722 2918 elisum
769 2862 948 2919 effecit
988 2864 1312 2934 cautiorem,
1359 2869 1451 2923 sed
1482 2869 1779 2926 elidentem

163 2955 478 3029 aliquoties
524 2955 662 3010 solet
709 2953 877 3010 elisus
908 2954 1132 3012 elidere.
1162 2957 1460 3030 Fugiamus
1490 2976 1780 3032 pomposas

165 3045 470 3102 illecebras
511 3043 727 3112 mundi,
775 3052 829 3099 et
872 3043 1271 3102 ambitionibus
1305 3046 1422 3118 ejus
1469 3049 1665 3106 demus
1711 3068 1781 3108 ex

161 3142 278 3190 toto
335 3131 664 3207 repudium.
715 3132 830 3187 Hoc
882 3132 1116 3189 Joannes
1162 3137 1440 3206 apostolus
1489 3139 1775 3210 persuadet

162 3223 356 3280 dicens
389 3242 401 3279 :
475 3249 491 3270 ι
520 3221 701 3279 Nolite
746 3221 974 3294 diligere
1005 3223 1296 3294 mundum,
1332 3242 1504 3299 neque
1551 3245 1614 3284 ea
1653 3246 1774 3302 quae

161 3314 387 3370 suntin
432 3312 660 3369 mundo.
720 3313 777 3368 Si
823 3313 945 3385 quis
999 3313 1184 3386 diligit
1228 3316 1517 3386 mundum,
1549 3335 1661 3374 non
1701 3327 1782 3375 est

163 3401 424 3460 Charitas
450 3401 629 3458 Patris
657 3401 711 3456 in
758 3417 856 3469 eo;
911 3403 1041 3475 quia
1079 3420 1242 3459 omne
1285 3405 1432 3478 quod
1476 3405 1535 3462 in
1575 3407 1782 3464 mundo

162 3501 271 3562 est,
328 3491 788 3564 concupiscentia
855 3492 1037 3549 carnis
1093 3498 1192 3562 est,
1238 3503 1292 3551 et
1338 3495 1784 3568 concupiscentia

162 3583 495 3650 oculorum,
543 3588 598 3638 et
621 3580 852 3637 ambitio
880 3583 1091 3648 saeculi,
1138 3600 1258 3656 quae
1293 3599 1403 3640 non
1433 3592 1513 3641 est
1543 3601 1573 3640 a
1601 3585 1780 3655 Patre,

159 3678 261 3736 sed
293 3695 372 3735 ex
404 3678 852 3750 concupiscentia
881 3679 1073 3736 mundi
1097 3686 1180 3736 est
1205 3697 1216 3736 :
1241 3689 1296 3738 et
1335 3681 1578 3737 mundus
1607 3689 1780 3738 trans-

157 3769 293 3838 ibit,
339 3776 400 3824 et
447 3770 896 3843 concupiscentia
924 3770 1062 3844 ejus.
1109 3770 1215 3839 Qui
1245 3788 1376 3827 vero
1415 3770 1547 3827 facit
1571 3771 1782 3826 volun—

156 3865 345 3914 tatem
397 3857 521 3926 Dei,
551 3870 736 3918 manet
781 3863 838 3918 in
897 3873 1184 3926 aeternum;
1216 3861 1493 3933 quomodo
1535 3868 1590 3917 et
1635 3863 1782 3917 Deus

153 3949 368 4001 manet
422 3943 478 3996 in
508 3949 773 3998 aeternum
811 3945 832 4016 (
863 3947 895 4000 Ι
918 3947 1076 4003 Joan.
1114 3965 1176 4015 ii,
1210 3949 1415 4020 15-17).
1438 3974 1455 3997 ›
1510 3950 1783 4006 Lavemur

151 4029 457 4102 baptismo
487 4028 846 4100 poenitentiae,
870 4042 932 4088 ut
953 4034 1227 4106 possimus
1251 4035 1552 4092 Dominum
1575 4037 1782 4093 mundo

145 4116 339 4179 corde
375 4115 610 4172 videre:
663 4118 974 4177 auferamus
1024 4122 1298 4194 nequitias
1341 4124 1408 4180 ab
1457 4124 1658 4180 animis
1687 4141 1781 4180 no-

148 4208 303 4266 stris
338 4221 375 4260 a
405 4215 700 4278 conspectu
727 4208 1015 4266 oculorum
1045 4211 1167 4280 Dei,
1200 4210 1476 4269 discamus
1507 4211 1781 4284 justitiam

147 4300 402 4364 facere;
437 4297 784 4370 inquiramus
809 4298 1105 4372 judicium,
1165 4300 1464 4373 eripiamus
1517 4301 1783 4375 injuriam

147 4386 884 4460 accipientem,judicemus
906 4391 1139 4464 pupillo,
1149 4388 1517 4462 justificemus
1533 4393 1782 4464 viduam,

147 4485 210 4536 et
245 4494 391 4537 cum
423 4479 662 4536 Domino
690 4481 1118 4553 disputabimus.
1151 4482 1222 4539 Et
1250 4481 1296 4538 si
1329 4481 1536 4539 fuerint
1561 4490 1782 4556 peccata

151 4685 332 4695 αι’-.-

1891 1882 1944 1929 et
2000 1875 2059 1930 in
2109 1877 2340 1934 arbitrio
2389 1886 2578 1935 nostro
2630 1885 2759 1935 sunt
2816 1880 2993 1951 posita
3035 1880 3179 1936 dona
3222 1882 3481 1953 pietatis;

1890 1963 1981 2020 hic
2011 1981 2308 2038 purgemus
2341 1969 2709 2025 conscientias
2758 1978 2976 2026 nostras
3017 1969 3084 2025 ab
3124 1971 3276 2026 omni
3308 1970 3489 2044 inqui-

1891 2053 2138 2119 natioue,
2196 2065 2250 2112 et
2306 2056 2650 2128 spiritalibus
2703 2075 2804 2116 nos
2850 2058 3110 2132 deinceps
3159 2077 3256 2132 per
3282 2060 3486 2117 bonam

1890 2144 2368 2200 conversationem
2428 2146 2814 2202 instrumentis
2865 2155 3137 2220 aptemus.
3197 2148 3490 2206 Evitemus

1889 2233 2164 2292 desideria
2209 2251 2327 2308 quae
2378 2236 2624 2293 militant
2670 2245 2860 2294 contra
2910 2237 3121 2292 animas
3164 2245 3404 2306 nostras,
3437 2245 3492 2294 et

1889 2323 2174 2395 profanam
2230 2325 2624 2382 conscientiam
2673 2327 2992 2382 nullatenus
3021 2325 3314 2398 patiamur.
3347 2326 3488 2383 Con-

1889 2428 2180 2484 sequemur
2231 2415 2438 2484 omnia,
2495 2432 2615 2488 qua:
2661 2433 2730 2471 ex
2768 2415 2874 2472 fide
2925 2417 3223 2485 credimus,
3253 2416 3299 2473 si
3326 2416 3492 2488 justis

1891 2517 1992 2556 nos
2037 2502 2252 2560 actibus
2301 2503 2413 2559 vita
2462 2504 2880 2576 invituperabili
2931 2521 3349 2576 componamus.
3379 2505 3488 2560 Me-

1890 2591 2136 2648 rebimur
2191 2594 2473 2650 remissam
2518 2594 2768 2649 omnium
2811 2603 3182 2665 peccatorum,
3226 2610 3488 2665 resurge-

1890 2697 2015 2736 mus
2061 2683 2118 2737 in
2168 2683 2338 2738 vitam
2397 2691 2653 2738 aeternam
2702 2683 2758 2737 in
2800 2683 3198 2738 resurrectione
3249 2681 3490 2738 creden-

1891 2771 2028 2834 tium
2056 2788 2069 2836 ;
2117 2776 2261 2832 605
2290 2778 2344 2825 et
2394 2780 2456 2826 ut
2499 2769 2736 2842 amplius
2763 2769 3022 2843 loquendi
3056 2777 3349 2841 praesumat
3377 2784 3487 2824 au-

1889 2858 2064 2927 dacia,
2116 2859 2176 2914 in
2229 2875 2395 2931 regna
2441 2861 2706 2916 cmlorum
2753 2875 2877 2916 cum
2917 2857 3085 2930 justis
3129 2856 3482 2925 intrabimus,

1889 2965 2012 3004 cum
2060 2949 2262 3021 quibus
2309 2959 2514 3021 partem
2556 2966 2651 3022 per
2697 2948 3075 3022 paenitentiam
3128 2947 3326 3003 habere
3375 2963 3483 3003 me-

1890 3036 2120 3106 ruimus,
2177 3040 2459 3111 Scriptura
2497 3039 2713 3096 dicente
2748 3057 2759 3094 :
2808 3066 2826 3086 ι
2856 3037 3258 3095 Pmnitentibus
3294 3045 3478 3092 autem

1889 3127 2040 3184 dedit
2109 3137 2315 3200 partem
2367 3130 2627 3202 justitiae,
2686 3139 2742 3185 et
2795 3128 3107 3202 corrogavit
3161 3126 3479 3184 deficientes

1891 3217 2182 3286 sustinere,
2237 3227 2292 3273 et
2346 3217 2645 3274 destinavit
2685 3218 2814 3274 illos
2855 3217 2914 3273 in
2975 3225 3178 3273 sortem
3230 3215 3486 3273 veritatis

1895 3307 2088 3378 (Eccli.
2122 3325 2265 3376 xvii,
2295 3308 2412 3376 20.)
2448 3333 2466 3356 ι

1963 3406 2110 3474 Haec,
2162 3406 2540 3462 amantissime
2586 3407 2772 3475 frater,
2818 3405 3020 3480 quibus
3058 3412 3240 3462 tecum
3280 3405 3485 3476 pariter

1891 3496 1960 3553 ad
1989 3498 2350 3554 exercendam
2407 3498 2790 3571 pmniteutiam
2839 3497 3174 3564 cohortarer,
3209 3505 3478 3568 quantum

1891 3604 1960 3643 ex
2006 3587 2316 3644 Dominicis
2363 3588 2693 3645 lectionibus
2741 3589 2998 3661 colligere
3027 3587 3377 3644 mediocritas
3403 3585 3484 3642 in-

1892 3679 2039 3750 genii
2070 3677 2177 3734 mei
2207 3678 2407 3750 potuit,
2441 3679 2686 3734 exaravi.
2718 3678 2851 3745 Quae
2883 3677 2929 3734 si
2963 3677 3099 3749 jam,
3132 3684 3196 3732 ut
3223 3675 3485 3745 arbitror,

1891 3769 2064 3825 animi
2121 3769 2308 3826 studio
2337 3786 2366 3826 e
2395 3771 2619 3842 proprio
2667 3769 2928 3826 instituto
2957 3768 3204 3836 sectaris,
3237 3775 3291 3822 et
3315 3766 3487 3824 curri-

1889 3857 1994 3914 bus
2045 3858 2414 3915 confessionis
2446 3859 2714 3926 insidens,
2768 3858 2948 3916 tendis
2994 3857 3062 3913 ad
3109 3856 3368 3921 veniam;
3402 3871 3489 3911 ac-

1890 3947 2012 4019 cipe
2055 3963 2142 4002 mc
2181 3954 2362 4004 tecum
2409 3947 2468 4002 in
2514 3947 2616 4004 hac
2664 3947 2996 4020 cogitatione
3043 3952 3376 4010 consortem,
3427 3949 3488 3997 ut

1891 4033 2154 4104 adjuncto
2182 4034 2466 4090 communi
2496 4036 2785 4104 comitatu,
2817 4035 2886 4091 ad
2924 4041 3098 4090 metas
3127 4029 3485 4101 indulgentiae

1891 4139 2289 4196 properemus:
2341 4131 2436 4178 aut
2484 4123 2531 4179 si
2577 4124 2813 4196 pigritia;
2870 4121 3069 4178 inertia
3125 4117 3480 4192 praepeditus,

1893 4212 2270 4286 pernicitatem
2300 4221 2450 4269 tuam
2482 4213 2635 4286 sequi
2664 4229 2775 4268 non
2805 4219 3013 4285 potero,
3047 4215 3322 4264 memento
3353 4207 3482 4264 mei:

1891 4311 1945 4359 et
2000 4320 2125 4360 cum
2192 4301 2477 4375 praemium
2539 4301 2606 4356 de
2673 4301 2770 4357 Dei
2838 4297 3127 4370 largitione
3195 4296 3484 4362 merueris,

1892 4409 2074 4466 quaeso
2091 4402 2153 4450 ut
2173 4392 2230 4448 in
2251 4389 2593 4448 orationibus
2619 4389 2732 4446 tuis
2753 4390 2908 4446 nulla
2933 4387 3169 4460 capiaris
3199 4385 3484 4442 oblivione

1893 4482 2154 4538 Victoris.

1489 4821 2174 4951 MONITUM.

232 5243 468 5301 Prodiit
497 5242 589 5301 hic
618 5243 837 5299 libellus
865 5247 960 5296 aut
989 5240 1172 5313 potius
1203 5240 1572 5314 fragmentum
1605 5257 1634 5297 e
1662 5241 2002 5301 bibliotheca
2059 5243 2233 5301 sancti
2288 5242 2540 5316 Dionysii
2576 5242 2632 5298 in
2682 5243 2936 5312 Francia,
2968 5243 3115 5298 unde
3142 5241 3300 5296 illum
3339 5236 3485 5294 eruit

145 5333 445 5393 Gillotius
475 5351 544 5390 ex
571 5334 800 5406 antiquo
823 5332 1032 5401 codice,
1072 5331 1168 5388 ubi
1213 5332 1393 5388 tribus
1441 5332 1599 5388 libris
1630 5331 2009 5390 Ambrosianis
2037 5335 2099 5388 de
2131 5333 2341 5405 Spiritu
2371 5341 2547 5389 sancto
2577 5332 2798 5390 additus
2831 5376 2846 5401 ,
2881 5332 3015 5388 liber
3043 5336 3271 5401 quartus
3315 5327 3486 5382 sancti

143 5425 452 5485 Ambrosii
507 5426 570 5481 de
623 5425 829 5497 Spiritu
856 5430 1033 5481 sancto
1086 5424 1505 5482 inscribebatur.
1551 5425 1668 5480 Non
1719 5433 1901 5480 tamen
1949 5424 2074 5480 viro
2119 5423 2283 5480 docto
2339 5422 2604 5495 imposuit
2643 5422 2761 5480 haec
2800 5419 3113 5494 epigraphe,
3159 5416 3362 5490 quippe
3388 5414 3483 5488 qui

145 5515 482 5587 Scriptum
510 5515 660 5572 locos
700 5515 758 5570 in
811 5513 915 5571 hoc
959 5520 1194 5572 tractatu
1240 5513 1474 5571 subinde
1515 5513 1776 5587 allegatos
1817 5531 1928 5572 non
1957 5513 2096 5586 ejus,
2139 5531 2302 5588 quam
2349 5513 2674 5570 Ambrosius
2713 5510 3028 5577 adhibebat,
3061 5505 3331 5564 versionis
3363 5519 3482 5562 esse

147 5612 475 5678 totumque
503 5603 694 5679 opellae
741 5604 946 5677 stylum
978 5605 1048 5662 ab
1077 5605 1445 5664 Ambrosiano
1491 5605 1802 5681 discrepare
1839 5604 2230 5663 animadvertit
2257 5621 2269 5660 :
2323 5603 2524 5678 quibus
2570 5603 2761 5676 adjicit
2789 5601 3086 5656 Auctorem
3121 5597 3178 5652 in
3210 5595 3319 5653 fine
3349 5612 3486 5670 pro-

149 5694 332 5752 fiteri
374 5695 610 5755 strictim
657 5711 713 5754 se
741 5694 809 5752 de
838 5695 1047 5770 Spiritu
1094 5705 1284 5757 sancto
1307 5697 1649 5774 disseruisse,
1692 5715 1821 5758 cum
1850 5714 1880 5756 e
1911 5697 2188 5756 contrario
2216 5713 2380 5771 quam
2414 5695 2690 5753 fusissime
2718 5693 2786 5750 de
2823 5689 3018 5748 eodem
3047 5688 3220 5764 egerit
3249 5687 3486 5746 Ambro-
