4026 6172
573 317 712 382 1095

1567 310 1664 370 ΑΙ)
1697 308 1932 370 ΟΡΕΒΑ
1969 313 2025 370 S.
2067 306 2400 369 AMBROSII
2437 306 2818 367 APPENDIX.

3647 327 3752 390 {096

576 446 708 502 sius.
733 445 1074 516 Quapropter
1121 455 1229 494 non
1258 437 1366 492 alia
1395 453 1451 492 re
1480 437 1584 493 hoc
1623 437 1768 492 idem
1818 438 2184 509 fragmentum
2222 437 2495 494 edendum
2520 435 2820 508 judicavit,
2853 434 2963 491 nisi
3002 432 3150 507 quod
3178 443 3228 490 et
3257 438 3448 512 antiqui
3478 443 3698 520 Auctoris,
3717 467 3754 513 et

578 534 811 590 lectione
842 528 1225 602 dignissimum
1256 542 1373 581 esse
1421 525 1719 581 arbitratus
1749 535 1849 595 est,
1901 544 2010 600 quo
2039 528 2262 584 nomine
2292 544 2417 584 cum
2448 526 2590 582 illud
2635 526 2868 583 Romani
2899 523 2958 579 in
2992 523 3284 596 appendice
3311 527 3459 585 etiam
3483 534 3754 608 retinuerint,

579 638 680 677 nos
711 620 968 676 similiter
995 632 1107 672 non
1139 615 1456 687 putavimus
1486 615 1868 687 rejiciendum.

988 935 1295 1105 DE
1454 932 2386 1106 SPIRITU
2555 931 3436 1108 SANCTO

1650 1217 2312 1303 LIBELLUS
2420 1217 2810 1304 UNUS.

670 1548 687 1570 ι
725 1521 838 1578 Vos
885 1527 1069 1575 autem
1113 1519 1171 1574 in
1218 1535 1380 1575 carne
1428 1535 1540 1575 non
1595 1518 1750 1586 estis,
1804 1517 1899 1574 sed
1946 1519 2004 1574 in
2057 1521 2181 1590 spi-
2214 1525 2260 1582 Α
2292 1515 2514 1573 Christo
2544 1515 2806 1587 injuriam
2836 1533 2946 1574 non
2978 1517 3170 1575 fecisse
3206 1534 3218 1573 :
3267 1518 3377 1575 sive
3397 1521 3504 1590 Dei,
3527 1531 3571 1579 et
3593 1525 3758 1591 Domini,

585 1611 696 1667 ritu
727 1628 739 1677 ;
792 1609 839 1665 si
887 1616 1070 1664 tamen
1117 1608 1356 1679 Spiritus
1397 1608 1496 1663 Dei
1545 1607 1758 1662 habitat
1797 1607 1857 1662 in
1887 1607 2044 1663 vobis
2077 1625 2088 1662 :
2126 1607 2170 1662 si

585 1702 708 1774 quis
759 1705 939 1754 autem
985 1697 1252 1768 Spiritum
1298 1696 1503 1752 Christi
1553 1712 1666 1752 non
1715 1695 1896 1764 habet,
1938 1696 2029 1752 hic
2067 1712 2179 1751 non

585 1797 669 1843 est
697 1785 834 1857 ejus.
888 1784 944 1839 Si
995 1790 1178 1837 autem
1229 1781 1482 1838 Christus
1535 1783 1591 1836 in
1637 1781 1795 1851 vpbis
1833 1791 1932 1849 est,
1983 1797 2182 1852 corpus

586 1877 808 1948 quidem
847 1881 1126 1927 mortuum
1167 1879 1248 1924 est
1297 1878 1518 1942 propter
1573 1878 1854 1943 peccatum
1892 1890 1902 1926 :
1954 1870 2182 1943 spiritus

555 1953 720 2018 'vero
749 1961 892 2015 vivit
924 1967 1144 2031 propter
1190 1957 1487 2028 justitiam.
1534 1959 1693 2025 Quod
1722 1960 1766 2014 si
1797 1960 2032 2031 Spiritus
2063 1958 2181 2030 ejus

589 2055 682 2128 qui
739 2050 1029 2108 suscitavit
1057 2050 1237 2104 Jesum
1269 2065 1301 2104 a
1332 2048 1583 2114 mortuis,
1639 2047 1850 2103 habitat
1885 2049 1942 2103 in
1973 2048 2130 2102 vobis
2167 2063 2179 2100 :

590 2144 682 2216 qui
718 2140 1007 2197 suscitavit
1035 2137 1313 2195 Christum
1363 2154 1432 2193 ex
1479 2137 1735 2203 mortuis,
1783 2136 2093 2193 viviﬁcabit
2131 2144 2186 2192 et

591 2233 844 2287 mortalia
893 2245 1121 2300 corpora
1153 2237 1334 2282 vestra
1366 2235 1588 2298 propter
1617 2226 2020 2283 inhabitantem
2052 2224 2185 2297 Spi-

591 2326 758 2380 ritum
791 2322 908 2394 ejus
956 2322 1014 2376 in
1061 2321 1219 2375 vobis
1265 2321 1442 2391 (Hom.
1491 2335 1620 2383 vm,
1671 2319 1850 2389 9-11).
1907 2343 1926 2365 ι
1980 2316 2186 2372 Divino

591 2413 885 2486 Apostolus
939 2409 1102 2465 modo
1159 2417 1212 2464 et
1264 2407 1458 2464 divino
1507 2407 1727 2479 eloquio
1779 2412 2184 2462 sacramentum

591 2501 895 2558 Dominicae
941 2498 1229 2555 Trinitatis
1260 2507 1313 2555 et
1342 2497 1470 2553 ﬁdei
1519 2505 1718 2552 nostras
1749 2495 2029 2552 mentibus
2058 2495 2186 2550 inti-

594 2593 784 2650 mavit.
816 2592 950 2647 Nam
1009 2605 1134 2646 cum
1167 2587 1398 2644 dixisset
1432 2603 1443 2641 :
1493 2613 1510 2634 ι
1548 2587 1662 2643 Vos
1694 2595 1875 2641 autem
1929 2585 1987 2640 in
2027 2600 2189 2641 carne

591 2699 702 2739 non
755 2681 905 2748 estis,
946 2677 1042 2735 sed
1087 2677 1143 2732 in
1191 2677 1426 2747 spiritu;
1477 2675 1522 2730 si
1575 2682 1761 2730 tamen
1811 2673 2050 2746 Spiritus
2090 2672 2188 2728 Dei

593 2771 809 2827 habitat
838 2770 894 2823 in
923 2767 1081 2823 vobis
1113 2784 1127 2834 ;
1157 2765 1358 2837 adjecit
1394 2783 1405 2820 :
1439 2765 1494 2820 Si
1525 2763 1649 2837 quis
1690 2771 1873 2819 autem
1923 2761 2188 2833 Spiritum

597 2859 804 2918 Christi
836 2874 946 2913 non
999 2855 1189 2925 habet,
1239 2854 1332 2911 hic
1379 2871 1488 2910 non
1536 2863 1616 2910 est
1654 2853 1791 2925 ejus.
1822 2878 1840 2901 ι
1889 2853 2033 2921 Quid
2062 2869 2189 2924 ergo

596 2949 896 3020 Apostolus
921 2944 1072 3000 aliud
1110 2958 1274 3015 quam
1305 2942 1568 2998 unionem
1594 2942 1881 2998 Trinitatis
1909 2941 2130 2998 edocuit
2160 2941 2188 2997 ?

596 3039 732 3094 Nam
766 3035 1003 3107 Spiritus
1033 3033 1130 3088 Dei
1157 3032 1395 3102 Spiritus
1427 3031 1632 3089 Christi
1661 3039 1743 3087 est
1776 3049 1787 3086 :
1825 3031 2051 3103 spiritus
2079 3048 2187 3086 au-

597 3133 707 3180 tem
738 3120 942 3178 Christi
970 3128 1022 3174 et
1051 3119 1149 3174 Dei
1178 3135 1351 3190 neque
1397 3135 1429 3174 a
1475 3119 1696 3176 Christo
1744 3118 1956 3174 divisus
1987 3126 2081 3173 aut
2109 3136 2188 3174 se-

599 3217 821 3284 paratus
865 3217 986 3275 est;
1019 3207 1277 3280 quoniam
1321 3223 1496 3279 neque
1525 3209 1670 3263 Deus
1708 3207 1776 3263 ab
1807 3207 2019 3279 Spiritu
2064 3224 2187 3274 suo,

595 3317 771 3374 neque
799 3298 1052 3357 Christus
1087 3296 1232 3353 idem
1280 3295 1347 3352 ab
1401 3296 1609 3368 Spiritu
1639 3314 1738 3352 suo
1772 3305 1949 3370 potest
1979 3313 2188 3369 separa-

592 3391 723 3448 bilis
753 3389 1008 3446 indicari.
1038 3387 1092 3444 Si
1121 3397 1304 3444 autem
1335 3387 1718 3459 inseparabilis
1738 3387 1963 3444 Deusah
1979 3387 2190 3459 Spiritu

592 3505 690 3543 suo
736 3494 837 3555 est,
869 3483 1252 3556 inseparabilis
1282 3483 1473 3555 utique
1502 3492 1555 3538 et
1586 3482 1841 3539 Christus
1881 3481 1949 3537 ab
1978 3481 2189 3552 Spiritu

592 3591 692 3630 suo
720 3581 800 3628 est
834 3591 844 3628 :
878 3590 1006 3644 ergo
1036 3571 1277 3642 Spiritus
1306 3570 1403 3625 Dei
1429 3579 1483 3626 et
1513 3570 1750 3640 Spiritus
1780 3569 1987 3625 Christi
2025 3569 2187 3625 inse-

594 3659 853 3733 parabilis
893 3677 924 3714 a
978 3661 1090 3714 Deo
1137 3667 1191 3712 et
1241 3657 1492 3724 Christo;
1541 3674 1603 3712 ac
1650 3673 1746 3728 per
1777 3657 1882 3714 hoc
1915 3660 2084 3727 Deus,
2135 3666 2192 3714 et

601 3747 857 3805 Christus
884 3753 937 3800 et
965 3744 1206 3817 Spiritus
1230 3752 1450 3800 sanctus
1477 3744 1706 3800 indivisi
1738 3745 2185 3815 manifestantur,

595 3841 727 3915 quia
771 3855 984 3912 semper
1026 3836 1264 3909 Spiritus
1306 3836 1362 3890 in
1407 3836 1522 3892 Deo
1573 3845 1626 3893 et
1666 3836 1885 3893 Christo
1932 3838 2190 3909 perennis

597 3941 700 3990 est.
743 3934 878 3989 Nam
933 3931 1067 4004 quid
1098 3929 1251 3985 aliud
1278 3930 1730 3986 concatenatione
1760 3929 1863 3986 hac
1890 3937 1944 3986 et
1973 3945 2190 3986 conne—

595 4024 762 4080 xione
814 4022 1113 4096 signiﬁcari
1168 4021 1490 4089 contendit,
1550 4037 1714 4094 quam
1766 4020 2186 4092 intelligentiam

594 4114 862 4181 unitatis;
909 4113 1040 4169 dum
1090 4127 1185 4184 per
1213 4111 1481 4184 Spiritum
1511 4113 1657 4167 Deus
1685 4117 1738 4167 et
1771 4110 2042 4179 Christus,
2093 4111 2188 4184 qui

594 4205 984 4278 inseparabiles
1031 4221 1063 4260 a
1105 4219 1219 4259 sese
1248 4212 1397 4272 sunt,
1429 4203 1595 4272 uniti,
1629 4212 1683 4260 et
1711 4210 1774 4260 ut
1820 4204 2052 4260 ulterius
2093 4201 2189 4260 di-

595 4313 736 4365 cam,
756 4314 928 4352 unum
960 4295 1281 4367 intelligunt
1310 4293 1337 4350 ?

669 4405 784 4460 Hoc
812 4405 1068 4461 divinum
1103 4411 1507 4460 sacramentum
1529 4413 1632 4470 est,
1654 4402 1760 4460 hoc
1787 4399 1844 4458 in
1873 4419 1929 4459 se
1944 4411 2192 4460 creatura

597 4493 922 4549 naturaliter
952 4502 1045 4548 aut
1075 4492 1516 4564 inseparabiliter
1559 4509 1670 4548 non
1718 4491 1883 4548 habet
1907 4511 1920 4560 ;
1954 4499 2016 4547 ut
2046 4507 2191 4547 unus

596 4587 833 4660 Spiritus
863 4587 1038 4643 Patris
1067 4595 1120 4642 et
1167 4586 1316 4654 Filii,
1363 4593 1459 4642 aut
1488 4592 1598 4641 tres
1629 4601 1794 4652 unus,
1827 4591 1880 4640 et
1906 4600 2076 4640 unum
2110 4584 2192 4640 in-

596 4674 957 4733 divisibiliter
1005 4691 1120 4732 esse
1173 4682 1492 4733 noscantur.
1539 4674 1611 4731 Et
1641 4673 1764 4731 ideo
1796 4689 2020 4730 securus
2048 4677 2190 4747 Apo-

597 4767 790 4835 stolus,
825 4766 919 4839 qui
967 4765 1072 4823 hoc
1113 4765 1532 4821 fundamentum
1565 4765 1693 4821 ﬁdei
1720 4763 1787 4820 de
1834 4774 2018 4821 sancta
2051 4764 2192 4820 Scri-

597 4866 758 4931 ptura
783 4854 1003 4924 didicit,
1039 4862 1092 4910 et
1121 4853 1188 4910 de
1219 4855 1409 4910 divina
1451 4853 1786 4909 revelatione
1815 4853 2093 4926 cognovit,
2125 4852 2191 4909 de

597 4953 798 5003 caetero
826 4961 938 4999 non
980 4943 1140 5000 timet
1167 4941 1299 4998 alibi
1332 4959 1504 4998 unum
1540 4944 1738 5008 Deum,
1769 4942 1901 4997 alibi
1931 4959 2057 4998 cum
2087 4943 2191 4997 Do-

597 5038 768 5107 mino,
799 5037 932 5093 alibi
980 5053 1107 5093 cum
1137 5038 1250 5092 Deo
1280 5045 1334 5092 et
1364 5035 1603 5091 Domino
1637 5043 1889 5091 sanctum
1923 5034 2189 5106 Spiritum

597 5127 934 5200 praedicare;
987 5125 1116 5198 quia
1166 5125 1284 5181 sive
1323 5142 1471 5181 unus
1517 5127 1663 5180 Deus
1702 5124 1930 5192 dixerit,
1982 5123 2086 5180 scit
2134 5140 2190 5180 se

597 5233 800 5275 nomen
858 5215 1145 5272 Trinitatis
1179 5215 1433 5287 implesse
1466 5233 1478 5270 :
1521 5215 1637 5270 sive
1667 5221 1845 5269 autem
1876 5213 1974 5269 Dei
2005 5221 2058 5269 et
2086 5216 2189 5269 Do-

598 5305 736 5360 mini
787 5305 1136 5361 solummodo
1183 5321 1395 5360 memor
1435 5303 1524 5372 sit,
1577 5303 1681 5360 scit
1732 5303 1960 5360 dicere:
2025 5327 2044 5350 ι
2072 5304 2191 5375 Ipse

598 5401 780 5450 autem
819 5395 984 5462 Deus,
1032 5403 1086 5451 et
1136 5394 1314 5463 Pater,
1374 5401 1428 5448 et
1477 5394 1746 5449 Dominus
1802 5401 1986 5449 noster
2037 5393 2191 5450 Iesus

598 5482 852 5539 Christus
909 5483 1109 5556 dirigat
1141 5483 1286 5540 viam
1342 5489 1583 5538 nostram
1611 5482 1679 5537 ad
1708 5498 1805 5539 vos
1837 5483 1856 5554 (
1889 5483 1924 5538 Ι
1955 5483 2186 5540 Thessal.

597 5589 681 5641 ιιι,
735 5573 850 5644 ll),
882 5597 900 5620 ι
969 5583 1023 5630 et
1048 5589 1241 5631 cavere
1287 5589 1357 5630 ne
1391 5571 1576 5629 dicat:
1621 5572 1730 5644 Ipsi
1769 5572 2042 5647 dirigant;
2075 5575 2191 5632 sive

597 5659 697 5716 Dei
753 5667 808 5714 et
866 5662 1039 5718 sancti
1097 5661 1335 5734 Spiritus
1379 5661 1544 5718 faciat
1599 5661 1955 5734 mentionem,
2004 5663 2190 5722 scitse

2287 1615 2341 1662 et
2389 1605 2628 1676 Spiritus
2679 1607 2853 1664 sancti
2910 1608 3090 1664 causis
3126 1609 3536 1681 competentibus
3587 1629 3761 1684 personas

2288 1703 2458 1767 aptet,
2489 1695 2593 1750 scit
2623 1695 2805 1751 dicere
2857 1711 2869 1750 :
2939 1722 2958 1745 ι
2989 1697 3060 1752 Et
3090 1697 3280 1753 omnia
3307 1697 3418 1754 haec
3445 1709 3652 1772 operatur
3672 1718 3762 1757 unus

2289 1791 2452 1856 atque
2489 1783 2634 1838 idem
2688 1783 2946 1856 Spiritus,
2995 1785 3252 1842 dividens
3295 1787 3508 1859 singulis
3547 1797 3668 1860 prout
3688 1789 3762 1843 vult

2292 1877 2347 1949 (Ι
2379 1878 2508 1933 Cor.
2538 1895 2639 1944 xu,
2677 1879 2787 1949 ll);
2821 1901 2839 1923 ι
2907 1877 3168 1950 quoniam
3202 1887 3253 1934 et
3282 1887 3384 1934 tres
3409 1879 3523 1934 deos
3547 1877 3679 1934 dicere
3700 1878 3761 1932 im-

2293 1969 2444 2039 pium
2475 1977 2576 2036 est,
2610 1978 2665 2025 et
2698 1985 2867 2024 unum
2912 1985 3023 2024 non
3053 1968 3111 2024 in
3143 1969 3422 2025 Trinitatis
3448 1968 3632 2024 nomine
3656 1967 3763 2023 eonﬁ-

2293 2056 2416 2124 teri,
2448 2055 2746 2112 admodum
2779 2056 3168 2128 irreligiosum.

2363 2147 2611 2218 Denique
2667 2145 2949 2217 sequentia
3004 2145 3430 2211 consideremus,
3477 2145 3638 2218 quibus
3673 2145 3766 2199 hunc

2294 2260 2514 2300 sensum
2551 2243 2841 2300 conﬁrmat
2889 2252 2943 2300 et
2990 2244 3228 2311 solidat;
3274 2260 3395 2300 nam
3439 2259 3549 2299 cum
3575 2240 3762 2298 dixisset:

2311 2358 2329 2380 ι
2369 2333 2424 2388 Si
2455 2334 2578 2406 quis
2603 2342 2785 2390 autem
2836 2332 3104 2404 Spiritum
3154 2332 3358 2391 Christi
3402 2348 3502 2388 non
3542 2331 3680 2395 habet,
3711 2327 3766 2381 hic

2297 2438 2409 2477 non
2453 2429 2534 2477 est
2583 2420 2722 2493 ejus,
2769 2444 2786 2469 ι
2841 2420 3086 2493 adjecit:
3150 2446 3170 2469 ι
3221 2422 3276 2478 Si
3329 2428 3495 2477 autem
3529 2418 3714 2476 Christus
3733 2415 3764 2468 in

2299 2511 2457 2568 vobis
2487 2520 2586 2568 est.
2623 2539 2641 2560 ι
2684 2513 2829 2584 Ergo
2859 2512 3218 2569 manifestum
3266 2521 3343 2569 est
3370 2511 3487 2585 quia
3526 2525 3603 2582 per
3628 2505 3766 2562 inhabi-

2298 2608 2506 2657 tantem
2555 2601 2823 2673 Spiritum
2875 2600 3080 2657 Christi
3131 2601 3382 2658 Christus
3424 2598 3630 2662 habitat;
3661 2592 3691 2648 si
3712 2607 3767 2646 au-

2299 2697 2408 2746 tem
2441 2707 2534 2762 per
2555 2689 2956 2746 inhabitantem
2982 2690 3255 2762 Spiritum
3286 2688 3474 2748 Christi
3497 2684 3693 2743 Christus
3709 2679 3767 2734 ha-

2299 2781 2460 2848 bitat,
2492 2779 2682 2852 utique
2699 2787 2753 2835 et
2782 2795 2876 2852 per
2907 2779 3311 2836 inhabitantem
3343 2777 3576 2849 Spiritum
3597 2771 3770 2828 DeiDeus

2301 2868 2529 2925 habitat.
2555 2868 2802 2942 Denique
2833 2867 3154 2939 subjunxit:
3200 2894 3218 2918 ι
3238 2867 3388 2936 Quod
3411 2866 3452 2921 si
3474 2863 3663 2936 Spiritus
3681 2856 3769 2927 ejus,

2299 2958 2393 3031 qui
2423 2958 2713 3014 suscitavit
2741 2958 3027 3016 Christum
3057 2974 3128 3014 ex
3182 2956 3424 3023 mortuis,
3453 2951 3628 3009 habitat
3654 2947 3694 3000 in
3715 2959 3770 2998 vo-

2296 3047 2402 3114 bis,
2427 3072 2444 3094 ι
2488 3046 2594 3103 hoc
2622 3055 2723 3116 est,
2759 3047 2894 3114 Dei;
2936 3064 2998 3104 ac
3029 3062 3127 3119 per
3158 3045 3266 3103 hoc
3295 3060 3400 3100 non
3429 3039 3562 3098 aliud
3584 3051 3670 3093 esse
3697 3030 3770 3102 Spi-

2297 3137 2436 3193 ritus
2482 3145 2724 3204 sanctus,
2781 3152 2943 3208 quam
2993 3137 3142 3192 Deus
3204 3143 3258 3191 et
3314 3132 3541 3192 Christus
3577 3123 3770 3199 probatur,

2298 3243 2394 3299 PBI‘
2436 3243 2598 3300 quem
2651 3229 2797 3282 Deus
2827 3233 2881 3281 et
2911 3224 3169 3283 Christus
3213 3223 3416 3280 habitat
3446 3239 3456 3276 :
3494 3231 3626 3291 quem
3654 3208 3770 3300 quiin

2296 3332 2353 3372 se
2386 3299 2496 3372 non
2524 3315 2690 3372 habet
2719 3315 3081 3382 habitantem,
3128 3330 3234 3371 nec
3261 3314 3427 3369 Deum
3455 3311 3604 3380 potest
3625 3299 3769 3358 habere.

2297 3422 2398 3462 nec
2426 3405 2728 3462 Christum.

2369 3503 2474 3560 Sed
2521 3502 2657 3562 dicit
2704 3502 2950 3576 aliquis:
2991 3499 3047 3558 Si
3095 3517 3197 3574 per
3244 3498 3496 3573 Spiritum
3537 3486 3770 3580 suurn-DiiIs

2298 3593 2510 3649 habitat
2539 3593 2597 3648 in
2644 3575 2826 3659 nobis,
2881 3599 2935 3647 et
2987 3590 3229 3663 Spiritus
3273 3605 3394 3645 cum
3430 3587 3531 3640 Deo
3561 3589 3605 3636 et
3628 3575 3769 3633 Christo

2298 3699 2470 3739 unum
2502 3693 2665 3756 atque
2697 3681 2841 3738 idem
2873 3689 2990 3749 est;
3033 3679 3312 3754 quomodo
3365 3688 3559 3732 rursum
3605 3665 3766 3756 ὁὶίξὶίυξξ

2311 3795 2330 3819 ι
2360 3772 2465 3840 Qui
2518 3748 2806 3829 suscitavit
2844 3748 3129 3829 Christum
3183 3787 3251 3826 ex
3281 3765 3515 3830 mortuis,
3564 3748 3767 3813 viviﬁcabil

2297 3869 2351 3918 et
2381 3863 2636 3918 mortalia
2680 3877 2911 3935 corpora
2939 3861 3170 3917 vestra?
3217 3885 3235 3908 ι
3305 3850 3568 3924 Quomodo
3741 3841 3770 3890 ει

2298 3951 2552 4010 Christus
2595 3933 2965 4020 unum'sunt,
3020 3967 3148 4007 cum
3197 3947 3441 4007 Christus
3478 3933 3769 4030 perHSpi'rituIIql

2297 4041 2396 4098 Dei
2425 4041 2720 4099 suscitetur
2751 4058 2820 4097 ex
2851 4039 3085 4096 mortuis
3104 4039 3135 4096 ?
3180 4065 3198 4087 ι
3228 4038 3273 4095 Ο
3301 4031 3522 4093 altitudo
3547 4025 3772 4086 divitiarum

2296 4130 2578 4203 sapientiae
2624 4139 2677 4186 et
2708 4130 2955 4187 scientias
2991 4129 3092 4187 Dei
3138 4129 3313 4202 (Rom.
3358 4141 3434 4191 xx,
3477 4118 3557 4189 33)
3627 4138 3641 4160 ’
3672 4107 3770 4206 κῖῗηῖ

2310 4243 2328 4268 ι
2357 4195 2460 4276 ubi
2498 4220 2752 4293 sapiens?
2781 4220 2878 4276 ubi
2930 4220 3108 4277 scriba
3147 4195 3218 4292 ‘(I
3246 4220 3368 4275 Cor.
3417 4229 3453 4280 ι,
3495 4202 3602 4278 2οἨ
3633 4225 3646 4247 ’

2299 4311 2403 4368 hoc
2434 4317 2536 4380 est,
2584 4336 2602 4360 ι
2631 4310 2778 4384 quod
2808 4310 3000 4367 oculus
3031 4327 3143 4366 non
3173 4308 3336 4375 vidit,
3359 4319 3452 4361 nec
3471 4297 3599 4356 auris
3617 4285 3770 4389 ἦᾳδξῗξ

2299 4416 2401 4457 nec
2429 4399 2488 4456 in
2519 4370 2612 4457 cor
2642 4370 2886 4456 hominis
2929 4398 3201 4465 ascendit,
3241 4370 3361 4470 quis
3389 4379 3665 4466 pravam"
3686 4370 3771 4470 θοᾷ

2298 4502 2444 4556 Deus
2475 4500 2834 4573 diligentibus
2881 4517 2937 4557 se
2988 4501 3046 4572 (Ι
3087 4500 3214 4558 Cor.
3261 4515 3322 4566 Il,
3351 4496 3428 4566 9).
3476 4517 3494 4540 ι
3537 4475 3772 4573 Ριιωρεξθηξ

2300 4597 2482 4646 autem
2514 4570 2659 4646 Deus
2688 4570 3047 4662 diligentibus
3092 4606 3170 4658 se,
3219 4596 3281 4644 ut
3324 4583 3556 4644 Christus
3594 4570 3771 4662 Domi“?

2299 4693 2424 4735 cum
2459 4678 2515 4733 in
2542 4678 2719 4735 forma
2748 4679 2847 4734 Dei
2878 4686 3037 4747 esset,
3062 4679 3297 4734 formam
3336 4669 3472 4730 servi
3499 4653 3770 4750 accipéfehuf

2299 4770 2448 4826 solus
2496 4769 2841 4826 inveniretur
2895 4745 3210 4840 utrumque.
3260 4765 3393 4824 Cum
3448 4772 3561 4828 θΐὲο
3607 4745 3772 4842 CW“?

2298 4869 2595 4932 utrumque
2649 4860 2741 4929 sit,
2799 4861 2944 4916 Deus
2987 4835 3198 4915 scilicet
3259 4864 3314 4912 et
3370 4853 3538 4913 homo,
3581 4835 3772 4932 εῠξοίξῆίξθ

2300 4947 2418 5005 haec
2446 4965 2556 5003 non
2596 4949 2721 5005 ideo
2772 4948 3056 5004 divinitati
3086 4946 3202 5019 ejus
3232 4940 3538 5003 ascribitur;
3565 4927 3666 5019 qui?

2300 5037 2445 5094 nitas
2489 5037 2608 5109 ejus
2652 5048 2746 5095 aut
2773 5040 2886 5110 pati
2923 5045 3017 5093 aut
3048 5009 3186 5093 mori
3217 5041 3392 5108 posset
3422 5047 3433 5084 :
3464 5023 3546 5082 sed
3575 5009 3772 5111 (ζαίι-ῩΤ

2299 5125 2431 5182 bum
2479 5094 2624 5183 Deus
2675 5094 2800 5184 caro
2847 5127 3023 5184 factus
3064 5135 3163 5194 est,
3196 5094 3251 5180 e‘t
3296 5113 3549 5177 habitavit
3588 5107 3633 5161 in
3657 5094 3769 5194 nobis:

2301 5214 2573 5272 Caeterum
2604 5215 2651 5272 si
2681 5215 2948 5273 divinitas
2967 5214 3086 5286 ejus
3110 5192 3222 5287 pati
3247 5209 3519 5284 potuisset,
3544 5211 3634 5255 non
3650 5192 3773 5287 nillil:

2301 5321 2436 5377 opus
2483 5306 2698 5374 fuisset,
2745 5315 2807 5362 ut
2850 5275 3081 5362 formam
3112 5275 3282 5360 Iservi
3333 5297 3575 5367 εοοὶρθτθί
3601 5303 3611 5340 ⁵
3634 5275 3772 5377 “cepit

2299 5403 2480 5451 autem
2530 5395 2761 5452 formam
2811 5396 2956 5453 servi
3001 5411 3110 5451 non
3149 5393 3314 5448 aliam
3352 5388 3418 5444 ob
3443 5371 3773 5473 causam-(l3?

2301 5493 2361 5540 ut
2390 5502 2490 5559 per
2518 5503 2635 5543 eam
2667 5503 2766 5560 pro
2808 5486 2984 5543 salute
3028 5481 3376 5554 diligentium
3419 5481 3469 5530 ei
3508 5461 3773 5560 Ρλίίῗί

2299 5546 2498 5650 posset.
2537 5577 2609 5634 Et
2666 5546 2790 5633 ideo
2837 5583 2983 5635 recte
3030 5546 3235 5632 dicitur
3264 5566 3516 5628 Dominus
3561 5546 3774 5650 ωαὶθδξίξξ

2299 5636 2628 5736 cruciﬁxus,
2664 5671 2718 5722 et
2759 5665 3029 5723 Dominus
3062 5663 3217 5721 Iesus
3264 5654 3501 5716 Christus
3530 5659 3587 5702 ex
3612 5636 3774 5694 Πιστίαι³
