4060 6208
253 330 389 391 1097

1300 331 1397 421 DE
1433 330 1707 390 SPIBITU
1743 329 2016 390 SANCTO
2055 330 2266 390 LIBER
2303 332 2501 389 UNUS.

3415 334 3553 397 1098

250 457 561 524 excitatus;
595 454 1052 530 quia.spontanea
1080 452 1419 528 benignitate
1448 464 1502 514 et
1531 456 1723 513 divina
1748 472 1848 515 sua
1879 466 1929 525 Α
1960 456 2153 525 stolns,
2205 463 2259 512 et
2303 453 2611 528 prudentia
2660 470 2771 511 sua
2817 456 3050 523 cautela,
3094 456 3209 513 imo
3259 462 3322 513 ut
3367 456 3555 513 verius

253 547 467 603 ratione
497 561 592 618 per
621 544 816 618 templi
840 543 926 602 sui
951 544 1256 621 passionem
1283 553 1483 602 cuncta
1512 546 1627 618 ipse
1654 563 1849 603 susce-

252 634 335 710 pit
357 642 412 691 et
442 634 690 707 pertulit.
723 634 803 691 Ac
829 649 924 706 per
947 630 1072 703 hoc,
1105 632 1162 689 id
1191 633 1338 707 quod
1368 634 1621 693 Christus
1647 636 1850 694 excita-

254 731 345 780 tur
381 740 452 781 ex
482 722 735 793 mortuis,
766 723 985 797 proﬁcit
1011 723 1081 780 ad
1110 723 1340 798 gloriam
1364 725 1464 783 Dei
1494 734 1550 783 et
1585 743 1850 799 compro-

253 813 347 873 bat
374 813 837 887 omnipotentiam
869 812 1099 873 Christi.

325 973 432 1031 Sed
459 981 513 1031 et
542 973 831 1048 sequentia
856 974 966 1031 loci
1005 973 1174 1048 hujus
1201 990 1313 1031 non
1344 973 1529 1031 minus
1562 973 1854 1047 diligenter

256 1064 528 1136 inspicere
555 1062 857 1131 debemus;
891 1063 1151 1137 quoniam
1186 1065 1298 1120 alta
1348 1072 1403 1121 et
1442 1063 1716 1138 profunda
1743 1064 1856 1121 do-

254 1153 435 1211 ctrina
461 1154 761 1226 Apostolus
782 1152 860 1210 ita
894 1153 1112 1210 locutus
1141 1162 1222 1212 est
1251 1153 1442 1211 dicens
1472 1199 1485 1211 .
1527 1177 1547 1201 ι
1597 1151 1755 1220 Quod
1808 1152 1852 1208 si

255 1245 497 1319 Spiritus
526 1243 644 1317 ejus
690 1244 784 1318 qui
827 1245 1117 1302 suscitavit
1144 1245 1326 1301 Iesum
1360 1261 1429 1301 ex
1458 1243 1714 1310 mortuis,
1745 1242 1856 1300 ba—

254 1334 395 1391 bitat
440 1334 499 1391 in
560 1334 757 1403 vobis;
817 1334 913 1408 qui
960 1334 1250 1391 suscitavit
1295 1332 1580 1391 Christum
1612 1348 1682 1388 ex
1713 1348 1855 1387 mor-

256 1425 388 1494 tuis,
448 1424 757 1481 viviﬁcabit
811 1432 866 1479 et
921 1424 1176 1480 mortalia
1225 1438 1454 1496 corpora
1522 1430 1705 1479 vestra
1761 1436 1857 1494 per

256 1513 657 1570 inhabitantem
705 1513 971 1587 Spiritum
1030 1512 1149 1586 ejus
1201 1512 1261 1569 in
1316 1511 1495 1569 vobis.
1526 1535 1545 1559 ι
1606 1509 1856 1566 Primum

254 1618 383 1677 ergo
413 1602 768 1659 manifestum
799 1611 882 1659 est
910 1604 1038 1678 quia
1084 1604 1272 1660 omnia
1319 1605 1465 1660 Deus
1521 1611 1577 1659 et
1604 1600 1859 1659 Christus

256 1709 352 1767 per
379 1692 781 1751 inhabitantem
816 1693 1081 1767 Spiritum
1111 1710 1272 1750 suum
1299 1693 1358 1749 in
1377 1692 1538 1750 nobis
1563 1699 1853 1766 operatur;

256 1801 321 1843 ac
347 1800 445 1857 per
468 1784 575 1841 hoc
602 1792 819 1841 constat
848 1786 1107 1858 quoniam
1139 1793 1359 1842 sanctus
1386 1783 1625 1856 Spiritus
1669 1780 1856 1838 omnia

258 1882 549 1948 operatur;
579 1874 710 1947 quia
736 1882 791 1930 et
819 1874 1076 1930 mortalia
1104 1890 1333 1946 corpora
1378 1881 1566 1930 nostra
1608 1870 1856 1927 viviﬁca—
1888 1843 1936 1904 Β

256 1961 341 2020 bit
368 1962 436 2031 is,
468 1962 563 2035 qui
595 1962 885 2018 suscitavit
912 1962 1095 2018 Iesum
1119 1978 1189 2018 ex
1218 1961 1471 2030 mortuis,
1504 1976 1600 2034 per
1643 1959 1857 2015 inhabi-

256 2061 467 2111 tantem
490 2052 757 2126 Spiritum
789 2052 996 2111 Christi
1026 2053 1084 2109 in
1113 2052 1292 2110 nobis.
1321 2053 1392 2109 Et
1414 2069 1525 2109 non
1556 2052 1701 2109 dixit
1730 2052 1860 2125 quia

258 2159 356 2217 per
389 2159 446 2200 se
476 2145 706 2201 suscitat
732 2142 799 2213 is,
834 2143 929 2218 qui
956 2143 1247 2200 suscitavit
1275 2143 1460 2201 Iesum
1497 2160 1567 2200 ex
1601 2142 1855 2211 mortuis,

260 2248 437 2306 neque
466 2231 748 2291 Christum
780 2250 877 2306 per
904 2250 961 2289 se
992 2233 1257 2291 suscitare
1299 2250 1311 2288 :
1367 2233 1465 2290 sed
1504 2248 1599 2307 per
1643 2230 1857 2287 inhabi-

260 2329 464 2378 tantem
516 2322 575 2378 in
632 2322 794 2379 nobis
846 2322 1114 2396 Spiritum
1159 2322 1387 2380 Christi.
1433 2321 1672 2395 Spiritus
1716 2320 1855 2393 ejus,

262 2412 354 2486 qui
384 2412 675 2470 suscitavit
706 2412 891 2469 Jesum
921 2428 991 2468 ex
1022 2412 1278 2483 mortuis,
1312 2411 1622 2468 viviﬁcabit
1646 2420 1860 2467 etmor-

262 2501 396 2557 talia
420 2518 650 2573 corpora
678 2510 885 2557 nostra.
918 2501 990 2556 Et
1036 2500 1228 2575 utique
1272 2501 1330 2557 in
1377 2500 1679 2572 Evangelio
1722 2500 1856 2571 legi-

262 2610 405 2663 mus,
442 2592 661 2649 dicente
688 2592 961 2649 Domino:
1001 2614 1021 2639 ‹
1062 2591 1217 2648 Sicut
1255 2590 1415 2648 Pater
1460 2590 1688 2646 suscitat
1717 2606 1858 2645 mor-

260 2690 387 2739 tuos
409 2691 464 2740 et
491 2682 783 2751 viviﬁcat;
831 2681 911 2739 ita
947 2689 1002 2738 et
1052 2681 1232 2738 Filius
1286 2698 1424 2755 quos
1469 2680 1611 2750 vult,
1662 2679 1861 2735 viviﬁ-

260 2782 348 2831 cat
388 2773 571 2846 (Joan.
601 2791 658 2843 v,
701 2772 817 2839 2i).
850 2797 868 2821 ι
914 2773 986 2829 Et
1026 2788 1139 2829 non
1194 2781 1275 2829 est
1326 2771 1536 2828 dictum
1592 2771 1670 2827 ibi
1732 2770 1861 2844 quia

262 2877 358 2937 per
383 2860 653 2936 Spiritum
684 2878 845 2918 suum
877 2862 1104 2919 suscitat
1144 2862 1289 2919 Deus
1318 2870 1373 2919 et
1401 2861 1675 2919 Christus.
1716 2860 1859 2928 Quid

262 2968 390 3026 ergo
410 2952 440 3009 7
501 2951 853 3010 Contrarium
911 2952 1019 3009 hoc
1063 2952 1168 3007 erit
1197 2951 1281 3007 illi
1310 2950 1633 3007 sententia?
1661 2949 1856 3005 Absitl

263 3041 358 3099 sed
392 3040 709 3100 intellectus
740 3042 965 3099 illorum
994 3040 1154 3096 nobis
1182 3040 1450 3119 redditur,
1502 3047 1556 3096 et
1601 3039 1864 3095 docemur

263 3146 359 3205 per
389 3131 753 3206 Evangelium
783 3129 1088 3188 beatissimi
1120 3130 1275 3185 Pauli
1329 3146 1437 3203 qua
1466 3128 1675 3185 ratione
1717 3130 1863 3185 Deus

263 3219 507 3289 suscitet,
540 3236 637 3294 per
706 3217 1111 3275 inhabitantem
1155 3216 1369 3274 scilicet
1413 3216 1678 3290 Spiritum
1716 3214 1870 3273 Chri-
1903 3212 1945 3272 C

261 3310 333 3367 sti
362 3310 421 3366 in
448 3310 644 3377 nobis;
692 3325 754 3367 ac
800 3326 896 3382 per
942 3308 1050 3365 hoc
1079 3308 1420 3381 apertissime
1448 3306 1705 3377 traditur,
1736 3306 1866 3381 quia

262 3401 450 3458 omnia
485 3415 651 3474 opera
705 3398 898 3457 divina
948 3397 1187 3471 Spiritus
1230 3406 1453 3454 sanctus
1486 3405 1761 3470 operatur.
1793 3397 1865 3451 Et

264 3493 389 3552 ideo
417 3491 528 3548 alio
555 3491 615 3547 in
681 3491 804 3548 loco
858 3491 1006 3548 idem
1063 3490 1361 3564 Apostolus
1413 3489 1573 3546 docet
1624 3488 1859 3546 dicens:

276 3607 297 3632 ε
321 3580 637 3639 Divisiones
672 3581 977 3655 gratiarum
1012 3588 1163 3649 sunt,
1188 3579 1334 3636 idem
1366 3586 1551 3635 autem
1575 3577 1814 3651 Spiritus
1846 3596 1858 3634 :

262 3681 317 3732 et
343 3673 645 3732 divisiones
698 3673 1138 3730 ministeriorum
1186 3682 1337 3742 sunt,
1370 3673 1516 3729 idem
1546 3679 1730 3727 autem
1758 3673 1861 3727 Do-

262 3765 448 3822 minus
482 3781 496 3821 :
529 3771 584 3822 et
612 3762 919 3821 divisiones
947 3762 1332 3836 operationum
1364 3769 1514 3831 sunt,
1546 3760 1691 3817 idem
1731 3777 1862 3816 vero

261 3854 426 3923 Deus,
458 3852 553 3929 qui
584 3861 841 3926 operatur
869 3852 1058 3909 omnia
1086 3851 1145 3908 in
1194 3850 1454 3909 omnibus
1504 3851 1563 3924 (Ι
1599 3851 1724 3907 Cor.
1757 3867 1860 3919 xu,

262 3942 401 4016 4-6).
436 3968 455 3993 ι
515 3942 803 4010 Quomodo
843 3952 925 4000 est
974 3942 1116 4000 illud
1165 3942 1312 3999 idem
1341 3941 1602 4016 Spiritus,
1632 3941 1678 3997 si
1708 3938 1862 3995 aliud

263 4040 347 4089 est
374 4031 634 4105 Spiritus,
683 4047 847 4103 quam
891 4033 1041 4087 Deus
1068 4040 1122 4087 et
1150 4031 1468 4087 Dominus?
1496 4037 1591 4086 aut
1619 4028 1752 4103 quid
1781 4036 1863 4084 est

265 4121 441 4179 illud:
476 4121 617 4178 Idem
646 4121 925 4191 Dominus,
966 4122 1012 4178 si
1055 4120 1210 4177 aliud
1255 4127 1337 4178 est
1374 4119 1666 4186 Dominus,
1697 4134 1859 4192 quam

263 4213 411 4269 Deus
439 4219 494 4268 et
520 4209 811 4284 Spiritus?
848 4217 943 4266 aut
990 4226 1099 4284 qua
1144 4210 1356 4267 ratione
1402 4208 1638 4281 accipies
1671 4225 1682 4263 :
1717 4207 1861 4264 Idem

265 4300 425 4370 Deus,
457 4300 505 4357 si
534 4298 687 4356 aliud
725 4306 807 4355 est
855 4299 1023 4367 Deus,
1072 4315 1236 4373 quam
1275 4298 1544 4354 Dominus
1573 4296 1811 4368 Spiritus
1833 4295 1861 4351 ?

265 4397 319 4448 et
346 4390 393 4446 si
435 4389 674 4447 essentia
704 4388 792 4446 vel
832 4395 988 4471 αὒσίᾳ
1018 4395 1073 4445 et
1102 4387 1396 4444 divinitate
1440 4393 1496 4442 et
1539 4386 1861 4443 auctoritate

264 4487 418 4545 aliud
443 4496 496 4545 et
524 4488 697 4558 aliud,
731 4497 785 4546 et
810 4505 926 4546 non
960 4503 1134 4543 unum
1164 4493 1313 4543 sunt.
1343 4483 1508 4540 Nullo
1540 4483 1704 4539 modo
1745 4500 1861 4555 pos-

265 4585 386 4635 sent
413 4577 523 4635 dici
556 4577 723 4648 idem,
755 4577 850 4652 qui
882 4579 1041 4647 longe
1072 4574 1225 4632 aliud
1262 4583 1316 4631 et
1356 4572 1508 4629 aliud
1556 4573 1856 4645 reperiren-
1886 4572 1935 4631 D

265 4672 357 4721 tur
388 4680 400 4718 :
436 4663 781 4721 inveniretur
810 4673 994 4722 autem
1024 4672 1079 4720 et
1108 4662 1405 4738 Apostolus
1435 4662 1607 4718 falsus
1635 4661 1789 4718 testis
1808 4668 1862 4717 et

265 4759 564 4811 contumax
594 4752 653 4810 in
684 4756 881 4825 Deum,
924 4753 1018 4829 qui
1058 4753 1204 4810 idem
1234 4751 1549 4822 ascriberet,
1577 4751 1676 4808 ubi
1715 4751 1860 4807 idem

266 4858 377 4899 non
407 4851 507 4900 est.
538 4842 643 4900 Sed
672 4842 815 4901 absit
837 4844 974 4901 hocl
1006 4843 1127 4900 Non
1158 4846 1321 4900 sensu
1338 4843 1633 4915 Apostolus
1653 4841 1860 4898 labora-

265 4932 351 4989 vit
384 4949 396 4989 :
440 4933 599 4989 novit
643 4940 827 4989 autem
861 4935 1035 4990 Deum
1076 4940 1131 4989 et
1176 4933 1477 4989 Dominum
1512 4940 1565 4987 et
1593 4931 1859 5004 Spiritum

265 5030 541 5093 sanctum,
573 5038 746 5081 unum
795 5020 1065 5096 Spiritum
1119 5021 1307 5078 omnia
1356 5021 1415 5076 in
1444 5020 1703 5077 omnibus
1734 5034 1858 5093 epe-

266 5118 479 5169 rantem
488 5154 501 5169 .

338 5256 413 5314 Et
431 5271 501 5313 ne
519 5254 654 5329 quid
674 5254 819 5312 forte
852 5254 1098 5327 scrupuli
1127 5270 1282 5311 mens
1309 5252 1653 5311 audientium
1683 5253 1861 5309 susti-

265 5353 457 5415 neret;
506 5344 636 5419 quia
690 5361 816 5402 cum
865 5343 1156 5400 Trinitatis
1204 5359 1462 5416 personas
1510 5340 1857 5411 ostendisset,

266 5436 443 5494 Deum
472 5441 672 5493 cuncta
709 5434 769 5491 in
824 5432 1083 5490 omnibus
1110 5432 1327 5489 dixerat
1357 5439 1694 5505 operantem,
1726 5431 1861 5488 dum

267 5527 373 5586 scit
399 5530 455 5586 et
482 5526 809 5584 Trinitatem
837 5540 964 5582 vere
995 5524 1242 5598 probare,
1291 5524 1436 5582 sicut
1468 5540 1595 5581 vere
1623 5532 1678 5581 et
1705 5523 1861 5581 unio-

267 5632 427 5691 nem;
481 5634 798 5696 quanquam
847 5632 1002 5673 error
1047 5616 1237 5672 nullus
1283 5622 1496 5688 poterat
1527 5614 1730 5685 videri,
1764 5614 1860 5672 ubi

269 5709 419 5771 idem
441 5726 583 5785 sape
598 5707 712 5782 jam
734 5708 975 5766 dixerat:
1009 5708 1174 5766 solito
1193 5716 1378 5767 tamen
1407 5723 1507 5764 suo
1538 5722 1689 5764 more
1721 5705 1862 5779 Apo-

594 5809 835 5866 Panos.
877 5807 1054 5865 XVII.

1956 544 2160 614 dicam,
2200 545 2439 618 Spiritus
2483 544 2661 603 sancti
2703 544 3117 617 gubernatione,
3152 563 3311 619 quem
3362 563 3420 602 se
3458 564 3555 603 re-

1959 634 2258 690 velatorem
2304 642 2359 690 et
2403 634 2686 690 doctorem
2728 632 2927 689 habere
2956 650 3095 705 sape
3135 636 3439 705 proﬁtetur,
3472 636 3558 691 si-

1958 732 2051 779 cut
2094 721 2286 779 dixit:
2331 748 2350 771 c
2386 722 2491 779 Sed
2543 722 2692 780 docti
2741 722 2971 795 Spiritu,
3021 723 3363 795 spiritalibus
3413 730 3557 788 607

1959 816 2231 890 spiritaiia
2261 826 2644 892 comparantes
2692 819 2750 890 (Ι
2784 819 2910 889 Cor.
2944 835 3004 886 ιι,
3038 818 3163 888 13);
3212 844 3229 865 ι
3272 826 3324 873 et
3362 820 3472 876 alio
3503 822 3560 877 in

1962 907 2085 963 loco
2120 926 2132 963 :
2179 931 2199 954 ι
2229 907 2400 964 Nobis
2435 916 2617 964 autem
2664 907 2933 965 revelavit
2974 909 3119 963 Deus
3166 924 3262 980 per
3293 907 3560 980 Spiritum

1961 1004 2212 1051 sanctum
2291 997 2453 1068 (Ibid.
2524 997 2637 1065 10),
2707 1023 2725 1043 ι
2794 995 3036 1052 reddidit
3095 997 3283 1053 omnia
3344 997 3560 1067 unioni,

1961 1084 2153 1142 dicens
2184 1103 2196 1140 :
2243 1109 2263 1133 ι
2292 1086 2406 1142 Alii
2451 1087 2599 1142 enim
2634 1086 2796 1142 datur
2822 1102 2920 1159 per
2958 1085 3225 1158 Spiritum
3257 1103 3437 1143 sermo
3467 1104 3563 1143 sa-

1963 1172 2205 1246 pientia,
2264 1174 2361 1229 alii
2417 1191 2597 1231 sermo
2652 1174 2895 1232 scientia
2950 1175 3252 1231 secundum
3309 1176 3563 1234 eumdem

1963 1263 2253 1336 Spiritum,
2300 1263 2394 1320 alii
2442 1263 2578 1322 ﬁdes
2625 1265 2684 1321 in
2730 1264 2922 1322 eodem
2971 1265 3201 1338 Spiritu,
3246 1266 3343 1322 alii
3393 1267 3565 1339 gratia

1966 1354 2319 1411 curationum
2346 1354 2406 1410 in
2433 1372 2546 1412 uno
2575 1355 2807 1428 Spiritu,
2838 1380 2858 1404 ι
2901 1364 3007 1412 etc.
3033 1357 3092 1427 (Ι
3123 1357 3247 1414 Cor.
3280 1373 3381 1419 χιι,
3404 1358 3457 1426 8,
3480 1358 3563 1428 9).

1964 1443 2038 1500 Et
2068 1443 2127 1499 in
2157 1443 2461 1500 novissima
2488 1452 2639 1518 parte
2666 1444 3005 1503 concludens
3036 1445 3115 1502 ait
3144 1462 3157 1501 :
3203 1468 3221 1494 ‹
3252 1446 3451 1502 Omnia
3474 1463 3566 1501 an.

1969 1539 2076 1588 tem
2114 1532 2234 1590 hac
2272 1542 2532 1606 operatur
2576 1551 2721 1592 unus
2748 1542 2912 1608 atque
2942 1535 3087 1592 idem
3132 1535 3370 1608 Spiritus
3402 1536 3562 1607 (Ibid.

1969 1619 2098 1692 il);
2132 1645 2149 1667 ι
2195 1620 2289 1693 qui
2338 1638 2503 1694 supra
2549 1623 2761 1680 scilicet
2810 1626 2975 1681 Deus.
3026 1626 3172 1696 Ergo
3215 1624 3346 1697 quia
3382 1624 3568 1681 omnia

1966 1716 2224 1781 operatur
2250 1711 2400 1766 Deus
2438 1719 2602 1783 atque
2643 1712 2789 1768 idem
2835 1714 3094 1785 Spiritus,
3125 1715 3342 1770 Patrem
3380 1722 3433 1769 et
3466 1713 3568 1770 Fi-

1964 1797 2104 1854 lium
2152 1806 2206 1854 et
2244 1798 2511 1872 Spiritum
2544 1809 2817 1869 sanctum,
2850 1802 2906 1858 in
2957 1818 3193 1875 quorum
3224 1802 3448 1859 nomine
3475 1820 3569 1876 per

1969 1888 2400 1959 regenerationis
2452 1878 2726 1961 baptisma
2774 1906 3105 1960 recreemur,
3152 1907 3326 1947 unum
3369 1893 3565 1960 Deum,

1971 1975 2119 2049 quod
2166 1984 2249 2033 est
2295 1994 2497 2034 nomen
2536 1995 2730 2049 unum,
2764 1981 3009 2051 accipere
3052 1980 3316 2037 debemus
3351 1988 3405 2036 et
3441 1996 3570 2036 cre-

1971 2067 2137 2134 dere;
2196 2070 2326 2142 quia
2371 2086 2484 2126 uno
2539 2079 2702 2145 atque
2757 2073 2949 2129 eodem
3012 2072 3197 2141 modo,
3265 2072 3571 2147 iisdemque

1971 2158 2293 2229 virtutibus,
2326 2177 2427 2218 nec
2458 2178 2569 2218 non
2601 2171 2656 2219 et
2684 2164 3215 2236 prophetationibus,
3249 2165 3452 2237 quibus
3476 2167 3569 2221 Pa-

1970 2255 2109 2305 trem
2159 2250 2333 2306 Deum
2383 2250 2671 2323 discimus,
2705 2252 2771 2310 de
2807 2253 3019 2326 Spiritu
3047 2270 3266 2328 quoque
3295 2262 3485 2311 sancto
3515 2265 3568 2313 et

1968 2336 2037 2395 de
2066 2338 2209 2395 Filio
2238 2340 2556 2400 edocemur.

2041 2436 2148 2493 Sed
2175 2438 2317 2497 forte
2345 2442 2469 2513 quis
2499 2440 2647 2498 dicat
2681 2459 2693 2497 :
2726 2441 2926 2499 Omnia
2949 2441 3115 2513 dixit,
3149 2460 3270 2517 qua
3300 2444 3368 2501 ad
3404 2443 3569 2501 ordi—

1969 2528 2252 2586 nationem
2299 2531 2562 2588 Ecclesia
2610 2534 2891 2604 pertinent
2926 2551 2938 2589 :
2971 2550 3083 2589 non
3129 2542 3310 2590 autem
3361 2535 3567 2602 omnia,

1971 2636 2092 2693 qua
2123 2624 2268 2679 Deus
2306 2633 2585 2695 operatur,
2616 2634 2670 2680 et
2705 2625 2977 2682 Dominus
3018 2632 3275 2697 operatur
3302 2634 3355 2681 et
3385 2626 3569 2697 Spiri—

1969 2716 2080 2768 tus.
2138 2712 2284 2784 Ergo
2334 2712 2401 2768 de
2449 2713 2707 2769 omnibus
2763 2714 2851 2769 vel
2907 2729 3079 2786 pauca
3119 2713 3371 2785 ponenda
3416 2723 3565 2781 sunt,

1971 2800 2173 2871 quibus
2214 2801 2476 2873 probetur
2504 2803 2771 2876 Spiritum
2800 2813 3050 2862 sanctum
3083 2804 3342 2861 omnibus
3378 2806 3571 2861 omni-

1972 2906 2045 2946 no
2075 2890 2285 2947 divinis
2315 2893 2573 2964 operibus
2597 2892 2804 2961 adesse,
2828 2903 2883 2951 et
2912 2894 3092 2966 ipsum
3116 2896 3302 2950 omnia
3322 2895 3567 2967 implere.

1972 2981 2187 3052 Moyses
2238 2980 2448 3053 Spiritu
2492 2990 2683 3040 sancto
2726 2984 3006 3056 impletur,
3057 2991 3111 3059 et
3162 3000 3259 3056 per
3304 2984 3571 3057 Spiritum

1973 3066 2276 3139 prophetia
2323 3071 2670 3141 prascientia
2707 3070 2956 3141 docetur,
2983 3079 3037 3128 et
3084 3071 3272 3129 futura
3300 3075 3567 3146 pradicit.

1978 3154 2124 3223 Quid
2151 3158 2432 3229 propheta
2471 3175 2664 3216 omnes
2687 3160 2945 3234 deinceps
2965 3162 2993 3217 ?
3022 3162 3165 3218 Num
3195 3162 3407 3234 Spiritu
3436 3179 3573 3219 san-

1978 3252 2066 3301 cto
2101 3246 2249 3317 pleni
2296 3248 2783 3320 prophetaverunt,
2815 3257 2870 3305 et
2908 3251 3091 3323 plagas
3134 3251 3339 3323 populo
3375 3251 3573 3308 immi-

1973 3340 2166 3401 nentes
2191 3336 2685 3409 annuntiaverunt,
2709 3345 2762 3394 et
2793 3338 3093 3395 adventum
3122 3339 3346 3395 Domini
3372 3348 3426 3396 et
3454 3356 3570 3412 pas-

1972 3423 2184 3480 sionem
2230 3425 2690 3498 pradicaverunt,
2750 3426 3014 3500 probante
3070 3428 3309 3483 Domino
3364 3436 3418 3484 et
3475 3427 3572 3484 di-

1971 3522 2128 3583 cente
2169 3530 2266 3587 per
2314 3532 2376 3572 os
2419 3516 2697 3574 Zacharia
2747 3517 3073 3591 propheta:
3124 3542 3144 3566 ι
3177 3518 3568 3575 Verumtamen

1973 3602 2139 3658 verba
2167 3619 2287 3660 mea
2314 3610 2368 3660 et
2397 3604 2644 3677 legitima
2669 3622 2789 3662 mea
2816 3606 3066 3678 accipite,
3090 3622 3210 3679 qua
3240 3622 3339 3679 ego
3368 3606 3570 3662 mando

1973 3690 2030 3747 in
2063 3690 2275 3764 Spiritu
2295 3708 2418 3749 meo
2447 3693 2621 3749 servis
2649 3693 2786 3750 meis
2814 3694 3098 3767 prophetis
3121 3695 3308 3766 (Zach.
3340 3712 3379 3761 ι,
3411 3694 3505 3766 6);
3539 3717 3556 3739 ι

1970 3797 2033 3838 ac
2086 3798 2180 3853 per
2224 3781 2331 3839 hoc
2371 3772 2725 3840 manifestum
2768 3793 2851 3841 est
2906 3801 3099 3842 omnes
3155 3783 3453 3857 prophetas
3512 3783 3570 3838 in

1970 3874 2180 3948 Spiritu
2208 3884 2398 3934 sancto
2428 3877 2801 3950 prophetasse.

2040 3980 2236 4052 Legem
2267 3997 2483 4053 quoque
2533 3981 2707 4054 ipsam
2746 3997 2843 4054 per
2874 3980 3141 4054 Spiritum
3171 3987 3423 4038 sanctum
3458 3980 3565 4037 da-

1970 4076 2082 4125 tam
2123 4070 2434 4140 accepimus
2478 4078 2533 4126 et
2581 4072 2881 4142 scriptam;
2933 4070 3071 4127 dicit
3114 4070 3262 4125 enim
3304 4070 3559 4142 Moyses:

1985 4181 2005 4206 ε
2030 4158 2105 4213 Et
2144 4156 2297 4213 dedit
2338 4158 2609 4215 Dominus
2652 4157 2791 4214 duas
2845 4158 3059 4214 tabulas
3108 4158 3348 4230 lapideas
3396 4158 3569 4229 digito

1969 4244 2070 4303 Dei
2099 4245 2330 4317 scriptas
2362 4247 2566 4318 (Exod.
2590 4263 2753 4315 xxxi,
2780 4247 2893 4318 18).
2929 4271 2947 4294 ι
2990 4245 3239 4318 Digitum
3266 4253 3448 4302 autem
3472 4247 3567 4302 Dei

1970 4334 2238 4407 Spiritum
2261 4342 2511 4391 sanctum
2538 4333 2651 4390 dici
2683 4334 2988 4405 Evangelia
3016 4333 3409 4401 manifestam;
3441 4350 3566 4390 cum

1970 4423 2118 4480 enim
2147 4423 2418 4481 Dominus
2461 4423 2766 4480 damonem
2821 4422 3086 4495 ejecisset,
3127 4432 3183 4479 et
3219 4430 3571 4480 accusaretur

1969 4528 2001 4569 a
2047 4511 2252 4569 Judais
2286 4512 2434 4585 quod
2463 4514 2521 4567 in
2553 4512 2855 4569 Beelzebub
2892 4512 3139 4585 principe
3168 4511 3567 4569 damoniorum

1969 4603 2243 4661 damonia
2270 4602 2588 4674 expelleret,
2630 4602 2933 4658 secundum
2983 4602 3185 4658 Lucam
3231 4600 3452 4675 quidem
3488 4618 3569 4657 re-

1970 4692 2253 4765 spondisse
2282 4690 2602 4763 perhibetur
2633 4707 2645 4745 :
2698 4715 2716 4739 ι
2744 4690 2903 4758 Quod
2946 4691 2993 4746 si
3030 4707 3131 4763 ego
3171 4691 3228 4746 in
3265 4690 3439 4763 digito
3468 4690 3567 4746 Dei

1968 4782 2186 4855 expello
2224 4781 2495 4838 damonia
2539 4781 2691 4853 (Luc.
2723 4797 2804 4850 ιιι,
2842 4781 2976 4852 20);
3023 4806 3042 4829 ι
3087 4780 3392 4837 secundum
3420 4781 3571 4836 Mat-

1969 4874 2174 4930 thaum
2203 4888 2335 4929 vero
2369 4890 2380 4928 :
2430 4896 2449 4919 ι
2477 4872 2531 4928 Si
2571 4879 2755 4927 autem
2792 4888 2892 4945 ego
2927 4872 2985 4928 in
3032 4871 3241 4944 Spiritu
3269 4872 3366 4927 Dei
3406 4870 3569 4943 ejicio

1969 4971 2246 5028 damones
2280 4970 2495 5040 (Matth.
2528 4986 2630 5036 XII,
2674 4969 2807 5039 28);
2840 4993 2859 5015 ι
2903 4966 3051 5024 unde
3091 4967 3447 5023 manifestum
3489 4974 3570 5022 est

1970 5060 2237 5133 Spiritum
2267 5057 2503 5130 digitum
2536 5058 2635 5114 Dei
2677 5057 2809 5114 dici.
2843 5056 2981 5115 Cum
3025 5073 3154 5129 ergo
3196 5064 3408 5113 constet
3434 5053 3569 5125 Spi—

1970 5150 2138 5205 ritum
2170 5153 2423 5203 sanctum
2472 5146 2707 5218 digitum
2759 5146 2857 5202 Dei
2904 5145 3037 5214 dici,
3091 5146 3440 5202 manifestum
3487 5151 3569 5200 est

1970 5240 2101 5312 quia
2128 5237 2343 5294 tabulas
2376 5236 2615 5308 lapideas
2644 5235 2882 5308 Spiritus
2910 5244 3132 5293 sanctus
3164 5235 3405 5307 scripsit,
3435 5248 3569 5306 quas

1968 5330 2184 5402 Moyses
2232 5328 2408 5401 digito
2450 5327 2549 5384 Dei
2599 5327 2829 5400 scriptas
2884 5327 3095 5398 accepit
3154 5344 3165 5381 :
3223 5334 3277 5381 et
3331 5323 3569 5396 Spiritus

1970 5427 2193 5476 sanctus
2246 5417 2423 5485 dedit,
2456 5417 2588 5490 quia
2629 5416 2837 5489 digitus
2891 5416 2989 5473 Dei
3039 5431 3148 5470 non
3202 5414 3351 5471 aliud
3402 5429 3566 5487 quam

1969 5509 2116 5565 Deus
2144 5515 2258 5576 est;
2289 5506 2552 5580 quoniam
2591 5507 2652 5563 in
2681 5506 2942 5564 omnibus
2970 5510 3245 5577 operatur.

2007 5614 2289 5673 t'Virtutes
2345 5631 2563 5690 quoque
2617 5615 2784 5689 ipsas,
2831 5629 2966 5686 quas
3014 5611 3207 5668 divina
3236 5608 3482 5683 potentia
3510 5609 3568 5665 in

1971 5704 2216 5780 Egypto
2243 5706 2302 5763 in
2331 5705 2640 5765 doctrinam
2673 5714 2727 5761 et
2761 5705 2815 5759 in
2846 5700 3286 5774 experimentum
3317 5699 3402 5757 sui
3431 5714 3571 5772 pec-
