  <div class='ocr_page' id='page_1' title='image "/cluster/home/n/w/nwhite01/storage/ocr_20150623/17/hvd.32044096580436/555.png"; bbox 0 0 4060 6208; ppageno 0'>
   <div class='ocr_carea' id='block_1_1' title="bbox 519 337 657 396">
    <p class='ocr_par' dir='ltr' id='par_1_1' title="bbox 519 337 657 396">
     <span class='ocr_line' id='line_1_1' title="bbox 519 337 657 396; baseline 0 -2"><span class='ocrx_word' id='word_1_1' title='bbox 519 337 657 396; x_wconf 87' lang='grc'><strong>1099</strong></span> 
     </span>
    </p>
   </div>
   <div class='ocr_carea' id='block_1_2' title="bbox 1531 326 2774 388">
    <p class='ocr_par' dir='ltr' id='par_1_2' title="bbox 1531 326 2774 388">
     <span class='ocr_line' id='line_1_2' title="bbox 1531 326 2774 388; baseline -0.005 0"><span class='ocrx_word' id='word_1_2' title='bbox 1531 334 1626 388; x_wconf 89' lang='lat' dir='ltr'>AD</span> <span class='ocrx_word' id='word_1_3' title='bbox 1664 332 1900 388; x_wconf 83' lang='lat' dir='ltr'>OPERA</span> <span class='ocrx_word' id='word_1_4' title='bbox 1936 332 1991 388; x_wconf 92' lang='lat' dir='ltr'>S.</span> <span class='ocrx_word' id='word_1_5' title='bbox 2036 330 2367 388; x_wconf 82' lang='lat' dir='ltr'>AMBROSII</span> <span class='ocrx_word' id='word_1_6' title='bbox 2396 326 2774 385; x_wconf 82' lang='lat' dir='ltr'>APPENDIX.</span> 
     </span>
    </p>
   </div>
   <div class='ocr_carea' id='block_1_3' title="bbox 3678 321 3806 379">
    <p class='ocr_par' dir='ltr' id='par_1_3' title="bbox 3678 321 3806 379">
     <span class='ocr_line' id='line_1_3' title="bbox 3678 321 3806 379; baseline 0.016 -2"><span class='ocrx_word' id='word_1_7' title='bbox 3678 321 3806 379; x_wconf 79' lang='grc'><strong>1100</strong></span> 
     </span>
    </p>
   </div>
   <div class='ocr_carea' id='block_1_4' title="bbox 517 442 3811 530">
    <p class='ocr_par' dir='ltr' id='par_1_4' title="bbox 517 442 3811 530">
     <span class='ocr_line' id='line_1_4' title="bbox 517 442 3811 530; baseline -0.006 -11"><span class='ocrx_word' id='word_1_8' title='bbox 517 460 794 521; x_wconf 90' lang='lat' dir='ltr'>catoribus</span> <span class='ocrx_word' id='word_1_9' title='bbox 840 464 1060 530; x_wconf 80' lang='lat' dir='ltr'>operata</span> <span class='ocrx_word' id='word_1_10' title='bbox 1099 462 1202 524; x_wconf 89' lang='lat' dir='ltr'>est,</span> <span class='ocrx_word' id='word_1_11' title='bbox 1249 470 1381 512; x_wconf 91' lang='lat' dir='ltr'>num</span> <span class='ocrx_word' id='word_1_12' title='bbox 1414 455 1765 511; x_wconf 88' lang='lat' dir='ltr'>manifestum</span> <span class='ocrx_word' id='word_1_13' title='bbox 1814 463 1895 511; x_wconf 89' lang='lat' dir='ltr'>est</span> <span class='ocrx_word' id='word_1_14' title='bbox 1921 454 1979 510; x_wconf 91' lang='lat' dir='ltr'>in</span> <span class='ocrx_word' id='word_1_15' title='bbox 2007 454 2104 510; x_wconf 93' lang='lat' dir='ltr'>di—</span> <span class='ocrx_word' id='word_1_16' title='bbox 2133 457 2181 514; x_wconf 87' lang='lat' dir='ltr'><strong>A</strong></span> <span class='ocrx_word' id='word_1_17' title='bbox 2211 453 2354 522; x_wconf 88' lang='lat' dir='ltr'>Quid</span> <span class='ocrx_word' id='word_1_18' title='bbox 2383 469 2510 523; x_wconf 89' lang='lat' dir='ltr'>ergo</span> <span class='ocrx_word' id='word_1_19' title='bbox 2541 450 2760 517; x_wconf 90' lang='lat' dir='ltr'>clarius,</span> <span class='ocrx_word' id='word_1_20' title='bbox 2801 446 2936 520; x_wconf 92' lang='lat' dir='ltr'>quid</span> <span class='ocrx_word' id='word_1_21' title='bbox 2969 444 3225 502; x_wconf 91' lang='lat' dir='ltr'>lucidius</span> <span class='ocrx_word' id='word_1_22' title='bbox 3253 444 3322 500; x_wconf 90' lang='lat' dir='ltr'>ad</span> <span class='ocrx_word' id='word_1_23' title='bbox 3350 442 3811 500; x_wconf 85' lang='lat' dir='ltr'>manifestandam</span> 
     </span>
    </p>
   </div>
   <div class='ocr_carea' id='block_1_5' title="bbox 516 543 2112 622">
    <p class='ocr_par' dir='ltr' id='par_1_5' title="bbox 516 543 2112 622">
     <span class='ocr_line' id='line_1_5' title="bbox 516 543 2112 622; baseline -0.005 -16"><span class='ocrx_word' id='word_1_24' title='bbox 516 551 630 622; x_wconf 93' lang='lat' dir='ltr'>gito</span> <span class='ocrx_word' id='word_1_25' title='bbox 675 548 774 605; x_wconf 91' lang='lat' dir='ltr'>Dei</span> <span class='ocrx_word' id='word_1_26' title='bbox 823 563 937 603; x_wconf 91' lang='lat' dir='ltr'>esse</span> <span class='ocrx_word' id='word_1_27' title='bbox 983 544 1270 617; x_wconf 88' lang='lat' dir='ltr'>perfectas,</span> <span class='ocrx_word' id='word_1_28' title='bbox 1319 543 1585 615; x_wconf 79' lang='lat' dir='ltr'>probante</span> <span class='ocrx_word' id='word_1_29' title='bbox 1616 544 1875 611; x_wconf 92' lang='lat' dir='ltr'>Domino,</span> <span class='ocrx_word' id='word_1_30' title='bbox 1923 545 2016 616; x_wconf 90' lang='lat' dir='ltr'>qui</span> <span class='ocrx_word' id='word_1_31' title='bbox 2057 559 2112 598; x_wconf 91' lang='lat' dir='ltr'>se</span> 
     </span>
    </p>
   </div>
   <div class='ocr_carea' id='block_1_6' title="bbox 516 632 2113 709">
    <p class='ocr_par' dir='ltr' id='par_1_6' title="bbox 516 632 2113 709">
     <span class='ocr_line' id='line_1_6' title="bbox 516 632 2113 709; baseline -0.004 -14"><span class='ocrx_word' id='word_1_32' title='bbox 516 640 573 695; x_wconf 91' lang='lat' dir='ltr'>in</span> <span class='ocrx_word' id='word_1_33' title='bbox 603 637 778 709; x_wconf 84' lang='lat' dir='ltr'>digito</span> <span class='ocrx_word' id='word_1_34' title='bbox 806 635 926 701; x_wconf 88' lang='lat' dir='ltr'>Dei,</span> <span class='ocrx_word' id='word_1_35' title='bbox 962 633 1017 690; x_wconf 89' lang='lat' dir='ltr'>id</span> <span class='ocrx_word' id='word_1_36' title='bbox 1064 643 1165 702; x_wconf 86' lang='lat' dir='ltr'>est,</span> <span class='ocrx_word' id='word_1_37' title='bbox 1202 634 1260 689; x_wconf 92' lang='lat' dir='ltr'>in</span> <span class='ocrx_word' id='word_1_38' title='bbox 1303 634 1514 705; x_wconf 75' lang='lat' dir='ltr'>Spiritu</span> <span class='ocrx_word' id='word_1_39' title='bbox 1552 641 1740 688; x_wconf 86' lang='lat' dir='ltr'>sancto</span> <span class='ocrx_word' id='word_1_40' title='bbox 1771 632 1967 704; x_wconf 86' lang='lat' dir='ltr'>ejicere</span> <span class='ocrx_word' id='word_1_41' title='bbox 2008 633 2113 689; x_wconf 73' lang='lat' dir='ltr'>dae-</span> 
     </span>
    </p>
   </div>
   <div class='ocr_carea' id='block_1_7' title="bbox 515 723 2114 797">
    <p class='ocr_par' dir='ltr' id='par_1_7' title="bbox 515 723 2114 797">
     <span class='ocr_line' id='line_1_7' title="bbox 515 723 2114 797; baseline -0.003 -14"><span class='ocrx_word' id='word_1_42' title='bbox 515 727 703 783; x_wconf 89' lang='lat' dir='ltr'>monia</span> <span class='ocrx_word' id='word_1_43' title='bbox 746 724 1070 797; x_wconf 88' lang='lat' dir='ltr'>proﬁtetur;</span> <span class='ocrx_word' id='word_1_44' title='bbox 1123 723 1251 796; x_wconf 86' lang='lat' dir='ltr'>quia</span> <span class='ocrx_word' id='word_1_45' title='bbox 1302 723 1446 778; x_wconf 91' lang='lat' dir='ltr'>idem</span> <span class='ocrx_word' id='word_1_46' title='bbox 1495 723 1610 794; x_wconf 91' lang='lat' dir='ltr'>ipse</span> <span class='ocrx_word' id='word_1_47' title='bbox 1656 723 1711 776; x_wconf 93' lang='lat' dir='ltr'>in</span> <span class='ocrx_word' id='word_1_48' title='bbox 1758 724 2019 794; x_wconf 67' lang='lat' dir='ltr'>Egypto,</span> <span class='ocrx_word' id='word_1_49' title='bbox 2059 730 2114 778; x_wconf 93' lang='lat' dir='ltr'>et</span> 
     </span>
    </p>
   </div>
   <div class='ocr_carea' id='block_1_8' title="bbox 515 812 2110 886">
    <p class='ocr_par' dir='ltr' id='par_1_8' title="bbox 515 812 2110 886">
     <span class='ocr_line' id='line_1_8' title="bbox 515 812 2110 886; baseline -0.003 -16"><span class='ocrx_word' id='word_1_50' title='bbox 515 814 754 886; x_wconf 86' lang='lat' dir='ltr'>Spiritus</span> <span class='ocrx_word' id='word_1_51' title='bbox 808 820 1029 869; x_wconf 89' lang='lat' dir='ltr'>sanctus</span> <span class='ocrx_word' id='word_1_52' title='bbox 1085 812 1274 868; x_wconf 89' lang='lat' dir='ltr'>eadem</span> <span class='ocrx_word' id='word_1_53' title='bbox 1338 812 1747 868; x_wconf 87' lang='lat' dir='ltr'>consummavit</span> <span class='ocrx_word' id='word_1_54' title='bbox 1811 821 1865 866; x_wconf 92' lang='lat' dir='ltr'>et</span> <span class='ocrx_word' id='word_1_55' title='bbox 1931 812 2110 882; x_wconf 86' lang='lat' dir='ltr'>gessit.</span> 
     </span>
    </p>
   </div>
   <div class='ocr_carea' id='block_1_9' title="bbox 515 901 2106 974">
    <p class='ocr_par' dir='ltr' id='par_1_9' title="bbox 515 901 2106 974">
     <span class='ocr_line' id='line_1_9' title="bbox 515 901 2106 974; baseline 0.001 -16"><span class='ocrx_word' id='word_1_56' title='bbox 515 903 673 970; x_wconf 89' lang='lat' dir='ltr'>Quod</span> <span class='ocrx_word' id='word_1_57' title='bbox 720 902 942 974; x_wconf 88' lang='lat' dir='ltr'>quidem</span> <span class='ocrx_word' id='word_1_58' title='bbox 987 901 1237 956; x_wconf 84' lang='lat' dir='ltr'>sensibus</span> <span class='ocrx_word' id='word_1_59' title='bbox 1285 902 1487 956; x_wconf 87' lang='lat' dir='ltr'>nostris</span> <span class='ocrx_word' id='word_1_60' title='bbox 1529 902 1791 956; x_wconf 90' lang='lat' dir='ltr'>intimans</span> <span class='ocrx_word' id='word_1_61' title='bbox 1821 902 2106 959; x_wconf 64' lang='lat' dir='ltr'>Dominus,</span> 
     </span>
    </p>
   </div>
   <div class='ocr_carea' id='block_1_10' title="bbox 517 989 2115 1064">
    <p class='ocr_par' dir='ltr' id='par_1_10' title="bbox 517 989 2115 1064">
     <span class='ocr_line' id='line_1_10' title="bbox 517 989 2115 1064; baseline -0.002 -16"><span class='ocrx_word' id='word_1_62' title='bbox 517 993 574 1048; x_wconf 90' lang='lat' dir='ltr'>in</span> <span class='ocrx_word' id='word_1_63' title='bbox 595 992 769 1064; x_wconf 86' lang='lat' dir='ltr'>digito</span> <span class='ocrx_word' id='word_1_64' title='bbox 796 992 895 1047; x_wconf 89' lang='lat' dir='ltr'>Dei</span> <span class='ocrx_word' id='word_1_65' title='bbox 915 1007 970 1046; x_wconf 89' lang='lat' dir='ltr'>se</span> <span class='ocrx_word' id='word_1_66' title='bbox 993 990 1281 1062; x_wconf 91' lang='lat' dir='ltr'>proﬁtetur</span> <span class='ocrx_word' id='word_1_67' title='bbox 1302 993 1576 1062; x_wconf 87' lang='lat' dir='ltr'>expellere</span> <span class='ocrx_word' id='word_1_68' title='bbox 1598 991 1887 1057; x_wconf 61' lang='lat' dir='ltr'>daamonia,</span> <span class='ocrx_word' id='word_1_69' title='bbox 1914 989 2115 1045; x_wconf 82' lang='lat' dir='ltr'>docens</span> 
     </span>
    </p>
   </div>
   <div class='ocr_carea' id='block_1_11' title="bbox 516 1079 2112 1152">
    <p class='ocr_par' dir='ltr' id='par_1_11' title="bbox 516 1079 2112 1152">
     <span class='ocr_line' id='line_1_11' title="bbox 516 1079 2112 1152; baseline -0.004 -14"><span class='ocrx_word' id='word_1_70' title='bbox 516 1081 726 1138; x_wconf 85' lang='lat' dir='ltr'>scilicet</span> <span class='ocrx_word' id='word_1_71' title='bbox 760 1095 924 1151; x_wconf 84' lang='lat' dir='ltr'>opera</span> <span class='ocrx_word' id='word_1_72' title='bbox 957 1096 1053 1134; x_wconf 90' lang='lat' dir='ltr'>sua</span> <span class='ocrx_word' id='word_1_73' title='bbox 1107 1096 1269 1152; x_wconf 84' lang='lat' dir='ltr'>opera</span> <span class='ocrx_word' id='word_1_74' title='bbox 1311 1095 1425 1135; x_wconf 91' lang='lat' dir='ltr'>esse</span> <span class='ocrx_word' id='word_1_75' title='bbox 1464 1079 1638 1134; x_wconf 89' lang='lat' dir='ltr'>sancti</span> <span class='ocrx_word' id='word_1_76' title='bbox 1679 1079 1953 1150; x_wconf 90' lang='lat' dir='ltr'>Spiritus;</span> <span class='ocrx_word' id='word_1_77' title='bbox 1987 1095 2112 1133; x_wconf 92' lang='lat' dir='ltr'>cum</span> 
     </span>
    </p>
   </div>
   <div class='ocr_carea' id='block_1_12' title="bbox 518 1169 2114 1244">
    <p class='ocr_par' dir='ltr' id='par_1_12' title="bbox 518 1169 2114 1244">
     <span class='ocr_line' id='line_1_12' title="bbox 518 1169 2114 1244; baseline -0.004 -17"><span class='ocrx_word' id='word_1_78' title='bbox 518 1188 681 1244; x_wconf 85' lang='lat' dir='ltr'>opera</span> <span class='ocrx_word' id='word_1_79' title='bbox 727 1171 899 1226; x_wconf 84' lang='lat' dir='ltr'>sancti</span> <span class='ocrx_word' id='word_1_80' title='bbox 943 1169 1180 1241; x_wconf 84' lang='lat' dir='ltr'>Spiritus</span> <span class='ocrx_word' id='word_1_81' title='bbox 1219 1186 1383 1240; x_wconf 87' lang='lat' dir='ltr'>opera</span> <span class='ocrx_word' id='word_1_82' title='bbox 1409 1169 1615 1225; x_wconf 86' lang='lat' dir='ltr'>Christi</span> <span class='ocrx_word' id='word_1_83' title='bbox 1636 1169 1748 1222; x_wconf 89' lang='lat' dir='ltr'>sint</span> <span class='ocrx_word' id='word_1_84' title='bbox 1780 1186 1792 1234; x_wconf 92' lang='lat'>;</span> <span class='ocrx_word' id='word_1_85' title='bbox 1832 1184 1996 1238; x_wconf 81' lang='lat' dir='ltr'>opera</span> <span class='ocrx_word' id='word_1_86' title='bbox 2023 1183 2114 1222; x_wconf 88' lang='lat' dir='ltr'>au-</span> 
     </span>
    </p>
   </div>
   <div class='ocr_carea' id='block_1_13' title="bbox 517 1255 2114 1330">
    <p class='ocr_par' dir='ltr' id='par_1_13' title="bbox 517 1255 2114 1330">
     <span class='ocr_line' id='line_1_13' title="bbox 517 1255 2114 1330; baseline -0.003 -16"><span class='ocrx_word' id='word_1_87' title='bbox 517 1268 626 1316; x_wconf 88' lang='lat' dir='ltr'>tem</span> <span class='ocrx_word' id='word_1_88' title='bbox 675 1259 880 1317; x_wconf 86' lang='lat' dir='ltr'>Christi</span> <span class='ocrx_word' id='word_1_89' title='bbox 925 1275 1090 1330; x_wconf 89' lang='lat' dir='ltr'>opera</span> <span class='ocrx_word' id='word_1_90' title='bbox 1138 1258 1312 1313; x_wconf 87' lang='lat' dir='ltr'>Patris</span> <span class='ocrx_word' id='word_1_91' title='bbox 1351 1264 1498 1325; x_wconf 90' lang='lat' dir='ltr'>sunt,</span> <span class='ocrx_word' id='word_1_92' title='bbox 1531 1257 1675 1312; x_wconf 90' lang='lat' dir='ltr'>sicut</span> <span class='ocrx_word' id='word_1_93' title='bbox 1723 1256 1780 1311; x_wconf 92' lang='lat' dir='ltr'>in</span> <span class='ocrx_word' id='word_1_94' title='bbox 1812 1255 2114 1326; x_wconf 78' lang='lat' dir='ltr'>Evangelio</span> 
     </span>
    </p>
   </div>
   <div class='ocr_carea' id='block_1_14' title="bbox 517 1345 2109 1418">
    <p class='ocr_par' dir='ltr' id='par_1_14' title="bbox 517 1345 2109 1418">
     <span class='ocr_line' id='line_1_14' title="bbox 517 1345 2109 1418; baseline -0.003 -13"><span class='ocrx_word' id='word_1_95' title='bbox 517 1349 821 1406; x_wconf 92' lang='lat' dir='ltr'>secundum</span> <span class='ocrx_word' id='word_1_96' title='bbox 852 1349 1117 1404; x_wconf 85' lang='lat' dir='ltr'>Joannem</span> <span class='ocrx_word' id='word_1_97' title='bbox 1145 1347 1398 1418; x_wconf 82' lang='lat' dir='ltr'>legimus,</span> <span class='ocrx_word' id='word_1_98' title='bbox 1433 1347 1550 1417; x_wconf 89' lang='lat' dir='ltr'>ipso</span> <span class='ocrx_word' id='word_1_99' title='bbox 1579 1345 1818 1400; x_wconf 92' lang='lat' dir='ltr'>Domino</span> <span class='ocrx_word' id='word_1_100' title='bbox 1849 1345 2064 1401; x_wconf 89' lang='lat' dir='ltr'>dicente</span> <span class='ocrx_word' id='word_1_101' title='bbox 2099 1363 2109 1400; x_wconf 93' lang='lat'>:</span> 
     </span>
    </p>
   </div>
   <div class='ocr_carea' id='block_1_15' title="bbox 531 1435 2115 1507">
    <p class='ocr_par' dir='ltr' id='par_1_15' title="bbox 531 1435 2115 1507">
     <span class='ocr_line' id='line_1_15' title="bbox 531 1435 2115 1507; baseline -0.003 -12"><span class='ocrx_word' id='word_1_102' title='bbox 531 1463 549 1487; x_wconf 87' lang='grc'><strong>‹</strong></span> <span class='ocrx_word' id='word_1_103' title='bbox 577 1440 777 1506; x_wconf 90' lang='lat' dir='ltr'>Amen,</span> <span class='ocrx_word' id='word_1_104' title='bbox 811 1453 969 1492; x_wconf 89' lang='lat' dir='ltr'>amen</span> <span class='ocrx_word' id='word_1_105' title='bbox 997 1437 1123 1492; x_wconf 91' lang='lat' dir='ltr'>dico</span> <span class='ocrx_word' id='word_1_106' title='bbox 1159 1437 1335 1504; x_wconf 90' lang='lat' dir='ltr'>vobis,</span> <span class='ocrx_word' id='word_1_107' title='bbox 1370 1453 1481 1490; x_wconf 92' lang='lat' dir='ltr'>non</span> <span class='ocrx_word' id='word_1_108' title='bbox 1516 1444 1689 1507; x_wconf 86' lang='lat' dir='ltr'>potest</span> <span class='ocrx_word' id='word_1_109' title='bbox 1727 1435 1902 1491; x_wconf 90' lang='lat' dir='ltr'>Filius</span> <span class='ocrx_word' id='word_1_110' title='bbox 1940 1435 2115 1490; x_wconf 88' lang='lat' dir='ltr'>facere</span> 
     </span>
    </p>
   </div>
   <div class='ocr_carea' id='block_1_16' title="bbox 518 1524 2107 1600">
    <p class='ocr_par' dir='ltr' id='par_1_16' title="bbox 518 1524 2107 1600">
     <span class='ocr_line' id='line_1_16' title="bbox 518 1524 2107 1600; baseline -0.005 -16"><span class='ocrx_word' id='word_1_111' title='bbox 518 1546 550 1584; x_wconf 89' lang='lat' dir='ltr'>a</span> <span class='ocrx_word' id='word_1_112' title='bbox 577 1545 633 1584; x_wconf 92' lang='lat' dir='ltr'>se</span> <span class='ocrx_word' id='word_1_113' title='bbox 653 1527 975 1600; x_wconf 88' lang='lat' dir='ltr'>quidquam,</span> <span class='ocrx_word' id='word_1_114' title='bbox 1007 1525 1114 1580; x_wconf 87' lang='lat' dir='ltr'>nisi</span> <span class='ocrx_word' id='word_1_115' title='bbox 1146 1525 1291 1597; x_wconf 92' lang='lat' dir='ltr'>quod</span> <span class='ocrx_word' id='word_1_116' title='bbox 1316 1524 1521 1579; x_wconf 92' lang='lat' dir='ltr'>viderit</span> <span class='ocrx_word' id='word_1_117' title='bbox 1542 1525 1753 1578; x_wconf 88' lang='lat' dir='ltr'>Patrem</span> <span class='ocrx_word' id='word_1_118' title='bbox 1781 1524 2107 1588; x_wconf 88' lang='lat' dir='ltr'>facientem;</span> 
     </span>
    </p>
   </div>
   <div class='ocr_carea' id='block_1_17' title="bbox 518 1610 2117 1692">
    <p class='ocr_par' dir='ltr' id='par_1_17' title="bbox 518 1610 2117 1692">
     <span class='ocr_line' id='line_1_17' title="bbox 518 1610 2117 1692; baseline -0.006 -17"><span class='ocrx_word' id='word_1_119' title='bbox 518 1632 858 1692; x_wconf 58' lang='lat' dir='ltr'>quaecunque</span> <span class='ocrx_word' id='word_1_120' title='bbox 904 1622 1086 1670; x_wconf 90' lang='lat' dir='ltr'>autem</span> <span class='ocrx_word' id='word_1_121' title='bbox 1135 1613 1230 1669; x_wconf 91' lang='lat' dir='ltr'>ille</span> <span class='ocrx_word' id='word_1_122' title='bbox 1277 1613 1430 1679; x_wconf 90' lang='lat' dir='ltr'>facit,</span> <span class='ocrx_word' id='word_1_123' title='bbox 1463 1611 1652 1666; x_wconf 89' lang='lat' dir='ltr'>eadem</span> <span class='ocrx_word' id='word_1_124' title='bbox 1684 1618 1738 1665; x_wconf 92' lang='lat' dir='ltr'>et</span> <span class='ocrx_word' id='word_1_125' title='bbox 1767 1610 1942 1665; x_wconf 90' lang='lat' dir='ltr'>Filius</span> <span class='ocrx_word' id='word_1_126' title='bbox 1986 1611 2117 1666; x_wconf 87' lang='lat' dir='ltr'>facit</span> 
     </span>
    </p>
   </div>
   <div class='ocr_carea' id='block_1_18' title="bbox 518 1699 2115 1775">
    <p class='ocr_par' dir='ltr' id='par_1_18' title="bbox 518 1699 2115 1775">
     <span class='ocr_line' id='line_1_18' title="bbox 518 1699 2115 1775; baseline -0.005 -13"><span class='ocrx_word' id='word_1_127' title='bbox 518 1706 775 1762; x_wconf 88' lang='lat' dir='ltr'>similiter</span> <span class='ocrx_word' id='word_1_128' title='bbox 823 1705 1004 1775; x_wconf 81' lang='lat' dir='ltr'>(Joan.</span> <span class='ocrx_word' id='word_1_129' title='bbox 1052 1719 1108 1770; x_wconf 88' lang='lat' dir='ltr'>v,</span> <span class='ocrx_word' id='word_1_130' title='bbox 1161 1703 1290 1773; x_wconf 82' lang='lat' dir='ltr'>I9);</span> <span class='ocrx_word' id='word_1_131' title='bbox 1327 1726 1345 1747; x_wconf 64' lang='grc' dir='ltr'><strong>ν</strong></span> <span class='ocrx_word' id='word_1_132' title='bbox 1388 1707 1442 1754; x_wconf 87' lang='lat' dir='ltr'>et</span> <span class='ocrx_word' id='word_1_133' title='bbox 1475 1718 1486 1755; x_wconf 89' lang='lat'>:</span> <span class='ocrx_word' id='word_1_134' title='bbox 1536 1724 1552 1745; x_wconf 74' lang='grc' dir='ltr'>ι</span> <span class='ocrx_word' id='word_1_135' title='bbox 1589 1699 1742 1754; x_wconf 88' lang='lat' dir='ltr'>Sicut</span> <span class='ocrx_word' id='word_1_136' title='bbox 1771 1700 1929 1753; x_wconf 91' lang='lat' dir='ltr'>Pater</span> <span class='ocrx_word' id='word_1_137' title='bbox 1958 1717 2115 1754; x_wconf 90' lang='lat' dir='ltr'>mor-</span> 
     </span>
    </p>
   </div>
   <div class='ocr_carea' id='block_1_19' title="bbox 2220 536 3816 610">
    <p class='ocr_par' dir='ltr' id='par_1_19' title="bbox 2220 536 3816 610">
     <span class='ocr_line' id='line_1_19' title="bbox 2220 536 3816 610; baseline -0.005 -9"><span class='ocrx_word' id='word_1_138' title='bbox 2220 545 2568 601; x_wconf 89' lang='lat' dir='ltr'>divinitatem</span> <span class='ocrx_word' id='word_1_139' title='bbox 2633 550 2686 598; x_wconf 91' lang='lat' dir='ltr'>et</span> <span class='ocrx_word' id='word_1_140' title='bbox 2742 539 3126 597; x_wconf 88' lang='lat' dir='ltr'>auctoritatem</span> <span class='ocrx_word' id='word_1_141' title='bbox 3185 537 3422 610; x_wconf 87' lang='lat' dir='ltr'>Spiritus</span> <span class='ocrx_word' id='word_1_142' title='bbox 3477 538 3655 594; x_wconf 87' lang='lat' dir='ltr'>sancti</span> <span class='ocrx_word' id='word_1_143' title='bbox 3707 536 3816 593; x_wconf 89' lang='lat' dir='ltr'>dici</span> 
     </span>
    </p>
   </div>
   <div class='ocr_carea' id='block_1_20' title="bbox 2221 629 3818 706">
    <p class='ocr_par' dir='ltr' id='par_1_20' title="bbox 2221 629 3818 706">
     <span class='ocr_line' id='line_1_20' title="bbox 2221 629 3818 706; baseline -0.004 -15"><span class='ocrx_word' id='word_1_144' title='bbox 2221 643 2398 706; x_wconf 90' lang='lat' dir='ltr'>potest</span> <span class='ocrx_word' id='word_1_145' title='bbox 2441 654 2451 690; x_wconf 93' lang='lat'>:</span> <span class='ocrx_word' id='word_1_146' title='bbox 2497 658 2515 681; x_wconf 74' lang='grc' dir='ltr'>ι</span> <span class='ocrx_word' id='word_1_147' title='bbox 2543 635 2826 705; x_wconf 87' lang='lat' dir='ltr'>Segregate</span> <span class='ocrx_word' id='word_1_148' title='bbox 2861 630 3000 686; x_wconf 91' lang='lat' dir='ltr'>mihi</span> <span class='ocrx_word' id='word_1_149' title='bbox 3026 630 3054 686; x_wconf 79' lang='lat'><strong><em>?</em></strong></span> <span class='ocrx_word' id='word_1_150' title='bbox 3087 654 3105 678; x_wconf 76' lang='grc' dir='ltr'><strong>ι</strong></span> <span class='ocrx_word' id='word_1_151' title='bbox 3149 630 3270 686; x_wconf 83' lang='lat' dir='ltr'>Non</span> <span class='ocrx_word' id='word_1_152' title='bbox 3300 629 3448 685; x_wconf 89' lang='lat' dir='ltr'>enim</span> <span class='ocrx_word' id='word_1_153' title='bbox 3487 629 3635 685; x_wconf 86' lang='lat' dir='ltr'>dixit</span> <span class='ocrx_word' id='word_1_154' title='bbox 3668 648 3681 684; x_wconf 89' lang='lat'>:</span> <span class='ocrx_word' id='word_1_155' title='bbox 3727 629 3818 685; x_wconf 87' lang='lat' dir='ltr'>Se-</span> 
     </span>
    </p>
   </div>
   <div class='ocr_carea' id='block_1_21' title="bbox 2223 718 3822 796">
    <p class='ocr_par' dir='ltr' id='par_1_21' title="bbox 2223 718 3822 796">
     <span class='ocr_line' id='line_1_21' title="bbox 2223 718 3822 796; baseline -0.003 -17"><span class='ocrx_word' id='word_1_156' title='bbox 2223 731 2436 796; x_wconf 86' lang='lat' dir='ltr'>gregate</span> <span class='ocrx_word' id='word_1_157' title='bbox 2465 725 2596 791; x_wconf 93' lang='lat' dir='ltr'>Deo,</span> <span class='ocrx_word' id='word_1_158' title='bbox 2643 721 2736 777; x_wconf 90' lang='lat' dir='ltr'>sed</span> <span class='ocrx_word' id='word_1_159' title='bbox 2773 721 2941 787; x_wconf 89' lang='lat' dir='ltr'>mihi;</span> <span class='ocrx_word' id='word_1_160' title='bbox 2996 735 3170 793; x_wconf 90' lang='lat' dir='ltr'>neque</span> <span class='ocrx_word' id='word_1_161' title='bbox 3222 720 3280 773; x_wconf 93' lang='lat' dir='ltr'>in</span> <span class='ocrx_word' id='word_1_162' title='bbox 3329 735 3488 791; x_wconf 86' lang='lat' dir='ltr'>Opus,</span> <span class='ocrx_word' id='word_1_163' title='bbox 3542 718 3614 774; x_wconf 89' lang='lat' dir='ltr'>ad</span> <span class='ocrx_word' id='word_1_164' title='bbox 3670 719 3822 791; x_wconf 90' lang='lat' dir='ltr'>quod</span> 
     </span>
    </p>
   </div>
   <div class='ocr_carea' id='block_1_22' title="bbox 2222 808 3821 882">
    <p class='ocr_par' dir='ltr' id='par_1_22' title="bbox 2222 808 3821 882">
     <span class='ocr_line' id='line_1_22' title="bbox 2222 808 3821 882; baseline 0 -16"><span class='ocrx_word' id='word_1_165' title='bbox 2222 811 2542 868; x_wconf 79' lang='lat' dir='ltr'>vocavimus</span> <span class='ocrx_word' id='word_1_166' title='bbox 2581 828 2692 878; x_wconf 91' lang='lat' dir='ltr'>eos,</span> <span class='ocrx_word' id='word_1_167' title='bbox 2744 810 2834 864; x_wconf 88' lang='lat' dir='ltr'>sed</span> <span class='ocrx_word' id='word_1_168' title='bbox 2881 810 2938 864; x_wconf 88' lang='lat' dir='ltr'>in</span> <span class='ocrx_word' id='word_1_169' title='bbox 2987 825 3125 880; x_wconf 88' lang='lat' dir='ltr'>opus</span> <span class='ocrx_word' id='word_1_170' title='bbox 3151 808 3218 864; x_wconf 93' lang='lat' dir='ltr'>ad</span> <span class='ocrx_word' id='word_1_171' title='bbox 3249 809 3392 882; x_wconf 88' lang='lat' dir='ltr'>quod</span> <span class='ocrx_word' id='word_1_172' title='bbox 3429 810 3645 864; x_wconf 74' lang='lat' dir='ltr'>vocavi.</span> <span class='ocrx_word' id='word_1_173' title='bbox 3678 811 3821 866; x_wconf 84' lang='lat' dir='ltr'>Satis</span> 
     </span>
    </p>
   </div>
   <div class='ocr_carea' id='block_1_23' title="bbox 2223 898 3821 972">
    <p class='ocr_par' dir='ltr' id='par_1_23' title="bbox 2223 898 3821 972">
     <span class='ocr_line' id='line_1_23' title="bbox 2223 898 3821 972; baseline -0.001 -16"><span class='ocrx_word' id='word_1_174' title='bbox 2223 902 2412 972; x_wconf 89' lang='lat' dir='ltr'>utique</span> <span class='ocrx_word' id='word_1_175' title='bbox 2443 901 2694 972; x_wconf 83' lang='lat' dir='ltr'>probavit</span> <span class='ocrx_word' id='word_1_176' title='bbox 2730 899 2888 954; x_wconf 91' lang='lat' dir='ltr'>nobis</span> <span class='ocrx_word' id='word_1_177' title='bbox 2933 898 3318 954; x_wconf 89' lang='lat' dir='ltr'>auctoritatem</span> <span class='ocrx_word' id='word_1_178' title='bbox 3370 907 3423 953; x_wconf 90' lang='lat' dir='ltr'>et</span> <span class='ocrx_word' id='word_1_179' title='bbox 3460 899 3821 955; x_wconf 78' lang='lat' dir='ltr'>divinitatem</span> 
     </span>
    </p>
   </div>
   <div class='ocr_carea' id='block_1_24' title="bbox 2221 988 3822 1061">
    <p class='ocr_par' dir='ltr' id='par_1_24' title="bbox 2221 988 3822 1061">
     <span class='ocr_line' id='line_1_24' title="bbox 2221 988 3822 1061; baseline -0.001 -17"><span class='ocrx_word' id='word_1_180' title='bbox 2221 1006 2394 1056; x_wconf 91' lang='lat' dir='ltr'>suam,</span> <span class='ocrx_word' id='word_1_181' title='bbox 2420 991 2513 1061; x_wconf 93' lang='lat' dir='ltr'>qui</span> <span class='ocrx_word' id='word_1_182' title='bbox 2544 989 2971 1061; x_wconf 87' lang='lat' dir='ltr'>segregationem</span> <span class='ocrx_word' id='word_1_183' title='bbox 3001 988 3374 1059; x_wconf 87' lang='lat' dir='ltr'>apostolorum</span> <span class='ocrx_word' id='word_1_184' title='bbox 3404 1005 3518 1042; x_wconf 92' lang='lat' dir='ltr'>non</span> <span class='ocrx_word' id='word_1_185' title='bbox 3538 988 3638 1043; x_wconf 87' lang='lat' dir='ltr'>alii</span> <span class='ocrx_word' id='word_1_186' title='bbox 3659 1006 3822 1061; x_wconf 85' lang='lat' dir='ltr'>quam</span> 
     </span>
    </p>
   </div>
   <div class='ocr_carea' id='block_1_25' title="bbox 2222 1077 3828 1151">
    <p class='ocr_par' dir='ltr' id='par_1_25' title="bbox 2222 1077 3828 1151">
     <span class='ocr_line' id='line_1_25' title="bbox 2222 1077 3828 1151; baseline -0.001 -16"><span class='ocrx_word' id='word_1_187' title='bbox 2222 1081 2327 1135; x_wconf 88' lang='lat' dir='ltr'>sibi</span> <span class='ocrx_word' id='word_1_188' title='bbox 2358 1081 2610 1150; x_wconf 89' lang='lat' dir='ltr'>ascripsit</span> <span class='ocrx_word' id='word_1_189' title='bbox 2644 1095 2654 1132; x_wconf 92' lang='lat'>:</span> <span class='ocrx_word' id='word_1_190' title='bbox 2705 1095 2842 1151; x_wconf 88' lang='lat' dir='ltr'>quos</span> <span class='ocrx_word' id='word_1_191' title='bbox 2891 1086 2945 1132; x_wconf 90' lang='lat' dir='ltr'>et</span> <span class='ocrx_word' id='word_1_192' title='bbox 2995 1077 3053 1132; x_wconf 91' lang='lat' dir='ltr'>in</span> <span class='ocrx_word' id='word_1_193' title='bbox 3099 1094 3235 1149; x_wconf 91' lang='lat' dir='ltr'>opus</span> <span class='ocrx_word' id='word_1_194' title='bbox 3275 1094 3384 1133; x_wconf 92' lang='lat' dir='ltr'>non</span> <span class='ocrx_word' id='word_1_195' title='bbox 3425 1077 3699 1145; x_wconf 90' lang='lat' dir='ltr'>alienum,</span> <span class='ocrx_word' id='word_1_196' title='bbox 3735 1078 3828 1133; x_wconf 88' lang='lat' dir='ltr'>sed</span> 
     </span>
    </p>
   </div>
   <div class='ocr_carea' id='block_1_26' title="bbox 2222 1166 3826 1239">
    <p class='ocr_par' dir='ltr' id='par_1_26' title="bbox 2222 1166 3826 1239">
     <span class='ocr_line' id='line_1_26' title="bbox 2222 1166 3826 1239; baseline -0.002 -14"><span class='ocrx_word' id='word_1_197' title='bbox 2222 1187 2381 1225; x_wconf 90' lang='lat' dir='ltr'>suum</span> <span class='ocrx_word' id='word_1_198' title='bbox 2403 1169 2697 1224; x_wconf 82' lang='lat' dir='ltr'>advocasse</span> <span class='ocrx_word' id='word_1_199' title='bbox 2727 1185 2782 1222; x_wconf 91' lang='lat' dir='ltr'>se</span> <span class='ocrx_word' id='word_1_200' title='bbox 2811 1166 2957 1222; x_wconf 84' lang='lat' dir='ltr'>dixit</span> <span class='ocrx_word' id='word_1_201' title='bbox 2983 1186 2995 1233; x_wconf 89' lang='lat'>;</span> <span class='ocrx_word' id='word_1_202' title='bbox 3031 1166 3179 1239; x_wconf 91' lang='lat' dir='ltr'>quod</span> <span class='ocrx_word' id='word_1_203' title='bbox 3211 1167 3398 1239; x_wconf 89' lang='lat' dir='ltr'>utique</span> <span class='ocrx_word' id='word_1_204' title='bbox 3424 1167 3646 1222; x_wconf 89' lang='lat' dir='ltr'>alienus</span> <span class='ocrx_word' id='word_1_205' title='bbox 3668 1169 3826 1222; x_wconf 85' lang='lat' dir='ltr'>aDeo</span> 
     </span>
    </p>
   </div>
   <div class='ocr_carea' id='block_1_27' title="bbox 2221 1255 3827 1329">
    <p class='ocr_par' dir='ltr' id='par_1_27' title="bbox 2221 1255 3827 1329">
     <span class='ocr_line' id='line_1_27' title="bbox 2221 1255 3827 1329; baseline -0.002 -14"><span class='ocrx_word' id='word_1_206' title='bbox 2221 1267 2275 1315; x_wconf 88' lang='lat' dir='ltr'>et</span> <span class='ocrx_word' id='word_1_207' title='bbox 2302 1260 2538 1314; x_wconf 91' lang='lat' dir='ltr'>Domino</span> <span class='ocrx_word' id='word_1_208' title='bbox 2559 1265 2613 1315; x_wconf 91' lang='lat' dir='ltr'>et</span> <span class='ocrx_word' id='word_1_209' title='bbox 2638 1260 2705 1314; x_wconf 88' lang='lat' dir='ltr'>ab</span> <span class='ocrx_word' id='word_1_210' title='bbox 2737 1257 3070 1314; x_wconf 85' lang='lat' dir='ltr'>auctoritate</span> <span class='ocrx_word' id='word_1_211' title='bbox 3101 1255 3294 1312; x_wconf 89' lang='lat' dir='ltr'>divina</span> <span class='ocrx_word' id='word_1_212' title='bbox 3321 1256 3499 1312; x_wconf 86' lang='lat' dir='ltr'>facere</span> <span class='ocrx_word' id='word_1_213' title='bbox 3537 1274 3827 1329; x_wconf 81' lang='lat' dir='ltr'>nunquam</span> 
     </span>
    </p>
   </div>
   <div class='ocr_carea' id='block_1_28' title="bbox 2223 1349 2511 1420">
    <p class='ocr_par' dir='ltr' id='par_1_28' title="bbox 2223 1349 2511 1420">
     <span class='ocr_line' id='line_1_28' title="bbox 2223 1349 2511 1420; baseline -0.003 -15"><span class='ocrx_word' id='word_1_214' title='bbox 2223 1349 2511 1420; x_wconf 86' lang='lat' dir='ltr'>potuisset.</span> 
     </span>
    </p>
   </div>
   <div class='ocr_carea' id='block_1_29' title="bbox 2293 1435 3828 1511">
    <p class='ocr_par' dir='ltr' id='par_1_29' title="bbox 2293 1435 3828 1511">
     <span class='ocr_line' id='line_1_29' title="bbox 2293 1435 3828 1511; baseline -0.001 -17"><span class='ocrx_word' id='word_1_215' title='bbox 2293 1441 2472 1511; x_wconf 85' lang='lat' dir='ltr'>Atque</span> <span class='ocrx_word' id='word_1_216' title='bbox 2502 1445 2564 1493; x_wconf 90' lang='lat' dir='ltr'>ut</span> <span class='ocrx_word' id='word_1_217' title='bbox 2591 1438 2792 1494; x_wconf 88' lang='lat' dir='ltr'>clarius</span> <span class='ocrx_word' id='word_1_218' title='bbox 2833 1437 3010 1493; x_wconf 82' lang='lat' dir='ltr'>luceat</span> <span class='ocrx_word' id='word_1_219' title='bbox 3054 1435 3340 1492; x_wconf 86' lang='lat' dir='ltr'>Trinitatis</span> <span class='ocrx_word' id='word_1_220' title='bbox 3393 1446 3597 1493; x_wconf 62' lang='lat' dir='ltr'>sanctae</span> <span class='ocrx_word' id='word_1_221' title='bbox 3629 1446 3828 1492; x_wconf 85' lang='lat' dir='ltr'>aucto-</span> 
     </span>
    </p>
   </div>
   <div class='ocr_carea' id='block_1_30' title="bbox 2223 1524 3828 1598">
    <p class='ocr_par' dir='ltr' id='par_1_30' title="bbox 2223 1524 3828 1598">
     <span class='ocr_line' id='line_1_30' title="bbox 2223 1524 3828 1598; baseline 0 -16"><span class='ocrx_word' id='word_1_222' title='bbox 2223 1528 2354 1582; x_wconf 88' lang='lat' dir='ltr'>ritas</span> <span class='ocrx_word' id='word_1_223' title='bbox 2387 1545 2493 1583; x_wconf 90' lang='lat' dir='ltr'>una</span> <span class='ocrx_word' id='word_1_224' title='bbox 2539 1535 2592 1582; x_wconf 95' lang='lat' dir='ltr'>et</span> <span class='ocrx_word' id='word_1_225' title='bbox 2649 1527 2922 1582; x_wconf 88' lang='lat' dir='ltr'>divinitas</span> <span class='ocrx_word' id='word_1_226' title='bbox 2978 1525 3301 1593; x_wconf 86' lang='lat' dir='ltr'>excolenda,</span> <span class='ocrx_word' id='word_1_227' title='bbox 3348 1524 3501 1582; x_wconf 75' lang='lat' dir='ltr'>Isaize</span> <span class='ocrx_word' id='word_1_228' title='bbox 3542 1526 3828 1598; x_wconf 60' lang='lat' dir='ltr'>propheta</span> 
     </span>
    </p>
   </div>
   <div class='ocr_carea' id='block_1_31' title="bbox 2223 1613 3832 1688">
    <p class='ocr_par' dir='ltr' id='par_1_31' title="bbox 2223 1613 3832 1688">
     <span class='ocr_line' id='line_1_31' title="bbox 2223 1613 3832 1688; baseline 0 -18"><span class='ocrx_word' id='word_1_229' title='bbox 2223 1617 2384 1671; x_wconf 88' lang='lat' dir='ltr'>nobis</span> <span class='ocrx_word' id='word_1_230' title='bbox 2437 1615 2860 1688; x_wconf 89' lang='lat' dir='ltr'>contemplanda</span> <span class='ocrx_word' id='word_1_231' title='bbox 2920 1613 3272 1687; x_wconf 88' lang='lat' dir='ltr'>prophetatio</span> <span class='ocrx_word' id='word_1_232' title='bbox 3328 1622 3448 1682; x_wconf 90' lang='lat' dir='ltr'>est,</span> <span class='ocrx_word' id='word_1_233' title='bbox 3511 1630 3683 1686; x_wconf 87' lang='lat' dir='ltr'>quam</span> <span class='ocrx_word' id='word_1_234' title='bbox 3740 1632 3832 1686; x_wconf 78' lang='lat' dir='ltr'>per</span> 
     </span>
    </p>
   </div>
   <div class='ocr_carea' id='block_1_32' title="bbox 2222 1703 3831 1780">
    <p class='ocr_par' dir='ltr' id='par_1_32' title="bbox 2222 1703 3831 1780">
     <span class='ocr_line' id='line_1_32' title="bbox 2222 1703 3831 1780; baseline -0.001 -18"><span class='ocrx_word' id='word_1_235' title='bbox 2222 1709 2498 1780; x_wconf 89' lang='lat' dir='ltr'>apostolos</span> <span class='ocrx_word' id='word_1_236' title='bbox 2541 1707 2655 1779; x_wconf 86' lang='lat' dir='ltr'>ipse</span> <span class='ocrx_word' id='word_1_237' title='bbox 2686 1706 2922 1778; x_wconf 87' lang='lat' dir='ltr'>Spiritus</span> <span class='ocrx_word' id='word_1_238' title='bbox 2951 1713 3173 1760; x_wconf 89' lang='lat' dir='ltr'>sanctus</span> <span class='ocrx_word' id='word_1_239' title='bbox 3219 1703 3380 1759; x_wconf 90' lang='lat' dir='ltr'>nobis</span> <span class='ocrx_word' id='word_1_240' title='bbox 3432 1703 3831 1776; x_wconf 83' lang='lat' dir='ltr'>interpretatus</span> 
     </span>
    </p>
   </div>
   <div class='ocr_carea' id='block_1_33' title="bbox 517 1788 3824 1870">
    <p class='ocr_par' dir='ltr' id='par_1_33' title="bbox 517 1788 3824 1870">
     <span class='ocr_line' id='line_1_33' title="bbox 517 1788 3824 1870; baseline -0.001 -16"><span class='ocrx_word' id='word_1_241' title='bbox 517 1807 642 1854; x_wconf 91' lang='lat' dir='ltr'>tuos</span> <span class='ocrx_word' id='word_1_242' title='bbox 688 1793 935 1860; x_wconf 89' lang='lat' dir='ltr'>suscitat,</span> <span class='ocrx_word' id='word_1_243' title='bbox 989 1800 1041 1846; x_wconf 93' lang='lat' dir='ltr'>et</span> <span class='ocrx_word' id='word_1_244' title='bbox 1082 1791 1259 1846; x_wconf 90' lang='lat' dir='ltr'>Filius</span> <span class='ocrx_word' id='word_1_245' title='bbox 1306 1805 1441 1860; x_wconf 85' lang='lat' dir='ltr'>quos</span> <span class='ocrx_word' id='word_1_246' title='bbox 1485 1789 1626 1852; x_wconf 72' lang='lat' dir='ltr'>vult,</span> <span class='ocrx_word' id='word_1_247' title='bbox 1667 1788 1915 1844; x_wconf 70' lang='lat' dir='ltr'>ViViﬁcat</span> <span class='ocrx_word' id='word_1_248' title='bbox 1949 1790 2111 1859; x_wconf 75' lang='grc' dir='ltr'>(Ῑὸἱά.</span> <span class='ocrx_word' id='word_1_249' title='bbox 2142 1811 2188 1870; x_wconf 83' lang='grc' dir='ltr'>Β</span> <span class='ocrx_word' id='word_1_250' title='bbox 2222 1807 2323 1865; x_wconf 93' lang='lat' dir='ltr'>est,</span> <span class='ocrx_word' id='word_1_251' title='bbox 2358 1815 2520 1870; x_wconf 89' lang='lat' dir='ltr'>quam</span> <span class='ocrx_word' id='word_1_252' title='bbox 2554 1799 2629 1853; x_wconf 90' lang='lat' dir='ltr'>ita</span> <span class='ocrx_word' id='word_1_253' title='bbox 2660 1797 2920 1869; x_wconf 85' lang='lat' dir='ltr'>legimus:</span> <span class='ocrx_word' id='word_1_254' title='bbox 2959 1820 2977 1843; x_wconf 86' lang='grc'><strong>‹</strong></span> <span class='ocrx_word' id='word_1_255' title='bbox 3007 1796 3077 1852; x_wconf 89' lang='lat' dir='ltr'>Et</span> <span class='ocrx_word' id='word_1_256' title='bbox 3123 1795 3312 1850; x_wconf 77' lang='lat' dir='ltr'>audivi</span> <span class='ocrx_word' id='word_1_257' title='bbox 3368 1810 3562 1849; x_wconf 88' lang='lat' dir='ltr'>vocem</span> <span class='ocrx_word' id='word_1_258' title='bbox 3595 1795 3824 1850; x_wconf 89' lang='lat' dir='ltr'>Domini</span> 
     </span>
    </p>
   </div>
   <div class='ocr_carea' id='block_1_34' title="bbox 518 1878 2114 1958">
    <p class='ocr_par' dir='ltr' id='par_1_34' title="bbox 518 1878 2114 1958">
     <span class='ocr_line' id='line_1_34' title="bbox 518 1878 2114 1958; baseline -0.005 -15"><span class='ocrx_word' id='word_1_259' title='bbox 518 1888 633 1958; x_wconf 79' lang='grc'><strong>21).</strong></span> <span class='ocrx_word' id='word_1_260' title='bbox 668 1909 686 1933; x_wconf 76' lang='grc' dir='ltr'><strong><em>ι</em></strong></span> <span class='ocrx_word' id='word_1_261' title='bbox 726 1885 871 1955; x_wconf 88' lang='lat' dir='ltr'>Ergo</span> <span class='ocrx_word' id='word_1_262' title='bbox 917 1882 1023 1936; x_wconf 89' lang='lat' dir='ltr'>hoc</span> <span class='ocrx_word' id='word_1_263' title='bbox 1070 1879 1239 1953; x_wconf 86' lang='lat' dir='ltr'>gradu</span> <span class='ocrx_word' id='word_1_264' title='bbox 1286 1888 1340 1935; x_wconf 93' lang='lat' dir='ltr'>et</span> <span class='ocrx_word' id='word_1_265' title='bbox 1383 1878 1486 1935; x_wconf 88' lang='lat' dir='ltr'>hac</span> <span class='ocrx_word' id='word_1_266' title='bbox 1525 1879 1737 1934; x_wconf 90' lang='lat' dir='ltr'>ratione</span> <span class='ocrx_word' id='word_1_267' title='bbox 1767 1880 2114 1950; x_wconf 84' lang='lat' dir='ltr'>agnoscimus</span> 
     </span>
    </p>
   </div>
   <div class='ocr_carea' id='block_1_35' title="bbox 518 1969 2115 2046">
    <p class='ocr_par' dir='ltr' id='par_1_35' title="bbox 518 1969 2115 2046">
     <span class='ocr_line' id='line_1_35' title="bbox 518 1969 2115 2046; baseline -0.003 -16"><span class='ocrx_word' id='word_1_268' title='bbox 518 1990 681 2046; x_wconf 85' lang='lat' dir='ltr'>opera</span> <span class='ocrx_word' id='word_1_269' title='bbox 704 1972 879 2028; x_wconf 89' lang='lat' dir='ltr'>sancti</span> <span class='ocrx_word' id='word_1_270' title='bbox 913 1970 1149 2043; x_wconf 89' lang='lat' dir='ltr'>Spiritus</span> <span class='ocrx_word' id='word_1_271' title='bbox 1188 1985 1304 2026; x_wconf 89' lang='lat' dir='ltr'>esse</span> <span class='ocrx_word' id='word_1_272' title='bbox 1335 1985 1497 2040; x_wconf 91' lang='lat' dir='ltr'>opera</span> <span class='ocrx_word' id='word_1_273' title='bbox 1535 1976 1794 2040; x_wconf 90' lang='lat' dir='ltr'>paterna;</span> <span class='ocrx_word' id='word_1_274' title='bbox 1840 1969 1966 2041; x_wconf 89' lang='lat' dir='ltr'>quia</span> <span class='ocrx_word' id='word_1_275' title='bbox 1996 1988 2115 2042; x_wconf 81' lang='lat' dir='ltr'>quae</span> 
     </span>
    </p>
   </div>
   <div class='ocr_carea' id='block_1_36' title="bbox 517 2059 2110 2134">
    <p class='ocr_par' dir='ltr' id='par_1_36' title="bbox 517 2059 2110 2134">
     <span class='ocr_line' id='line_1_36' title="bbox 517 2059 2110 2134; baseline -0.002 -15"><span class='ocrx_word' id='word_1_276' title='bbox 517 2064 676 2119; x_wconf 90' lang='lat' dir='ltr'>Pater</span> <span class='ocrx_word' id='word_1_277' title='bbox 707 2068 984 2134; x_wconf 86' lang='lat' dir='ltr'>operatur,</span> <span class='ocrx_word' id='word_1_278' title='bbox 1012 2059 1202 2116; x_wconf 87' lang='lat' dir='ltr'>eadem</span> <span class='ocrx_word' id='word_1_279' title='bbox 1231 2067 1285 2115; x_wconf 91' lang='lat' dir='ltr'>et</span> <span class='ocrx_word' id='word_1_280' title='bbox 1319 2059 1495 2115; x_wconf 87' lang='lat' dir='ltr'>Filius</span> <span class='ocrx_word' id='word_1_281' title='bbox 1523 2066 1779 2129; x_wconf 87' lang='lat' dir='ltr'>operatur</span> <span class='ocrx_word' id='word_1_282' title='bbox 1808 2059 2065 2114; x_wconf 88' lang='lat' dir='ltr'>similiter</span> <span class='ocrx_word' id='word_1_283' title='bbox 2099 2078 2110 2116; x_wconf 90' lang='lat'>:</span> 
     </span>
    </p>
   </div>
   <div class='ocr_carea' id='block_1_37' title="bbox 517 2148 2114 2226">
    <p class='ocr_par' dir='ltr' id='par_1_37' title="bbox 517 2148 2114 2226">
     <span class='ocr_line' id='line_1_37' title="bbox 517 2148 2114 2226; baseline -0.004 -18"><span class='ocrx_word' id='word_1_284' title='bbox 517 2169 637 2226; x_wconf 76' lang='lat' dir='ltr'>quae</span> <span class='ocrx_word' id='word_1_285' title='bbox 666 2159 848 2207; x_wconf 91' lang='lat' dir='ltr'>autem</span> <span class='ocrx_word' id='word_1_286' title='bbox 878 2150 1054 2205; x_wconf 88' lang='lat' dir='ltr'>Filius</span> <span class='ocrx_word' id='word_1_287' title='bbox 1099 2156 1375 2221; x_wconf 89' lang='lat' dir='ltr'>operatur,</span> <span class='ocrx_word' id='word_1_288' title='bbox 1409 2148 1596 2204; x_wconf 90' lang='lat' dir='ltr'>eadem</span> <span class='ocrx_word' id='word_1_289' title='bbox 1638 2155 1692 2203; x_wconf 94' lang='lat' dir='ltr'>et</span> <span class='ocrx_word' id='word_1_290' title='bbox 1730 2157 1949 2203; x_wconf 90' lang='lat' dir='ltr'>sanctus</span> <span class='ocrx_word' id='word_1_291' title='bbox 1998 2149 2114 2219; x_wconf 91' lang='lat' dir='ltr'>Spi-</span> 
     </span>
    </p>
   </div>
   <div class='ocr_carea' id='block_1_38' title="bbox 517 2237 2114 2314">
    <p class='ocr_par' dir='ltr' id='par_1_38' title="bbox 517 2237 2114 2314">
     <span class='ocr_line' id='line_1_38' title="bbox 517 2237 2114 2314; baseline -0.004 -16"><span class='ocrx_word' id='word_1_292' title='bbox 517 2243 657 2298; x_wconf 87' lang='lat' dir='ltr'>ritus</span> <span class='ocrx_word' id='word_1_293' title='bbox 705 2248 979 2314; x_wconf 88' lang='lat' dir='ltr'>operatur.</span> <span class='ocrx_word' id='word_1_294' title='bbox 1011 2240 1094 2295; x_wconf 89' lang='lat' dir='ltr'>Ac</span> <span class='ocrx_word' id='word_1_295' title='bbox 1134 2239 1213 2296; x_wconf 91' lang='lat' dir='ltr'>sic</span> <span class='ocrx_word' id='word_1_296' title='bbox 1250 2253 1463 2308; x_wconf 91' lang='lat' dir='ltr'>semper</span> <span class='ocrx_word' id='word_1_297' title='bbox 1511 2237 1751 2292; x_wconf 89' lang='lat' dir='ltr'>Trinitas</span> <span class='ocrx_word' id='word_1_298' title='bbox 1796 2253 1939 2291; x_wconf 89' lang='lat' dir='ltr'>unus</span> <span class='ocrx_word' id='word_1_299' title='bbox 1969 2239 2114 2293; x_wconf 90' lang='lat' dir='ltr'>Deus</span> 
     </span>
    </p>
   </div>
   <div class='ocr_carea' id='block_1_39' title="bbox 517 2326 2113 2402">
    <p class='ocr_par' dir='ltr' id='par_1_39' title="bbox 517 2326 2113 2402">
     <span class='ocr_line' id='line_1_39' title="bbox 517 2326 2113 2402; baseline -0.004 -13"><span class='ocrx_word' id='word_1_300' title='bbox 517 2342 569 2389; x_wconf 89' lang='lat' dir='ltr'>et</span> <span class='ocrx_word' id='word_1_301' title='bbox 596 2349 741 2388; x_wconf 92' lang='lat' dir='ltr'>unus</span> <span class='ocrx_word' id='word_1_302' title='bbox 772 2331 1010 2402; x_wconf 89' lang='lat' dir='ltr'>Spiritus</span> <span class='ocrx_word' id='word_1_303' title='bbox 1036 2346 1132 2400; x_wconf 94' lang='lat' dir='ltr'>per</span> <span class='ocrx_word' id='word_1_304' title='bbox 1161 2345 1236 2396; x_wconf 89' lang='lat' dir='ltr'>se,</span> <span class='ocrx_word' id='word_1_305' title='bbox 1267 2327 1361 2383; x_wconf 93' lang='lat' dir='ltr'>sed</span> <span class='ocrx_word' id='word_1_306' title='bbox 1391 2343 1460 2381; x_wconf 88' lang='lat' dir='ltr'>ex</span> <span class='ocrx_word' id='word_1_307' title='bbox 1491 2343 1604 2381; x_wconf 92' lang='lat' dir='ltr'>sese</span> <span class='ocrx_word' id='word_1_308' title='bbox 1637 2326 1824 2381; x_wconf 89' lang='lat' dir='ltr'>eadem</span> <span class='ocrx_word' id='word_1_309' title='bbox 1849 2336 1902 2383; x_wconf 90' lang='lat' dir='ltr'>et</span> <span class='ocrx_word' id='word_1_310' title='bbox 1928 2329 2113 2384; x_wconf 88' lang='lat' dir='ltr'>omnia</span> 
     </span>
    </p>
   </div>
   <div class='ocr_carea' id='block_1_40' title="bbox 517 2415 2114 2490">
    <p class='ocr_par' dir='ltr' id='par_1_40' title="bbox 517 2415 2114 2490">
     <span class='ocr_line' id='line_1_40' title="bbox 517 2415 2114 2490; baseline -0.004 -13"><span class='ocrx_word' id='word_1_311' title='bbox 517 2423 575 2478; x_wconf 86' lang='lat' dir='ltr'>in</span> <span class='ocrx_word' id='word_1_312' title='bbox 605 2419 863 2475; x_wconf 90' lang='lat' dir='ltr'>omnibus</span> <span class='ocrx_word' id='word_1_313' title='bbox 907 2426 1180 2490; x_wconf 89' lang='lat' dir='ltr'>operatur.</span> <span class='ocrx_word' id='word_1_314' title='bbox 1215 2416 1386 2483; x_wconf 88' lang='lat' dir='ltr'>Quem</span> <span class='ocrx_word' id='word_1_315' title='bbox 1420 2415 1640 2488; x_wconf 89' lang='lat' dir='ltr'>quidem</span> <span class='ocrx_word' id='word_1_316' title='bbox 1691 2423 1938 2471; x_wconf 90' lang='lat' dir='ltr'>sanctum</span> <span class='ocrx_word' id='word_1_317' title='bbox 1981 2417 2114 2488; x_wconf 92' lang='lat' dir='ltr'>Spi—</span> 
     </span>
    </p>
   </div>
   <div class='ocr_carea' id='block_1_41' title="bbox 519 2502 2114 2580">
    <p class='ocr_par' dir='ltr' id='par_1_41' title="bbox 519 2502 2114 2580">
     <span class='ocr_line' id='line_1_41' title="bbox 519 2502 2114 2580; baseline -0.004 -15"><span class='ocrx_word' id='word_1_318' title='bbox 519 2510 687 2565; x_wconf 87' lang='lat' dir='ltr'>ritum</span> <span class='ocrx_word' id='word_1_319' title='bbox 735 2507 862 2580; x_wconf 90' lang='lat' dir='ltr'>quia</span> <span class='ocrx_word' id='word_1_320' title='bbox 911 2505 969 2561; x_wconf 90' lang='lat' dir='ltr'>in</span> <span class='ocrx_word' id='word_1_321' title='bbox 1017 2504 1320 2560; x_wconf 88' lang='lat' dir='ltr'>virtutibus</span> <span class='ocrx_word' id='word_1_322' title='bbox 1367 2502 1481 2558; x_wconf 91' lang='lat' dir='ltr'>suis</span> <span class='ocrx_word' id='word_1_323' title='bbox 1524 2511 1577 2557; x_wconf 90' lang='lat' dir='ltr'>et</span> <span class='ocrx_word' id='word_1_324' title='bbox 1633 2502 1877 2572; x_wconf 90' lang='lat' dir='ltr'>potentia</span> <span class='ocrx_word' id='word_1_325' title='bbox 1921 2503 2114 2559; x_wconf 88' lang='lat' dir='ltr'>divina</span> 
     </span>
    </p>
   </div>
   <div class='ocr_carea' id='block_1_42' title="bbox 517 2592 2113 2670">
    <p class='ocr_par' dir='ltr' id='par_1_42' title="bbox 517 2592 2113 2670">
     <span class='ocr_line' id='line_1_42' title="bbox 517 2592 2113 2670; baseline -0.003 -16"><span class='ocrx_word' id='word_1_326' title='bbox 517 2611 808 2670; x_wconf 86' lang='lat' dir='ltr'>agnoscere</span> <span class='ocrx_word' id='word_1_327' title='bbox 849 2594 1100 2666; x_wconf 65' lang='lat' dir='ltr'>[Egyptii</span> <span class='ocrx_word' id='word_1_328' title='bbox 1132 2595 1449 2659; x_wconf 88' lang='lat' dir='ltr'>noluerunt,</span> <span class='ocrx_word' id='word_1_329' title='bbox 1484 2592 1656 2662; x_wconf 89' lang='lat' dir='ltr'>plagis</span> <span class='ocrx_word' id='word_1_330' title='bbox 1685 2592 1954 2662; x_wconf 88' lang='lat' dir='ltr'>compulsi</span> <span class='ocrx_word' id='word_1_331' title='bbox 1985 2602 2113 2649; x_wconf 91' lang='lat' dir='ltr'>sunt</span> 
     </span>
    </p>
   </div>
   <div class='ocr_carea' id='block_1_43' title="bbox 517 2681 2113 2758">
    <p class='ocr_par' dir='ltr' id='par_1_43' title="bbox 517 2681 2113 2758">
     <span class='ocr_line' id='line_1_43' title="bbox 517 2681 2113 2758; baseline -0.004 -13"><span class='ocrx_word' id='word_1_332' title='bbox 517 2687 788 2756; x_wconf 87' lang='lat' dir='ltr'>conﬁteri,</span> <span class='ocrx_word' id='word_1_333' title='bbox 839 2687 898 2741; x_wconf 93' lang='lat' dir='ltr'>in</span> <span class='ocrx_word' id='word_1_334' title='bbox 948 2701 1082 2758; x_wconf 89' lang='lat' dir='ltr'>quas</span> <span class='ocrx_word' id='word_1_335' title='bbox 1129 2700 1198 2739; x_wconf 90' lang='lat' dir='ltr'>ne</span> <span class='ocrx_word' id='word_1_336' title='bbox 1245 2699 1395 2738; x_wconf 91' lang='lat' dir='ltr'>nunc</span> <span class='ocrx_word' id='word_1_337' title='bbox 1440 2681 1726 2737; x_wconf 87' lang='lat' dir='ltr'>audientes</span> <span class='ocrx_word' id='word_1_338' title='bbox 1778 2682 2047 2751; x_wconf 86' lang='lat' dir='ltr'>incidant,</span> <span class='ocrx_word' id='word_1_339' title='bbox 2082 2701 2113 2739; x_wconf 90' lang='lat' dir='ltr'>a</span> 
     </span>
    </p>
   </div>
   <div class='ocr_carea' id='block_1_44' title="bbox 515 2769 2107 2842">
    <p class='ocr_par' dir='ltr' id='par_1_44' title="bbox 515 2769 2107 2842">
     <span class='ocr_line' id='line_1_44' title="bbox 515 2769 2107 2842; baseline -0.004 -9"><span class='ocrx_word' id='word_1_340' title='bbox 515 2777 752 2834; x_wconf 88' lang='lat' dir='ltr'>Domino</span> <span class='ocrx_word' id='word_1_341' title='bbox 805 2774 1190 2841; x_wconf 88' lang='lat' dir='ltr'>admonentur,</span> <span class='ocrx_word' id='word_1_342' title='bbox 1251 2780 1313 2827; x_wconf 92' lang='lat' dir='ltr'>ut</span> <span class='ocrx_word' id='word_1_343' title='bbox 1367 2786 1488 2826; x_wconf 90' lang='lat' dir='ltr'>sero</span> <span class='ocrx_word' id='word_1_344' title='bbox 1538 2769 1806 2842; x_wconf 91' lang='lat' dir='ltr'>incipiant</span> <span class='ocrx_word' id='word_1_345' title='bbox 1861 2770 2044 2826; x_wconf 87' lang='lat' dir='ltr'>dicere</span> <span class='ocrx_word' id='word_1_346' title='bbox 2095 2789 2107 2826; x_wconf 92' lang='lat'>:</span> 
     </span>
    </p>
   </div>
   <div class='ocr_carea' id='block_1_45' title="bbox 531 2861 2112 2939">
    <p class='ocr_par' dir='ltr' id='par_1_45' title="bbox 531 2861 2112 2939">
     <span class='ocr_line' id='line_1_45' title="bbox 531 2861 2112 2939; baseline -0.003 -16"><span class='ocrx_word' id='word_1_347' title='bbox 531 2867 792 2939; x_wconf 71' lang='lat' dir='ltr'>«Digitus</span> <span class='ocrx_word' id='word_1_348' title='bbox 834 2865 936 2921; x_wconf 91' lang='lat' dir='ltr'>Dei</span> <span class='ocrx_word' id='word_1_349' title='bbox 993 2871 1075 2920; x_wconf 90' lang='lat' dir='ltr'>est</span> <span class='ocrx_word' id='word_1_350' title='bbox 1121 2862 1324 2934; x_wconf 68' lang='lat' dir='ltr'>(Exod.</span> <span class='ocrx_word' id='word_1_351' title='bbox 1376 2879 1499 2928; x_wconf 85' lang='lat' dir='ltr'>vm,</span> <span class='ocrx_word' id='word_1_352' title='bbox 1545 2862 1674 2930; x_wconf 75' lang='lat'>19);</span> <span class='ocrx_word' id='word_1_353' title='bbox 1719 2887 1737 2909; x_wconf 76' lang='grc' dir='ltr'><strong><em>ι</em></strong></span> <span class='ocrx_word' id='word_1_354' title='bbox 1796 2877 1859 2916; x_wconf 92' lang='lat' dir='ltr'>ac</span> <span class='ocrx_word' id='word_1_355' title='bbox 1887 2877 1983 2933; x_wconf 91' lang='lat' dir='ltr'>per</span> <span class='ocrx_word' id='word_1_356' title='bbox 2006 2861 2112 2918; x_wconf 90' lang='lat' dir='ltr'>hoc</span> 
     </span>
    </p>
   </div>
   <div class='ocr_carea' id='block_1_46' title="bbox 516 2949 2112 3025">
    <p class='ocr_par' dir='ltr' id='par_1_46' title="bbox 516 2949 2112 3025">
     <span class='ocr_line' id='line_1_46' title="bbox 516 2949 2112 3025; baseline -0.004 -13"><span class='ocrx_word' id='word_1_357' title='bbox 516 2957 864 3012; x_wconf 87' lang='lat' dir='ltr'>manifestum</span> <span class='ocrx_word' id='word_1_358' title='bbox 891 2961 990 3023; x_wconf 91' lang='lat' dir='ltr'>est,</span> <span class='ocrx_word' id='word_1_359' title='bbox 1025 2953 1152 3025; x_wconf 88' lang='lat' dir='ltr'>quia</span> <span class='ocrx_word' id='word_1_360' title='bbox 1181 2967 1326 3007; x_wconf 91' lang='lat' dir='ltr'>unus</span> <span class='ocrx_word' id='word_1_361' title='bbox 1354 2959 1517 3021; x_wconf 89' lang='lat' dir='ltr'>atque</span> <span class='ocrx_word' id='word_1_362' title='bbox 1541 2950 1686 3005; x_wconf 90' lang='lat' dir='ltr'>idem</span> <span class='ocrx_word' id='word_1_363' title='bbox 1717 2949 1954 3022; x_wconf 89' lang='lat' dir='ltr'>Spiritus</span> <span class='ocrx_word' id='word_1_364' title='bbox 1981 2968 2112 3007; x_wconf 90' lang='lat' dir='ltr'>om-</span> 
     </span>
    </p>
   </div>
   <div class='ocr_carea' id='block_1_47' title="bbox 516 3038 1760 3110">
    <p class='ocr_par' dir='ltr' id='par_1_47' title="bbox 516 3038 1760 3110">
     <span class='ocr_line' id='line_1_47' title="bbox 516 3038 1760 3110; baseline -0.005 -11"><span class='ocrx_word' id='word_1_365' title='bbox 516 3045 608 3100; x_wconf 90' lang='lat' dir='ltr'>nia</span> <span class='ocrx_word' id='word_1_366' title='bbox 639 3044 698 3098; x_wconf 90' lang='lat' dir='ltr'>in</span> <span class='ocrx_word' id='word_1_367' title='bbox 729 3041 988 3097; x_wconf 90' lang='lat' dir='ltr'>omnibus</span> <span class='ocrx_word' id='word_1_368' title='bbox 1016 3047 1272 3110; x_wconf 89' lang='lat' dir='ltr'>operatur</span> <span class='ocrx_word' id='word_1_369' title='bbox 1302 3041 1360 3109; x_wconf 94' lang='grc' dir='ltr'>(Ι</span> <span class='ocrx_word' id='word_1_370' title='bbox 1388 3038 1513 3093; x_wconf 86' lang='lat' dir='ltr'>Cor.</span> <span class='ocrx_word' id='word_1_371' title='bbox 1550 3055 1648 3105; x_wconf 81' lang='lat' dir='ltr'>x11,</span> <span class='ocrx_word' id='word_1_372' title='bbox 1680 3038 1760 3109; x_wconf 88' lang='grc'>8).</span> 
     </span>
    </p>
   </div>
   <div class='ocr_carea' id='block_1_48' title="bbox 2225 1883 3824 1957">
    <p class='ocr_par' dir='ltr' id='par_1_48' title="bbox 2225 1883 3824 1957">
     <span class='ocr_line' id='line_1_48' title="bbox 2225 1883 3824 1957; baseline -0.001 -14"><span class='ocrx_word' id='word_1_373' title='bbox 2225 1886 2500 1943; x_wconf 91' lang='lat' dir='ltr'>dicentis:</span> <span class='ocrx_word' id='word_1_374' title='bbox 2539 1886 2709 1953; x_wconf 90' lang='lat' dir='ltr'>Quem</span> <span class='ocrx_word' id='word_1_375' title='bbox 2757 1887 2992 1949; x_wconf 87' lang='lat' dir='ltr'>mittam,</span> <span class='ocrx_word' id='word_1_376' title='bbox 3034 1893 3087 1940; x_wconf 93' lang='lat' dir='ltr'>et</span> <span class='ocrx_word' id='word_1_377' title='bbox 3138 1885 3262 1957; x_wconf 89' lang='lat' dir='ltr'>quis</span> <span class='ocrx_word' id='word_1_378' title='bbox 3310 1883 3413 1938; x_wconf 89' lang='lat' dir='ltr'>ibit</span> <span class='ocrx_word' id='word_1_379' title='bbox 3456 1883 3526 1939; x_wconf 86' lang='lat' dir='ltr'>ad</span> <span class='ocrx_word' id='word_1_380' title='bbox 3560 1887 3824 1956; x_wconf 86' lang='lat' dir='ltr'>populum</span> 
     </span>
    </p>
   </div>
   <div class='ocr_carea' id='block_1_49' title="bbox 2226 1974 3826 2048">
    <p class='ocr_par' dir='ltr' id='par_1_49' title="bbox 2226 1974 3826 2048">
     <span class='ocr_line' id='line_1_49' title="bbox 2226 1974 3826 2048; baseline -0.002 -17"><span class='ocrx_word' id='word_1_381' title='bbox 2226 1976 2390 2032; x_wconf 88' lang='lat' dir='ltr'>istum</span> <span class='ocrx_word' id='word_1_382' title='bbox 2414 1977 2441 2033; x_wconf 75' lang='lat'>?</span> <span class='ocrx_word' id='word_1_383' title='bbox 2472 1978 2542 2032; x_wconf 91' lang='lat' dir='ltr'>Et</span> <span class='ocrx_word' id='word_1_384' title='bbox 2571 1977 2691 2032; x_wconf 86' lang='lat' dir='ltr'>dixi</span> <span class='ocrx_word' id='word_1_385' title='bbox 2717 1993 2727 2030; x_wconf 90' lang='lat'>:</span> <span class='ocrx_word' id='word_1_386' title='bbox 2753 1978 2891 2048; x_wconf 87' lang='lat' dir='ltr'>Ego,</span> <span class='ocrx_word' id='word_1_387' title='bbox 2924 1992 3022 2047; x_wconf 85' lang='lat' dir='ltr'>ego</span> <span class='ocrx_word' id='word_1_388' title='bbox 3044 1992 3185 2042; x_wconf 87' lang='lat' dir='ltr'>sum,</span> <span class='ocrx_word' id='word_1_389' title='bbox 3223 1974 3378 2030; x_wconf 91' lang='lat' dir='ltr'>mitte</span> <span class='ocrx_word' id='word_1_390' title='bbox 3414 1990 3519 2029; x_wconf 88' lang='lat' dir='ltr'>me.</span> <span class='ocrx_word' id='word_1_391' title='bbox 3557 1974 3629 2029; x_wconf 89' lang='lat' dir='ltr'>Et</span> <span class='ocrx_word' id='word_1_392' title='bbox 3661 1974 3826 2029; x_wconf 84' lang='lat' dir='ltr'>dixit:</span> 
     </span>
    </p>
   </div>
   <div class='ocr_carea' id='block_1_50' title="bbox 2226 2064 3832 2139">
    <p class='ocr_par' dir='ltr' id='par_1_50' title="bbox 2226 2064 3832 2139">
     <span class='ocr_line' id='line_1_50' title="bbox 2226 2064 3832 2139; baseline -0.003 -13"><span class='ocrx_word' id='word_1_393' title='bbox 2226 2068 2396 2135; x_wconf 79' lang='lat' dir='ltr'>Vade,</span> <span class='ocrx_word' id='word_1_394' title='bbox 2428 2075 2482 2123; x_wconf 89' lang='lat' dir='ltr'>et</span> <span class='ocrx_word' id='word_1_395' title='bbox 2540 2067 2630 2124; x_wconf 91' lang='lat' dir='ltr'>dic</span> <span class='ocrx_word' id='word_1_396' title='bbox 2689 2068 2892 2139; x_wconf 88' lang='lat' dir='ltr'>populo</span> <span class='ocrx_word' id='word_1_397' title='bbox 2944 2065 3076 2122; x_wconf 88' lang='lat' dir='ltr'>huic</span> <span class='ocrx_word' id='word_1_398' title='bbox 3111 2084 3122 2122; x_wconf 91' lang='lat'>:</span> <span class='ocrx_word' id='word_1_399' title='bbox 3156 2067 3301 2121; x_wconf 78' lang='lat' dir='ltr'>Aure</span> <span class='ocrx_word' id='word_1_400' title='bbox 3335 2064 3603 2134; x_wconf 88' lang='lat' dir='ltr'>audietis,</span> <span class='ocrx_word' id='word_1_401' title='bbox 3636 2076 3689 2121; x_wconf 90' lang='lat' dir='ltr'>et</span> <span class='ocrx_word' id='word_1_402' title='bbox 3725 2083 3832 2121; x_wconf 86' lang='lat' dir='ltr'>non</span> 
     </span>
    </p>
   </div>
   <div class='ocr_carea' id='block_1_51' title="bbox 2225 2153 3834 2227">
    <p class='ocr_par' dir='ltr' id='par_1_51' title="bbox 2225 2153 3834 2227">
     <span class='ocr_line' id='line_1_51' title="bbox 2225 2153 3834 2227; baseline 0 -17"><span class='ocrx_word' id='word_1_403' title='bbox 2225 2155 2585 2227; x_wconf 88' lang='lat' dir='ltr'>intelligetis:</span> <span class='ocrx_word' id='word_1_404' title='bbox 2636 2164 2687 2212; x_wconf 88' lang='lat' dir='ltr'>et</span> <span class='ocrx_word' id='word_1_405' title='bbox 2737 2154 2988 2210; x_wconf 87' lang='lat' dir='ltr'>videntes</span> <span class='ocrx_word' id='word_1_406' title='bbox 3034 2153 3318 2220; x_wconf 86' lang='lat' dir='ltr'>videbitis,</span> <span class='ocrx_word' id='word_1_407' title='bbox 3349 2161 3405 2208; x_wconf 90' lang='lat' dir='ltr'>et</span> <span class='ocrx_word' id='word_1_408' title='bbox 3433 2169 3546 2207; x_wconf 93' lang='lat' dir='ltr'>non</span> <span class='ocrx_word' id='word_1_409' title='bbox 3601 2154 3834 2224; x_wconf 73' lang='lat' dir='ltr'>aspicie~</span> 
     </span>
    </p>
   </div>
   <div class='ocr_carea' id='block_1_52' title="bbox 2226 2242 3835 2318">
    <p class='ocr_par' dir='ltr' id='par_1_52' title="bbox 2226 2242 3835 2318">
     <span class='ocr_line' id='line_1_52' title="bbox 2226 2242 3835 2318; baseline -0.001 -18"><span class='ocrx_word' id='word_1_410' title='bbox 2226 2245 2313 2312; x_wconf 90' lang='lat' dir='ltr'>tis,</span> <span class='ocrx_word' id='word_1_411' title='bbox 2346 2270 2362 2293; x_wconf 78' lang='grc' dir='ltr'><strong><em>ι</em></strong></span> <span class='ocrx_word' id='word_1_412' title='bbox 2414 2252 2517 2300; x_wconf 91' lang='lat' dir='ltr'>etc.</span> <span class='ocrx_word' id='word_1_413' title='bbox 2567 2245 2702 2315; x_wconf 85' lang='lat' dir='ltr'>(Isa.</span> <span class='ocrx_word' id='word_1_414' title='bbox 2733 2262 2813 2318; x_wconf 80' lang='lat' dir='ltr'>v1,</span> <span class='ocrx_word' id='word_1_415' title='bbox 2844 2244 3039 2314; x_wconf 89' lang='grc'>8-10).</span> <span class='ocrx_word' id='word_1_416' title='bbox 3088 2245 3160 2298; x_wconf 83' lang='grc' dir='ltr'>Εῑ</span> <span class='ocrx_word' id='word_1_417' title='bbox 3206 2245 3398 2316; x_wconf 86' lang='lat' dir='ltr'>utique</span> <span class='ocrx_word' id='word_1_418' title='bbox 3444 2242 3616 2298; x_wconf 89' lang='lat' dir='ltr'>modo</span> <span class='ocrx_word' id='word_1_419' title='bbox 3643 2243 3835 2299; x_wconf 88' lang='lat' dir='ltr'>dicens</span> 
     </span>
    </p>
   </div>
   <div class='ocr_carea' id='block_1_53' title="bbox 2223 2332 3836 2406">
    <p class='ocr_par' dir='ltr' id='par_1_53' title="bbox 2223 2332 3836 2406">
     <span class='ocr_line' id='line_1_53' title="bbox 2223 2332 3836 2406; baseline -0.001 -17"><span class='ocrx_word' id='word_1_420' title='bbox 2223 2351 2386 2406; x_wconf 91' lang='lat' dir='ltr'>supra</span> <span class='ocrx_word' id='word_1_421' title='bbox 2430 2335 2487 2388; x_wconf 88' lang='lat' dir='ltr'>in</span> <span class='ocrx_word' id='word_1_422' title='bbox 2518 2335 2707 2389; x_wconf 91' lang='lat' dir='ltr'>eadem</span> <span class='ocrx_word' id='word_1_423' title='bbox 2739 2335 2974 2402; x_wconf 85' lang='lat' dir='ltr'>visione,</span> <span class='ocrx_word' id='word_1_424' title='bbox 3010 2333 3310 2389; x_wconf 91' lang='lat' dir='ltr'>Dominum</span> <span class='ocrx_word' id='word_1_425' title='bbox 3345 2332 3588 2388; x_wconf 89' lang='lat' dir='ltr'>Sabaoth</span> <span class='ocrx_word' id='word_1_426' title='bbox 3629 2333 3836 2388; x_wconf 78' lang='lat' dir='ltr'>vidisse</span> 
     </span>
    </p>
   </div>
   <div class='ocr_carea' id='block_1_54' title="bbox 2223 2423 3834 2496">
    <p class='ocr_par' dir='ltr' id='par_1_54' title="bbox 2223 2423 3834 2496">
     <span class='ocr_line' id='line_1_54' title="bbox 2223 2423 3834 2496; baseline -0.001 -16"><span class='ocrx_word' id='word_1_427' title='bbox 2223 2440 2278 2480; x_wconf 91' lang='lat' dir='ltr'>se</span> <span class='ocrx_word' id='word_1_428' title='bbox 2310 2424 2455 2480; x_wconf 84' lang='lat' dir='ltr'>dixit</span> <span class='ocrx_word' id='word_1_429' title='bbox 2483 2424 2760 2481; x_wconf 90' lang='lat' dir='ltr'>sedentem</span> <span class='ocrx_word' id='word_1_430' title='bbox 2791 2425 2848 2478; x_wconf 89' lang='lat' dir='ltr'>in</span> <span class='ocrx_word' id='word_1_431' title='bbox 2872 2425 3072 2480; x_wconf 89' lang='lat' dir='ltr'>throno</span> <span class='ocrx_word' id='word_1_432' title='bbox 3089 2423 3276 2496; x_wconf 80' lang='lat' dir='ltr'>gloriae</span> <span class='ocrx_word' id='word_1_433' title='bbox 3299 2441 3434 2488; x_wconf 66' lang='lat' dir='ltr'>sure,</span> <span class='ocrx_word' id='word_1_434' title='bbox 3465 2431 3519 2478; x_wconf 91' lang='lat' dir='ltr'>et</span> <span class='ocrx_word' id='word_1_435' title='bbox 3537 2423 3834 2496; x_wconf 67' lang='lat' dir='ltr'>Seraphin:</span> 
     </span>
    </p>
   </div>
   <div class='ocr_carea' id='block_1_55' title="bbox 2222 2511 3839 2581">
    <p class='ocr_par' dir='ltr' id='par_1_55' title="bbox 2222 2511 3839 2581">
     <span class='ocr_line' id='line_1_55' title="bbox 2222 2511 3839 2581; baseline -0.001 -12"><span class='ocrx_word' id='word_1_436' title='bbox 2222 2514 2497 2569; x_wconf 88' lang='lat' dir='ltr'>audivisse</span> <span class='ocrx_word' id='word_1_437' title='bbox 2557 2511 2840 2570; x_wconf 79' lang='lat' dir='ltr'>dicentes:</span> <span class='ocrx_word' id='word_1_438' title='bbox 2907 2538 2926 2560; x_wconf 78' lang='grc' dir='ltr'>ι</span> <span class='ocrx_word' id='word_1_439' title='bbox 2993 2514 3243 2581; x_wconf 88' lang='lat' dir='ltr'>Sanctus,</span> <span class='ocrx_word' id='word_1_440' title='bbox 3299 2520 3544 2580; x_wconf 89' lang='lat' dir='ltr'>sanctus,</span> <span class='ocrx_word' id='word_1_441' title='bbox 3612 2522 3839 2568; x_wconf 87' lang='lat' dir='ltr'>sanctus</span> 
     </span>
    </p>
   </div>
   <div class='ocr_carea' id='block_1_56' title="bbox 2222 2602 3841 2675">
    <p class='ocr_par' dir='ltr' id='par_1_56' title="bbox 2222 2602 3841 2675">
     <span class='ocr_line' id='line_1_56' title="bbox 2222 2602 3841 2675; baseline -0.001 -16"><span class='ocrx_word' id='word_1_442' title='bbox 2222 2606 2492 2660; x_wconf 91' lang='lat' dir='ltr'>Dominus</span> <span class='ocrx_word' id='word_1_443' title='bbox 2520 2607 2664 2660; x_wconf 91' lang='lat' dir='ltr'>Deus</span> <span class='ocrx_word' id='word_1_444' title='bbox 2691 2602 2930 2660; x_wconf 84' lang='lat' dir='ltr'>Sabaoth</span> <span class='ocrx_word' id='word_1_445' title='bbox 2957 2623 2971 2671; x_wconf 90' lang='lat'>;</span> <span class='ocrx_word' id='word_1_446' title='bbox 3005 2604 3167 2675; x_wconf 91' lang='lat' dir='ltr'>plena</span> <span class='ocrx_word' id='word_1_447' title='bbox 3194 2611 3276 2659; x_wconf 86' lang='lat' dir='ltr'>est</span> <span class='ocrx_word' id='word_1_448' title='bbox 3305 2602 3486 2658; x_wconf 90' lang='lat' dir='ltr'>omnis</span> <span class='ocrx_word' id='word_1_449' title='bbox 3519 2611 3675 2658; x_wconf 88' lang='lat' dir='ltr'>terra</span> <span class='ocrx_word' id='word_1_450' title='bbox 3713 2621 3841 2658; x_wconf 85' lang='lat' dir='ltr'>ma-</span> 
     </span>
    </p>
   </div>
   <div class='ocr_carea' id='block_1_57' title="bbox 2216 2693 3838 2767">
    <p class='ocr_par' dir='ltr' id='par_1_57' title="bbox 2216 2693 3838 2767">
     <span class='ocr_line' id='line_1_57' title="bbox 2216 2693 3838 2767; baseline -0.001 -16"><span class='ocrx_word' id='word_1_451' title='bbox 2216 2695 2411 2767; x_wconf 85' lang='lat' dir='ltr'>jestate</span> <span class='ocrx_word' id='word_1_452' title='bbox 2438 2694 2556 2766; x_wconf 86' lang='lat' dir='ltr'>ejus</span> <span class='ocrx_word' id='word_1_453' title='bbox 2589 2696 2752 2766; x_wconf 83' lang='lat' dir='ltr'>(Ibid.</span> <span class='ocrx_word' id='word_1_454' title='bbox 2789 2696 2871 2765; x_wconf 89' lang='lat'>3).</span> <span class='ocrx_word' id='word_1_455' title='bbox 2903 2718 2921 2741; x_wconf 71' lang='grc' dir='ltr'><strong><em>ι</em></strong></span> <span class='ocrx_word' id='word_1_456' title='bbox 2967 2695 3037 2749; x_wconf 84' lang='lat' dir='ltr'>Et</span> <span class='ocrx_word' id='word_1_457' title='bbox 3064 2703 3209 2750; x_wconf 90' lang='lat' dir='ltr'>certe</span> <span class='ocrx_word' id='word_1_458' title='bbox 3242 2693 3518 2749; x_wconf 90' lang='lat' dir='ltr'>Dominus</span> <span class='ocrx_word' id='word_1_459' title='bbox 3565 2693 3838 2760; x_wconf 85' lang='lat' dir='ltr'>Sabaoth,</span> 
     </span>
    </p>
   </div>
   <div class='ocr_carea' id='block_1_58' title="bbox 2221 2784 3842 2857">
    <p class='ocr_par' dir='ltr' id='par_1_58' title="bbox 2221 2784 3842 2857">
     <span class='ocr_line' id='line_1_58' title="bbox 2221 2784 3842 2857; baseline 0.001 -16"><span class='ocrx_word' id='word_1_460' title='bbox 2221 2786 2310 2842; x_wconf 89' lang='lat' dir='ltr'>cui</span> <span class='ocrx_word' id='word_1_461' title='bbox 2344 2787 2460 2841; x_wconf 90' lang='lat' dir='ltr'>laus</span> <span class='ocrx_word' id='word_1_462' title='bbox 2490 2785 2605 2840; x_wconf 79' lang='lat' dir='ltr'>haec</span> <span class='ocrx_word' id='word_1_463' title='bbox 2626 2795 2679 2841; x_wconf 89' lang='lat' dir='ltr'>et</span> <span class='ocrx_word' id='word_1_464' title='bbox 2720 2784 2893 2857; x_wconf 88' lang='lat' dir='ltr'>gloria</span> <span class='ocrx_word' id='word_1_465' title='bbox 2923 2784 3192 2853; x_wconf 75' lang='lat' dir='ltr'>redditur,</span> <span class='ocrx_word' id='word_1_466' title='bbox 3224 2802 3367 2840; x_wconf 92' lang='lat' dir='ltr'>unus</span> <span class='ocrx_word' id='word_1_467' title='bbox 3396 2793 3563 2857; x_wconf 90' lang='lat' dir='ltr'>atque</span> <span class='ocrx_word' id='word_1_468' title='bbox 3597 2785 3753 2840; x_wconf 86' lang='lat' dir='ltr'>idem</span> <span class='ocrx_word' id='word_1_469' title='bbox 3783 2787 3842 2842; x_wconf 89' lang='lat' dir='ltr'>in</span> 
     </span>
    </p>
   </div>
   <div class='ocr_carea' id='block_1_59' title="bbox 2222 2876 3844 2949">
    <p class='ocr_par' dir='ltr' id='par_1_59' title="bbox 2222 2876 3844 2949">
     <span class='ocr_line' id='line_1_59' title="bbox 2222 2876 3844 2949; baseline 0.002 -18"><span class='ocrx_word' id='word_1_470' title='bbox 2222 2876 2505 2949; x_wconf 90' lang='lat' dir='ltr'>prophetis</span> <span class='ocrx_word' id='word_1_471' title='bbox 2536 2877 2870 2945; x_wconf 89' lang='lat' dir='ltr'>ostenditur,</span> <span class='ocrx_word' id='word_1_472' title='bbox 2905 2884 2958 2932; x_wconf 91' lang='lat' dir='ltr'>et</span> <span class='ocrx_word' id='word_1_473' title='bbox 3003 2877 3120 2948; x_wconf 91' lang='lat' dir='ltr'>ipse</span> <span class='ocrx_word' id='word_1_474' title='bbox 3168 2886 3249 2933; x_wconf 90' lang='lat' dir='ltr'>est</span> <span class='ocrx_word' id='word_1_475' title='bbox 3278 2877 3372 2949; x_wconf 92' lang='lat' dir='ltr'>qui</span> <span class='ocrx_word' id='word_1_476' title='bbox 3415 2878 3572 2933; x_wconf 66' lang='lat' dir='ltr'>Isaiae</span> <span class='ocrx_word' id='word_1_477' title='bbox 3615 2880 3844 2935; x_wconf 87' lang='lat' dir='ltr'>locutus</span> 
     </span>
    </p>
   </div>
   <div class='ocr_carea' id='block_1_60' title="bbox 2221 2966 3842 3042">
    <p class='ocr_par' dir='ltr' id='par_1_60' title="bbox 2221 2966 3842 3042">
     <span class='ocr_line' id='line_1_60' title="bbox 2221 2966 3842 3042; baseline 0.001 -19"><span class='ocrx_word' id='word_1_478' title='bbox 2221 2975 2301 3024; x_wconf 90' lang='lat' dir='ltr'>est</span> <span class='ocrx_word' id='word_1_479' title='bbox 2333 2967 2522 3023; x_wconf 90' lang='lat' dir='ltr'>dicens</span> <span class='ocrx_word' id='word_1_480' title='bbox 2559 2987 2570 3023; x_wconf 87' lang='lat'>:</span> <span class='ocrx_word' id='word_1_481' title='bbox 2619 2993 2638 3015; x_wconf 74' lang='grc' dir='ltr'>ι</span> <span class='ocrx_word' id='word_1_482' title='bbox 2684 2966 2856 3033; x_wconf 89' lang='lat' dir='ltr'>Quem</span> <span class='ocrx_word' id='word_1_483' title='bbox 2911 2966 3154 3034; x_wconf 88' lang='lat' dir='ltr'>mittam,</span> <span class='ocrx_word' id='word_1_484' title='bbox 3187 2975 3240 3021; x_wconf 90' lang='lat' dir='ltr'>et</span> <span class='ocrx_word' id='word_1_485' title='bbox 3270 2967 3392 3038; x_wconf 90' lang='lat' dir='ltr'>quis</span> <span class='ocrx_word' id='word_1_486' title='bbox 3422 2966 3530 3022; x_wconf 90' lang='lat' dir='ltr'>ibit</span> <span class='ocrx_word' id='word_1_487' title='bbox 3558 2968 3634 3022; x_wconf 88' lang='lat' dir='ltr'>ad</span> <span class='ocrx_word' id='word_1_488' title='bbox 3664 2986 3842 3042; x_wconf 81' lang='lat' dir='ltr'>popu-</span> 
     </span>
    </p>
   </div>
   <div class='ocr_carea' id='block_1_61' title="bbox 2222 3055 3842 3130">
    <p class='ocr_par' dir='ltr' id='par_1_61' title="bbox 2222 3055 3842 3130">
     <span class='ocr_line' id='line_1_61' title="bbox 2222 3055 3842 3130; baseline 0.001 -18"><span class='ocrx_word' id='word_1_489' title='bbox 2222 3059 2337 3112; x_wconf 91' lang='lat' dir='ltr'>lum</span> <span class='ocrx_word' id='word_1_490' title='bbox 2368 3057 2578 3112; x_wconf 74' lang='lat' dir='ltr'>istum?</span> <span class='ocrx_word' id='word_1_491' title='bbox 2609 3081 2625 3103; x_wconf 77' lang='grc' dir='ltr'><strong><em>ι</em></strong></span> <span class='ocrx_word' id='word_1_492' title='bbox 2668 3057 2740 3112; x_wconf 91' lang='lat' dir='ltr'>Et</span> <span class='ocrx_word' id='word_1_493' title='bbox 2768 3072 2895 3112; x_wconf 90' lang='lat' dir='ltr'>cum</span> <span class='ocrx_word' id='word_1_494' title='bbox 2927 3073 3071 3110; x_wconf 89' lang='lat' dir='ltr'>unus</span> <span class='ocrx_word' id='word_1_495' title='bbox 3105 3065 3268 3127; x_wconf 91' lang='lat' dir='ltr'>atque</span> <span class='ocrx_word' id='word_1_496' title='bbox 3302 3055 3446 3112; x_wconf 92' lang='lat' dir='ltr'>idem</span> <span class='ocrx_word' id='word_1_497' title='bbox 3483 3057 3543 3111; x_wconf 92' lang='lat' dir='ltr'>in</span> <span class='ocrx_word' id='word_1_498' title='bbox 3583 3059 3842 3130; x_wconf 82' lang='lat' dir='ltr'>prophe-</span> 
     </span>
    </p>
   </div>
   <div class='ocr_carea' id='block_1_62' title="bbox 586 3146 3840 3232">
    <p class='ocr_par' dir='ltr' id='par_1_62' title="bbox 586 3146 3840 3232">
     <span class='ocr_line' id='line_1_62' title="bbox 586 3146 3840 3232; baseline -0.004 -15"><span class='ocrx_word' id='word_1_499' title='bbox 586 3160 858 3218; x_wconf 88' lang='lat' dir='ltr'>Nativitas</span> <span class='ocrx_word' id='word_1_500' title='bbox 887 3175 1104 3232; x_wconf 89' lang='lat' dir='ltr'>quoque</span> <span class='ocrx_word' id='word_1_501' title='bbox 1152 3157 1324 3230; x_wconf 90' lang='lat' dir='ltr'>ipsius</span> <span class='ocrx_word' id='word_1_502' title='bbox 1372 3156 1594 3212; x_wconf 93' lang='lat' dir='ltr'>Domini</span> <span class='ocrx_word' id='word_1_503' title='bbox 1640 3156 1767 3212; x_wconf 86' lang='lat' dir='ltr'>Jesu</span> <span class='ocrx_word' id='word_1_504' title='bbox 1801 3156 2104 3211; x_wconf 91' lang='lat' dir='ltr'>secundum</span> <span class='ocrx_word' id='word_1_505' title='bbox 2139 3170 2183 3229; x_wconf 70' lang='grc' dir='ltr'><strong>ρ</strong></span> <span class='ocrx_word' id='word_1_506' title='bbox 2220 3148 2289 3202; x_wconf 70' lang='lat' dir='ltr'>lis</span> <span class='ocrx_word' id='word_1_507' title='bbox 2327 3146 2688 3218; x_wconf 82' lang='lat' dir='ltr'>signiﬁcetur,</span> <span class='ocrx_word' id='word_1_508' title='bbox 2720 3146 2787 3201; x_wconf 91' lang='lat' dir='ltr'>ab</span> <span class='ocrx_word' id='word_1_509' title='bbox 2842 3146 3105 3218; x_wconf 88' lang='lat' dir='ltr'>apostolis</span> <span class='ocrx_word' id='word_1_510' title='bbox 3154 3153 3338 3202; x_wconf 90' lang='lat' dir='ltr'>tamen</span> <span class='ocrx_word' id='word_1_511' title='bbox 3379 3154 3432 3202; x_wconf 89' lang='lat' dir='ltr'>et</span> <span class='ocrx_word' id='word_1_512' title='bbox 3465 3147 3533 3201; x_wconf 88' lang='lat' dir='ltr'>ab</span> <span class='ocrx_word' id='word_1_513' title='bbox 3582 3149 3840 3206; x_wconf 81' lang='lat' dir='ltr'>Ecclesia</span> 
     </span>
    </p>
   </div>
   <div class='ocr_carea' id='block_1_63' title="bbox 514 3245 2107 3321">
    <p class='ocr_par' dir='ltr' id='par_1_63' title="bbox 514 3245 2107 3321">
     <span class='ocr_line' id='line_1_63' title="bbox 514 3245 2107 3321; baseline -0.006 -11"><span class='ocrx_word' id='word_1_514' title='bbox 514 3267 731 3310; x_wconf 91' lang='lat' dir='ltr'>carnem</span> <span class='ocrx_word' id='word_1_515' title='bbox 775 3266 958 3306; x_wconf 91' lang='lat' dir='ltr'>nonne</span> <span class='ocrx_word' id='word_1_516' title='bbox 1007 3265 1102 3321; x_wconf 92' lang='lat' dir='ltr'>per</span> <span class='ocrx_word' id='word_1_517' title='bbox 1137 3247 1404 3319; x_wconf 90' lang='lat' dir='ltr'>Spiritum</span> <span class='ocrx_word' id='word_1_518' title='bbox 1436 3254 1686 3302; x_wconf 91' lang='lat' dir='ltr'>sanctum</span> <span class='ocrx_word' id='word_1_519' title='bbox 1737 3245 1882 3301; x_wconf 92' lang='lat' dir='ltr'>facta</span> <span class='ocrx_word' id='word_1_520' title='bbox 1915 3246 2107 3318; x_wconf 79' lang='lat' dir='ltr'>praedi-</span> 
     </span>
    </p>
   </div>
   <div class='ocr_carea' id='block_1_64' title="bbox 514 3333 2110 3412">
    <p class='ocr_par' dir='ltr' id='par_1_64' title="bbox 514 3333 2110 3412">
     <span class='ocr_line' id='line_1_64' title="bbox 514 3333 2110 3412; baseline -0.006 -13"><span class='ocrx_word' id='word_1_521' title='bbox 514 3350 688 3410; x_wconf 89' lang='lat' dir='ltr'>catur,</span> <span class='ocrx_word' id='word_1_522' title='bbox 719 3339 1126 3412; x_wconf 87' lang='lat' dir='ltr'>evangelizante</span> <span class='ocrx_word' id='word_1_523' title='bbox 1157 3337 1409 3393; x_wconf 90' lang='lat' dir='ltr'>Gabriele</span> <span class='ocrx_word' id='word_1_524' title='bbox 1455 3337 1646 3408; x_wconf 83' lang='lat' dir='ltr'>angelo</span> <span class='ocrx_word' id='word_1_525' title='bbox 1683 3333 1887 3403; x_wconf 62' lang='lat' dir='ltr'>Mariae,</span> <span class='ocrx_word' id='word_1_526' title='bbox 1931 3343 1982 3390; x_wconf 90' lang='lat' dir='ltr'>et</span> <span class='ocrx_word' id='word_1_527' title='bbox 2015 3335 2110 3390; x_wconf 91' lang='lat' dir='ltr'>di-</span> 
     </span>
    </p>
   </div>
   <div class='ocr_carea' id='block_1_65' title="bbox 513 3425 2112 3501">
    <p class='ocr_par' dir='ltr' id='par_1_65' title="bbox 513 3425 2112 3501">
     <span class='ocr_line' id='line_1_65' title="bbox 513 3425 2112 3501; baseline -0.004 -14"><span class='ocrx_word' id='word_1_528' title='bbox 513 3439 668 3488; x_wconf 92' lang='lat' dir='ltr'>cente</span> <span class='ocrx_word' id='word_1_529' title='bbox 701 3449 714 3487; x_wconf 92' lang='lat'>:</span> <span class='ocrx_word' id='word_1_530' title='bbox 757 3453 775 3476; x_wconf 84' lang='grc'><strong><em>‹</em></strong></span> <span class='ocrx_word' id='word_1_531' title='bbox 802 3429 1040 3501; x_wconf 90' lang='lat' dir='ltr'>Spiritus</span> <span class='ocrx_word' id='word_1_532' title='bbox 1061 3437 1280 3484; x_wconf 92' lang='lat' dir='ltr'>sanctus</span> <span class='ocrx_word' id='word_1_533' title='bbox 1302 3427 1650 3499; x_wconf 91' lang='lat' dir='ltr'>superveniet</span> <span class='ocrx_word' id='word_1_534' title='bbox 1672 3425 1729 3479; x_wconf 90' lang='lat' dir='ltr'>in</span> <span class='ocrx_word' id='word_1_535' title='bbox 1757 3434 1828 3493; x_wconf 90' lang='lat' dir='ltr'>te,</span> <span class='ocrx_word' id='word_1_536' title='bbox 1853 3434 1906 3480; x_wconf 90' lang='lat' dir='ltr'>et</span> <span class='ocrx_word' id='word_1_537' title='bbox 1934 3425 2112 3480; x_wconf 86' lang='lat' dir='ltr'>virtus</span> 
     </span>
    </p>
   </div>
   <div class='ocr_carea' id='block_1_66' title="bbox 513 3513 2109 3586">
    <p class='ocr_par' dir='ltr' id='par_1_66' title="bbox 513 3513 2109 3586">
     <span class='ocr_line' id='line_1_66' title="bbox 513 3513 2109 3586; baseline -0.004 -13"><span class='ocrx_word' id='word_1_538' title='bbox 513 3518 787 3574; x_wconf 85' lang='lat' dir='ltr'>Altissimi</span> <span class='ocrx_word' id='word_1_539' title='bbox 815 3517 1166 3572; x_wconf 87' lang='lat' dir='ltr'>obumbrabit</span> <span class='ocrx_word' id='word_1_540' title='bbox 1197 3516 1295 3570; x_wconf 93' lang='lat' dir='ltr'>tibi</span> <span class='ocrx_word' id='word_1_541' title='bbox 1328 3516 1481 3586; x_wconf 80' lang='lat' dir='ltr'>(Luc.</span> <span class='ocrx_word' id='word_1_542' title='bbox 1516 3531 1553 3582; x_wconf 77' lang='grc' dir='ltr'>ι,</span> <span class='ocrx_word' id='word_1_543' title='bbox 1586 3514 1676 3583; x_wconf 81' lang='grc'>35)</span> <span class='ocrx_word' id='word_1_544' title='bbox 1706 3514 1734 3568; x_wconf 69' lang='grc' dir='ltr'><strong>Ῡ</strong></span> <span class='ocrx_word' id='word_1_545' title='bbox 1762 3537 1780 3560; x_wconf 74' lang='grc' dir='ltr'><strong><em>ι</em></strong></span> <span class='ocrx_word' id='word_1_546' title='bbox 1825 3521 1878 3568; x_wconf 91' lang='lat' dir='ltr'>et</span> <span class='ocrx_word' id='word_1_547' title='bbox 1908 3513 2109 3567; x_wconf 92' lang='lat' dir='ltr'>iterum</span> 
     </span>
    </p>
   </div>
   <div class='ocr_carea' id='block_1_67' title="bbox 515 3601 2110 3677">
    <p class='ocr_par' dir='ltr' id='par_1_67' title="bbox 515 3601 2110 3677">
     <span class='ocr_line' id='line_1_67' title="bbox 515 3601 2110 3677; baseline -0.003 -17"><span class='ocrx_word' id='word_1_548' title='bbox 515 3605 713 3677; x_wconf 89' lang='lat' dir='ltr'>Joseph</span> <span class='ocrx_word' id='word_1_549' title='bbox 741 3606 966 3675; x_wconf 85' lang='lat' dir='ltr'>angelus</span> <span class='ocrx_word' id='word_1_550' title='bbox 987 3603 1045 3658; x_wconf 92' lang='lat' dir='ltr'>in</span> <span class='ocrx_word' id='word_1_551' title='bbox 1076 3603 1284 3658; x_wconf 90' lang='lat' dir='ltr'>somnis</span> <span class='ocrx_word' id='word_1_552' title='bbox 1313 3611 1554 3672; x_wconf 91' lang='lat' dir='ltr'>apparet,</span> <span class='ocrx_word' id='word_1_553' title='bbox 1587 3601 1774 3656; x_wconf 91' lang='lat' dir='ltr'>dicens</span> <span class='ocrx_word' id='word_1_554' title='bbox 1806 3619 1817 3657; x_wconf 93' lang='lat'>:</span> <span class='ocrx_word' id='word_1_555' title='bbox 1865 3626 1882 3647; x_wconf 75' lang='grc' dir='ltr'>ι</span> <span class='ocrx_word' id='word_1_556' title='bbox 1911 3602 2110 3674; x_wconf 85' lang='lat' dir='ltr'>Joseph</span> 
     </span>
    </p>
   </div>
   <div class='ocr_carea' id='block_1_68' title="bbox 517 3689 2113 3760">
    <p class='ocr_par' dir='ltr' id='par_1_68' title="bbox 517 3689 2113 3760">
     <span class='ocr_line' id='line_1_68' title="bbox 517 3689 2113 3760; baseline -0.002 -14"><span class='ocrx_word' id='word_1_557' title='bbox 517 3692 598 3746; x_wconf 84' lang='lat' dir='ltr'>ﬁli</span> <span class='ocrx_word' id='word_1_558' title='bbox 645 3691 845 3758; x_wconf 84' lang='lat' dir='ltr'>David,</span> <span class='ocrx_word' id='word_1_559' title='bbox 876 3706 944 3745; x_wconf 92' lang='lat' dir='ltr'>ne</span> <span class='ocrx_word' id='word_1_560' title='bbox 995 3689 1243 3744; x_wconf 89' lang='lat' dir='ltr'>timueris</span> <span class='ocrx_word' id='word_1_561' title='bbox 1292 3689 1537 3759; x_wconf 90' lang='lat' dir='ltr'>accipere</span> <span class='ocrx_word' id='word_1_562' title='bbox 1567 3689 1793 3744; x_wconf 90' lang='lat' dir='ltr'>Mariam</span> <span class='ocrx_word' id='word_1_563' title='bbox 1825 3689 2113 3760; x_wconf 84' lang='lat' dir='ltr'>conjugem</span> 
     </span>
    </p>
   </div>
   <div class='ocr_carea' id='block_1_69' title="bbox 519 3776 2114 3851">
    <p class='ocr_par' dir='ltr' id='par_1_69' title="bbox 519 3776 2114 3851">
     <span class='ocr_line' id='line_1_69' title="bbox 519 3776 2114 3851; baseline -0.003 -16"><span class='ocrx_word' id='word_1_564' title='bbox 519 3787 671 3835; x_wconf 89' lang='lat' dir='ltr'>tuam</span> <span class='ocrx_word' id='word_1_565' title='bbox 708 3796 721 3834; x_wconf 95' lang='lat'>:</span> <span class='ocrx_word' id='word_1_566' title='bbox 755 3777 903 3851; x_wconf 92' lang='lat' dir='ltr'>quod</span> <span class='ocrx_word' id='word_1_567' title='bbox 950 3777 1097 3832; x_wconf 90' lang='lat' dir='ltr'>enim</span> <span class='ocrx_word' id='word_1_568' title='bbox 1147 3777 1205 3831; x_wconf 91' lang='lat' dir='ltr'>in</span> <span class='ocrx_word' id='word_1_569' title='bbox 1236 3793 1296 3832; x_wconf 91' lang='lat' dir='ltr'>ea</span> <span class='ocrx_word' id='word_1_570' title='bbox 1327 3783 1642 3848; x_wconf 85' lang='lat' dir='ltr'>generatum</span> <span class='ocrx_word' id='word_1_571' title='bbox 1673 3785 1772 3843; x_wconf 93' lang='lat' dir='ltr'>est,</span> <span class='ocrx_word' id='word_1_572' title='bbox 1807 3776 1872 3832; x_wconf 92' lang='lat' dir='ltr'>de</span> <span class='ocrx_word' id='word_1_573' title='bbox 1904 3777 2114 3847; x_wconf 87' lang='lat' dir='ltr'>Spiritu</span> 
     </span>
    </p>
   </div>
   <div class='ocr_carea' id='block_1_70' title="bbox 521 3863 2115 3938">
    <p class='ocr_par' dir='ltr' id='par_1_70' title="bbox 521 3863 2115 3938">
     <span class='ocr_line' id='line_1_70' title="bbox 521 3863 2115 3938; baseline -0.003 -14"><span class='ocrx_word' id='word_1_574' title='bbox 521 3877 709 3925; x_wconf 89' lang='lat' dir='ltr'>sancto</span> <span class='ocrx_word' id='word_1_575' title='bbox 737 3874 819 3923; x_wconf 88' lang='lat' dir='ltr'>est</span> <span class='ocrx_word' id='word_1_576' title='bbox 849 3867 1060 3937; x_wconf 82' lang='lat' dir='ltr'>(Matth.</span> <span class='ocrx_word' id='word_1_577' title='bbox 1093 3883 1132 3933; x_wconf 78' lang='grc' dir='ltr'>ι,</span> <span class='ocrx_word' id='word_1_578' title='bbox 1162 3865 1253 3938; x_wconf 80' lang='grc'>20)</span> <span class='ocrx_word' id='word_1_579' title='bbox 1280 3865 1308 3921; x_wconf 71' lang='grc' dir='ltr'>Ῡ</span> <span class='ocrx_word' id='word_1_580' title='bbox 1337 3889 1355 3912; x_wconf 75' lang='grc' dir='ltr'>ι</span> <span class='ocrx_word' id='word_1_581' title='bbox 1399 3871 1453 3919; x_wconf 92' lang='lat' dir='ltr'>et</span> <span class='ocrx_word' id='word_1_582' title='bbox 1482 3863 1612 3920; x_wconf 90' lang='lat' dir='ltr'>inde</span> <span class='ocrx_word' id='word_1_583' title='bbox 1658 3864 2005 3936; x_wconf 90' lang='lat' dir='ltr'>perspicuum</span> <span class='ocrx_word' id='word_1_584' title='bbox 2033 3872 2115 3920; x_wconf 91' lang='lat' dir='ltr'>est</span> 
     </span>
    </p>
   </div>
   <div class='ocr_carea' id='block_1_71' title="bbox 523 3954 2109 4031">
    <p class='ocr_par' dir='ltr' id='par_1_71' title="bbox 523 3954 2109 4031">
     <span class='ocr_line' id='line_1_71' title="bbox 523 3954 2109 4031; baseline -0.003 -17"><span class='ocrx_word' id='word_1_585' title='bbox 523 3958 654 4031; x_wconf 89' lang='lat' dir='ltr'>quia</span> <span class='ocrx_word' id='word_1_586' title='bbox 680 3957 868 4013; x_wconf 90' lang='lat' dir='ltr'>omnia</span> <span class='ocrx_word' id='word_1_587' title='bbox 895 3963 949 4012; x_wconf 91' lang='lat' dir='ltr'>et</span> <span class='ocrx_word' id='word_1_588' title='bbox 978 3957 1035 4011; x_wconf 91' lang='lat' dir='ltr'>in</span> <span class='ocrx_word' id='word_1_589' title='bbox 1065 3954 1325 4011; x_wconf 91' lang='lat' dir='ltr'>omnibus</span> <span class='ocrx_word' id='word_1_590' title='bbox 1355 3954 1471 4026; x_wconf 89' lang='lat' dir='ltr'>ipse</span> <span class='ocrx_word' id='word_1_591' title='bbox 1510 3963 1766 4026; x_wconf 88' lang='lat' dir='ltr'>operatur</span> <span class='ocrx_word' id='word_1_592' title='bbox 1795 3961 1848 4009; x_wconf 92' lang='lat' dir='ltr'>et</span> <span class='ocrx_word' id='word_1_593' title='bbox 1876 3954 2109 4025; x_wconf 90' lang='lat' dir='ltr'>perﬁcit.</span> 
     </span>
    </p>
   </div>
   <div class='ocr_carea' id='block_1_72' title="bbox 594 4043 2114 4120">
    <p class='ocr_par' dir='ltr' id='par_1_72' title="bbox 594 4043 2114 4120">
     <span class='ocr_line' id='line_1_72' title="bbox 594 4043 2114 4120; baseline -0.004 -16"><span class='ocrx_word' id='word_1_594' title='bbox 594 4048 699 4104; x_wconf 92' lang='lat' dir='ltr'>Sed</span> <span class='ocrx_word' id='word_1_595' title='bbox 726 4046 883 4104; x_wconf 87' lang='lat' dir='ltr'>aiunt</span> <span class='ocrx_word' id='word_1_596' title='bbox 914 4046 1137 4120; x_wconf 90' lang='lat' dir='ltr'>quidam</span> <span class='ocrx_word' id='word_1_597' title='bbox 1171 4063 1183 4100; x_wconf 91' lang='lat'>:</span> <span class='ocrx_word' id='word_1_598' title='bbox 1218 4045 1418 4100; x_wconf 89' lang='lat' dir='ltr'>Omnia</span> <span class='ocrx_word' id='word_1_599' title='bbox 1455 4044 1678 4116; x_wconf 91' lang='lat' dir='ltr'>quidem</span> <span class='ocrx_word' id='word_1_600' title='bbox 1709 4043 1902 4100; x_wconf 86' lang='lat' dir='ltr'>divina</span> <span class='ocrx_word' id='word_1_601' title='bbox 1929 4059 2114 4115; x_wconf 84' lang='lat' dir='ltr'>cpera-</span> 
     </span>
    </p>
   </div>
   <div class='ocr_carea' id='block_1_73' title="bbox 521 4132 2113 4207">
    <p class='ocr_par' dir='ltr' id='par_1_73' title="bbox 521 4132 2113 4207">
     <span class='ocr_line' id='line_1_73' title="bbox 521 4132 2113 4207; baseline -0.004 -13"><span class='ocrx_word' id='word_1_602' title='bbox 521 4147 634 4206; x_wconf 88' lang='lat' dir='ltr'>tur,</span> <span class='ocrx_word' id='word_1_603' title='bbox 679 4147 734 4194; x_wconf 91' lang='lat' dir='ltr'>et</span> <span class='ocrx_word' id='word_1_604' title='bbox 787 4137 856 4192; x_wconf 93' lang='lat' dir='ltr'>de</span> <span class='ocrx_word' id='word_1_605' title='bbox 912 4135 1169 4207; x_wconf 88' lang='lat' dir='ltr'>operibus</span> <span class='ocrx_word' id='word_1_606' title='bbox 1222 4135 1367 4189; x_wconf 91' lang='lat' dir='ltr'>Deus</span> <span class='ocrx_word' id='word_1_607' title='bbox 1429 4132 1763 4204; x_wconf 90' lang='lat' dir='ltr'>intelligitur</span> <span class='ocrx_word' id='word_1_608' title='bbox 1821 4151 1834 4189; x_wconf 95' lang='lat'>:</span> <span class='ocrx_word' id='word_1_609' title='bbox 1891 4133 1986 4188; x_wconf 91' lang='lat' dir='ltr'>sed</span> <span class='ocrx_word' id='word_1_610' title='bbox 2033 4133 2113 4187; x_wconf 91' lang='lat' dir='ltr'>ni-</span> 
     </span>
    </p>
   </div>
   <div class='ocr_carea' id='block_1_74' title="bbox 524 4221 2110 4293">
    <p class='ocr_par' dir='ltr' id='par_1_74' title="bbox 524 4221 2110 4293">
     <span class='ocr_line' id='line_1_74' title="bbox 524 4221 2110 4293; baseline -0.004 -11"><span class='ocrx_word' id='word_1_611' title='bbox 524 4226 604 4282; x_wconf 90' lang='lat' dir='ltr'>hil</span> <span class='ocrx_word' id='word_1_612' title='bbox 687 4233 869 4282; x_wconf 90' lang='lat' dir='ltr'>tamen</span> <span class='ocrx_word' id='word_1_613' title='bbox 929 4240 1029 4280; x_wconf 90' lang='lat' dir='ltr'>sua</span> <span class='ocrx_word' id='word_1_614' title='bbox 1111 4222 1434 4279; x_wconf 87' lang='lat' dir='ltr'>auctoritate</span> <span class='ocrx_word' id='word_1_615' title='bbox 1524 4221 1786 4293; x_wconf 88' lang='lat' dir='ltr'>probatur</span> <span class='ocrx_word' id='word_1_616' title='bbox 1861 4222 2110 4293; x_wconf 91' lang='lat' dir='ltr'>operari;</span> 
     </span>
    </p>
   </div>
   <div class='ocr_carea' id='block_1_75' title="bbox 525 4313 2112 4388">
    <p class='ocr_par' dir='ltr' id='par_1_75' title="bbox 525 4313 2112 4388">
     <span class='ocr_line' id='line_1_75' title="bbox 525 4313 2112 4388; baseline -0.001 -17"><span class='ocrx_word' id='word_1_617' title='bbox 525 4315 654 4388; x_wconf 90' lang='lat' dir='ltr'>quia</span> <span class='ocrx_word' id='word_1_618' title='bbox 705 4316 891 4371; x_wconf 92' lang='lat' dir='ltr'>omnia</span> <span class='ocrx_word' id='word_1_619' title='bbox 935 4315 1032 4386; x_wconf 84' lang='lat' dir='ltr'>per</span> <span class='ocrx_word' id='word_1_620' title='bbox 1077 4331 1202 4370; x_wconf 92' lang='lat' dir='ltr'>eum</span> <span class='ocrx_word' id='word_1_621' title='bbox 1240 4316 1386 4370; x_wconf 89' lang='lat' dir='ltr'>Deus</span> <span class='ocrx_word' id='word_1_622' title='bbox 1431 4321 1686 4384; x_wconf 88' lang='lat' dir='ltr'>operatur</span> <span class='ocrx_word' id='word_1_623' title='bbox 1725 4320 1780 4367; x_wconf 91' lang='lat' dir='ltr'>et</span> <span class='ocrx_word' id='word_1_624' title='bbox 1822 4313 2112 4369; x_wconf 87' lang='lat' dir='ltr'>Dominus.</span> 
     </span>
    </p>
   </div>
   <div class='ocr_carea' id='block_1_76' title="bbox 525 4400 2114 4476">
    <p class='ocr_par' dir='ltr' id='par_1_76' title="bbox 525 4400 2114 4476">
     <span class='ocr_line' id='line_1_76' title="bbox 525 4400 2114 4476; baseline -0.001 -18"><span class='ocrx_word' id='word_1_625' title='bbox 525 4404 642 4458; x_wconf 82' lang='lat' dir='ltr'>1am</span> <span class='ocrx_word' id='word_1_626' title='bbox 688 4403 908 4476; x_wconf 90' lang='lat' dir='ltr'>quidem</span> <span class='ocrx_word' id='word_1_627' title='bbox 953 4402 1020 4458; x_wconf 89' lang='lat' dir='ltr'>de</span> <span class='ocrx_word' id='word_1_628' title='bbox 1063 4401 1386 4458; x_wconf 90' lang='lat' dir='ltr'>auctoritate</span> <span class='ocrx_word' id='word_1_629' title='bbox 1415 4400 1534 4472; x_wconf 91' lang='lat' dir='ltr'>ejus</span> <span class='ocrx_word' id='word_1_630' title='bbox 1561 4402 1692 4457; x_wconf 91' lang='lat' dir='ltr'>satis</span> <span class='ocrx_word' id='word_1_631' title='bbox 1721 4409 1954 4469; x_wconf 90' lang='lat' dir='ltr'>constat,</span> <span class='ocrx_word' id='word_1_632' title='bbox 1989 4419 2114 4458; x_wconf 92' lang='lat' dir='ltr'>cum</span> 
     </span>
    </p>
   </div>
   <div class='ocr_carea' id='block_1_77' title="bbox 2220 3235 3842 3309">
    <p class='ocr_par' dir='ltr' id='par_1_77' title="bbox 2220 3235 3842 3309">
     <span class='ocr_line' id='line_1_77' title="bbox 2220 3235 3842 3309; baseline 0.001 -19"><span class='ocrx_word' id='word_1_633' title='bbox 2220 3235 2460 3290; x_wconf 90' lang='lat' dir='ltr'>Trinitas</span> <span class='ocrx_word' id='word_1_634' title='bbox 2504 3235 2856 3306; x_wconf 85' lang='lat' dir='ltr'>intelligitur.</span> <span class='ocrx_word' id='word_1_635' title='bbox 2892 3235 3044 3290; x_wconf 90' lang='lat' dir='ltr'>Unde</span> <span class='ocrx_word' id='word_1_636' title='bbox 3095 3236 3260 3291; x_wconf 89' lang='lat' dir='ltr'>etiam</span> <span class='ocrx_word' id='word_1_637' title='bbox 3313 3241 3551 3290; x_wconf 90' lang='lat' dir='ltr'>tractum</span> <span class='ocrx_word' id='word_1_638' title='bbox 3609 3244 3694 3292; x_wconf 86' lang='lat' dir='ltr'>est</span> <span class='ocrx_word' id='word_1_639' title='bbox 3745 3253 3842 3309; x_wconf 87' lang='lat' dir='ltr'>per</span> 
     </span>
    </p>
   </div>
   <div class='ocr_carea' id='block_1_78' title="bbox 2221 3325 3840 3392">
    <p class='ocr_par' dir='ltr' id='par_1_78' title="bbox 2221 3325 3840 3392">
     <span class='ocr_line' id='line_1_78' title="bbox 2221 3325 3840 3392; baseline 0.002 -13"><span class='ocrx_word' id='word_1_640' title='bbox 2221 3341 2411 3380; x_wconf 86' lang='lat' dir='ltr'>omnes</span> <span class='ocrx_word' id='word_1_641' title='bbox 2451 3325 2562 3380; x_wconf 84' lang='lat' dir='ltr'>fere</span> <span class='ocrx_word' id='word_1_642' title='bbox 2612 3325 2905 3380; x_wconf 89' lang='lat' dir='ltr'>orientales</span> <span class='ocrx_word' id='word_1_643' title='bbox 2940 3325 3238 3392; x_wconf 86' lang='lat' dir='ltr'>Ecclesias,</span> <span class='ocrx_word' id='word_1_644' title='bbox 3271 3334 3325 3381; x_wconf 88' lang='lat' dir='ltr'>et</span> <span class='ocrx_word' id='word_1_645' title='bbox 3354 3326 3666 3381; x_wconf 87' lang='lat' dir='ltr'>nonnullas</span> <span class='ocrx_word' id='word_1_646' title='bbox 3696 3327 3840 3382; x_wconf 82' lang='lat' dir='ltr'>occi-</span> 
     </span>
    </p>
   </div>
   <div class='ocr_carea' id='block_1_79' title="bbox 2221 3413 3840 3488">
    <p class='ocr_par' dir='ltr' id='par_1_79' title="bbox 2221 3413 3840 3488">
     <span class='ocr_line' id='line_1_79' title="bbox 2221 3413 3840 3488; baseline 0.002 -18"><span class='ocrx_word' id='word_1_647' title='bbox 2221 3414 2486 3480; x_wconf 87' lang='lat' dir='ltr'>dentales,</span> <span class='ocrx_word' id='word_1_648' title='bbox 2521 3421 2581 3469; x_wconf 90' lang='lat' dir='ltr'>ut</span> <span class='ocrx_word' id='word_1_649' title='bbox 2611 3414 2669 3468; x_wconf 89' lang='lat' dir='ltr'>in</span> <span class='ocrx_word' id='word_1_650' title='bbox 2700 3413 3074 3469; x_wconf 86' lang='lat' dir='ltr'>oblationibus</span> <span class='ocrx_word' id='word_1_651' title='bbox 3104 3413 3529 3482; x_wconf 90' lang='lat' dir='ltr'>sacriﬁciorum,</span> <span class='ocrx_word' id='word_1_652' title='bbox 3561 3432 3693 3488; x_wconf 76' lang='lat' dir='ltr'>quae</span> <span class='ocrx_word' id='word_1_653' title='bbox 3728 3419 3840 3473; x_wconf 85' lang='lat' dir='ltr'>Deo</span> 
     </span>
    </p>
   </div>
   <div class='ocr_carea' id='block_1_80' title="bbox 2225 3502 3841 3576">
    <p class='ocr_par' dir='ltr' id='par_1_80' title="bbox 2225 3502 3841 3576">
     <span class='ocr_line' id='line_1_80' title="bbox 2225 3502 3841 3576; baseline 0.001 -18"><span class='ocrx_word' id='word_1_654' title='bbox 2225 3504 2372 3559; x_wconf 88' lang='lat' dir='ltr'>Patri</span> <span class='ocrx_word' id='word_1_655' title='bbox 2404 3504 2732 3572; x_wconf 72' lang='lat' dir='ltr'>offeruntur,</span> <span class='ocrx_word' id='word_1_656' title='bbox 2766 3520 2877 3559; x_wconf 91' lang='lat' dir='ltr'>una</span> <span class='ocrx_word' id='word_1_657' title='bbox 2925 3520 3051 3558; x_wconf 89' lang='lat' dir='ltr'>cum</span> <span class='ocrx_word' id='word_1_658' title='bbox 3099 3502 3378 3559; x_wconf 89' lang='lat' dir='ltr'>sacerdote</span> <span class='ocrx_word' id='word_1_659' title='bbox 3422 3519 3557 3560; x_wconf 77' lang='lat' dir='ltr'>voce</span> <span class='ocrx_word' id='word_1_660' title='bbox 3596 3505 3841 3576; x_wconf 77' lang='lat' dir='ltr'>papulas</span> 
     </span>
    </p>
   </div>
   <div class='ocr_carea' id='block_1_81' title="bbox 2223 3593 3841 3664">
    <p class='ocr_par' dir='ltr' id='par_1_81' title="bbox 2223 3593 3841 3664">
     <span class='ocr_line' id='line_1_81' title="bbox 2223 3593 3841 3664; baseline 0.004 -18"><span class='ocrx_word' id='word_1_661' title='bbox 2223 3600 2432 3662; x_wconf 89' lang='lat' dir='ltr'>utatur,</span> <span class='ocrx_word' id='word_1_662' title='bbox 2465 3593 2522 3649; x_wconf 93' lang='lat' dir='ltr'>id</span> <span class='ocrx_word' id='word_1_663' title='bbox 2561 3601 2662 3662; x_wconf 92' lang='lat' dir='ltr'>est,</span> <span class='ocrx_word' id='word_1_664' title='bbox 2710 3621 2728 3642; x_wconf 74' lang='grc' dir='ltr'>ι</span> <span class='ocrx_word' id='word_1_665' title='bbox 2757 3594 3006 3664; x_wconf 88' lang='lat' dir='ltr'>Sanctus,</span> <span class='ocrx_word' id='word_1_666' title='bbox 3031 3603 3272 3664; x_wconf 90' lang='lat' dir='ltr'>sanctus,</span> <span class='ocrx_word' id='word_1_667' title='bbox 3306 3604 3528 3651; x_wconf 90' lang='lat' dir='ltr'>sanctus</span> <span class='ocrx_word' id='word_1_668' title='bbox 3554 3597 3841 3653; x_wconf 88' lang='lat' dir='ltr'>Dominus</span> 
     </span>
    </p>
   </div>
   <div class='ocr_carea' id='block_1_82' title="bbox 2223 3683 3840 3757">
    <p class='ocr_par' dir='ltr' id='par_1_82' title="bbox 2223 3683 3840 3757">
     <span class='ocr_line' id='line_1_82' title="bbox 2223 3683 3840 3757; baseline 0.004 -21"><span class='ocrx_word' id='word_1_669' title='bbox 2223 3683 2370 3737; x_wconf 92' lang='lat' dir='ltr'>Deus</span> <span class='ocrx_word' id='word_1_670' title='bbox 2417 3683 2702 3739; x_wconf 88' lang='lat' dir='ltr'>Sabaoth:</span> <span class='ocrx_word' id='word_1_671' title='bbox 2760 3684 2920 3756; x_wconf 89' lang='lat' dir='ltr'>plena</span> <span class='ocrx_word' id='word_1_672' title='bbox 2965 3692 3047 3738; x_wconf 90' lang='lat' dir='ltr'>est</span> <span class='ocrx_word' id='word_1_673' title='bbox 3103 3685 3288 3740; x_wconf 89' lang='lat' dir='ltr'>omnis</span> <span class='ocrx_word' id='word_1_674' title='bbox 3341 3692 3490 3740; x_wconf 89' lang='lat' dir='ltr'>terra</span> <span class='ocrx_word' id='word_1_675' title='bbox 3547 3684 3840 3757; x_wconf 85' lang='lat' dir='ltr'>majestate</span> 
     </span>
    </p>
   </div>
   <div class='ocr_carea' id='block_1_83' title="bbox 2222 3768 3839 3845">
    <p class='ocr_par' dir='ltr' id='par_1_83' title="bbox 2222 3768 3839 3845">
     <span class='ocr_line' id='line_1_83' title="bbox 2222 3768 3839 3845; baseline 0.003 -20"><span class='ocrx_word' id='word_1_676' title='bbox 2222 3768 2357 3840; x_wconf 91' lang='lat' dir='ltr'>ejus.</span> <span class='ocrx_word' id='word_1_677' title='bbox 2389 3796 2406 3819; x_wconf 76' lang='grc' dir='ltr'><strong><em>ι</em></strong></span> <span class='ocrx_word' id='word_1_678' title='bbox 2451 3771 2597 3845; x_wconf 90' lang='lat' dir='ltr'>Ergo</span> <span class='ocrx_word' id='word_1_679' title='bbox 2627 3773 2929 3828; x_wconf 90' lang='lat' dir='ltr'>secundum</span> <span class='ocrx_word' id='word_1_680' title='bbox 2966 3773 3288 3845; x_wconf 90' lang='lat' dir='ltr'>prophetam</span> <span class='ocrx_word' id='word_1_681' title='bbox 3337 3774 3554 3832; x_wconf 83' lang='lat' dir='ltr'>constat</span> <span class='ocrx_word' id='word_1_682' title='bbox 3607 3774 3721 3832; x_wconf 87' lang='lat' dir='ltr'>hoc</span> <span class='ocrx_word' id='word_1_683' title='bbox 3775 3775 3839 3830; x_wconf 83' lang='lat' dir='ltr'>ad</span> 
     </span>
    </p>
   </div>
   <div class='ocr_carea' id='block_1_84' title="bbox 2224 3862 3369 3935">
    <p class='ocr_par' dir='ltr' id='par_1_84' title="bbox 2224 3862 3369 3935">
     <span class='ocr_line' id='line_1_84' title="bbox 2224 3862 3369 3935; baseline 0.005 -23"><span class='ocrx_word' id='word_1_684' title='bbox 2224 3875 2510 3930; x_wconf 90' lang='lat' dir='ltr'>personam</span> <span class='ocrx_word' id='word_1_685' title='bbox 2538 3863 2639 3917; x_wconf 89' lang='lat' dir='ltr'>Dei</span> <span class='ocrx_word' id='word_1_686' title='bbox 2668 3863 2845 3918; x_wconf 88' lang='lat' dir='ltr'>Patris</span> <span class='ocrx_word' id='word_1_687' title='bbox 2873 3862 3066 3918; x_wconf 84' lang='lat' dir='ltr'>referri</span> <span class='ocrx_word' id='word_1_688' title='bbox 3097 3872 3369 3935; x_wconf 88' lang='lat' dir='ltr'>oportere.</span> 
     </span>
    </p>
   </div>
   <div class='ocr_carea' id='block_1_85' title="bbox 2294 3951 3843 4028">
    <p class='ocr_par' dir='ltr' id='par_1_85' title="bbox 2294 3951 3843 4028">
     <span class='ocr_line' id='line_1_85' title="bbox 2294 3951 3843 4028; baseline 0.005 -22"><span class='ocrx_word' id='word_1_689' title='bbox 2294 3951 2528 4009; x_wconf 88' lang='lat' dir='ltr'>Joannes</span> <span class='ocrx_word' id='word_1_690' title='bbox 2564 3962 2746 4009; x_wconf 89' lang='lat' dir='ltr'>autem</span> <span class='ocrx_word' id='word_1_691' title='bbox 2781 3956 3120 4028; x_wconf 86' lang='lat' dir='ltr'>evangelista</span> <span class='ocrx_word' id='word_1_692' title='bbox 3151 3957 3414 4012; x_wconf 84' lang='lat' dir='ltr'>informat</span> <span class='ocrx_word' id='word_1_693' title='bbox 3446 3972 3568 4028; x_wconf 90' lang='lat' dir='ltr'>nos,</span> <span class='ocrx_word' id='word_1_694' title='bbox 3595 3967 3656 4014; x_wconf 89' lang='lat' dir='ltr'>et</span> <span class='ocrx_word' id='word_1_695' title='bbox 3680 3957 3843 4016; x_wconf 81' lang='lat' dir='ltr'>docet</span> 
     </span>
    </p>
   </div>
   <div class='ocr_carea' id='block_1_86' title="bbox 2223 4040 3842 4121">
    <p class='ocr_par' dir='ltr' id='par_1_86' title="bbox 2223 4040 3842 4121">
     <span class='ocr_line' id='line_1_86' title="bbox 2223 4040 3842 4121; baseline 0.006 -25"><span class='ocrx_word' id='word_1_696' title='bbox 2223 4040 2291 4097; x_wconf 87' lang='lat' dir='ltr'>de</span> <span class='ocrx_word' id='word_1_697' title='bbox 2337 4043 2480 4098; x_wconf 89' lang='lat' dir='ltr'>Filio</span> <span class='ocrx_word' id='word_1_698' title='bbox 2537 4044 2774 4116; x_wconf 89' lang='lat' dir='ltr'>intelligi</span> <span class='ocrx_word' id='word_1_699' title='bbox 2811 4045 3046 4114; x_wconf 87' lang='lat' dir='ltr'>debere;</span> <span class='ocrx_word' id='word_1_700' title='bbox 3103 4063 3232 4102; x_wconf 89' lang='lat' dir='ltr'>nam</span> <span class='ocrx_word' id='word_1_701' title='bbox 3276 4063 3402 4103; x_wconf 89' lang='lat' dir='ltr'>cum</span> <span class='ocrx_word' id='word_1_702' title='bbox 3447 4049 3842 4121; x_wconf 87' lang='lat' dir='ltr'>supradictum</span> 
     </span>
    </p>
   </div>
   <div class='ocr_carea' id='block_1_87' title="bbox 2223 4137 3843 4213">
    <p class='ocr_par' dir='ltr' id='par_1_87' title="bbox 2223 4137 3843 4213">
     <span class='ocr_line' id='line_1_87' title="bbox 2223 4137 3843 4213; baseline 0.005 -24"><span class='ocrx_word' id='word_1_703' title='bbox 2223 4137 2602 4193; x_wconf 88' lang='lat' dir='ltr'>testimonium</span> <span class='ocrx_word' id='word_1_704' title='bbox 2642 4137 2945 4209; x_wconf 89' lang='lat' dir='ltr'>Evangelio</span> <span class='ocrx_word' id='word_1_705' title='bbox 2993 4137 3387 4210; x_wconf 90' lang='lat' dir='ltr'>inscripsisset,</span> <span class='ocrx_word' id='word_1_706' title='bbox 3451 4147 3507 4194; x_wconf 90' lang='lat' dir='ltr'>et</span> <span class='ocrx_word' id='word_1_707' title='bbox 3564 4141 3843 4213; x_wconf 86' lang='lat' dir='ltr'>interpre-</span> 
     </span>
    </p>
   </div>
   <div class='ocr_carea' id='block_1_88' title="bbox 2223 4226 3841 4298">
    <p class='ocr_par' dir='ltr' id='par_1_88' title="bbox 2223 4226 3841 4298">
     <span class='ocr_line' id='line_1_88' title="bbox 2223 4226 3841 4298; baseline 0.003 -18"><span class='ocrx_word' id='word_1_708' title='bbox 2223 4233 2369 4282; x_wconf 89' lang='lat' dir='ltr'>tatus</span> <span class='ocrx_word' id='word_1_709' title='bbox 2423 4235 2583 4294; x_wconf 90' lang='lat' dir='ltr'>esset,</span> <span class='ocrx_word' id='word_1_710' title='bbox 2637 4236 2822 4298; x_wconf 90' lang='lat' dir='ltr'>postea</span> <span class='ocrx_word' id='word_1_711' title='bbox 2873 4226 3211 4298; x_wconf 90' lang='lat' dir='ltr'>subjunxit:</span> <span class='ocrx_word' id='word_1_712' title='bbox 3271 4229 3399 4285; x_wconf 71' lang='lat' dir='ltr'>Haec</span> <span class='ocrx_word' id='word_1_713' title='bbox 3449 4229 3600 4285; x_wconf 84' lang='lat' dir='ltr'>dixit</span> <span class='ocrx_word' id='word_1_714' title='bbox 3644 4231 3841 4298; x_wconf 84' lang='lat' dir='ltr'>Isaias,</span> 
     </span>
    </p>
   </div>
   <div class='ocr_carea' id='block_1_89' title="bbox 2225 4314 3842 4387">
    <p class='ocr_par' dir='ltr' id='par_1_89' title="bbox 2225 4314 3842 4387">
     <span class='ocr_line' id='line_1_89' title="bbox 2225 4314 3842 4387; baseline 0.004 -18"><span class='ocrx_word' id='word_1_715' title='bbox 2225 4314 2443 4387; x_wconf 90' lang='lat' dir='ltr'>quando</span> <span class='ocrx_word' id='word_1_716' title='bbox 2474 4315 2618 4370; x_wconf 90' lang='lat' dir='ltr'>vidit</span> <span class='ocrx_word' id='word_1_717' title='bbox 2647 4315 2877 4385; x_wconf 89' lang='lat' dir='ltr'>gloriam</span> <span class='ocrx_word' id='word_1_718' title='bbox 2926 4315 3064 4387; x_wconf 90' lang='lat' dir='ltr'>ejus,</span> <span class='ocrx_word' id='word_1_719' title='bbox 3114 4324 3167 4371; x_wconf 91' lang='lat' dir='ltr'>et</span> <span class='ocrx_word' id='word_1_720' title='bbox 3208 4317 3424 4374; x_wconf 89' lang='lat' dir='ltr'>locutus</span> <span class='ocrx_word' id='word_1_721' title='bbox 3452 4326 3535 4373; x_wconf 72' lang='lat' dir='ltr'>est</span> <span class='ocrx_word' id='word_1_722' title='bbox 3560 4317 3634 4374; x_wconf 89' lang='lat' dir='ltr'>de</span> <span class='ocrx_word' id='word_1_723' title='bbox 3663 4336 3755 4384; x_wconf 87' lang='lat' dir='ltr'>eo,</span> <span class='ocrx_word' id='word_1_724' title='bbox 3787 4319 3842 4375; x_wconf 89' lang='lat' dir='ltr'>id</span> 
     </span>
    </p>
   </div>
   <div class='ocr_carea' id='block_1_90' title="bbox 2225 4401 3842 4478">
    <p class='ocr_par' dir='ltr' id='par_1_90' title="bbox 2225 4401 3842 4478">
     <span class='ocr_line' id='line_1_90' title="bbox 2225 4401 3842 4478; baseline 0.002 -18"><span class='ocrx_word' id='word_1_725' title='bbox 2225 4412 2326 4471; x_wconf 91' lang='lat' dir='ltr'>est,</span> <span class='ocrx_word' id='word_1_726' title='bbox 2358 4403 2595 4460; x_wconf 90' lang='lat' dir='ltr'>Domino</span> <span class='ocrx_word' id='word_1_727' title='bbox 2625 4402 2867 4460; x_wconf 87' lang='lat' dir='ltr'>Christo.</span> <span class='ocrx_word' id='word_1_728' title='bbox 2899 4405 3100 4460; x_wconf 87' lang='lat' dir='ltr'>Paulus</span> <span class='ocrx_word' id='word_1_729' title='bbox 3145 4401 3346 4460; x_wconf 83' lang='lat' dir='ltr'>autem</span> <span class='ocrx_word' id='word_1_730' title='bbox 3377 4407 3668 4478; x_wconf 88' lang='lat' dir='ltr'>apostolus</span> <span class='ocrx_word' id='word_1_731' title='bbox 3718 4407 3842 4464; x_wconf 76' lang='lat' dir='ltr'>Ito-</span> 
     </span>
    </p>
   </div>
   <div class='ocr_carea' id='block_1_91' title="bbox 525 4490 3842 4587">
    <p class='ocr_par' dir='ltr' id='par_1_91' title="bbox 525 4490 3842 4587">
     <span class='ocr_line' id='line_1_91' title="bbox 525 4490 3842 4587; baseline 0.002 -39"><span class='ocrx_word' id='word_1_732' title='bbox 525 4493 671 4548; x_wconf 90' lang='lat' dir='ltr'>Deus</span> <span class='ocrx_word' id='word_1_733' title='bbox 713 4491 993 4561; x_wconf 89' lang='lat' dir='ltr'>probatur,</span> <span class='ocrx_word' id='word_1_734' title='bbox 1025 4491 1171 4546; x_wconf 89' lang='lat' dir='ltr'>Deus</span> <span class='ocrx_word' id='word_1_735' title='bbox 1217 4491 1548 4587; x_wconf 80' lang='lat' dir='ltr'>agnoscitur,</span> <span class='ocrx_word' id='word_1_736' title='bbox 1581 4507 1707 4546; x_wconf 91' lang='lat' dir='ltr'>cum</span> <span class='ocrx_word' id='word_1_737' title='bbox 1738 4490 2118 4562; x_wconf 85' lang='lat' dir='ltr'>inseparabilis</span> <span class='ocrx_word' id='word_1_738' title='bbox 2148 4530 2194 4587; x_wconf 84' lang='lat' dir='ltr'><strong>D</strong></span> <span class='ocrx_word' id='word_1_739' title='bbox 2230 4512 2328 4550; x_wconf 64' lang='lat' dir='ltr'>mae</span> <span class='ocrx_word' id='word_1_740' title='bbox 2357 4494 2561 4550; x_wconf 85' lang='lat' dir='ltr'>Judaeis</span> <span class='ocrx_word' id='word_1_741' title='bbox 2587 4495 3090 4551; x_wconf 86' lang='lat' dir='ltr'>contradicentibus</span> <span class='ocrx_word' id='word_1_742' title='bbox 3123 4496 3387 4553; x_wconf 69' lang='lat' dir='ltr'>doctrina:</span> <span class='ocrx_word' id='word_1_743' title='bbox 3414 4513 3549 4565; x_wconf 65' lang='lat' dir='ltr'>suae,</span> <span class='ocrx_word' id='word_1_744' title='bbox 3607 4506 3665 4553; x_wconf 90' lang='lat' dir='ltr'>et</span> <span class='ocrx_word' id='word_1_745' title='bbox 3707 4497 3842 4554; x_wconf 84' lang='lat' dir='ltr'>bla—</span> 
     </span>
    </p>
   </div>
   <div class='ocr_carea' id='block_1_92' title="bbox 526 4577 2117 4645">
    <p class='ocr_par' dir='ltr' id='par_1_92' title="bbox 526 4577 2117 4645">
     <span class='ocr_line' id='line_1_92' title="bbox 526 4577 2117 4645; baseline -0.001 -10"><span class='ocrx_word' id='word_1_746' title='bbox 526 4595 559 4635; x_wconf 92' lang='lat' dir='ltr'>a</span> <span class='ocrx_word' id='word_1_747' title='bbox 586 4581 698 4634; x_wconf 89' lang='lat' dir='ltr'>Deo</span> <span class='ocrx_word' id='word_1_748' title='bbox 741 4578 1045 4645; x_wconf 90' lang='lat' dir='ltr'>invenitur,</span> <span class='ocrx_word' id='word_1_749' title='bbox 1081 4594 1207 4634; x_wconf 93' lang='lat' dir='ltr'>cum</span> <span class='ocrx_word' id='word_1_750' title='bbox 1236 4577 1498 4632; x_wconf 90' lang='lat' dir='ltr'>unionem</span> <span class='ocrx_word' id='word_1_751' title='bbox 1529 4578 1728 4633; x_wconf 88' lang='lat' dir='ltr'>habere</span> <span class='ocrx_word' id='word_1_752' title='bbox 1757 4595 1884 4634; x_wconf 90' lang='lat' dir='ltr'>cum</span> <span class='ocrx_word' id='word_1_753' title='bbox 1923 4581 2036 4634; x_wconf 86' lang='lat' dir='ltr'>Deo</span> <span class='ocrx_word' id='word_1_754' title='bbox 2063 4589 2117 4636; x_wconf 91' lang='lat' dir='ltr'>et</span> 
     </span>
    </p>
   </div>
   <div class='ocr_carea' id='block_1_93' title="bbox 526 4667 2119 4740">
    <p class='ocr_par' dir='ltr' id='par_1_93' title="bbox 526 4667 2119 4740">
     <span class='ocr_line' id='line_1_93' title="bbox 526 4667 2119 4740; baseline -0.001 -12"><span class='ocrx_word' id='word_1_755' title='bbox 526 4669 764 4728; x_wconf 90' lang='lat' dir='ltr'>Domino</span> <span class='ocrx_word' id='word_1_756' title='bbox 792 4670 1176 4736; x_wconf 63' lang='lat' dir='ltr'>manlfestetur</span> <span class='ocrx_word' id='word_1_757' title='bbox 1206 4687 1217 4724; x_wconf 91' lang='lat'>:</span> <span class='ocrx_word' id='word_1_758' title='bbox 1258 4667 1353 4723; x_wconf 87' lang='lat' dir='ltr'>sed</span> <span class='ocrx_word' id='word_1_759' title='bbox 1383 4668 1644 4740; x_wconf 89' lang='lat' dir='ltr'>quoniam</span> <span class='ocrx_word' id='word_1_760' title='bbox 1693 4669 1761 4724; x_wconf 92' lang='lat' dir='ltr'>de</span> <span class='ocrx_word' id='word_1_761' title='bbox 1796 4672 2119 4726; x_wconf 88' lang='lat' dir='ltr'>auctoritate</span> 
     </span>
    </p>
   </div>
   <div class='ocr_carea' id='block_1_94' title="bbox 527 4757 2118 4831">
    <p class='ocr_par' dir='ltr' id='par_1_94' title="bbox 527 4757 2118 4831">
     <span class='ocr_line' id='line_1_94' title="bbox 527 4757 2118 4831; baseline -0.001 -16"><span class='ocrx_word' id='word_1_762' title='bbox 527 4758 646 4831; x_wconf 88' lang='lat' dir='ltr'>ejus</span> <span class='ocrx_word' id='word_1_763' title='bbox 692 4757 975 4831; x_wconf 64' lang='lat' dir='ltr'>quaeritur,</span> <span class='ocrx_word' id='word_1_764' title='bbox 1017 4773 1179 4831; x_wconf 89' lang='lat' dir='ltr'>quam</span> <span class='ocrx_word' id='word_1_765' title='bbox 1213 4757 1496 4829; x_wconf 91' lang='lat' dir='ltr'>Scriptura</span> <span class='ocrx_word' id='word_1_766' title='bbox 1524 4774 1634 4812; x_wconf 92' lang='lat' dir='ltr'>non</span> <span class='ocrx_word' id='word_1_767' title='bbox 1682 4757 1874 4826; x_wconf 89' lang='lat' dir='ltr'>tacuit,</span> <span class='ocrx_word' id='word_1_768' title='bbox 1903 4758 2118 4814; x_wconf 90' lang='lat' dir='ltr'>edoceri</span> 
     </span>
    </p>
   </div>
   <div class='ocr_carea' id='block_1_95' title="bbox 527 4847 2119 4921">
    <p class='ocr_par' dir='ltr' id='par_1_95' title="bbox 527 4847 2119 4921">
     <span class='ocr_line' id='line_1_95' title="bbox 527 4847 2119 4921; baseline 0.001 -17"><span class='ocrx_word' id='word_1_769' title='bbox 527 4864 627 4905; x_wconf 91' lang='lat' dir='ltr'>nos</span> <span class='ocrx_word' id='word_1_770' title='bbox 673 4855 905 4920; x_wconf 91' lang='lat' dir='ltr'>oportet,</span> <span class='ocrx_word' id='word_1_771' title='bbox 940 4849 1180 4920; x_wconf 91' lang='lat' dir='ltr'>primum</span> <span class='ocrx_word' id='word_1_772' title='bbox 1230 4847 1452 4921; x_wconf 89' lang='lat' dir='ltr'>quidem</span> <span class='ocrx_word' id='word_1_773' title='bbox 1483 4864 1608 4903; x_wconf 91' lang='lat' dir='ltr'>cum</span> <span class='ocrx_word' id='word_1_774' title='bbox 1640 4847 1846 4904; x_wconf 90' lang='lat' dir='ltr'>dicitur</span> <span class='ocrx_word' id='word_1_775' title='bbox 1879 4866 1891 4903; x_wconf 90' lang='lat'>:</span> <span class='ocrx_word' id='word_1_776' title='bbox 1941 4873 1958 4895; x_wconf 75' lang='grc' dir='ltr'>ι</span> <span class='ocrx_word' id='word_1_777' title='bbox 1993 4849 2119 4906; x_wconf 69' lang='lat' dir='ltr'>I-lzec</span> 
     </span>
    </p>
   </div>
   <div class='ocr_carea' id='block_1_96' title="bbox 527 4939 2118 5011">
    <p class='ocr_par' dir='ltr' id='par_1_96' title="bbox 527 4939 2118 5011">
     <span class='ocr_line' id='line_1_96' title="bbox 527 4939 2118 5011; baseline -0.001 -15"><span class='ocrx_word' id='word_1_778' title='bbox 527 4947 706 4996; x_wconf 89' lang='lat' dir='ltr'>autem</span> <span class='ocrx_word' id='word_1_779' title='bbox 751 4939 937 4994; x_wconf 91' lang='lat' dir='ltr'>omnia</span> <span class='ocrx_word' id='word_1_780' title='bbox 978 4949 1234 5011; x_wconf 91' lang='lat' dir='ltr'>operatur</span> <span class='ocrx_word' id='word_1_781' title='bbox 1261 4956 1409 4996; x_wconf 92' lang='lat' dir='ltr'>nunc</span> <span class='ocrx_word' id='word_1_782' title='bbox 1438 4948 1601 5011; x_wconf 89' lang='lat' dir='ltr'>atque</span> <span class='ocrx_word' id='word_1_783' title='bbox 1644 4939 1788 4995; x_wconf 91' lang='lat' dir='ltr'>idem</span> <span class='ocrx_word' id='word_1_784' title='bbox 1828 4944 1973 5002; x_wconf 90' lang='lat'>608</span> <span class='ocrx_word' id='word_1_785' title='bbox 2002 4940 2118 5011; x_wconf 91' lang='lat' dir='ltr'>Spi-</span> 
     </span>
    </p>
   </div>
   <div class='ocr_carea' id='block_1_97' title="bbox 526 5035 2104 5108">
    <p class='ocr_par' dir='ltr' id='par_1_97' title="bbox 526 5035 2104 5108">
     <span class='ocr_line' id='line_1_97' title="bbox 526 5035 2104 5108; baseline -0.003 -13"><span class='ocrx_word' id='word_1_786' title='bbox 526 5039 685 5108; x_wconf 90' lang='lat' dir='ltr'>ritus,</span> <span class='ocrx_word' id='word_1_787' title='bbox 717 5037 973 5093; x_wconf 87' lang='lat' dir='ltr'>dividens</span> <span class='ocrx_word' id='word_1_788' title='bbox 1001 5035 1235 5108; x_wconf 90' lang='lat' dir='ltr'>singulis</span> <span class='ocrx_word' id='word_1_789' title='bbox 1265 5045 1425 5108; x_wconf 91' lang='lat' dir='ltr'>prout</span> <span class='ocrx_word' id='word_1_790' title='bbox 1454 5037 1574 5090; x_wconf 81' lang='lat' dir='ltr'>vult</span> <span class='ocrx_word' id='word_1_791' title='bbox 1597 5037 1654 5106; x_wconf 92' lang='grc' dir='ltr'>(Ι</span> <span class='ocrx_word' id='word_1_792' title='bbox 1683 5039 1806 5093; x_wconf 85' lang='lat' dir='ltr'>Cor.</span> <span class='ocrx_word' id='word_1_793' title='bbox 1841 5054 1944 5105; x_wconf 86' lang='lat' dir='ltr'>xu,</span> <span class='ocrx_word' id='word_1_794' title='bbox 1966 5037 2104 5107; x_wconf 76' lang='grc'><strong>11).»</strong></span> 
     </span>
    </p>
   </div>
   <div class='ocr_carea' id='block_1_98' title="bbox 522 5125 2116 5198">
    <p class='ocr_par' dir='ltr' id='par_1_98' title="bbox 522 5125 2116 5198">
     <span class='ocr_line' id='line_1_98' title="bbox 522 5125 2116 5198; baseline -0.004 -12"><span class='ocrx_word' id='word_1_795' title='bbox 522 5128 758 5195; x_wconf 91' lang='lat' dir='ltr'>Dividit,</span> <span class='ocrx_word' id='word_1_796' title='bbox 793 5127 1146 5182; x_wconf 90' lang='lat' dir='ltr'>manifestum</span> <span class='ocrx_word' id='word_1_797' title='bbox 1178 5135 1258 5182; x_wconf 90' lang='lat' dir='ltr'>est</span> <span class='ocrx_word' id='word_1_798' title='bbox 1288 5125 1418 5198; x_wconf 90' lang='lat' dir='ltr'>quia</span> <span class='ocrx_word' id='word_1_799' title='bbox 1438 5140 1549 5180; x_wconf 90' lang='lat' dir='ltr'>non</span> <span class='ocrx_word' id='word_1_800' title='bbox 1571 5141 1639 5180; x_wconf 89' lang='lat' dir='ltr'>ex</span> <span class='ocrx_word' id='word_1_801' title='bbox 1669 5125 1902 5197; x_wconf 90' lang='lat' dir='ltr'>imperio</span> <span class='ocrx_word' id='word_1_802' title='bbox 1931 5141 2116 5196; x_wconf 90' lang='lat' dir='ltr'>opera-</span> 
     </span>
    </p>
   </div>
   <div class='ocr_carea' id='block_1_99' title="bbox 522 5213 2113 5285">
    <p class='ocr_par' dir='ltr' id='par_1_99' title="bbox 522 5213 2113 5285">
     <span class='ocr_line' id='line_1_99' title="bbox 522 5213 2113 5285; baseline -0.003 -12"><span class='ocrx_word' id='word_1_803' title='bbox 522 5226 614 5273; x_wconf 87' lang='lat' dir='ltr'>tur</span> <span class='ocrx_word' id='word_1_804' title='bbox 641 5216 823 5272; x_wconf 89' lang='lat' dir='ltr'>alieno</span> <span class='ocrx_word' id='word_1_805' title='bbox 857 5233 869 5271; x_wconf 95' lang='lat'>:</span> <span class='ocrx_word' id='word_1_806' title='bbox 903 5223 958 5271; x_wconf 90' lang='lat' dir='ltr'>et</span> <span class='ocrx_word' id='word_1_807' title='bbox 985 5214 1377 5270; x_wconf 87' lang='lat' dir='ltr'>attendendum</span> <span class='ocrx_word' id='word_1_808' title='bbox 1427 5213 1555 5285; x_wconf 89' lang='lat' dir='ltr'>quia</span> <span class='ocrx_word' id='word_1_809' title='bbox 1602 5230 1722 5285; x_wconf 84' lang='lat' dir='ltr'>quae</span> <span class='ocrx_word' id='word_1_810' title='bbox 1771 5222 1933 5285; x_wconf 89' lang='lat' dir='ltr'>prout</span> <span class='ocrx_word' id='word_1_811' title='bbox 1971 5215 2113 5283; x_wconf 88' lang='lat' dir='ltr'>vult,</span> 
     </span>
    </p>
   </div>
   <div class='ocr_carea' id='block_1_100' title="bbox 521 5305 2113 5378">
    <p class='ocr_par' dir='ltr' id='par_1_100' title="bbox 521 5305 2113 5378">
     <span class='ocr_line' id='line_1_100' title="bbox 521 5305 2113 5378; baseline -0.004 -12"><span class='ocrx_word' id='word_1_812' title='bbox 521 5309 746 5378; x_wconf 89' lang='lat' dir='ltr'>dividit,</span> <span class='ocrx_word' id='word_1_813' title='bbox 779 5325 891 5365; x_wconf 90' lang='lat' dir='ltr'>non</span> <span class='ocrx_word' id='word_1_814' title='bbox 938 5314 1020 5364; x_wconf 88' lang='lat' dir='ltr'>est</span> <span class='ocrx_word' id='word_1_815' title='bbox 1062 5306 1326 5378; x_wconf 91' lang='lat' dir='ltr'>scriptum</span> <span class='ocrx_word' id='word_1_816' title='bbox 1358 5321 1477 5377; x_wconf 75' lang='lat' dir='ltr'>quae</span> <span class='ocrx_word' id='word_1_817' title='bbox 1507 5305 1686 5360; x_wconf 91' lang='lat' dir='ltr'>aliena</span> <span class='ocrx_word' id='word_1_818' title='bbox 1714 5313 1862 5360; x_wconf 90' lang='lat' dir='ltr'>sunt.</span> <span class='ocrx_word' id='word_1_819' title='bbox 1895 5307 1966 5359; x_wconf 89' lang='lat' dir='ltr'>Et</span> <span class='ocrx_word' id='word_1_820' title='bbox 2000 5323 2113 5360; x_wconf 86' lang='lat' dir='ltr'>rur-</span> 
     </span>
    </p>
   </div>
   <div class='ocr_carea' id='block_1_101' title="bbox 519 5395 2113 5468">
    <p class='ocr_par' dir='ltr' id='par_1_101' title="bbox 519 5395 2113 5468">
     <span class='ocr_line' id='line_1_101' title="bbox 519 5395 2113 5468; baseline -0.003 -13"><span class='ocrx_word' id='word_1_821' title='bbox 519 5417 640 5455; x_wconf 88' lang='lat' dir='ltr'>sum</span> <span class='ocrx_word' id='word_1_822' title='bbox 671 5400 729 5454; x_wconf 91' lang='lat' dir='ltr'>in</span> <span class='ocrx_word' id='word_1_823' title='bbox 758 5398 991 5456; x_wconf 83' lang='lat' dir='ltr'>Actibus</span> <span class='ocrx_word' id='word_1_824' title='bbox 1018 5396 1391 5468; x_wconf 86' lang='lat' dir='ltr'>apostolorum</span> <span class='ocrx_word' id='word_1_825' title='bbox 1424 5395 1659 5466; x_wconf 85' lang='lat' dir='ltr'>legimus</span> <span class='ocrx_word' id='word_1_826' title='bbox 1693 5413 1704 5450; x_wconf 88' lang='lat'>:</span> <span class='ocrx_word' id='word_1_827' title='bbox 1751 5420 1768 5440; x_wconf 78' lang='grc' dir='ltr'>ι</span> <span class='ocrx_word' id='word_1_828' title='bbox 1794 5395 2113 5450; x_wconf 89' lang='lat' dir='ltr'>Deservien-</span> 
     </span>
    </p>
   </div>
   <div class='ocr_carea' id='block_1_102' title="bbox 516 5483 2116 5557">
    <p class='ocr_par' dir='ltr' id='par_1_102' title="bbox 516 5483 2116 5557">
     <span class='ocr_line' id='line_1_102' title="bbox 516 5483 2116 5557; baseline -0.001 -14"><span class='ocrx_word' id='word_1_829' title='bbox 516 5487 666 5543; x_wconf 88' lang='lat' dir='ltr'>tibus</span> <span class='ocrx_word' id='word_1_830' title='bbox 711 5495 892 5542; x_wconf 91' lang='lat' dir='ltr'>autem</span> <span class='ocrx_word' id='word_1_831' title='bbox 953 5486 1066 5541; x_wconf 90' lang='lat' dir='ltr'>illis</span> <span class='ocrx_word' id='word_1_832' title='bbox 1122 5493 1174 5541; x_wconf 91' lang='lat' dir='ltr'>et</span> <span class='ocrx_word' id='word_1_833' title='bbox 1232 5483 1616 5557; x_wconf 87' lang='lat' dir='ltr'>jejunantibus</span> <span class='ocrx_word' id='word_1_834' title='bbox 1666 5483 1922 5551; x_wconf 91' lang='lat' dir='ltr'>Domino,</span> <span class='ocrx_word' id='word_1_835' title='bbox 1970 5484 2116 5542; x_wconf 84' lang='lat' dir='ltr'>dixit</span> 
     </span>
    </p>
   </div>
   <div class='ocr_carea' id='block_1_103' title="bbox 514 5575 2115 5648">
    <p class='ocr_par' dir='ltr' id='par_1_103' title="bbox 514 5575 2115 5648">
     <span class='ocr_line' id='line_1_103' title="bbox 514 5575 2115 5648; baseline -0.003 -14"><span class='ocrx_word' id='word_1_836' title='bbox 514 5577 754 5648; x_wconf 89' lang='lat' dir='ltr'>Spiritus</span> <span class='ocrx_word' id='word_1_837' title='bbox 807 5586 1024 5634; x_wconf 90' lang='lat' dir='ltr'>sanctus</span> <span class='ocrx_word' id='word_1_838' title='bbox 1086 5595 1096 5631; x_wconf 92' lang='lat'>:</span> <span class='ocrx_word' id='word_1_839' title='bbox 1156 5576 1439 5648; x_wconf 88' lang='lat' dir='ltr'>Segregate</span> <span class='ocrx_word' id='word_1_840' title='bbox 1502 5575 1641 5630; x_wconf 87' lang='lat' dir='ltr'>mihi</span> <span class='ocrx_word' id='word_1_841' title='bbox 1700 5575 2003 5630; x_wconf 83' lang='lat' dir='ltr'>Barnabam</span> <span class='ocrx_word' id='word_1_842' title='bbox 2044 5582 2115 5629; x_wconf 84' lang='lat' dir='ltr'>et</span> 
     </span>
    </p>
   </div>
   <div class='ocr_carea' id='block_1_104' title="bbox 512 5665 2098 5740">
    <p class='ocr_par' dir='ltr' id='par_1_104' title="bbox 512 5665 2098 5740">
     <span class='ocr_line' id='line_1_104' title="bbox 512 5665 2098 5740; baseline 0 -20"><span class='ocrx_word' id='word_1_843' title='bbox 512 5665 765 5733; x_wconf 86' lang='lat' dir='ltr'>Paulum,</span> <span class='ocrx_word' id='word_1_844' title='bbox 799 5666 856 5722; x_wconf 91' lang='lat' dir='ltr'>in</span> <span class='ocrx_word' id='word_1_845' title='bbox 886 5683 1022 5739; x_wconf 91' lang='lat' dir='ltr'>opus</span> <span class='ocrx_word' id='word_1_846' title='bbox 1055 5665 1122 5724; x_wconf 92' lang='lat' dir='ltr'>ad</span> <span class='ocrx_word' id='word_1_847' title='bbox 1152 5667 1300 5740; x_wconf 90' lang='lat' dir='ltr'>quod</span> <span class='ocrx_word' id='word_1_848' title='bbox 1327 5665 1520 5724; x_wconf 87' lang='lat' dir='ltr'>vocavi</span> <span class='ocrx_word' id='word_1_849' title='bbox 1549 5683 1639 5722; x_wconf 92' lang='lat' dir='ltr'>eos</span> <span class='ocrx_word' id='word_1_850' title='bbox 1671 5666 1811 5737; x_wconf 83' lang='lat' dir='ltr'>(Act.</span> <span class='ocrx_word' id='word_1_851' title='bbox 1846 5684 1967 5735; x_wconf 87' lang='lat' dir='ltr'>xm,</span> <span class='ocrx_word' id='word_1_852' title='bbox 1993 5666 2098 5737; x_wconf 73' lang='grc'>2).»</span> 
     </span>
    </p>
   </div>
   <div class='ocr_carea' id='block_1_105' title="bbox 2225 4585 3839 4656">
    <p class='ocr_par' dir='ltr' id='par_1_105' title="bbox 2225 4585 3839 4656">
     <span class='ocr_line' id='line_1_105' title="bbox 2225 4585 3839 4656; baseline 0.004 -17"><span class='ocrx_word' id='word_1_853' title='bbox 2225 4585 2642 4656; x_wconf 90' lang='lat' dir='ltr'>sphemantibus</span> <span class='ocrx_word' id='word_1_854' title='bbox 2669 4585 2814 4640; x_wconf 91' lang='lat' dir='ltr'>viam</span> <span class='ocrx_word' id='word_1_855' title='bbox 2844 4586 3068 4640; x_wconf 91' lang='lat' dir='ltr'>Domini</span> <span class='ocrx_word' id='word_1_856' title='bbox 3101 4585 3326 4654; x_wconf 89' lang='lat' dir='ltr'>Christi,</span> <span class='ocrx_word' id='word_1_857' title='bbox 3357 4587 3610 4642; x_wconf 85' lang='lat' dir='ltr'>exaltans</span> <span class='ocrx_word' id='word_1_858' title='bbox 3643 4604 3839 4645; x_wconf 83' lang='lat' dir='ltr'>vocem</span> 
     </span>
    </p>
   </div>
   <div class='ocr_carea' id='block_1_106' title="bbox 2228 4677 3841 4755">
    <p class='ocr_par' dir='ltr' id='par_1_106' title="bbox 2228 4677 3841 4755">
     <span class='ocr_line' id='line_1_106' title="bbox 2228 4677 3841 4755; baseline 0.005 -25"><span class='ocrx_word' id='word_1_859' title='bbox 2228 4691 2402 4744; x_wconf 91' lang='lat' dir='ltr'>suam,</span> <span class='ocrx_word' id='word_1_860' title='bbox 2434 4677 2511 4731; x_wconf 90' lang='lat' dir='ltr'>ait</span> <span class='ocrx_word' id='word_1_861' title='bbox 2541 4695 2552 4731; x_wconf 93' lang='lat'>:</span> <span class='ocrx_word' id='word_1_862' title='bbox 2600 4701 2618 4722; x_wconf 78' lang='grc' dir='ltr'>ι</span> <span class='ocrx_word' id='word_1_863' title='bbox 2649 4677 2794 4732; x_wconf 87' lang='lat' dir='ltr'>Bene</span> <span class='ocrx_word' id='word_1_864' title='bbox 2825 4677 3180 4750; x_wconf 90' lang='lat' dir='ltr'>prophetavit</span> <span class='ocrx_word' id='word_1_865' title='bbox 3209 4679 3451 4750; x_wconf 90' lang='lat' dir='ltr'>Spiritus</span> <span class='ocrx_word' id='word_1_866' title='bbox 3483 4688 3715 4738; x_wconf 89' lang='lat' dir='ltr'>sanctus</span> <span class='ocrx_word' id='word_1_867' title='bbox 3747 4700 3841 4755; x_wconf 82' lang='lat' dir='ltr'>per</span> 
     </span>
    </p>
   </div>
   <div class='ocr_carea' id='block_1_107' title="bbox 2229 4764 3840 4839">
    <p class='ocr_par' dir='ltr' id='par_1_107' title="bbox 2229 4764 3840 4839">
     <span class='ocr_line' id='line_1_107' title="bbox 2229 4764 3840 4839; baseline 0.005 -21"><span class='ocrx_word' id='word_1_868' title='bbox 2229 4764 2445 4832; x_wconf 89' lang='lat' dir='ltr'>Isaiam,</span> <span class='ocrx_word' id='word_1_869' title='bbox 2500 4765 2687 4820; x_wconf 87' lang='lat' dir='ltr'>dicens</span> <span class='ocrx_word' id='word_1_870' title='bbox 2719 4784 2730 4821; x_wconf 90' lang='grc'>;</span> <span class='ocrx_word' id='word_1_871' title='bbox 2768 4767 2940 4834; x_wconf 78' lang='lat' dir='ltr'>Vade,</span> <span class='ocrx_word' id='word_1_872' title='bbox 2990 4774 3045 4822; x_wconf 90' lang='lat' dir='ltr'>et</span> <span class='ocrx_word' id='word_1_873' title='bbox 3092 4767 3183 4823; x_wconf 90' lang='lat' dir='ltr'>dic</span> <span class='ocrx_word' id='word_1_874' title='bbox 3211 4769 3417 4839; x_wconf 90' lang='lat' dir='ltr'>populo</span> <span class='ocrx_word' id='word_1_875' title='bbox 3449 4767 3584 4825; x_wconf 88' lang='lat' dir='ltr'>huic</span> <span class='ocrx_word' id='word_1_876' title='bbox 3622 4788 3634 4824; x_wconf 93' lang='lat'>:</span> <span class='ocrx_word' id='word_1_877' title='bbox 3689 4771 3840 4826; x_wconf 81' lang='lat' dir='ltr'>Aure</span> 
     </span>
    </p>
   </div>
   <div class='ocr_carea' id='block_1_108' title="bbox 2228 4855 3839 4929">
    <p class='ocr_par' dir='ltr' id='par_1_108' title="bbox 2228 4855 3839 4929">
     <span class='ocr_line' id='line_1_108' title="bbox 2228 4855 3839 4929; baseline 0.004 -21"><span class='ocrx_word' id='word_1_878' title='bbox 2228 4855 2482 4922; x_wconf 89' lang='lat' dir='ltr'>audietis,</span> <span class='ocrx_word' id='word_1_879' title='bbox 2515 4862 2567 4909; x_wconf 92' lang='lat' dir='ltr'>et</span> <span class='ocrx_word' id='word_1_880' title='bbox 2597 4872 2708 4910; x_wconf 90' lang='lat' dir='ltr'>non</span> <span class='ocrx_word' id='word_1_881' title='bbox 2736 4856 3092 4929; x_wconf 90' lang='lat' dir='ltr'>intelligetis;</span> <span class='ocrx_word' id='word_1_882' title='bbox 3142 4867 3197 4914; x_wconf 89' lang='lat' dir='ltr'>et</span> <span class='ocrx_word' id='word_1_883' title='bbox 3243 4858 3497 4914; x_wconf 88' lang='lat' dir='ltr'>videntes</span> <span class='ocrx_word' id='word_1_884' title='bbox 3546 4859 3839 4927; x_wconf 82' lang='lat' dir='ltr'>videbitis,</span> 
     </span>
    </p>
   </div>
   <div class='ocr_carea' id='block_1_109' title="bbox 2228 4945 3838 5021">
    <p class='ocr_par' dir='ltr' id='par_1_109' title="bbox 2228 4945 3838 5021">
     <span class='ocr_line' id='line_1_109' title="bbox 2228 4945 3838 5021; baseline 0.004 -23"><span class='ocrx_word' id='word_1_885' title='bbox 2228 4952 2280 4998; x_wconf 89' lang='lat' dir='ltr'>ct</span> <span class='ocrx_word' id='word_1_886' title='bbox 2302 4960 2410 4999; x_wconf 91' lang='lat' dir='ltr'>non</span> <span class='ocrx_word' id='word_1_887' title='bbox 2439 4945 2734 5016; x_wconf 88' lang='lat' dir='ltr'>aspicietis,</span> <span class='ocrx_word' id='word_1_888' title='bbox 2767 4973 2784 4995; x_wconf 75' lang='grc' dir='ltr'>ι</span> <span class='ocrx_word' id='word_1_889' title='bbox 2828 4956 2930 5002; x_wconf 90' lang='lat' dir='ltr'>etc.</span> <span class='ocrx_word' id='word_1_890' title='bbox 2961 4949 3102 5017; x_wconf 82' lang='lat' dir='ltr'>(Act.</span> <span class='ocrx_word' id='word_1_891' title='bbox 3139 4964 3345 5014; x_wconf 78' lang='lat' dir='ltr'>xxvm,</span> <span class='ocrx_word' id='word_1_892' title='bbox 3385 4947 3473 5015; x_wconf 79' lang='grc'>25,</span> <span class='ocrx_word' id='word_1_893' title='bbox 3524 4949 3647 5021; x_wconf 79' lang='lat'>26).</span> <span class='ocrx_word' id='word_1_894' title='bbox 3696 4950 3838 5006; x_wconf 88' lang='lat' dir='ltr'>Cum</span> 
     </span>
    </p>
   </div>
   <div class='ocr_carea' id='block_1_110' title="bbox 2228 5033 3840 5111">
    <p class='ocr_par' dir='ltr' id='par_1_110' title="bbox 2228 5033 3840 5111">
     <span class='ocr_line' id='line_1_110' title="bbox 2228 5033 3840 5111; baseline 0.004 -24"><span class='ocrx_word' id='word_1_895' title='bbox 2228 5049 2354 5104; x_wconf 90' lang='lat' dir='ltr'>ergo</span> <span class='ocrx_word' id='word_1_896' title='bbox 2385 5033 2442 5087; x_wconf 92' lang='lat' dir='ltr'>in</span> <span class='ocrx_word' id='word_1_897' title='bbox 2472 5035 2757 5105; x_wconf 82' lang='lat' dir='ltr'>prophetia</span> <span class='ocrx_word' id='word_1_898' title='bbox 2801 5035 3066 5091; x_wconf 87' lang='lat' dir='ltr'>divinitas</span> <span class='ocrx_word' id='word_1_899' title='bbox 3117 5053 3227 5092; x_wconf 90' lang='lat' dir='ltr'>una</span> <span class='ocrx_word' id='word_1_900' title='bbox 3273 5036 3541 5093; x_wconf 88' lang='lat' dir='ltr'>doceatur</span> <span class='ocrx_word' id='word_1_901' title='bbox 3582 5037 3655 5094; x_wconf 87' lang='lat' dir='ltr'>ab</span> <span class='ocrx_word' id='word_1_902' title='bbox 3695 5055 3840 5111; x_wconf 88' lang='lat' dir='ltr'>apo-</span> 
     </span>
    </p>
   </div>
   <div class='ocr_carea' id='block_1_111' title="bbox 2227 5125 3835 5202">
    <p class='ocr_par' dir='ltr' id='par_1_111' title="bbox 2227 5125 3835 5202">
     <span class='ocr_line' id='line_1_111' title="bbox 2227 5125 3835 5202; baseline 0.003 -22"><span class='ocrx_word' id='word_1_903' title='bbox 2227 5125 2402 5192; x_wconf 87' lang='lat' dir='ltr'>stolis,</span> <span class='ocrx_word' id='word_1_904' title='bbox 2447 5133 2500 5180; x_wconf 93' lang='lat' dir='ltr'>et</span> <span class='ocrx_word' id='word_1_905' title='bbox 2545 5133 2726 5181; x_wconf 90' lang='lat' dir='ltr'>tamen</span> <span class='ocrx_word' id='word_1_906' title='bbox 2763 5126 2830 5181; x_wconf 91' lang='lat' dir='ltr'>ab</span> <span class='ocrx_word' id='word_1_907' title='bbox 2877 5126 3123 5184; x_wconf 89' lang='lat' dir='ltr'>Ecclesia</span> <span class='ocrx_word' id='word_1_908' title='bbox 3171 5129 3417 5183; x_wconf 91' lang='lat' dir='ltr'>Trinitas</span> <span class='ocrx_word' id='word_1_909' title='bbox 3463 5129 3835 5202; x_wconf 82' lang='lat' dir='ltr'>intelligatur,</span> 
     </span>
    </p>
   </div>
   <div class='ocr_carea' id='block_1_112' title="bbox 2227 5213 3908 5288">
    <p class='ocr_par' dir='ltr' id='par_1_112' title="bbox 2227 5213 3908 5288">
     <span class='ocr_line' id='line_1_112' title="bbox 2227 5213 3908 5288; baseline 0.004 -20"><span class='ocrx_word' id='word_1_910' title='bbox 2227 5213 2526 5269; x_wconf 86' lang='lat' dir='ltr'>certissime</span> <span class='ocrx_word' id='word_1_911' title='bbox 2557 5214 2744 5286; x_wconf 90' lang='lat' dir='ltr'>utique</span> <span class='ocrx_word' id='word_1_912' title='bbox 2793 5214 3056 5271; x_wconf 88' lang='lat' dir='ltr'>docemur</span> <span class='ocrx_word' id='word_1_913' title='bbox 3095 5216 3222 5288; x_wconf 88' lang='lat' dir='ltr'>quia</span> <span class='ocrx_word' id='word_1_914' title='bbox 3263 5217 3509 5272; x_wconf 87' lang='lat' dir='ltr'>Trinitas</span> <span class='ocrx_word' id='word_1_915' title='bbox 3543 5217 3690 5274; x_wconf 90' lang='lat' dir='ltr'>idem</span> <span class='ocrx_word' id='word_1_916' title='bbox 3722 5219 3839 5274; x_wconf 81' lang='lat' dir='ltr'>Pa-</span> <span class='ocrx_word' id='word_1_917' title='bbox 3897 5213 3908 5222; x_wconf 77' lang='grc'><em>’</em></span> 
     </span>
    </p>
   </div>
   <div class='ocr_carea' id='block_1_113' title="bbox 2225 5303 3838 5376">
    <p class='ocr_par' dir='ltr' id='par_1_113' title="bbox 2225 5303 3838 5376">
     <span class='ocr_line' id='line_1_113' title="bbox 2225 5303 3838 5376; baseline 0.004 -19"><span class='ocrx_word' id='word_1_918' title='bbox 2225 5311 2309 5358; x_wconf 91' lang='lat' dir='ltr'>ter</span> <span class='ocrx_word' id='word_1_919' title='bbox 2364 5310 2416 5357; x_wconf 87' lang='lat' dir='ltr'>et</span> <span class='ocrx_word' id='word_1_920' title='bbox 2477 5303 2652 5359; x_wconf 86' lang='lat' dir='ltr'>Filius</span> <span class='ocrx_word' id='word_1_921' title='bbox 2713 5312 2768 5359; x_wconf 90' lang='lat' dir='ltr'>et</span> <span class='ocrx_word' id='word_1_922' title='bbox 2817 5305 3057 5376; x_wconf 88' lang='lat' dir='ltr'>Spiritus</span> <span class='ocrx_word' id='word_1_923' title='bbox 3108 5314 3332 5362; x_wconf 88' lang='lat' dir='ltr'>sanctus</span> <span class='ocrx_word' id='word_1_924' title='bbox 3388 5324 3563 5362; x_wconf 89' lang='lat' dir='ltr'>unum</span> <span class='ocrx_word' id='word_1_925' title='bbox 3593 5317 3651 5363; x_wconf 89' lang='lat' dir='ltr'>et</span> <span class='ocrx_word' id='word_1_926' title='bbox 3690 5324 3838 5364; x_wconf 87' lang='lat' dir='ltr'>unus</span> 
     </span>
    </p>
   </div>
   <div class='ocr_carea' id='block_1_114' title="bbox 2224 5393 3840 5471">
    <p class='ocr_par' dir='ltr' id='par_1_114' title="bbox 2224 5393 3840 5471">
     <span class='ocr_line' id='line_1_114' title="bbox 2224 5393 3840 5471; baseline 0.007 -26"><span class='ocrx_word' id='word_1_927' title='bbox 2224 5393 2370 5446; x_wconf 88' lang='lat' dir='ltr'>Deus</span> <span class='ocrx_word' id='word_1_928' title='bbox 2397 5401 2524 5448; x_wconf 89' lang='lat' dir='ltr'>sunt</span> <span class='ocrx_word' id='word_1_929' title='bbox 2550 5410 2560 5446; x_wconf 91' lang='lat'>:</span> <span class='ocrx_word' id='word_1_930' title='bbox 2595 5401 2646 5448; x_wconf 90' lang='lat' dir='ltr'>et</span> <span class='ocrx_word' id='word_1_931' title='bbox 2677 5409 2800 5449; x_wconf 87' lang='lat' dir='ltr'>cum</span> <span class='ocrx_word' id='word_1_932' title='bbox 2835 5411 2977 5450; x_wconf 91' lang='lat' dir='ltr'>unus</span> <span class='ocrx_word' id='word_1_933' title='bbox 3007 5397 3152 5451; x_wconf 88' lang='lat' dir='ltr'>Deus</span> <span class='ocrx_word' id='word_1_934' title='bbox 3181 5395 3564 5469; x_wconf 88' lang='lat' dir='ltr'>intelligantur</span> <span class='ocrx_word' id='word_1_935' title='bbox 3583 5407 3641 5453; x_wconf 90' lang='lat' dir='ltr'>et</span> <span class='ocrx_word' id='word_1_936' title='bbox 3668 5416 3840 5471; x_wconf 78' lang='lat' dir='ltr'>agno-</span> 
     </span>
    </p>
   </div>
   <div class='ocr_carea' id='block_1_115' title="bbox 2224 5482 3841 5560">
    <p class='ocr_par' dir='ltr' id='par_1_115' title="bbox 2224 5482 3841 5560">
     <span class='ocr_line' id='line_1_115' title="bbox 2224 5482 3841 5560; baseline 0.004 -22"><span class='ocrx_word' id='word_1_937' title='bbox 2224 5489 2467 5551; x_wconf 90' lang='lat' dir='ltr'>scantur,</span> <span class='ocrx_word' id='word_1_938' title='bbox 2498 5482 2662 5539; x_wconf 91' lang='lat' dir='ltr'>unius</span> <span class='ocrx_word' id='word_1_939' title='bbox 2709 5485 2874 5539; x_wconf 90' lang='lat' dir='ltr'>etiam</span> <span class='ocrx_word' id='word_1_940' title='bbox 2933 5493 2987 5540; x_wconf 89' lang='lat' dir='ltr'>et</span> <span class='ocrx_word' id='word_1_941' title='bbox 3041 5486 3389 5542; x_wconf 90' lang='lat' dir='ltr'>auctoritatis</span> <span class='ocrx_word' id='word_1_942' title='bbox 3446 5487 3841 5560; x_wconf 86' lang='lat' dir='ltr'>intelligantur</span> 
     </span>
    </p>
   </div>
   <div class='ocr_carea' id='block_1_116' title="bbox 2224 5574 3834 5648">
    <p class='ocr_par' dir='ltr' id='par_1_116' title="bbox 2224 5574 3834 5648">
     <span class='ocr_line' id='line_1_116' title="bbox 2224 5574 3834 5648; baseline 0.004 -22"><span class='ocrx_word' id='word_1_943' title='bbox 2224 5588 2440 5628; x_wconf 89' lang='lat' dir='ltr'>necesse</span> <span class='ocrx_word' id='word_1_944' title='bbox 2470 5581 2568 5628; x_wconf 90' lang='lat' dir='ltr'>est.</span> <span class='ocrx_word' id='word_1_945' title='bbox 2601 5574 2673 5627; x_wconf 89' lang='lat' dir='ltr'>Et</span> <span class='ocrx_word' id='word_1_946' title='bbox 2719 5591 2934 5630; x_wconf 90' lang='lat' dir='ltr'>rursum</span> <span class='ocrx_word' id='word_1_947' title='bbox 2976 5575 3245 5631; x_wconf 87' lang='lat' dir='ltr'>Dominus</span> <span class='ocrx_word' id='word_1_948' title='bbox 3289 5575 3347 5630; x_wconf 91' lang='lat' dir='ltr'>in</span> <span class='ocrx_word' id='word_1_949' title='bbox 3385 5577 3692 5648; x_wconf 79' lang='lat' dir='ltr'>Evangelia</span> <span class='ocrx_word' id='word_1_950' title='bbox 3724 5577 3834 5632; x_wconf 85' lang='lat' dir='ltr'>hu-</span> 
     </span>
    </p>
   </div>
   <div class='ocr_carea' id='block_1_117' title="bbox 2216 5665 3836 5745">
    <p class='ocr_par' dir='ltr' id='par_1_117' title="bbox 2216 5665 3836 5745">
     <span class='ocr_line' id='line_1_117' title="bbox 2216 5665 3836 5745; baseline 0.006 -24"><span class='ocrx_word' id='word_1_951' title='bbox 2216 5665 2310 5736; x_wconf 90' lang='lat' dir='ltr'>jus</span> <span class='ocrx_word' id='word_1_952' title='bbox 2337 5666 2561 5722; x_wconf 90' lang='lat' dir='ltr'>unionis</span> <span class='ocrx_word' id='word_1_953' title='bbox 2589 5667 2915 5725; x_wconf 90' lang='lat' dir='ltr'>Trinitatem</span> <span class='ocrx_word' id='word_1_954' title='bbox 2946 5670 3105 5728; x_wconf 88' lang='lat' dir='ltr'>docet</span> <span class='ocrx_word' id='word_1_955' title='bbox 3123 5670 3313 5729; x_wconf 88' lang='lat' dir='ltr'>dicens</span> <span class='ocrx_word' id='word_1_956' title='bbox 3345 5689 3359 5727; x_wconf 90' lang='lat'>:</span> <span class='ocrx_word' id='word_1_957' title='bbox 3413 5695 3433 5721; x_wconf 74' lang='grc' dir='ltr'>ι</span> <span class='ocrx_word' id='word_1_958' title='bbox 3457 5672 3674 5730; x_wconf 88' lang='lat' dir='ltr'>Euntes</span> <span class='ocrx_word' id='word_1_959' title='bbox 3702 5689 3836 5745; x_wconf 76' lang='lat' dir='ltr'>ergo</span> 
     </span>
    </p>
   </div>
  </div>
