4026 6172
261 307 394 371 MOI

1247 315 1340 373 DE
1381 315 1788 376 CONCORDIA
1824 318 2176 377 MATTH/EI
2215 319 2306 375 ΕΤ
2344 319 2573 378 LUC/E.

3425 328 3562 387 1102

258 441 450 498 docete
513 455 704 496 omnes
760 447 967 514 gentes,
1022 439 1359 512 baptizantes
1399 458 1490 498 eos
1541 444 1598 498 in
1636 444 1860 499 nomine
1896 445 1942 504 A
1974 445 2239 518 abnegare
2272 453 2578 502 conantur:
2626 445 2798 518 ipsam
2847 454 3028 502 autem
3080 458 3300 521 negant,
3351 454 3568 524 quando

258 530 459 596 Patris,
490 538 543 586 et
573 529 725 597 Filii,
781 538 835 586 et
883 529 1122 601 Spiritus
1170 531 1366 600 sancti,
1419 556 1437 578 ι

259 638 464 691 xxvru,
509 621 622 692 19).
672 621 745 676 Et
785 635 911 674 cum
965 619 1160 688 Patris,
1210 627 1264 676 et
1320 620 1471 690 Filii,
1526 630 1580 678 et
1629 622 1866 695 Spiritus

259 709 439 768 sancti
497 707 925 782 signiﬁcantiam
993 707 1272 777 edidisset,
1339 710 1627 767 Trinitatis
1681 720 1864 768 tamen

260 799 438 873 ipsius
471 815 671 854 nomen
703 813 876 852 unum
907 796 1197 854 observare
1227 815 1328 854 nos
1351 797 1561 866 docuit,
1595 801 1740 872 quod
1761 809 1862 869 est,

275 911 295 936 ε
317 889 577 954 Sanctus,
610 895 853 953 sanctus,
885 893 1125 954 sanctus,
1151 888 1421 942 Dominus
1436 890 1582 944 Deus
1603 889 1861 956 Sabaoth;

265 980 427 1052 plena
480 985 563 1033 est
615 976 798 1032 omnis
846 983 991 1032 terra
1043 976 1329 1049 majestate
1369 978 1519 1050 ejus;
1578 1003 1596 1025 ι
1649 996 1710 1035 ac
1771 995 1867 1051 per

264 1067 372 1124 hoc
397 1066 740 1124 consuetudo
789 1065 1085 1138 Scripturae
1141 1068 1432 1124 manifesta
1486 1075 1586 1135 est,
1637 1084 1757 1140 quae
1813 1077 1866 1124 et

263 1175 388 1216 cum
421 1173 595 1212 unum
626 1159 801 1212 Deum
835 1165 1137 1230 nuncupat,
1164 1157 1506 1215 intellectum
1535 1167 1718 1215 tamen
1749 1160 1864 1216 Tri-

264 1248 457 1304 nitatis
503 1261 615 1302 non
669 1254 962 1319 amputat:
1023 1255 1076 1302 et
1127 1263 1251 1303 cum
1299 1248 1475 1304 Patris
1521 1256 1576 1304 et
1628 1249 1756 1304 Filii
1811 1256 1866 1305 et

263 1338 503 1411 Spiritus
531 1339 710 1395 sancti
746 1339 1022 1410 meminit,
1056 1356 1256 1397 nomen
1288 1357 1400 1398 non
1438 1341 1710 1398 interimit
1742 1359 1866 1398 ma—

257 1428 475 1502 jestatis
503 1429 691 1485 unius.

331 1523 404 1579 Et
433 1520 569 1595 quid
597 1522 799 1594 plura?
828 1521 1057 1579 Deﬁciet
1085 1520 1224 1577 mihi
1255 1523 1470 1595 pagina,
1490 1523 1708 1581 deﬁciet
1731 1532 1865 1580 tem-

263 1626 386 1684 pus,
419 1610 464 1665 si
503 1619 704 1666 cuncta
733 1627 853 1684 quae
883 1610 951 1666 ad
993 1611 1327 1684 probandam
1357 1611 1706 1670 divinitatem
1734 1612 1869 1687 Spi-

262 1700 405 1757 ritus
442 1700 621 1758 sancti
650 1701 857 1774 scripta
893 1710 1042 1770 sunt,
1089 1702 1370 1758 revolvere
1411 1711 1506 1759 aut
1548 1719 1867 1760 enumerare

1490 540 1598 590 etc.
1647 534 1861 605 (Matth.

1975 552 2085 591 non
2121 535 2200 593 ita
2245 544 2306 591 ut
2355 546 2454 605 est,
2504 538 2678 592 Deum
2719 537 2994 594 fatentur:
3051 540 3270 612 quando
3327 557 3438 598 non
3497 544 3573 598 ita

1975 628 2227 694 credunt,
2260 634 2322 682 ut
2350 626 2630 698 Scriptura
2659 627 2851 683 divina
2893 645 2992 684 nos
3035 628 3242 699 docuit,
3271 639 3324 688 et
3353 641 3413 689 ut
3445 650 3572 689 cre—

1975 716 2102 770 dere
2149 724 2400 788 oportet;
2453 715 2545 771 sed
2587 725 2749 788 prout
2797 716 2922 772 illos
2970 718 3201 774 traxerit
3249 737 3439 777 sensus
3486 725 3572 779 sui

1976 803 2180 859 libido:
2216 812 2268 859 et
2297 811 2358 859 ut
2387 805 2698 877 intelligant
2737 822 2899 878 quam
2936 808 3094 878 longe
3122 823 3153 862 a
3182 808 3289 864 ﬁde
3319 811 3417 865 Dei
3438 811 3568 881 sint,

1975 902 2068 950 aut
2101 911 2262 967 quam
2304 895 2467 950 alieni
2501 911 2531 950 a
2569 897 2742 952 salute
2782 914 2902 969 quae
2941 905 3022 952 est
3069 898 3126 953 in
3173 898 3392 956 Christo
3422 901 3569 970 Iesu,

1975 984 2068 1057 qui
2099 984 2365 1055 Spiritum
2401 994 2668 1053 sanctum,
2717 1001 2827 1058 quo
2869 985 3150 1043 credentes
3189 988 3470 1060 signamur
3512 991 3572 1045 in

1975 1072 2063 1128 die
2113 1074 2506 1145 redemptionis
2561 1084 2782 1144 nostrae,
2836 1078 3160 1133 contristare
3207 1088 3260 1134 et
3306 1079 3572 1151 abnegare

1974 1165 2266 1222 nituntur:
2302 1172 2353 1221 et
2375 1167 2626 1222 utsciant
2654 1169 2746 1238 qui
2778 1167 2911 1222 talia
2936 1168 3200 1235 sentiunt,
3235 1170 3362 1242 quia
3383 1171 3571 1243 hujus-

1975 1254 2125 1309 modi
2157 1255 2561 1323 machinantur,
2596 1273 2715 1329 quae
2737 1273 2912 1330 neque
2940 1257 3009 1313 ad
3036 1258 3276 1326 veniam,
3311 1277 3484 1334 neque
3505 1263 3573 1320 ad

1976 1345 2353 1400 remissionem
2377 1355 2722 1416 peccatorum
2742 1361 2967 1402 suorum
2990 1355 3247 1418 poterunt
3276 1350 3570 1420 pertinere;

1974 1432 2104 1505 quia
2137 1433 2402 1505 scriptum
2432 1442 2514 1490 est
2544 1452 2554 1490 :
2605 1459 2622 1483 ι
2662 1434 2767 1502 Qui
2807 1443 2986 1490 autem
3024 1435 3485 1509 blasphemaverit
3515 1439 3572 1495 in

1974 1522 2241 1593 Spiritum
2282 1531 2556 1592 sanctum,
2597 1540 2708 1579 non
2751 1525 3065 1581 remittetur
3093 1527 3143 1582 ei
3174 1543 3350 1600 neque
3380 1528 3438 1584 in
3469 1529 3574 1586 hoc

1975 1611 2196 1680 saeculo,
2230 1629 2405 1684 neque
2435 1613 2493 1667 in
2521 1613 2707 1669 futuro
2750 1614 2960 1683 (Matth.
2991 1631 3092 1683 xn,
3128 1616 3219 1688 32)
3247 1636 3259 1685 ;
3302 1640 3319 1664 ι
3364 1618 3457 1674 sed
3489 1619 3570 1674 illi

1976 1717 2031 1756 se
2063 1700 2247 1773 potius
2279 1701 2564 1758 sententiae
2615 1700 2883 1773 subjicere
2931 1720 3041 1759 non
3090 1707 3357 1775 nesciant,
3409 1724 3572 1780 quam

264 1791 512 1846 voluero.
554 1791 681 1847 Haec
711 1800 892 1846 autem
924 1790 1167 1847 breviter
1195 1791 1344 1848 dicta
1387 1800 1516 1848 sunt
1561 1792 1630 1848 ad
1668 1800 1867 1848 retun-
1896 1803 1941 1863 Β
1977 1790 2169 1846 divina
2199 1806 2454 1847 mensura
2483 1790 2624 1846 idem
2658 1807 2754 1862 per
2791 1808 2851 1846 os
2890 1792 3039 1846 Isaiae
3070 1794 3301 1864 protulit
3345 1794 3567 1852 dicens:

267 1877 507 1934 dendam
548 1878 948 1951 impudentiam
980 1896 1191 1949 eorum,
1225 1881 1319 1953 qui
1353 1880 1702 1937 divinitatem
1735 1881 1868 1954 Spi-

265 1969 409 2026 ritus
440 1969 636 2038 sancti,
660 1971 792 2040 imo,
817 1979 875 2027 ut
904 1971 1090 2027 verius
1109 1971 1310 2040 dicam,
1342 1972 1515 2044 ipsam
1545 1971 1869 2048 Trinitatem

267 2095 2390 2124 π

1992 1905 2010 1928 ι
2039 1879 2259 1938 Vermis
2288 1897 2477 1936 eorum
2509 1895 2617 1935 non
2653 1878 2939 1948 morietur,
2981 1889 3034 1935 et
3074 1880 3215 1953 ignis
3244 1899 3431 1939 eorum
3461 1901 3571 1940 non

1979 1969 2362 2040 exstinguetur
2391 1969 2528 2040 (Isa.
2563 1985 2716 2037 var,
2746 1967 2865 2040 24).
2898 1993 2916 2018 ι

1578 2253 2264 2341 MONITUM.

336 2530 488 2588 Hanc
515 2547 733 2604 quoque
761 2530 1225 2604 scriptiunculam
1268 2531 1528 2588 debemus
1557 2531 1805 2598 Gillotio,
1847 2531 1942 2605 qui
1972 2548 2090 2587 eam
2123 2548 2150 2588 e
2177 2531 2464 2588 codicibus
2490 2531 2707 2589 duobus
2738 2548 2906 2588 manu
2935 2531 3190 2600 exaratis,
3225 2534 3397 2590 altero
3428 2533 3573 2591 Dio-

265 2621 521 2694 nysiano,
564 2624 737 2680 altero
766 2622 1078 2691 Victorino,
1113 2622 1172 2678 in
1203 2623 1403 2696 quibus
1432 2623 1725 2680 ascribitur
1751 2630 1939 2679 sancto
1970 2620 2286 2687 Ambrosio,
2337 2619 2393 2674 in
2443 2621 2622 2676 lucem
2677 2620 2880 2676 emisit.
2930 2620 3086 2687 Quod
3139 2638 3269 2676 vero
3317 2638 3435 2678 eam
3480 2641 3571 2679 nec

261 2712 489 2766 materia
513 2729 605 2767 nec
632 2715 770 2785 style
815 2712 1111 2768 abhorrere
1140 2729 1172 2768 a
1199 2714 1434 2768 Doctore
1461 2720 1650 2769 nostro
1679 2712 1986 2785 proﬁtetur,
2015 2727 2126 2765 non
2157 2725 2449 2781 possumus
2461 2708 2708 2779 profecto
2736 2708 3080 2764 subscribere
3113 2709 3266 2765 illius
3293 2711 3567 2782 opinioni,

262 2801 356 2858 sed
386 2802 456 2858 ad
501 2803 808 2876 simplicem
839 2803 1116 2861 schedulaa
1146 2804 1319 2877 ipsius
1358 2805 1674 2872 lectionem,
1717 2813 1769 2860 et
1817 2803 2055 2858 maxime
2094 2798 2292 2853 horum
2331 2797 2646 2862 verborum,
2695 2797 2784 2853 sed
2815 2798 2978 2868 hujus
3014 2797 3319 2868 quaestionis
3369 2801 3490 2855 talis
3536 2820 3568 2857 a

261 2891 518 2948 Pal-ribus
545 2892 738 2948 solutio
767 2893 963 2962 datur,
993 2891 1494 2952 considerationem
1522 2892 1756 2948 ﬁdenter
1783 2905 2167 2963 provocamus.

524 3177 722 3322 DE
844 3173 1655 3323 CONCORDIA
1771 3173 2471 3324 MATTH/EI
2588 3175 2772 3322 ET
2885 3173 3306 3323 LUG/E

1015 3421 1168 3504 IN‘
1235 3419 2109 3506 GENEALOGIA
2199 3418 2806 3528 CHRISTI.

334 3721 480 3780 609
509 3725 572 3780 In
604 3722 810 3781 Christi
851 3724 1200 3798 generatione
1246 3723 1537 3782 Matthaeus
1586 3731 1640 3780 et
1687 3723 1861 3778 Lucas
1896 3715 1939 3776 C
1969 3730 2141 3787 usque
2191 3714 2258 3770 ad
2313 3711 2598 3773 Christum
2636 3721 2826 3771 natum
2864 3714 3062 3773 ducere
3110 3717 3323 3788 Volens,
3373 3736 3484 3776 non
3537 3739 3567 3778 a

250 3813 544 3870 dissentire
575 3813 857 3882 videntur,
900 3823 1186 3886 propterea
1231 3813 1378 3886 quod
1426 3830 1553 3870 cum
1592 3813 1748 3879 alter,
1798 3811 1857 3868 id
1968 3806 2148 3879 primo
2178 3813 2402 3878 parente
2429 3805 2628 3874 Adam,
2659 3805 2753 3863 sed
2784 3805 2852 3862 ab
2884 3805 3161 3864 Abraham
3193 3825 3422 3866 exorsus
3447 3821 3560 3880 est;

252 3911 357 3969 est,
405 3903 696 3958 Mammng
733 3903 1138 3972 descendendo,
1193 3904 1352 3969 alter,
1411 3904 1467 3960 id
1521 3911 1622 3971 est,
1685 3903 1858 3958 Lucas
1966 3905 2027 3949 ut
2054 3893 2363 3949 ostenderet
2391 3894 2538 3966 quod
2568 3895 2841 3966 susceptio
2871 3897 3131 3952 camisin
3155 3897 3297 3952 Filio
3326 3900 3423 3954 Dei
3451 3917 3560 3955 non

254 3988 620 4055 ascendendo,
689 3988 937 4058 ejusdem
997 3991 1364 4060 generationis
1421 3990 1616 4045 seriem
1683 3997 1852 4046 texat,
1967 3981 2073 4037 fuit
2103 3982 2291 4054 primre
2327 3981 2664 4037 conditionis
2693 3983 2992 4053 institutio,
3041 3984 3133 4040 sed
3181 3986 3562 4057 promissionis

254 4074 546 4134 Mattheus
567 4076 788 4147 quidem
821 4075 888 4130 ab
911 4077 1190 4132 Abraham
1213 4077 1501 4132 exordium
1525 4079 1856 4134 narrationis

252 4180 496 4231 sumens,
525 4171 579 4219 et
610 4163 677 4218 ad
708 4163 885 4218 David
914 4179 1085 4235 usque
1123 4163 1478 4233 descendens,
1527 4164 1727 4221 deinde
1763 4182 1856 4237 per

254 4253 602 4310 Salomonem
629 4267 800 4325 usque
826 4251 895 4307 ad
922 4251 1125 4323 Ioseph
1163 4251 1364 4308 lineam
1417 4253 1640 4308 deducit
1674 4271 1684 4308 :
1738 4254 1856 4309 Lu-

254 4359 346 4400 cas
371 4357 501 4397 vero
529 4357 561 4397 a
588 4340 789 4412 Ioseph
817 4340 1108 4412 incipiens,
1150 4356 1245 4412 per
1273 4340 1491 4396 Nathan
1538 4341 1607 4396 ad
1653 4342 1850 4411 David,

255 4440 310 4487 et
338 4448 370 4486 a
397 4431 575 4488 David
609 4447 782 4502 usque
809 4430 876 4486 ad
909 4429 1209 4498 Abraham,
1242 4437 1516 4502 postremo
1560 4430 1628 4485 ab
1670 4431 1855 4487 Abra—

257 4521 382 4577 ham
425 4537 597 4594 usque
627 4520 695 4576 ad
725 4519 901 4575 Adam
951 4519 1317 4591 generationis
1365 4520 1612 4575 ordinem
1665 4523 1855 4576 revol-

255 4612 436 4668 vendo
457 4609 719 4668 ascendit.
751 4610 904 4665 Unde
932 4609 1204 4681 contingit
1223 4619 1285 4666 ut
1313 4627 1344 4666 a
1371 4611 1547 4666 David
1575 4610 1850 4680 deorsum,

254 4718 380 4759 cum
413 4702 506 4757 ille
536 4718 632 4774 per
656 4699 894 4768 Nathan,
927 4699 1028 4755 iste
1058 4716 1153 4772 per
1181 4699 1524 4756 Salomonem
1558 4702 1853 4773 generatio-

256 4791 344 4847 nis
373 4791 648 4847 tramitem
680 4791 1100 4857 deducat,totus
1121 4805 1256 4862 pene
1277 4792 1702 4863 computationis
1719 4793 1854 4848 ordo

257 4880 542 4938 dissideat.
574 4881 678 4936 Sed
709 4881 838 4952 quia
866 4879 1146 4951 Scriptura
1175 4896 1326 4935 sacra
1356 4881 1571 4936 diversa
1597 4883 1854 4954 quando-

257 4985 363 5042 que
381 4969 597 5040 recipit,
613 4969 840 5025 adversa
861 4976 1040 5022 autem
1061 4969 1287 5022 omnino
1301 4984 1408 5022 non
1423 4969 1693 5036 admittit;
1721 4972 1850 5028 dum

1965 4069 2312 4142 postmodum
2346 4069 2501 4124 factae
2541 4069 2808 4142 impletio.
2860 4071 3035 4128 Lucas
3080 4088 3211 4127 vero
3259 4089 3288 4128 a
3340 4073 3560 4130 Christo

1966 4158 2238 4230 baptizato
2269 4156 2558 4230 incipiens,
2589 4173 2700 4213 non
2750 4158 2806 4213 in
2847 4158 3026 4214 David
3053 4160 3142 4214 vel
3172 4160 3230 4215 in
3257 4160 3555 4231 Abraham,

1964 4247 2058 4304 sed
2107 4264 2208 4304 nec
2255 4248 2311 4302 in
2360 4247 2535 4303 Adam
2584 4248 2748 4304 ﬁnem
2788 4249 2964 4305 fecit:
3009 4249 3104 4305 sed
3150 4267 3246 4322 per
3292 4252 3467 4307 David
3505 4261 3560 4308 et

1963 4335 2239 4392 Abraham
2271 4344 2433 4409 atque
2458 4336 2634 4392 Adam
2665 4337 2956 4404 transiens,
2988 4338 3057 4393 ad
3085 4340 3259 4394 Deum
3291 4339 3555 4409 ascendit,

1964 4433 2025 4481 ut
2051 4434 2230 4497 aperte
2259 4423 2412 4481 daret
2451 4425 2706 4496 intelligi,
2753 4425 2899 4497 quod
2928 4425 2969 4480 ii
2999 4427 3090 4500 qui
3120 4444 3215 4499 per
3243 4429 3558 4500 generatio—

1965 4531 2088 4571 nem
2144 4514 2325 4572 carnis
2381 4515 2481 4570 ﬁlii
2536 4523 2665 4572 sunt
2709 4514 3018 4584 hominum,
3050 4532 3144 4589 per
3183 4520 3558 4590 regeneratio-

1964 4622 2086 4661 nem
2127 4605 2472 4677 baptismatis
2500 4605 2556 4660 in
2587 4606 2935 4677 adoptionem
2983 4616 3268 4666 transeunt
3313 4609 3553 4668 deitatis.

1963 4695 2090 4752 Ideo
2119 4695 2407 4751 Matthzeus
2436 4695 2491 4749 in
2525 4696 2838 4766 genealogia
2876 4712 2988 4751 non
3028 4698 3134 4754 nisi
3178 4702 3453 4756 naturales
3482 4702 3558 4756 ﬁ-

1965 4786 2067 4840 lios
2097 4795 2413 4856 computare
2443 4784 2621 4839 voluit
2655 4803 2666 4839 :
2701 4785 2872 4841 Lucas
2917 4803 3047 4842 vero
3096 4788 3240 4845 inter
3279 4793 3558 4847 naturales

1963 4875 2124 4930 etiam
2151 4874 2437 4945 adeptivos
2466 4874 2723 4941 ascribit;
2749 4883 2808 4931 ut
2828 4877 3146 4933 ostendatur
3171 4888 3226 4935 et
3256 4880 3312 4936 in
3339 4880 3558 4938 Christo

1965 4972 2220 5020 nascente
2250 4980 2377 5018 vera
2417 4963 2585 5018 fuisse
2622 4963 2803 5019 carnis
2848 4967 3143 5038 susceptio,
3193 4977 3246 5024 et
3294 4969 3350 5023 in
3400 4970 3559 5024 nobis

258 5073 371 5113 non
412 5057 795 5129 permittimur
824 5056 1042 5112 credere
1085 5055 1549 5125 contrarietatem,
1602 5059 1856 5114 latentem
1890 5075 1936 5134 D
1969 5053 2382 5109 renascentibus
2428 5069 2536 5107 non
2581 5068 2676 5124 per
2720 5061 2997 5120 naturam,
3046 5057 3139 5112 sed
3188 5075 3284 5129 per
3330 5059 3557 5128 gratiam

255 5151 509 5223 cogimur
536 5167 777 5223 quaerere
810 5150 1118 5206 veritatem.
1155 5149 1444 5205 Matthzeus
1483 5149 1648 5221 igitur
1686 5167 1857 5221 gene-

255 5242 527 5297 rationem
561 5240 766 5298 Christi
798 5239 1180 5296 descendendo
1213 5247 1516 5311 computat,
1564 5241 1854 5297 ostendens

256 5332 464 5389 Filium
513 5330 612 5387 Dei
668 5348 762 5402 per
805 5331 986 5387 carnis
1037 5332 1439 5403 susceptionem
1489 5330 1691 5387 factum
1740 5348 1853 5388 esse

257 5421 464 5478 Filium
495 5419 742 5476 hominis
772 5438 784 5476 :
819 5419 992 5476 Lucas
1017 5419 1265 5476 eamdem
1304 5419 1648 5476 ascendendo
1691 5421 1850 5491 texit,

255 5508 644 5566 demonstrans
703 5507 849 5564 ﬁlios
895 5508 1185 5565 hominum
1234 5509 1376 5566 efﬁci
1433 5507 1579 5564 ﬁlios
1615 5508 1715 5564 Dei
1760 5526 1854 5582 per

248 5599 492 5671 .gratiam
517 5596 848 5671 adoptionis.

333 5689 625 5762 Propterea
680 5689 844 5746 etiam
902 5689 1188 5749 Matthzeus
1244 5688 1611 5764 generationis
1658 5689 1849 5747 seriem

1966 5141 2256 5213 provenire
2286 5140 2528 5211 adoptio.
2581 5141 2703 5196 Haec
2749 5157 2877 5213 ergo
2932 5143 3039 5199 fuit
3084 5161 3243 5200 causa
3291 5161 3456 5216 quare
3501 5144 3560 5198 in

1963 5229 2332 5304 generationis
2377 5230 2515 5286 serie
2562 5231 2699 5286 alios
2738 5231 3050 5299 Matthaeus,
3104 5241 3158 5288 et
3205 5233 3341 5289 alios
3389 5235 3562 5290 Lucas

1963 5329 2141 5394 patres
2176 5319 2398 5393 posuit;
2441 5320 2569 5392 quia
2600 5321 2713 5388 ille,
2750 5321 2893 5377 sicut
2922 5320 3190 5388 diximus,
3220 5321 3364 5376 solos
3391 5331 3563 5378 natu-

1963 5411 2134 5466 rales:
2179 5409 2282 5465 iste
2310 5426 2441 5466 vero
2467 5410 2813 5465 naturalibus
2842 5410 3004 5464 etiam
3039 5409 3330 5482 adoptivos
3354 5428 3562 5470 connu-

1962 5501 2276 5556 meraverit.
2301 5499 2460 5568 Quod
2481 5508 2542 5556 ut
2559 5499 2754 5556 melius
2771 5508 2951 5572 patere
2978 5500 3170 5572 possit,
3203 5507 3564 5574 utrorumque

1963 5590 2336 5646 narrationem
2374 5590 2740 5648 conferamus.

2033 5688 2181 5746 Ordo
2231 5689 2596 5762 generationis
2639 5686 2846 5744 Christi
2892 5687 3199 5744 secundum
3247 5687 3566 5748 Matthzeum
