4060 6208
454 275 591 334 1103

1463 279 1556 335 AD
1594 278 1830 336 OPERA
1866 277 1922 335 S.
1963 277 2298 338 AMBROSII
2335 278 2716 338 APPENDIX.

3612 279 3750 340 1104

451 403 579 458 talis
616 409 747 460 est:
803 423 822 450 ε
869 399 1148 458 Abraham
1198 401 1387 474 genuit
1435 402 1599 472 Isaac,
1658 405 1807 462 Isaac
1858 403 2047 476 genuit
2072 406 2124 465 A
2152 403 2474 461 naturaliter
2501 403 2846 460 descendisse
2874 402 3191 474 credimus;
3242 420 3392 463 nunc
3440 405 3750 463 secundum

364 529 371 535 -
449 491 639 562 Iacob,
688 491 853 549 Iacob
897 492 1085 565 genuit
1121 491 1338 562 Iudam,
1387 492 1554 550 Iudas
1596 495 1784 568 genuit
1820 493 2043 559 Phares,

452 583 657 640 Phares
695 582 884 655 genuit
929 583 1126 652 Esron,
1174 584 1353 639 Esron
1406 584 1593 656 genuit
1639 586 1828 656 Aram,
1875 586 2042 642 Aram

449 674 639 748 genuit
700 672 1039 742 Aminadab,
1122 672 1431 730 Aminadab
1507 675 1694 748 genuit
1763 677 2040 745 Naasson,

447 763 691 820 Naasson
720 761 908 834 genuit
937 761 1180 830 Salmon,
1215 762 1438 818 Salmon
1469 765 1658 835 genuit
1695 766 1857 833 Booz,
1900 766 2043 822 Booz

449 852 638 926 genuit
665 850 836 920 Obed,
869 849 1021 907 Obed
1052 851 1239 924 genuit
1267 853 1370 909 Isai
1409 855 1496 909 vel
1533 854 1700 924 Iesse,
1750 856 1895 912 Iesse
1943 872 2044 928 ge-

449 941 780 1011 nuitDavid,
798 940 976 998 David
993 942 1182 1013 genuit
1196 943 1564 1013 Salomonem,
1583 946 1840 1002 Salomon
1854 947 2043 1020 genuit

445 1032 713 1102 Boboam,
736 1031 978 1088 Roboam
1011 1032 1198 1104 genuit
1227 1032 1447 1104 Abiam,
1489 1035 1631 1092 Abia
1677 1037 1866 1108 genuit
1911 1041 2037 1107 Asa,

447 1127 558 1184 Asa
581 1125 770 1200 genuit
797 1125 1074 1199 Iosaphat,
1110 1127 1369 1200 Iosaphat
1398 1136 1588 1202 genuit
1611 1131 1816 1199 Ioram,
1855 1132 2037 1188 Ioram

448 1215 637 1289 genuit
669 1214 854 1272 Oziam
887 1215 1099 1287 (Matth.
1133 1234 1170 1284 ι,
1205 1217 1360 1289 2-8).
1394 1242 1412 1266 ι
1456 1219 1586 1274 Tres
1613 1218 1705 1276 hic
1743 1220 2042 1278 intermisit

445 1305 802 1378 evangelista,
829 1304 886 1361 id
915 1312 1016 1374 est,
1049 1305 1237 1362 Oziam
1275 1307 1392 1364 sive
1430 1307 1742 1381 Ochosiam,
1792 1317 1846 1366 et
1896 1312 2040 1381 Ioas,

445 1403 500 1452 et
527 1396 803 1451 Amasiam
829 1412 842 1462 ;
872 1396 1054 1452 Ioram
1086 1397 1232 1453 enim
1264 1399 1443 1471 primo
1471 1400 1592 1457 loco
1623 1401 1810 1473 genuit
1849 1401 2042 1458 Ocho-

444 1485 605 1556 siam,
637 1494 690 1542 et
713 1485 976 1544 Ochosias
1003 1488 1192 1561 genuit
1224 1489 1368 1558 Ioas,
1410 1497 1463 1544 et
1500 1490 1624 1547 Ioas
1654 1492 1843 1564 genuit
1869 1494 2040 1550 Ama-

443 1576 602 1646 siam,
644 1583 710 1632 et
757 1577 1010 1635 Amasias
1053 1577 1274 1635 demum
1323 1579 1511 1651 genuit
1562 1580 1770 1649 Oziam,
1819 1581 1886 1638 de
1932 1598 2040 1654 quo

443 1680 592 1722 nunc
621 1665 872 1723 dicitur:
929 1691 949 1716 α
985 1667 1169 1723 Ioram
1215 1669 1404 1740 genuit
1454 1668 1661 1725 Oziam.
1695 1695 1711 1717 ι
1755 1668 1913 1736 Quod
1965 1671 2042 1727 ita

442 1753 866 1826 intelligendum
932 1763 1051 1824 est,
1111 1756 1300 1828 genuit
1355 1756 1613 1814 videlicet
1667 1761 2040 1818 mediantibus

441 1843 805 1915 supradictis;
837 1843 967 1916 quia
993 1859 1090 1915 per
1117 1844 1243 1901 illos
1268 1845 1336 1902 de
1363 1847 1574 1904 semine
1603 1847 1720 1921 ejus
1750 1851 2035 1922 processit.

442 1930 554 1986 Hos
607 1938 788 1986 autem
843 1932 1176 2005 evangelista
1231 1935 1319 1990 vel
1381 1934 1506 1991 ideo
1567 1939 1937 2010 praetermisit,
1978 1951 2041 1999 ut

440 2035 702 2076 numerus
765 2027 980 2077 tessera:
1044 2021 1262 2079 decadis
1329 2036 1688 2098 aequaretur:
1742 2030 1829 2085 vel
1892 2030 2037 2100 ideo,

441 2107 571 2182 quia
597 2109 780 2165 Ioram
814 2111 995 2182 generi
1046 2127 1102 2167 se
1148 2113 1372 2170 miscuit
1425 2115 1670 2185 Iezabel;
1721 2125 1776 2175 et
1824 2119 2036 2177 dictum

441 2205 556 2254 erat
617 2213 714 2270 per
777 2198 1100 2271 prophetam
1157 2201 1225 2257 de
1276 2201 1441 2260 domo
1505 2205 1696 2262 Achab
1748 2223 1859 2263 non
1921 2225 2036 2266 esse

441 2303 771 2361 quemquam
801 2299 1178 2361 regnaturum,
1209 2292 1317 2348 nisi
1346 2293 1406 2348 in
1434 2303 1628 2367 quarta
1649 2298 2031 2368 generatione:

439 2385 493 2435 et
521 2377 644 2433 ideo
695 2379 958 2435 memoria
997 2378 1116 2451 ejus
1156 2381 1392 2452 tollitur,
1444 2399 1508 2440 eo
1553 2400 1726 2459 usque
1772 2403 1804 2443 a
1849 2396 2036 2446 sancta

440 2466 806 2540 generatione.
851 2492 870 2516 ι
913 2468 1072 2525 Ozias
1117 2485 1264 2544 ergo,
1313 2471 1407 2544 qui
1461 2480 1516 2529 et
1560 2475 1802 2546 Azarias,
1848 2478 2036 2550 genuit

436 2558 708 2629 Joatham,
780 2559 1032 2617 Joatham
1103 2563 1292 2636 genuit
1345 2563 1547 2634 Achaz,
1607 2565 1789 2624 Achaz
1847 2567 2034 2648 genuit

436 2647 752 2718 Ezechiam,
816 2649 1080 2708 Ezechias
1143 2653 1332 2725 genuit
1391 2653 1694 2725 Manassen,
1762 2655 2034 2714 Manasses

437 2739 627 2811 genuit
668 2741 872 2811 Amon,
908 2745 1090 2799 Amon
1119 2744 1310 2816 genuit
1359 2745 1582 2812 Josiam,
1629 2747 1802 2804 Josias
1847 2749 2034 2822 genuit

435 2837 780 2908 Iechoniam,
813 2839 1104 2898 Iechonias
1133 2843 1323 2914 genuit
1371 2841 1514 2900 610
1565 2847 1825 2904 Salathiel
1857 2849 2028 2921 (Ibid.

434 2928 624 3000 9-12).
655 2951 674 2977 ›
718 2929 936 2986 Veritas
964 2930 1208 2987 historiae
1238 2931 1403 2990 habet
1441 2936 1587 3008 quod
1616 2937 1790 2994 Josias
1823 2955 2034 3012 genue—

435 3017 508 3072 rit
535 3017 842 3087 Eleachim,
875 3019 972 3090 qui
1001 3027 1055 3075 et
1077 3019 1326 3078 Ioachim
1365 3021 1482 3078 sive
1527 3024 1816 3083 Iechonias
1850 3027 2033 3085 dictus

435 3114 551 3162 est:
585 3107 869 3164 Eleachim
901 3116 1082 3165 autem
1124 3109 1312 3182 genuit
1358 3111 1626 3184 Ioachim,
1677 3116 1772 3189 qui
1816 3127 1869 3174 et
1917 3119 2032 3191 ipse

435 3196 580 3252 sicut
608 3205 781 3270 pater,
814 3198 1104 3256 Jechonias
1151 3202 1455 3274 appellatus
1502 3213 1618 3263 est:
1670 3205 1762 3265 hic
1805 3207 2027 3265 demum

437 3286 628 3357 genuit
653 3286 933 3344 Salathiel.
967 3289 1224 3350 Dicemus
1270 3310 1398 3368 ergo
1444 3305 1539 3353 aut
1583 3315 1756 3354 unum
1810 3309 2031 3372 propter

437 3377 806 3451 supradictam
837 3381 1126 3453 rationem,
1175 3385 1292 3443 sive
1326 3387 1490 3444 aliam
1535 3405 1917 3464 quamcunque
1959 3390 2029 3447 ob

436 3486 655 3527 causam
738 3474 1169 3544 praetermissum
1218 3496 1232 3534 :
1293 3487 1389 3535 aut
1433 3497 1546 3537 non
1600 3498 1715 3538 esse
1773 3481 2028 3538 eumdem

433 3559 754 3616 Iechoniam
789 3562 972 3630 illum,
1003 3565 1070 3621 de
1099 3583 1208 3638 quo
1256 3569 1505 3627 dicitur:
1552 3594 1571 3618 ι
1617 3572 1791 3628 Josias
1842 3571 2030 3645 genuit

433 3647 757 3704 Iechoniam
786 3651 956 3721 (Ibid.
994 3652 1115 3723 ii);
1150 3678 1170 3702 ι
1207 3664 1261 3711 et
1297 3657 1455 3712 illum
1504 3657 1573 3714 de
1618 3675 1727 3732 quo
1777 3659 2024 3717 dicitur:

446 3761 465 3784 ι
496 3737 625 3793 Post
647 3738 1184 3813 transmigrationem
1204 3743 1506 3819 Babylonis
1532 3749 1822 3806 Iechonias
1841 3751 2030 3823 genuit

432 3824 696 3882 Salathiel
736 3827 899 3898 (Ibid.
946 3824 1080 3905 l2):
1123 3857 1143 3882 ι
1200 3835 1296 3892 sed
1343 3835 1583 3910 priorem
1633 3855 1748 3896 esse
1794 3848 2026 3913 patrem,

431 3915 734 3973 secundum
817 3935 932 3976 esse
1007 3921 1186 3981 filium
1244 3942 1259 3982 :
1341 3937 1564 4000 propter
1629 3931 2025 4003 separationem

431 4012 614 4063 autem
646 4014 700 4064 et
727 4007 1159 4082 disjunctionem
1206 4017 1708 4090 transmigrationis
1752 4037 1864 4076 non
1913 4037 2026 4077 esse

430 4096 716 4169 repetitam
747 4098 891 4156 inter
937 4117 1028 4159 eos
1075 4106 1443 4177 generationis
1494 4108 1917 4179 connexionem,
1965 4117 2027 4166 ut

428 4186 756 4246 diceretur:
823 4215 842 4240 ι
896 4192 1071 4250 Josias
1143 4196 1333 4270 genuit
1405 4198 1749 4268 Iechoniam,
1823 4199 2028 4256 Iecho—

431 4278 551 4336 nias
579 4295 706 4353 ergo
736 4283 925 4354 genuit
971 4285 1254 4358 Salathiel,
1302 4289 1564 4347 Salathiel
1611 4291 1800 4364 genuit
1847 4293 2027 4348 Zoro-

428 4366 611 4436 babel,
655 4371 953 4430 Zorobabel
1003 4376 1192 4448 genuit
1239 4377 1426 4436 Abiud
1475 4381 1638 4452 (Ibid.
1686 4381 1772 4450 12,
1825 4382 1938 4455 13).
1993 4409 2012 4434 ι

429 4457 551 4514 Huc
603 4475 776 4534 usque
832 4479 901 4519 ex
948 4465 1106 4522 libris
1152 4469 1434 4526 veteribus
1479 4472 1844 4544 generationis
1890 4473 2026 4530 ordo

428 4547 640 4604 texitur
681 4568 693 4606 :
757 4567 879 4624 quae
937 4563 1263 4627 sequuntur,
1320 4561 1618 4618 auctoritas
1677 4563 2024 4636 evangelista:

428 4637 739 4696 conﬁrmat.
787 4664 806 4688 ι
834 4643 1020 4700 Abiud
1049 4647 1240 4718 genuit
1272 4648 1572 4720 Eliachim,
1607 4651 1886 4709 Eliachim
1925 4671 2027 4728 ge-

427 4733 554 4789 nuit
584 4737 748 4801 Azor,
777 4737 921 4794 Azor
949 4740 1140 4811 genuit
1167 4741 1361 4811 Sadoc,
1384 4743 1558 4802 Sadoc
1585 4745 1773 4819 genuit
1800 4746 2024 4818 Achim,

425 4821 628 4880 Achim
659 4827 849 4898 genuit
876 4827 1066 4900 Eliud,
1099 4830 1268 4890 Eliud
1298 4834 1488 4907 genuit
1521 4836 1766 4909 Eleazar,
1801 4839 2026 4897 Eleazar

427 4911 618 4985 genuit
643 4915 890 4988 Mathan,
919 4918 1144 4977 Mathan
1169 4922 1358 4996 genuit
1384 4924 1572 4993 Iacob,
1620 4927 1785 4985 Iacob
1836 4930 2024 5001 genuit

2153 493 2355 550 Lucam
2380 494 2576 550 seriem
2603 493 2974 566 generationis
3002 493 3373 554 revolvamus.

2222 609 2396 666 Lucas
2423 608 2503 667 sic
2531 609 2646 666 ait:
2695 633 2714 658 ‹
2751 610 2870 681 Ipse
2918 610 3072 667 Iesus
3115 618 3231 668 erat
3279 611 3555 684 incipiens
3590 611 3753 684 quasi

2151 717 2421 758 annorum
2453 700 2696 772 triginta,
2727 708 2791 756 ut
2818 703 3133 774 putabatur,
3181 702 3330 760 ﬁlius
3378 704 3604 777 Ioseph,
3653 707 3751 778 qui

2153 791 2260 847 fuit
2291 792 2434 860 Heli,
2486 792 2581 864 qui
2623 791 2730 848 fuit
2773 793 3005 850 Matthat
3053 793 3205 865 (Luc.
3239 810 3322 861 nr,
3354 793 3470 864 23).
3503 819 3522 842 ι
3566 793 3755 852 Prima

2150 882 2331 939 fronte
2364 882 2725 940 contrarietas
2753 900 3039 942 occurrere
3068 883 3309 943 videtur.
3349 885 3644 943 Mattheus
3663 885 3752 942 di-

2151 970 2228 1028 cit
2255 971 2454 1044 Ioseph
2487 971 2664 1028 ﬁlium
2699 972 2869 1030 fuisse
2896 975 3081 1043 Iacob,
3114 983 3171 1032 et
3206 974 3373 1032 Iacob
3402 974 3585 1031 ﬁlium
3615 976 3751 1032 Mat-

2155 1058 2285 1115 than
2310 1078 2322 1116 :
2356 1060 2528 1118 Lucas
2556 1060 2694 1118 dicit
2725 1062 2926 1135 Ioseph
2961 1063 3140 1121 ﬁlium
3168 1064 3338 1122 fuisse
3365 1064 3508 1133 Heli,
3542 1073 3600 1122 et
3630 1065 3752 1123 Heli

2149 1148 2326 1206 ﬁlium
2344 1167 2456 1209 non
2480 1151 2722 1222 Matban,
2756 1131 3132 1212 sed—Matthat.
3164 1155 3272 1213 Sed
3300 1153 3466 1226 hujus
3492 1131 3755 1228 quaestio-

2151 1239 2237 1296 nis
2266 1241 2394 1298 talis
2419 1259 2451 1298 a
2478 1242 2733 1299 Patribus
2767 1244 2971 1300 solutio
3001 1243 3198 1312 datur;
3248 1243 3473 1302 Mathan
3520 1245 3620 1318 qui
3661 1263 3756 1320 per

2150 1331 2496 1388 Salomonem
2524 1332 2828 1403 descendit,
2859 1351 3091 1393 uxorem
3121 1335 3377 1396 habuisse
3410 1335 3626 1393 Esthan
3660 1354 3753 1394 nco

2150 1425 2335 1493 mine;
2366 1426 2433 1482 de
2461 1444 2567 1500 qua
2601 1428 2789 1500 genuit
2835 1429 3015 1486 ﬁlium
3063 1431 3249 1500 Iacob,
3303 1433 3453 1504 quod
3503 1441 3751 1505 mortuo,

2148 1516 2380 1573 Matthat
2410 1517 2506 1590 qui
2533 1535 2628 1590 per
2655 1519 2871 1576 Nathan
2901 1521 3205 1589 descendit,
3238 1523 3482 1583 eamdem
3515 1541 3750 1582 uxorem

2149 1605 2330 1676 duxit,
2363 1616 2418 1665 et
2448 1612 2634 1682 genuit
2670 1627 2739 1668 ex
2768 1628 2831 1669 ea
2856 1612 3036 1670 ﬁlium
3073 1614 3215 1671 Heli.
3255 1614 3347 1672 Sic
3381 1632 3511 1690 ergo
3544 1618 3672 1674 Heli
3701 1629 3753 1677 et

2147 1695 2315 1754 Iacob
2343 1699 2550 1754 uterini
2581 1700 2776 1758 fratres
2806 1701 3054 1772 fuerunt,
3085 1719 3196 1760 una
3229 1712 3426 1775 matre,
3474 1722 3590 1763 non
3639 1723 3754 1764 uno

2072 1776 2118 1837 B
2151 1794 2304 1859 patre
2331 1786 2487 1844 editi.
2520 1788 2678 1845 Prior
2705 1791 2826 1848 Heli
2875 1792 3040 1849 duxit
3086 1810 3341 1865 uxorem,
3387 1803 3445 1851 et
3493 1805 3750 1854 mortuus

2150 1885 2232 1933 est
2259 1876 2378 1933 sine
2407 1877 2627 1936 liberis:
2661 1889 2848 1952 postea
2874 1881 3040 1939 Iacob
3059 1885 3270 1956 accepit
3283 1901 3518 1942 uxorem
3539 1887 3744 1957 fratris,

2150 1975 2212 2022 ut
2240 1967 2531 2025 suscitaret
2558 1987 2743 2028 semen
2765 1971 2921 2028 fratri
2942 1990 3062 2042 suo,
3091 1991 3162 2031 ex
3182 1992 3291 2049 qua
3305 1977 3495 2049 genuit
3521 1978 3748 2052 Ioseph.

2149 2055 2349 2129 Ioseph
2380 2074 2507 2132 ergo
2548 2060 2698 2118 ﬁlius
2749 2072 2830 2120 est
2880 2063 3046 2121 Iacob
3089 2065 3391 2123 secundum
3443 2069 3750 2140 generatio-

2148 2161 2297 2216 nem,
2323 2148 2473 2205 ﬁlius
2503 2150 2626 2206 Heli
2671 2152 2974 2210 secundum
3022 2155 3216 2228 legem.
3270 2156 3483 2213 Deinde
3527 2175 3748 2231 genera-

2146 2235 2315 2292 tionis
2344 2237 2479 2295 ordo
2508 2241 2738 2297 texitur.
2787 2266 2806 2291 ‹
2832 2243 3032 2317 Ioseph
3060 2245 3156 2318 qui
3189 2245 3297 2302 fuit
3331 2247 3474 2316 Heli,
3506 2248 3606 2321 qui
3641 2248 3751 2305 fuit

2144 2325 2400 2393 Matthat,
2432 2328 2527 2402 qui
2566 2329 2676 2386 fuit
2714 2330 2870 2402 Levi,
2913 2334 3010 2406 qui
3056 2334 3163 2390 fuit
3212 2336 3440 2407 Melchi,
3490 2339 3589 2411 qui
3637 2339 3749 2396 fuit

2145 2414 2338 2485 Janne,
2369 2417 2464 2490 qui
2497 2418 2604 2475 fuit
2630 2420 2850 2494 Ioseph,
2869 2423 2965 2496 qui
2995 2423 3104 2482 fuit
3128 2426 3493 2497 Matthathiaa,
3524 2428 3621 2501 qui
3640 2429 3752 2488 fuit

2144 2508 2334 2576 Amos,
2386 2507 2480 2582 qui
2533 2509 2640 2568 fuit
2695 2511 2934 2583 Nahum,
2985 2515 3080 2588 qui
3127 2516 3235 2574 fuit
3285 2517 3458 2588 Hesli,
3507 2522 3606 2594 qui
3643 2523 3754 2580 fuit

2142 2594 2362 2670 Nangae,
2395 2599 2489 2672 qui
2514 2599 2621 2658 fuit
2647 2602 2844 2670 Matth,
2865 2604 2961 2677 qui
2988 2605 3098 2662 fuit
3125 2606 3485 2681 Matthatbiae,
3512 2612 3612 2684 qui
3643 2612 3753 2670 fuit

2143 2684 2342 2755 Semei,
2392 2688 2486 2760 qui
2534 2689 2641 2746 fuit
2686 2692 2908 2764 Ioseph,
2959 2695 3055 2768 qui
3108 2695 3215 2754 fuit
3269 2698 3428 2767 Iuda,
3485 2702 3585 2773 qui
3641 2703 3753 2759 fuit

2142 2773 2414 2844 Iohanna,
2447 2778 2542 2849 qui
2571 2778 2680 2835 fuit
2709 2781 2867 2850 Besa,
2898 2783 2992 2856 qui
3024 2784 3133 2840 fuit
3154 2786 3478 2857 Zorobabel,
3509 2790 3606 2862 qui
3637 2791 3751 2848 fuit

2143 2863 2406 2921 Salathiel
2441 2867 2602 2938 (Ibid.
2637 2868 2848 2943 23-27).
2878 2895 2897 2919 ι
2941 2873 3062 2928 Non
3109 2881 3242 2945 puto
3289 2875 3546 2934 eumdem
3596 2877 3752 2938 hunc

2141 2967 2258 3010 esse
2282 2955 2581 3013 Zorobabel
2623 2967 2718 3015 aut
2752 2959 3036 3030 Salathiel,
3067 2964 3163 3036 qui
3194 2966 3447 3036 superius
3499 2967 3560 3023 in
3606 2969 3751 3027 serie

2143 3044 2510 3115 generationis
2539 3047 2841 3104 secundum
2881 3050 3200 3108 Matthaum
3251 3057 3523 3112 numerati
3572 3070 3744 3125 sunt;

2067 3147 2110 3206 ρ
2143 3149 2267 3189 cum
2298 3142 2353 3189 et
2381 3135 2475 3192 ille
2513 3135 2774 3194 Salathiel
2820 3157 2930 3197 non
2973 3141 3124 3199 ﬁlius
3161 3144 3308 3214 Neri,
3353 3145 3448 3203 sed
3476 3146 3630 3204 ﬁlius
3661 3150 3745 3205 Ie-

2138 3219 2351 3277 choniaa
2381 3221 2549 3279 fuerit
2582 3243 2593 3281 :
2629 3227 2693 3281 'et
2721 3227 3022 3285 Zorobabel
3056 3247 3169 3287 non
3216 3233 3372 3301 Resa,
3422 3233 3518 3291 sed
3567 3235 3742 3306 Abiu,

2139 3318 2192 3365 et
2214 3319 2456 3381 caeteros,
2489 3313 2635 3369 inter
2663 3331 2799 3388 quos
2820 3318 2954 3374 Resa
3001 3337 3110 3376 non
3159 3334 3503 3394 numeratur,
3537 3342 3742 3398 genue-

2139 3397 2211 3455 rit
2244 3417 2255 3455 :
2288 3400 2376 3456 vel
2405 3401 2452 3456 si
2492 3400 2660 3459 iidem
2701 3413 2850 3474 sunt,
2891 3406 3187 3466 dicendum
3217 3421 3299 3469 est
3327 3415 3477 3487 quod
3504 3397 3601 3472 hic
3628 3417 3742 3489 pri-

2139 3503 2290 3544 mum
2323 3490 2609 3564 utriusque
2637 3497 3067 3568 computationis
3098 3499 3244 3557 linea
3283 3501 3344 3557 in
3385 3519 3562 3559 unum
3609 3522 3741 3562 con-

2136 3587 2312 3647 curat,
2379 3579 2576 3638 deinde
2634 3601 2765 3640 mox
2815 3587 3116 3646 secundum
3176 3591 3401 3648 modum
3457 3609 3623 3666 quem
3683 3595 3743 3651 in

2137 3667 2313 3739 capite
2345 3671 2712 3740 generationis
2749 3673 2915 3746 hujus
2961 3678 3322 3750 signavimus,
3371 3681 3439 3738 ab
3493 3682 3742 3741 invicem

2137 3755 2498 3847 deducantur.
2539 3785 2558 3807 ι
2594 3763 2700 3830 Qui
2729 3762 2837 3820 fuit
2863 3765 3012 3836 Neri,
3059 3769 3154 3842 qui
3210 3770 3317 3826 fuit
3367 3772 3600 3843 Melchi,
3641 3773 3742 3847 qui

2137 3842 2245 3936 fuit
2271 3846 2440 3936 addi,
2473 3849 2568 3922 qui
2596 3850 2704 3908 fuit
2730 3851 2945 3925 Cosam,
2994 3856 3088 3930 qui
3133 3858 3239 3916 fuit
3282 3842 3588 3930 Elmodan,
3635 3842 3740 3936 qui

2135 3932 2243 4024 fuit
2268 3935 2395 4007 Her,
2428 3938 2527 4011 qui
2566 3939 2675 3996 fuit
2711 3941 2859 4014 Iesu,
2910 3945 3003 4020 qui
3053 3945 3160 4004 fuit
3205 3949 3438 4020 Eliezer,
3484 3951 3583 4024 qui
3631 3932 3743 4009 fuit

2135 4023 2328 4094 Jorim,
2362 4025 2457 4099 qui
2478 4027 2586 4085 fuit
2613 4031 2866 4103 Matthat,
2898 4035 2991 4108 qui
3022 4034 3129 4092 fuit
3158 4036 3313 4106 Levi,
3345 4040 3440 4113 qui
3485 4023 3596 4096 fuit
3639 4040 3742 4115 Sy-

2136 4129 2320 4203 meon,
2346 4116 2441 4189 qui
2470 4118 2578 4175 fuit
2606 4120 2766 4192 Iuda,
2797 4123 2892 4196 qui
2922 4124 3030 4180 fuit
3061 4125 3281 4200 Ioseph,
3309 4129 3403 4203 qui
3435 4129 3545 4186 fuit
3574 4131 3739 4203 Iona,

2136 4202 2232 4276 qui
2257 4203 2367 4260 fuit
2401 4205 2680 4278 Eliachin,
2712 4211 2808 4285 qui
2838 4213 2948 4270 fuit
2980 4214 3214 4285 Melcha,
3246 4202 3340 4290 qui
3374 4217 3481 4274 fuit
3509 4202 3740 4292 Menan,

2137 4292 2231 4366 qui
2261 4292 2370 4349 fuit
2395 4295 2681 4368 Matthata,
2707 4301 2802 4373 qui
2836 4301 2945 4359 fuit
2966 4304 3205 4375 Nathan,
3259 4307 3353 4381 qui
3400 4307 3510 4365 fuit
3557 4312 3742 4369 David

2139 4382 2300 4474 (Ibid.
2336 4383 2544 4461 27-31).
2575 4414 2592 4437 ι
2636 4389 2768 4457 Quae
2800 4390 3056 4468 deinceps
3100 4405 3404 4470 sequuntur
3446 4415 3624 4474 usque
3670 4403 3742 4460 ad

2138 4472 2437 4566 Abraham,
2463 4477 2521 4533 in
2548 4487 2783 4554 utroque
2808 4483 2997 4540 eadem
3012 4493 3160 4542 sunt.
3191 4487 3330 4544 Sane
3359 4472 3591 4562 quodin
3621 4491 3742 4566 ipsa

2137 4565 2502 4634 generationis
2530 4567 2676 4624 linea
2702 4571 2886 4642 plures
2913 4573 3217 4632 secundum
3247 4576 3451 4634 Lucam
3483 4565 3741 4655 anseph

2135 4669 2305 4728 usque
2334 4658 2403 4715 ad
2432 4660 2631 4730 David,
2655 4678 2818 4736 quam
2841 4666 3144 4723 secundum
3162 4667 3480 4726 Matthaeum
3503 4688 3535 4728 a
3556 4671 3739 4729 David

2133 4766 2306 4823 usque
2333 4752 2400 4808 ad
2425 4753 2624 4828 Ioseph
2651 4768 3033 4831 numerentur,
3063 4764 3401 4821 contrarium
3421 4763 3607 4822 videri
3623 4783 3739 4824 non

2133 4839 2312 4910 debet,
2352 4859 2476 4900 cum
2527 4845 2658 4918 ipsa:
2705 4849 3076 4908 successiones
3121 4853 3537 4926 generationum
3587 4856 3646 4912 in
3676 4873 3743 4913 ea

2132 4939 2284 5004 parte
2316 4933 2680 5007 multiplicius
2713 4941 3081 5011 excreverint,
3130 4941 3225 4999 ubi
3272 4943 3441 5001 citius
3466 4945 3738 5006 deceden-

425 5003 626 5081 Ioseph
683 5007 845 5080 (Ibid.
898 5009 1104 5082 13-16).
1152 5033 1174 5063 ι
1234 5014 1351 5073 Hoc
1402 5016 1568 5074 modo
1615 5019 2020 5092 generationem
2129 5003 2280 5082 tibus
2310 5003 2578 5096 patribus,
2612 5027 2717 5086 ﬁlii
2747 5003 3095 5092 numerosius
3121 5043 3524 5096 successerunt.
