4060 6208
297 369 434 431 1105
1229 375 1324 431 DE
1362 373 1749 432 DIGNITATE
1821 373 2266 433 CONDITIONIS
2303 375 2650 432 HUMANfE.
3457 378 3594 435 1106

1602 655 2280 743 MONITUM.

362 959 608 1019 Libellus
635 974 667 1016 a
690 958 855 1018 nobis
887 957 1034 1016 infra
1071 959 1305 1032 positus,
1358 960 1418 1016 in
1459 957 1718 1016 omnibus
1763 957 2003 1033 Operum
2052 953 2550 1013 Ambrosianorum
2599 951 2940 1013 editionibus
2989 954 3162 1014 libros
3214 955 3592 1017 Hexaemeron

295 1052 548 1127 proxime
576 1051 826 1126 sequitur
854 1069 867 1119 ;
920 1051 1014 1108 sed
1047 1057 1256 1107 veteres
1286 1049 1557 1109 editiones
1585 1049 1911 1123 prudentem
1951 1065 2015 1106 ac
2045 1046 2408 1105 necessariam
2437 1045 2750 1102 cautionem
2783 1045 3152 1104 adhibuerant
3189 1047 3341 1105 hisce
3385 1048 3591 1119 verbis,

291 1143 386 1216 qui
414 1147 593 1199 sancto
621 1140 905 1198 Ambrosio
934 1141 1144 1197 auctori
1169 1159 1205 1196 α
1232 1141 1547 1212 quibusdam
1571 1140 1862 1196 aseribitur
1890 1158 1902 1196 :
1948 1147 2003 1196 at
2040 1139 2309 1203 Romana,
2341 1133 2536 1190 iisdem
2565 1133 2749 1191 verbis
2780 1151 2809 1192 e
2839 1134 3022 1194 medio
3052 1136 3304 1206 sublatis,
3335 1137 3591 1195 eumdem

292 1241 585 1290 tractatum
616 1232 734 1288 sine
767 1231 880 1288 ulla
906 1231 1256 1288 restrictione
1286 1242 1473 1288 sancto
1502 1232 1727 1288 Doctori
1761 1229 2123 1304 adjudicavit.
2169 1226 2565 1284 Verumtamen
2605 1225 2749 1280 nihil
2778 1223 2962 1283 videat
2991 1235 3208 1300 oportet
3246 1227 3305 1283 in
3345 1226 3593 1284 Ambro-

293 1324 465 1381 sianis
510 1322 1010 1392 lucubrationibus,
1064 1323 1159 1395 qui
1201 1322 1344 1380 hanc
1370 1323 1521 1380 illius
1549 1341 1665 1382 esse
1695 1325 1802 1381 sibi
1832 1323 2178 1396 persuadeat.
2231 1317 2365 1374 Nam
2411 1323 2774 1389 praeterquam
2814 1316 2962 1389 quod
2998 1316 3141 1373 nihil
3173 1333 3404 1391 usquam
3447 1318 3593 1374 Am-

292 1411 536 1468 brosiani
582 1410 774 1483 spirat,
824 1410 1192 1467 certissimum
1226 1418 1307 1466 est
1332 1419 1622 1468 centonem
1654 1430 1790 1480 esse,
1842 1410 2002 1482 cujus
2032 1412 2209 1483 prima
2237 1427 2302 1466 ac
2331 1415 2607 1482 postrema
2636 1423 2760 1480 pars
2786 1405 3070 1464 invenitur
3099 1407 3244 1480 apud
3289 1407 3590 1465 Alcuiuum

291 1501 393 1557 sub
424 1501 530 1558 hoc
552 1501 808 1556 lemmate
833 1518 845 1556 :
871 1500 1028 1556 Dicta
1053 1499 1188 1555 beati
1214 1499 1400 1554 Albini
1430 1500 1596 1556 levitw
1622 1519 1782 1574 super
1813 1504 1951 1559 illud
1974 1504 2243 1572 Geneseos,
2264 1503 2548 1559 Faciamus
2567 1500 2825 1555 hominem
2847 1500 3003 1571 (Gen.
3019 1517 3058 1568 ι,
3074 1499 3192 1572 26),
3212 1508 3349 1568 etc.;
3380 1500 3510 1556 item
3532 1499 3592 1556 in

289 1591 433 1648 libro
459 1593 522 1648 de
553 1591 761 1663 Spiritu
787 1597 837 1646 et
857 1591 1057 1647 Anima
1089 1590 1156 1646 ad
1186 1592 1391 1647 calcem
1420 1592 1557 1648 tomi
1588 1594 1730 1651 sexti
1762 1594 2153 1667 Augustiniani
2183 1595 2332 1652 edito
2358 1613 2370 1650 :
2417 1609 2519 1650 nec
2547 1609 2658 1650 non
2689 1591 2975 1649 sententiae
3005 1592 3216 1666 aliquot
3252 1590 3310 1647 in
3353 1598 3591 1649 tractatu

287 1679 507 1738 Paulini
537 1678 912 1754 Aquileiensis
953 1678 1015 1734 de
1043 1677 1372 1734 salutaribus
1402 1679 1758 1751 Documentis,
1789 1685 1886 1757 qui
1928 1685 2090 1741 etiam
2132 1685 2191 1741 in
2230 1684 2418 1741 eadem
2449 1683 2766 1757 Appendice
2809 1683 3213 1756 Augustiniana
3249 1683 3586 1740 continetur.

289 1772 446 1841 Quod
476 1788 607 1828 vero
646 1769 713 1827 ad
744 1777 957 1842 partem
992 1769 1400 1838 intermedium,
1448 1770 1517 1827 ab
1547 1773 1659 1830 illis
1682 1774 1949 1832 nimirum
1982 1776 2186 1844 verbis,
2234 1783 2281 1830 et
2306 1775 2443 1840 ideo,
2489 1773 2820 1830 dilectissime
2847 1775 2946 1845 ﬁli,
2997 1790 3168 1847 usque
3211 1773 3279 1830 ad
3320 1774 3429 1830 alia
3471 1775 3590 1840 illa,

287 1881 318 1920 o
347 1862 679 1920 dilectissime
707 1862 808 1934 ﬁli,
831 1861 1036 1927 habeto,
1064 1877 1227 1934 quam
1257 1861 1601 1934 suspicamur
1627 1867 1870 1923 auctoris
1897 1882 2012 1924 esse
2041 1867 2277 1940 ipsomet
2306 1865 2545 1922 Alcuino
2575 1871 2638 1920 ut
2667 1862 3026 1932 obscurioris,
3045 1862 3123 1919 ita
3151 1869 3205 1918 et
3233 1862 3585 1936 posterioris;

287 1968 414 2009 cum
446 1967 612 2024 prope
642 1949 818 2024 major
846 1951 920 2008 sit
949 1950 1074 2007 aliis
1100 1949 1333 2020 duabus,
1384 1967 1486 2010 nec
1513 1952 1687 2028 ipsam
1715 1955 1850 2013 alibi
1880 1957 2120 2030 reperire
2149 1955 2312 2013 nobis
2340 1954 2582 2024 licuerit,
2631 1961 2695 2011 ut
2724 1959 2898 2011 totam
2926 1953 3161 2027 opellam
3199 1951 3587 2018 retineremus,

286 2057 358 2099 ne
384 2058 548 2100 causa
575 2042 700 2100 fuit.

3299 2178 3583 2194 ——-—‘

468 2324 665 2472 DE
779 2323 1575 2476 DIGNITATE
1691 2323 2616 2475 CONDITIONIS
2732 2229 3410 2476 HUMAN/E

1577 2563 2284 2653 LIBELLUS.

362 2864 500 2923 611
526 2858 754 2917 CAPUT
792 2858 1084 2917 PRIMUM.
1111 2889 1183 2902 —
1202 2859 1486 2916 Faciamus
1511 2859 1771 2916 hominem
1807 2859 1879 2916 ad
1905 2861 1958 2922 A
1990 2866 2183 2917 sancto
2211 2857 2438 2917 condita
2464 2866 2578 2915 est:
2625 2863 2680 2914 et
2709 2855 2839 2914 licet
2868 2857 3034 2915 unius
3065 2858 3166 2915 illa
3195 2867 3427 2929 natura,
3475 2869 3587 2919 tres

285 2957 565 3031 imaginem
614 2966 664 3015 et
711 2959 1114 3015 similitudinem
1168 2965 1406 3015 nostram
1466 2959 1623 3030 (Gen.
1673 2977 1714 3028 ι,
1763 2958 1879 3031 26).

287 3048 460 3106 Tanta
515 3048 700 3122 itaque
755 3048 994 3121 dignitas
1050 3047 1307 3104 humanas
1366 3047 1705 3106 conditionis
1765 3065 1881 3107 esse

284 3138 656 3212 cognoscitur,
704 3146 767 3194 ut
819 3153 932 3193 non
977 3138 1096 3193 solo
1127 3136 1376 3209 jubentis
1417 3152 1691 3205 sermone,
1738 3139 1882 3196 sicut

284 3228 394 3285 alia
421 3244 519 3284 sex
549 3227 762 3283 dierum
795 3241 976 3298 opera,
1024 3225 1117 3282 sed
1148 3227 1383 3284 consilio
1411 3235 1612 3285 sanctae
1643 3229 1881 3286 Trinita-

283 3317 374 3387 tis,
425 3327 480 3374 et
516 3333 678 3388 opere
721 3314 1024 3388 majestatis
1065 3315 1272 3372 divinae
1304 3324 1520 3373 creatus
1561 3318 1633 3374 sit
1669 3318 1875 3388 homo;

282 3414 346 3462 ut
374 3423 443 3462 ex
471 3405 666 3478 prima
695 3403 1035 3460 conditionis
1064 3403 1275 3460 honore
1304 3404 1660 3476 intelligeret,
1693 3424 1880 3481 quan-

282 3505 398 3552 tum
438 3495 667 3552 deberet
697 3511 798 3551 suo
827 3487 1124 3564 conditori,
1169 3495 1302 3551 dum
1334 3503 1548 3552 tantum
1587 3497 1643 3552 in
1672 3498 1878 3555 condi-

280 3585 435 3642 tione
457 3600 590 3640 mox
618 3580 909 3656 dignitatis
939 3581 1294 3656 privilegium
1323 3586 1581 3657 praestitit
1611 3586 1660 3643 ei
1687 3587 1876 3646 condi-

281 3684 368 3734 tor
393 3695 406 3743 ;
440 3684 502 3732 ut
531 3684 682 3732 tanto
709 3674 993 3732 ardentius
1023 3683 1233 3732 amaret
1261 3676 1632 3747 conditorem,
1667 3687 1875 3752 quanto

279 3765 593 3823 mirabilius
622 3783 679 3822 se
707 3766 775 3822 ab
807 3782 870 3822 eo
899 3783 1017 3824 esse
1043 3765 1331 3824 conditum
1371 3766 1705 3841 intelligeret
1731 3788 1741 3824 :
1774 3786 1876 3826 nec

277 3856 348 3913 ob
379 3856 486 3914 hoc
526 3857 706 3913 solum
748 3854 896 3928 quod
925 3856 1162 3913 consilio
1203 3864 1404 3913 sanctas
1455 3857 1742 3914 Trinitatis
1794 3859 1875 3916 sic

276 3947 612 4002 excellenter
639 3961 671 4000 a
693 3943 981 4001 conditore
1010 3945 1271 4002 conditus
1299 3954 1401 4012 est,
1420 3945 1513 4002 sed
1534 3947 1700 4002 etiam
1724 3946 1874 4020 quod

275 4033 345 4089 ad
381 4032 676 4104 imaginem
727 4040 780 4086 et
821 4032 1247 4088 similitudinem
1296 4049 1450 4089 suam
1494 4034 1611 4106 ipse
1659 4043 1875 4092 creator

1989 2955 2176 3005 tamen
2225 2947 2283 3004 in
2322 2963 2379 3004 se
2408 2947 2706 3020 dignitates
2735 2945 2925 3014 habet,
2976 2946 3034 3004 id
3062 2955 3165 3018 est,
3215 2948 3581 3020 intellectum,

1989 3038 2355 3106 voluntatem,
2411 3044 2466 3092 et
2495 3035 2837 3093 memoriam.
2891 3036 3050 3104 Quod
3089 3037 3256 3108 idem,
3302 3037 3433 3098 licet
3458 3039 3585 3097 aliis

1989 3128 2196 3197 verbis,
2255 3127 2314 3182 in
2371 3127 2672 3200 Evangelio
2728 3127 3067 3201 designatur,
3147 3145 3274 3186 cum
3331 3129 3570 3187 dicitur:

2003 3241 2024 3268 ε
2051 3219 2259 3290 Diliges
2284 3216 2585 3274 Dominum
2609 3219 2783 3274 Deum
2814 3224 2972 3276 tuum
3003 3233 3072 3275 ex
3101 3226 3219 3277 toto
3267 3220 3432 3277 corde
3460 3227 3581 3290 tuo,

1989 3316 2042 3365 et
2071 3325 2140 3364 ex
2169 3315 2284 3364 tota
2313 3307 2498 3362 anima
2524 3314 2640 3377 tua,
2692 3316 2746 3363 et
2769 3323 2840 3364 ex
2867 3315 2984 3366 tota
3007 3317 3190 3366 mente
3218 3317 3314 3365 tua
3363 3310 3580 3383 (Matth.

1987 3415 2133 3466 χχιι,
2165 3398 2280 3470 37),
2307 3423 2324 3446 ι
2370 3397 2425 3454 id
2455 3404 2558 3466 est,
2589 3414 2658 3454 ex
2685 3405 2805 3454 toto
2835 3398 3142 3468 intellectu,
3165 3407 3220 3456 et
3243 3415 3313 3455 ex
3341 3407 3460 3456 tota
3490 3416 3585 3457 vo-

1989 3491 2222 3559 luntate,
2276 3496 2330 3546 et
2365 3505 2436 3545 ex
2473 3497 2589 3546 tota
2617 3487 2902 3546 memoria.
2950 3491 3086 3547 Nam
3134 3490 3280 3548 sicut
3321 3507 3391 3548 ex
3422 3491 3585 3550 Patre

1987 3587 2276 3654 generatur
2306 3579 2500 3648 Filius,
2525 3587 2579 3635 et
2606 3597 2671 3635 ex
2709 3581 2862 3636 Patre
2892 3579 3144 3654 Filioque
3179 3582 3428 3654 procedit
3463 3583 3582 3656 Spi-

1986 3671 2127 3727 ritus
2154 3678 2415 3737 sanctus;
2450 3669 2527 3726 ita
2551 3686 2620 3726 ex
2649 3669 2936 3727 intellectu
2967 3681 3258 3743 generatur
3299 3672 3579 3742 voluntas,

1984 3765 2038 3815 et
2075 3775 2144 3815 ex
2186 3757 2275 3814 his
2322 3757 2453 3814 item
2503 3757 2772 3814 ambobus
2813 3759 3062 3831 procedit
3113 3761 3400 3831 memoria,
3440 3763 3584 3822 sicut

1983 3847 2143 3906 facile
2171 3864 2203 3904 a
2231 3847 2473 3920 sapiente
2503 3846 2752 3921 quolibet
2782 3847 3019 3922 intelligi
3051 3857 3267 3922 potest;
3301 3866 3404 3908 nec
3429 3851 3581 3909 enim

1982 3935 2167 3992 anima
2213 3935 2454 4008 perfecta
2491 3952 2606 3993 esse
2657 3937 2777 3994 sine
2825 3937 2913 3993 his
2962 3937 3164 4007 tribus,
3219 3954 3322 3996 nec
3376 3939 3580 3998 horum

1977 4030 2150 4086 trium
2189 4044 2363 4084 unum
2397 4027 2646 4102 aliquod,
2709 4036 2981 4102 quantum
3027 4029 3094 4088 ad
3136 4047 3290 4087 suam
3343 4033 3585 4104 pertinet

273 4119 526 4178 omnium
569 4135 696 4176 eum
725 4120 952 4189 creavit,
985 4120 1134 4193 quod
1171 4121 1316 4177 nulli
1357 4121 1454 4178 alii
1490 4138 1560 4179 ex
1605 4125 1872 4182 creaturis
1980 4117 2406 4184 beatitudinem,
2458 4117 2577 4174 sine
2606 4117 2732 4174 aliis
2758 4117 2976 4175 duobus
3019 4119 3296 4191 integrum
3323 4130 3574 4180 constat:

273 4209 522 4268 donavit.
1899 4224 1946 4285 Β
1981 4214 2035 4264 et
2059 4207 2204 4262 sicut
2237 4206 2383 4262 Deus
2411 4205 2592 4276 Pater,
2621 4208 2766 4263 Deus
2795 4206 2990 4275 Filius,
3013 4208 3163 4265 Deus
3191 4207 3431 4281 Spiritus
3457 4225 3578 4266 san-

344 4300 576 4360 CAPUT
611 4299 890 4368 II.—Qute
918 4299 1098 4373 imago
1126 4301 1452 4375 diligentius
1489 4320 1558 4361 ex
1588 4305 1872 4365 interioris
1979 4307 2101 4356 ctus
2115 4305 2216 4364 est,
2245 4312 2358 4353 non
2388 4303 2574 4353 tamen
2603 4305 2712 4354 tres
2744 4296 2824 4353 dii
2846 4304 2996 4366 sunt,
3019 4297 3113 4355 sed
3143 4315 3287 4356 unus
3305 4301 3451 4358 Deus
3466 4307 3578 4359 tres

273 4391 521 4448 hominis
549 4389 841 4446 nobilitate
871 4399 952 4447 est
979 4390 1395 4449 consideranda.
1427 4393 1614 4450 Primo
1643 4396 1868 4469 quidem
1979 4385 2185 4442 habens
2215 4400 2505 4457 Personas;
2557 4386 2636 4442 ita
2677 4393 2732 4442 ει
2777 4386 2963 4442 anima
3001 4387 3334 4458 ίηιθΠθοῑῐιε,
3390 4389 3578 4448 anima

271 4481 420 4556 quod
466 4481 634 4537 sicuti
679 4481 826 4537 Deus
862 4497 1006 4537 unus
1056 4497 1272 4554 semper
1317 4481 1523 4555 ubique
1568 4491 1718 4541 totus
1763 4493 1865 4558 est,
1977 4477 2259 4542 voluntas,
2309 4475 2492 4531 anima
2523 4476 2810 4541 memoria,
2858 4484 3182 4535 nontamen
3222 4484 3334 4535 tres
3375 4478 3576 4537 animae

271 4572 459 4628 omnia
531 4570 846 4640 viviﬁcans,
906 4588 1135 4628 movens
1201 4580 1256 4628 et
1307 4571 1639 4645 gubernans,
1723 4575 1868 4635 sicut
1976 4566 2034 4623 in
2066 4584 2178 4625 uno
2201 4583 2452 4639 corpore,
2505 4563 2600 4622 sed
2633 4581 2744 4620 una
2775 4565 2960 4620 anima
2998 4573 3108 4622 tres
3137 4565 3343 4624 habens
3380 4568 3575 4642 digni-

268 4663 568 4735 Apostolus
600 4662 892 4719 conﬁrmat
925 4662 1110 4735 quod:
1149 4687 1169 4712 ι
1198 4663 1260 4720 In
1289 4679 1353 4720 eo
1385 4664 1650 4734 vivimus,
1681 4682 1866 4724 move.
1975 4665 2133 4713 tates.
2176 4657 2359 4730 Atque
2400 4655 2458 4711 in
2500 4654 2589 4712 his
2630 4653 2808 4710 tribus
2849 4653 2967 4726 ejus
3009 4654 3303 4727 imaginem
3347 4658 3571 4716 mirabi-

270 4771 396 4811 mur
420 4761 475 4810 et
501 4769 692 4809 sumus
746 4754 889 4824 (Act.
931 4770 1075 4819 xvn,
1105 4751 1236 4824 28);
1267 4777 1285 4801 ι
1345 4753 1426 4811 sic
1465 4754 1649 4812 anima
1675 4757 1732 4812 in
1764 4775 1864 4815 suo
1973 4747 2100 4802 liter
2129 4745 2267 4818 gerit
2305 4744 2363 4799 in
2394 4760 2492 4800 sua
2534 4751 2731 4799 natura
2758 4750 2947 4800 noster
2987 4742 3222 4801 interior
3250 4745 3440 4817 homo,
3496 4763 3567 4804 ex

267 4857 496 4913 corpore
525 4840 731 4915 ubique
765 4849 883 4898 tota
910 4841 1081 4914 viget,
1113 4841 1408 4900 viviﬁcans
1438 4843 1600 4915 illud,
1634 4863 1864 4904 movens
1973 4835 2176 4909 quibus
2219 4833 2374 4908 quasi
2412 4831 2904 4889 excellentioribus
2949 4835 3151 4891 animus
3200 4835 3570 4908 dignitatibus

267 4941 322 4988 et
351 4932 680 5005 gubernans.
731 4931 843 4989 Nec
873 4931 1022 4987 enim
1056 4931 1115 4986 in
1157 4931 1460 5004 majoribus
1488 4937 1733 5009 corporis
1776 4938 1862 4993 sui

269 5022 533 5082 membris
583 5021 776 5095 major,
827 5029 882 5078 et
922 5021 981 5078 in
1024 5020 1336 5080 minoribus
1376 5025 1599 5083 minor:
1661 5027 1757 5084 sed
1804 5028 1861 5084 in

266 5114 518 5171 minimis
553 5123 691 5183 tota,
715 5121 770 5170 et
796 5113 855 5170 in
888 5113 1152 5171 maximis
1179 5123 1312 5172 tota.
1335 5116 1409 5172 Et
1437 5116 1554 5174 haec
1579 5126 1661 5175 est
1681 5119 1860 5195 imago

264 5203 496 5260 unitatis
524 5203 925 5276 omnipotentis
949 5204 1070 5272 Dei,
1096 5221 1258 5278 quam
1289 5207 1474 5262 anima
1504 5206 1667 5264 habet
1700 5207 1758 5263 in
1779 5224 1856 5265 se.

334 5295 467 5363 Qum
510 5310 726 5368 quoque
762 5294 1057 5367 quamdam
1104 5304 1306 5354 sanctae
1358 5297 1647 5355 Trinitatis
1689 5298 1861 5355 habet

263 5385 583 5457 imaginem.
631 5383 820 5439 Primo
850 5383 910 5439 in
939 5400 1005 5440 eo
1034 5383 1164 5458 quia
1192 5386 1338 5442 sicut
1379 5387 1525 5443 Deus
1554 5395 1657 5456 est,
1717 5388 1861 5445 vivit

263 5483 318 5532 et
344 5474 524 5548 sapit;
582 5472 661 5531 ita
694 5471 881 5530 anima
917 5473 1221 5530 secundum
1264 5491 1426 5531 suum
1475 5474 1702 5531 modum
1751 5483 1854 5546 est,

263 5562 407 5621 vivit
435 5570 490 5621 et
518 5563 681 5637 sapit.
737 5563 837 5620 Est
888 5579 1108 5638 quoque
1151 5571 1208 5622 et
1243 5563 1353 5622 alia
1392 5563 1614 5622 trinitas
1673 5563 1731 5620 in
1771 5579 1855 5635 ea,

263 5666 373 5724 qua
399 5650 468 5708 ad
499 5649 796 5724 imaginem
827 5650 913 5708 sui
942 5651 1250 5709 conditoris
1275 5651 1530 5724 perfectae
1556 5649 1780 5724 quidem
1801 5657 1857 5707 et

264 5755 492 5798 summae
521 5741 832 5814 Trinitatis,
873 5759 995 5818 quas
1019 5761 1090 5802 ex
1118 5744 1276 5803 Patre
1305 5751 1359 5802 et
1383 5742 1528 5803 Filio
1565 5749 1621 5801 et
1645 5741 1858 5817 Spiritu

1965 4926 2228 5000 jubemur
2256 4925 2486 4999 diligere
2515 4925 2894 4992 conditorem;
2928 4930 2991 4980 ut
3025 4926 3085 4981 in
3113 4935 3380 4999 quantum
3406 4927 3567 4986 intel-

1971 5019 2185 5091 ligitur,
2214 5016 2517 5090 diligatur:
2563 5024 2617 5073 et
2651 5023 2917 5090 quantum
2943 5015 3216 5090 diligitur,
3263 5034 3476 5090 semper
3506 5018 3567 5075 in

1970 5109 2236 5166 memoria
2261 5108 2546 5165 habeatur.
2597 5107 2708 5163 Nec
2736 5107 2887 5163 solus
2918 5107 3125 5164 sufﬁcit
3155 5108 3222 5164 de
3251 5123 3318 5164 eo
3348 5107 3562 5164 intelle-

1969 5206 2111 5268 ctus,
2162 5198 2272 5254 nisi
2327 5197 2424 5254 ﬁat
2465 5197 2523 5252 in
2563 5211 2750 5253 amore
2795 5195 2913 5268 ejus
2956 5196 3239 5252 voluntas:
3299 5195 3415 5252 imo
3463 5210 3564 5254 nec

1971 5287 2089 5344 haec
2143 5287 2254 5344 duo
2307 5287 2610 5354 sufﬁciunt,
2669 5285 2779 5342 nisi
2832 5286 3099 5342 memoria
3143 5283 3395 5354 addatur,
3455 5302 3565 5359 qua

1968 5393 2184 5450 semper
2223 5377 2281 5433 in
2321 5385 2506 5432 mente
2535 5375 2898 5448 intelligentis
2936 5382 2990 5430 et
3030 5373 3313 5446 diligentis
3343 5384 3562 5432 maneat

1968 5467 2144 5534 Deus;
2202 5473 2264 5522 ut
2303 5465 2446 5521 sicut
2491 5479 2601 5520 non
2646 5471 2824 5537 potest
2875 5479 2991 5520 esse
3037 5469 3400 5533 momentum,
3449 5479 3559 5538 quo

1965 5561 2133 5617 homo
2162 5573 2274 5615 non
2301 5564 2489 5614 utatur
2516 5557 2605 5613 vel
2635 5556 2855 5612 fruatur
2876 5554 2976 5611 Dei
3004 5553 3254 5610 bonitate
3291 5563 3346 5612 et
3380 5555 3558 5613 mise-

1965 5652 2242 5722 ricordia;
2292 5653 2369 5710 ita
2397 5653 2616 5710 nullum
2652 5650 2848 5710 debeat
2883 5665 2999 5708 esse
3029 5657 3393 5722 momentum,
3444 5667 3556 5726 quo

1964 5749 2285 5816 praesentem
2315 5759 2442 5801 eum
2471 5758 2583 5800 non
2612 5740 2808 5799 habeat
2837 5740 3122 5798 memoria.
3299 5755 3308 5762 '
