  <div class='ocr_page' id='page_1' title='image "/cluster/home/n/w/nwhite01/storage/ocr_20150623/17/hvd.32044096580436/559.png"; bbox 0 0 4026 6172; ppageno 0'>
   <div class='ocr_carea' id='block_1_1' title="bbox 487 319 622 379">
    <p class='ocr_par' dir='ltr' id='par_1_1' title="bbox 487 319 622 379">
     <span class='ocr_line' id='line_1_1' title="bbox 487 319 622 379; baseline 0.007 -1"><span class='ocrx_word' id='word_1_1' title='bbox 487 319 622 379; x_wconf 85' lang='grc'><strong>1107</strong></span> 
     </span>
    </p>
   </div>
   <div class='ocr_carea' id='block_1_2' title="bbox 1505 318 2757 378">
    <p class='ocr_par' dir='ltr' id='par_1_2' title="bbox 1505 318 2757 378">
     <span class='ocr_line' id='line_1_2' title="bbox 1505 318 2757 378; baseline 0 -1"><span class='ocrx_word' id='word_1_2' title='bbox 1505 321 1600 377; x_wconf 85' lang='grc' dir='ltr'>ΑΙ)</span> <span class='ocrx_word' id='word_1_3' title='bbox 1641 319 1874 378; x_wconf 81' lang='lat' dir='ltr'><strong>OPEBA</strong></span> <span class='ocrx_word' id='word_1_4' title='bbox 1911 319 1966 376; x_wconf 93' lang='lat' dir='ltr'>S.</span> <span class='ocrx_word' id='word_1_5' title='bbox 2009 318 2340 378; x_wconf 86' lang='lat' dir='ltr'>AMBROSII</span> <span class='ocrx_word' id='word_1_6' title='bbox 2377 319 2757 378; x_wconf 84' lang='lat' dir='ltr'>APPENDIX.</span> 
     </span>
    </p>
   </div>
   <div class='ocr_carea' id='block_1_3' title="bbox 3644 326 3783 384">
    <p class='ocr_par' dir='ltr' id='par_1_3' title="bbox 3644 326 3783 384">
     <span class='ocr_line' id='line_1_3' title="bbox 3644 326 3783 384; baseline 0.014 -2"><span class='ocrx_word' id='word_1_7' title='bbox 3644 326 3783 384; x_wconf 86' lang='grc'><strong>1108</strong></span> 
     </span>
    </p>
   </div>
   <div class='ocr_carea' id='block_1_4' title="bbox 554 450 3787 528">
    <p class='ocr_par' dir='ltr' id='par_1_4' title="bbox 554 450 3787 528">
     <span class='ocr_line' id='line_1_4' title="bbox 554 450 3787 528; baseline 0.002 -22"><span class='ocrx_word' id='word_1_8' title='bbox 554 452 626 506; x_wconf 92' lang='lat' dir='ltr'>Et</span> <span class='ocrx_word' id='word_1_9' title='bbox 656 451 799 519; x_wconf 89' lang='lat' dir='ltr'>ideo,</span> <span class='ocrx_word' id='word_1_10' title='bbox 850 451 1211 507; x_wconf 81' lang='lat' dir='ltr'>dilectissime</span> <span class='ocrx_word' id='word_1_11' title='bbox 1239 450 1321 507; x_wconf 85' lang='lat' dir='ltr'>ﬁli</span> <span class='ocrx_word' id='word_1_12' title='bbox 1355 451 1460 525; x_wconf 88' lang='grc'>(1),</span> <span class='ocrx_word' id='word_1_13' title='bbox 1500 451 1648 524; x_wconf 88' lang='lat' dir='ltr'>juste</span> <span class='ocrx_word' id='word_1_14' title='bbox 1679 451 1819 508; x_wconf 89' lang='lat' dir='ltr'>mihi</span> <span class='ocrx_word' id='word_1_15' title='bbox 1850 451 2074 508; x_wconf 90' lang='lat' dir='ltr'>videtur</span> <span class='ocrx_word' id='word_1_16' title='bbox 2101 454 2153 512; x_wconf 88' lang='lat' dir='ltr'><strong>A</strong></span> <span class='ocrx_word' id='word_1_17' title='bbox 2185 451 2430 510; x_wconf 82' lang='lat' dir='ltr'>Creatori</span> <span class='ocrx_word' id='word_1_18' title='bbox 2477 470 2578 510; x_wconf 90' lang='lat' dir='ltr'>suo</span> <span class='ocrx_word' id='word_1_19' title='bbox 2625 453 3062 527; x_wconf 88' lang='lat' dir='ltr'>supereminenti</span> <span class='ocrx_word' id='word_1_20' title='bbox 3105 454 3232 524; x_wconf 87' lang='lat' dir='ltr'>sibi,</span> <span class='ocrx_word' id='word_1_21' title='bbox 3279 463 3509 528; x_wconf 84' lang='lat' dir='ltr'>excepto</span> <span class='ocrx_word' id='word_1_22' title='bbox 3539 454 3664 524; x_wconf 91' lang='lat' dir='ltr'>hoc,</span> <span class='ocrx_word' id='word_1_23' title='bbox 3729 463 3787 512; x_wconf 91' lang='lat' dir='ltr'>et</span> 
     </span>
    </p>
   </div>
   <div class='ocr_carea' id='block_1_5' title="bbox 485 539 2071 615">
    <p class='ocr_par' dir='ltr' id='par_1_5' title="bbox 485 539 2071 615">
     <span class='ocr_line' id='line_1_5' title="bbox 485 539 2071 615; baseline 0.001 -20"><span class='ocrx_word' id='word_1_24' title='bbox 485 539 695 598; x_wconf 90' lang='lat' dir='ltr'>dictum</span> <span class='ocrx_word' id='word_1_25' title='bbox 740 541 1057 597; x_wconf 87' lang='lat' dir='ltr'>interiorem</span> <span class='ocrx_word' id='word_1_26' title='bbox 1100 541 1382 598; x_wconf 88' lang='lat' dir='ltr'>hominem</span> <span class='ocrx_word' id='word_1_27' title='bbox 1429 543 1724 615; x_wconf 83' lang='lat' dir='ltr'>imaginem</span> <span class='ocrx_word' id='word_1_28' title='bbox 1769 560 1882 599; x_wconf 89' lang='lat' dir='ltr'>esse</span> <span class='ocrx_word' id='word_1_29' title='bbox 1932 542 2071 609; x_wconf 88' lang='lat' dir='ltr'>Dei;</span> 
     </span>
    </p>
   </div>
   <div class='ocr_carea' id='block_1_6' title="bbox 484 631 2077 704">
    <p class='ocr_par' dir='ltr' id='par_1_6' title="bbox 484 631 2077 704">
     <span class='ocr_line' id='line_1_6' title="bbox 484 631 2077 704; baseline 0 -18"><span class='ocrx_word' id='word_1_30' title='bbox 484 633 668 687; x_wconf 89' lang='lat' dir='ltr'>anima</span> <span class='ocrx_word' id='word_1_31' title='bbox 711 631 858 686; x_wconf 90' lang='lat' dir='ltr'>enim</span> <span class='ocrx_word' id='word_1_32' title='bbox 899 633 1218 687; x_wconf 80' lang='lat' dir='ltr'>nominatur</span> <span class='ocrx_word' id='word_1_33' title='bbox 1266 641 1416 689; x_wconf 90' lang='lat' dir='ltr'>totus</span> <span class='ocrx_word' id='word_1_34' title='bbox 1459 633 1691 689; x_wconf 87' lang='lat' dir='ltr'>interior</span> <span class='ocrx_word' id='word_1_35' title='bbox 1725 633 1918 697; x_wconf 89' lang='lat' dir='ltr'>homo,</span> <span class='ocrx_word' id='word_1_36' title='bbox 1969 647 2077 704; x_wconf 89' lang='lat' dir='ltr'>qua</span> 
     </span>
    </p>
   </div>
   <div class='ocr_carea' id='block_1_7' title="bbox 485 721 2076 794">
    <p class='ocr_par' dir='ltr' id='par_1_7' title="bbox 485 721 2076 794">
     <span class='ocr_line' id='line_1_7' title="bbox 485 721 2076 794; baseline 0.001 -18"><span class='ocrx_word' id='word_1_37' title='bbox 485 721 822 789; x_wconf 86' lang='lat' dir='ltr'>vivificatur,</span> <span class='ocrx_word' id='word_1_38' title='bbox 854 722 1082 794; x_wconf 83' lang='lat' dir='ltr'>regitur,</span> <span class='ocrx_word' id='word_1_39' title='bbox 1112 724 1430 779; x_wconf 81' lang='lat' dir='ltr'>continetur</span> <span class='ocrx_word' id='word_1_40' title='bbox 1457 725 1603 779; x_wconf 90' lang='lat' dir='ltr'>lutea</span> <span class='ocrx_word' id='word_1_41' title='bbox 1637 724 1732 779; x_wconf 90' lang='lat' dir='ltr'>illa</span> <span class='ocrx_word' id='word_1_42' title='bbox 1765 740 1944 779; x_wconf 83' lang='lat' dir='ltr'>massa</span> <span class='ocrx_word' id='word_1_43' title='bbox 1976 722 2076 777; x_wconf 88' lang='lat' dir='ltr'>hu-</span> 
     </span>
    </p>
   </div>
   <div class='ocr_carea' id='block_1_8' title="bbox 485 815 2078 882">
    <p class='ocr_par' dir='ltr' id='par_1_8' title="bbox 485 815 2078 882">
     <span class='ocr_line' id='line_1_8' title="bbox 485 815 2078 882; baseline 0.001 -13"><span class='ocrx_word' id='word_1_44' title='bbox 485 822 724 871; x_wconf 89' lang='lat' dir='ltr'>mectata</span> <span class='ocrx_word' id='word_1_45' title='bbox 753 815 950 882; x_wconf 89' lang='lat' dir='ltr'>succis,</span> <span class='ocrx_word' id='word_1_46' title='bbox 1009 832 1077 871; x_wconf 92' lang='lat' dir='ltr'>ne</span> <span class='ocrx_word' id='word_1_47' title='bbox 1117 816 1354 872; x_wconf 90' lang='lat' dir='ltr'>arefacta</span> <span class='ocrx_word' id='word_1_48' title='bbox 1383 816 1735 872; x_wconf 84' lang='lat' dir='ltr'>dissolvatur.</span> <span class='ocrx_word' id='word_1_49' title='bbox 1798 819 1942 872; x_wconf 90' lang='lat' dir='ltr'>Deus</span> <span class='ocrx_word' id='word_1_50' title='bbox 1981 815 2078 871; x_wconf 91' lang='lat' dir='ltr'>di-</span> 
     </span>
    </p>
   </div>
   <div class='ocr_carea' id='block_1_9' title="bbox 484 902 2078 978">
    <p class='ocr_par' dir='ltr' id='par_1_9' title="bbox 484 902 2078 978">
     <span class='ocr_line' id='line_1_9' title="bbox 484 902 2078 978; baseline 0.001 -18"><span class='ocrx_word' id='word_1_51' title='bbox 484 904 628 960; x_wconf 87' lang='lat' dir='ltr'>citur</span> <span class='ocrx_word' id='word_1_52' title='bbox 657 902 742 958; x_wconf 91' lang='lat' dir='ltr'>vis</span> <span class='ocrx_word' id='word_1_53' title='bbox 777 905 873 960; x_wconf 93' lang='lat' dir='ltr'>illa</span> <span class='ocrx_word' id='word_1_54' title='bbox 904 904 1258 961; x_wconf 83' lang='lat' dir='ltr'>ineﬂ‘abiliter</span> <span class='ocrx_word' id='word_1_55' title='bbox 1282 922 1498 978; x_wconf 84' lang='lat' dir='ltr'>magna,</span> <span class='ocrx_word' id='word_1_56' title='bbox 1522 915 1576 962; x_wconf 90' lang='lat' dir='ltr'>et</span> <span class='ocrx_word' id='word_1_57' title='bbox 1596 906 2078 963; x_wconf 88' lang='lat' dir='ltr'>innumerabiliter</span> 
     </span>
    </p>
   </div>
   <div class='ocr_carea' id='block_1_10' title="bbox 483 995 2076 1067">
    <p class='ocr_par' dir='ltr' id='par_1_10' title="bbox 483 995 2076 1067">
     <span class='ocr_line' id='line_1_10' title="bbox 483 995 2076 1067; baseline 0.003 -19"><span class='ocrx_word' id='word_1_58' title='bbox 483 995 724 1065; x_wconf 88' lang='lat' dir='ltr'>sapiens,</span> <span class='ocrx_word' id='word_1_59' title='bbox 786 1001 848 1049; x_wconf 91' lang='lat' dir='ltr'>ut</span> <span class='ocrx_word' id='word_1_60' title='bbox 901 995 1166 1066; x_wconf 88' lang='lat' dir='ltr'>scriptum</span> <span class='ocrx_word' id='word_1_61' title='bbox 1226 1003 1343 1051; x_wconf 92' lang='lat' dir='ltr'>est:</span> <span class='ocrx_word' id='word_1_62' title='bbox 1435 1019 1454 1042; x_wconf 76' lang='grc' dir='ltr'>ι</span> <span class='ocrx_word' id='word_1_63' title='bbox 1506 997 1735 1067; x_wconf 83' lang='lat' dir='ltr'>Magnus</span> <span class='ocrx_word' id='word_1_64' title='bbox 1806 997 2076 1054; x_wconf 88' lang='lat' dir='ltr'>Dominus</span> 
     </span>
    </p>
   </div>
   <div class='ocr_carea' id='block_1_11' title="bbox 485 1081 2075 1157">
    <p class='ocr_par' dir='ltr' id='par_1_11' title="bbox 485 1081 2075 1157">
     <span class='ocr_line' id='line_1_11' title="bbox 485 1081 2075 1157; baseline 0.003 -19"><span class='ocrx_word' id='word_1_65' title='bbox 485 1091 689 1150; x_wconf 88' lang='lat' dir='ltr'>noster,</span> <span class='ocrx_word' id='word_1_66' title='bbox 722 1091 774 1138; x_wconf 93' lang='lat' dir='ltr'>et</span> <span class='ocrx_word' id='word_1_67' title='bbox 805 1099 998 1156; x_wconf 85' lang='lat' dir='ltr'>magna</span> <span class='ocrx_word' id='word_1_68' title='bbox 1033 1084 1212 1139; x_wconf 88' lang='lat' dir='ltr'>virtus</span> <span class='ocrx_word' id='word_1_69' title='bbox 1241 1081 1377 1155; x_wconf 86' lang='lat' dir='ltr'>ejus,</span> <span class='ocrx_word' id='word_1_70' title='bbox 1413 1095 1466 1141; x_wconf 92' lang='lat' dir='ltr'>et</span> <span class='ocrx_word' id='word_1_71' title='bbox 1506 1085 1787 1157; x_wconf 61' lang='lat' dir='ltr'>sapientiae</span> <span class='ocrx_word' id='word_1_72' title='bbox 1816 1085 1936 1157; x_wconf 89' lang='lat' dir='ltr'>ejus</span> <span class='ocrx_word' id='word_1_73' title='bbox 1963 1103 2075 1143; x_wconf 92' lang='lat' dir='ltr'>non</span> 
     </span>
    </p>
   </div>
   <div class='ocr_carea' id='block_1_12' title="bbox 484 1175 2078 1250">
    <p class='ocr_par' dir='ltr' id='par_1_12' title="bbox 484 1175 2078 1250">
     <span class='ocr_line' id='line_1_12' title="bbox 484 1175 2078 1250; baseline 0.003 -22"><span class='ocrx_word' id='word_1_74' title='bbox 484 1180 565 1228; x_wconf 84' lang='lat' dir='ltr'>est</span> <span class='ocrx_word' id='word_1_75' title='bbox 591 1190 854 1230; x_wconf 89' lang='lat' dir='ltr'>numerus</span> <span class='ocrx_word' id='word_1_76' title='bbox 887 1175 1060 1244; x_wconf 74' lang='lat' dir='ltr'>(Psal.</span> <span class='ocrx_word' id='word_1_77' title='bbox 1091 1192 1276 1245; x_wconf 78' lang='lat' dir='ltr'>cxm,</span> <span class='ocrx_word' id='word_1_78' title='bbox 1313 1178 1403 1248; x_wconf 87' lang='lat'>6);</span> <span class='ocrx_word' id='word_1_79' title='bbox 1437 1201 1455 1224; x_wconf 77' lang='grc' dir='ltr'>ι</span> <span class='ocrx_word' id='word_1_80' title='bbox 1490 1184 1544 1233; x_wconf 91' lang='lat' dir='ltr'>et</span> <span class='ocrx_word' id='word_1_81' title='bbox 1573 1177 2078 1250; x_wconf 87' lang='lat' dir='ltr'>incomparabiliter</span> 
     </span>
    </p>
   </div>
   <div class='ocr_carea' id='block_1_13' title="bbox 484 1264 2073 1339">
    <p class='ocr_par' dir='ltr' id='par_1_13' title="bbox 484 1264 2073 1339">
     <span class='ocr_line' id='line_1_13' title="bbox 484 1264 2073 1339; baseline 0.006 -22"><span class='ocrx_word' id='word_1_82' title='bbox 484 1264 692 1329; x_wconf 82' lang='lat' dir='ltr'>suavis,</span> <span class='ocrx_word' id='word_1_83' title='bbox 720 1273 781 1320; x_wconf 92' lang='lat' dir='ltr'>ut</span> <span class='ocrx_word' id='word_1_84' title='bbox 809 1265 940 1320; x_wconf 84' lang='lat' dir='ltr'>alibi</span> <span class='ocrx_word' id='word_1_85' title='bbox 972 1266 1137 1323; x_wconf 83' lang='lat' dir='ltr'>dicit:</span> <span class='ocrx_word' id='word_1_86' title='bbox 1203 1292 1220 1315; x_wconf 80' lang='grc' dir='ltr'>σ</span> <span class='ocrx_word' id='word_1_87' title='bbox 1251 1267 1448 1325; x_wconf 85' lang='lat' dir='ltr'>Suavis</span> <span class='ocrx_word' id='word_1_88' title='bbox 1478 1269 1750 1326; x_wconf 91' lang='lat' dir='ltr'>Dominus</span> <span class='ocrx_word' id='word_1_89' title='bbox 1778 1269 2073 1339; x_wconf 86' lang='lat' dir='ltr'>universis,</span> 
     </span>
    </p>
   </div>
   <div class='ocr_carea' id='block_1_14' title="bbox 484 1353 2073 1430">
    <p class='ocr_par' dir='ltr' id='par_1_14' title="bbox 484 1353 2073 1430">
     <span class='ocr_line' id='line_1_14' title="bbox 484 1353 2073 1430; baseline 0.003 -21"><span class='ocrx_word' id='word_1_90' title='bbox 484 1361 536 1409; x_wconf 86' lang='lat' dir='ltr'>et</span> <span class='ocrx_word' id='word_1_91' title='bbox 562 1353 940 1410; x_wconf 85' lang='lat' dir='ltr'>miserationes</span> <span class='ocrx_word' id='word_1_92' title='bbox 970 1354 1087 1426; x_wconf 83' lang='lat' dir='ltr'>ejus</span> <span class='ocrx_word' id='word_1_93' title='bbox 1116 1372 1279 1428; x_wconf 89' lang='lat' dir='ltr'>super</span> <span class='ocrx_word' id='word_1_94' title='bbox 1307 1357 1493 1413; x_wconf 89' lang='lat' dir='ltr'>omnia</span> <span class='ocrx_word' id='word_1_95' title='bbox 1536 1374 1700 1430; x_wconf 85' lang='lat' dir='ltr'>opera</span> <span class='ocrx_word' id='word_1_96' title='bbox 1727 1357 1846 1430; x_wconf 88' lang='lat' dir='ltr'>ejus</span> <span class='ocrx_word' id='word_1_97' title='bbox 1900 1359 2073 1429; x_wconf 85' lang='lat' dir='ltr'>(Psal.</span> 
     </span>
    </p>
   </div>
   <div class='ocr_carea' id='block_1_15' title="bbox 484 1444 2080 1519">
    <p class='ocr_par' dir='ltr' id='par_1_15' title="bbox 484 1444 2080 1519">
     <span class='ocr_line' id='line_1_15' title="bbox 484 1444 2080 1519; baseline 0.004 -23"><span class='ocrx_word' id='word_1_98' title='bbox 484 1460 671 1508; x_wconf 79' lang='lat' dir='ltr'>cxuv,</span> <span class='ocrx_word' id='word_1_99' title='bbox 701 1444 781 1516; x_wconf 84' lang='lat'>9).</span> <span class='ocrx_word' id='word_1_100' title='bbox 815 1469 832 1491; x_wconf 78' lang='grc' dir='ltr'>ι</span> <span class='ocrx_word' id='word_1_101' title='bbox 894 1445 980 1498; x_wconf 77' lang='lat' dir='ltr'>Ex</span> <span class='ocrx_word' id='word_1_102' title='bbox 1010 1461 1135 1516; x_wconf 87' lang='lat' dir='ltr'>qua.</span> <span class='ocrx_word' id='word_1_103' title='bbox 1188 1452 1243 1499; x_wconf 88' lang='lat' dir='ltr'>et</span> <span class='ocrx_word' id='word_1_104' title='bbox 1281 1460 1377 1516; x_wconf 90' lang='lat' dir='ltr'>per</span> <span class='ocrx_word' id='word_1_105' title='bbox 1405 1462 1590 1518; x_wconf 91' lang='lat' dir='ltr'>quam,</span> <span class='ocrx_word' id='word_1_106' title='bbox 1625 1455 1677 1503; x_wconf 92' lang='lat' dir='ltr'>et</span> <span class='ocrx_word' id='word_1_107' title='bbox 1713 1447 1771 1502; x_wconf 90' lang='lat' dir='ltr'>in</span> <span class='ocrx_word' id='word_1_108' title='bbox 1810 1463 1916 1519; x_wconf 90' lang='lat' dir='ltr'>qua</span> <span class='ocrx_word' id='word_1_109' title='bbox 1951 1454 2080 1504; x_wconf 89' lang='lat' dir='ltr'>sunt</span> 
     </span>
    </p>
   </div>
   <div class='ocr_carea' id='block_1_16' title="bbox 483 1534 2074 1609">
    <p class='ocr_par' dir='ltr' id='par_1_16' title="bbox 483 1534 2074 1609">
     <span class='ocr_line' id='line_1_16' title="bbox 483 1534 2074 1609; baseline 0.003 -21"><span class='ocrx_word' id='word_1_110' title='bbox 483 1534 689 1602; x_wconf 89' lang='lat' dir='ltr'>omnia,</span> <span class='ocrx_word' id='word_1_111' title='bbox 751 1550 870 1606; x_wconf 84' lang='lat' dir='ltr'>quae</span> <span class='ocrx_word' id='word_1_112' title='bbox 918 1542 1083 1602; x_wconf 89' lang='lat' dir='ltr'>sunt;</span> <span class='ocrx_word' id='word_1_113' title='bbox 1143 1543 1410 1607; x_wconf 85' lang='lat' dir='ltr'>reguntur</span> <span class='ocrx_word' id='word_1_114' title='bbox 1463 1536 1671 1603; x_wconf 89' lang='lat' dir='ltr'>omnia,</span> <span class='ocrx_word' id='word_1_115' title='bbox 1731 1553 1850 1609; x_wconf 70' lang='lat' dir='ltr'>quae</span> <span class='ocrx_word' id='word_1_116' title='bbox 1907 1545 2074 1604; x_wconf 91' lang='lat' dir='ltr'>sunt;</span> 
     </span>
    </p>
   </div>
   <div class='ocr_carea' id='block_1_17' title="bbox 482 1625 2077 1699">
    <p class='ocr_par' dir='ltr' id='par_1_17' title="bbox 482 1625 2077 1699">
     <span class='ocr_line' id='line_1_17' title="bbox 482 1625 2077 1699; baseline 0.001 -19"><span class='ocrx_word' id='word_1_117' title='bbox 482 1625 837 1682; x_wconf 88' lang='lat' dir='ltr'>continentur</span> <span class='ocrx_word' id='word_1_118' title='bbox 866 1625 1071 1693; x_wconf 88' lang='lat' dir='ltr'>omnia,</span> <span class='ocrx_word' id='word_1_119' title='bbox 1127 1642 1248 1699; x_wconf 68' lang='lat' dir='ltr'>quae</span> <span class='ocrx_word' id='word_1_120' title='bbox 1285 1633 1415 1681; x_wconf 90' lang='lat' dir='ltr'>sunt</span> <span class='ocrx_word' id='word_1_121' title='bbox 1446 1643 1456 1680; x_wconf 93' lang='lat'>:</span> <span class='ocrx_word' id='word_1_122' title='bbox 1505 1626 1697 1681; x_wconf 89' lang='lat' dir='ltr'>omnia</span> <span class='ocrx_word' id='word_1_123' title='bbox 1741 1626 1866 1682; x_wconf 89' lang='lat' dir='ltr'>dico</span> <span class='ocrx_word' id='word_1_124' title='bbox 1903 1627 2077 1699; x_wconf 87' lang='lat' dir='ltr'>ipsam</span> 
     </span>
    </p>
   </div>
   <div class='ocr_carea' id='block_1_18' title="bbox 483 1715 2078 1790">
    <p class='ocr_par' dir='ltr' id='par_1_18' title="bbox 483 1715 2078 1790">
     <span class='ocr_line' id='line_1_18' title="bbox 483 1715 2078 1790; baseline 0.001 -18"><span class='ocrx_word' id='word_1_125' title='bbox 483 1715 919 1783; x_wconf 89' lang='lat' dir='ltr'>universitatem,</span> <span class='ocrx_word' id='word_1_126' title='bbox 946 1733 1066 1788; x_wconf 68' lang='lat' dir='ltr'>quae.</span> <span class='ocrx_word' id='word_1_127' title='bbox 1098 1725 1178 1773; x_wconf 89' lang='lat' dir='ltr'>est</span> <span class='ocrx_word' id='word_1_128' title='bbox 1209 1723 1407 1784; x_wconf 87' lang='lat' dir='ltr'>totum,</span> <span class='ocrx_word' id='word_1_129' title='bbox 1431 1716 1578 1788; x_wconf 93' lang='lat' dir='ltr'>quod</span> <span class='ocrx_word' id='word_1_130' title='bbox 1609 1716 1760 1773; x_wconf 89' lang='lat' dir='ltr'>aliud</span> <span class='ocrx_word' id='word_1_131' title='bbox 1791 1725 1889 1785; x_wconf 84' lang='lat' dir='ltr'>est,</span> <span class='ocrx_word' id='word_1_132' title='bbox 1913 1733 2078 1790; x_wconf 87' lang='lat' dir='ltr'>quam</span> 
     </span>
    </p>
   </div>
   <div class='ocr_carea' id='block_1_19' title="bbox 2186 544 3785 616">
    <p class='ocr_par' dir='ltr' id='par_1_19' title="bbox 2186 544 3785 616">
     <span class='ocr_line' id='line_1_19' title="bbox 2186 544 3785 616; baseline 0.002 -19"><span class='ocrx_word' id='word_1_133' title='bbox 2186 544 2423 598; x_wconf 88' lang='lat' dir='ltr'>multum</span> <span class='ocrx_word' id='word_1_134' title='bbox 2472 560 2635 615; x_wconf 87' lang='lat' dir='ltr'>supra</span> <span class='ocrx_word' id='word_1_135' title='bbox 2673 561 2730 600; x_wconf 92' lang='lat' dir='ltr'>se</span> <span class='ocrx_word' id='word_1_136' title='bbox 2771 554 2976 611; x_wconf 88' lang='lat' dir='ltr'>amoto,</span> <span class='ocrx_word' id='word_1_137' title='bbox 3028 544 3179 616; x_wconf 91' lang='lat' dir='ltr'>quod</span> <span class='ocrx_word' id='word_1_138' title='bbox 3221 545 3403 602; x_wconf 89' lang='lat' dir='ltr'>omnis</span> <span class='ocrx_word' id='word_1_139' title='bbox 3441 545 3680 613; x_wconf 86' lang='lat' dir='ltr'>bonitas,</span> <span class='ocrx_word' id='word_1_140' title='bbox 3730 552 3785 600; x_wconf 90' lang='lat' dir='ltr'>et</span> 
     </span>
    </p>
   </div>
   <div class='ocr_carea' id='block_1_20' title="bbox 2186 632 3785 701">
    <p class='ocr_par' dir='ltr' id='par_1_20' title="bbox 2186 632 3785 701">
     <span class='ocr_line' id='line_1_20' title="bbox 2186 632 3785 701; baseline 0.002 -15"><span class='ocrx_word' id='word_1_141' title='bbox 2186 647 2347 687; x_wconf 91' lang='lat' dir='ltr'>omne</span> <span class='ocrx_word' id='word_1_142' title='bbox 2376 632 2606 701; x_wconf 87' lang='lat' dir='ltr'>bonum,</span> <span class='ocrx_word' id='word_1_143' title='bbox 2664 640 2717 688; x_wconf 90' lang='lat' dir='ltr'>et</span> <span class='ocrx_word' id='word_1_144' title='bbox 2758 633 2939 688; x_wconf 91' lang='lat' dir='ltr'>omnis</span> <span class='ocrx_word' id='word_1_145' title='bbox 2967 633 3233 689; x_wconf 87' lang='lat' dir='ltr'>bonitatis</span> <span class='ocrx_word' id='word_1_146' title='bbox 3281 641 3336 689; x_wconf 91' lang='lat' dir='ltr'>et</span> <span class='ocrx_word' id='word_1_147' title='bbox 3375 634 3505 689; x_wconf 89' lang='lat' dir='ltr'>boni</span> <span class='ocrx_word' id='word_1_148' title='bbox 3545 634 3785 690; x_wconf 86' lang='lat' dir='ltr'>dulcedo</span> 
     </span>
    </p>
   </div>
   <div class='ocr_carea' id='block_1_21' title="bbox 2187 720 3781 792">
    <p class='ocr_par' dir='ltr' id='par_1_21' title="bbox 2187 720 3781 792">
     <span class='ocr_line' id='line_1_21' title="bbox 2187 720 3781 792; baseline -0.001 -15"><span class='ocrx_word' id='word_1_149' title='bbox 2187 720 2459 777; x_wconf 85' lang='lat' dir='ltr'>Creatoris</span> <span class='ocrx_word' id='word_1_150' title='bbox 2506 738 2538 776; x_wconf 90' lang='lat' dir='ltr'>a</span> <span class='ocrx_word' id='word_1_151' title='bbox 2575 737 2632 776; x_wconf 92' lang='lat' dir='ltr'>se</span> <span class='ocrx_word' id='word_1_152' title='bbox 2664 721 2784 792; x_wconf 92' lang='lat' dir='ltr'>ipso</span> <span class='ocrx_word' id='word_1_153' title='bbox 2813 728 2928 777; x_wconf 88' lang='lat' dir='ltr'>est:</span> <span class='ocrx_word' id='word_1_154' title='bbox 2979 731 3227 777; x_wconf 87' lang='lat' dir='ltr'>creatura</span> <span class='ocrx_word' id='word_1_155' title='bbox 3273 738 3404 777; x_wconf 91' lang='lat' dir='ltr'>vero</span> <span class='ocrx_word' id='word_1_156' title='bbox 3445 738 3556 777; x_wconf 89' lang='lat' dir='ltr'>non</span> <span class='ocrx_word' id='word_1_157' title='bbox 3599 723 3781 777; x_wconf 90' lang='lat' dir='ltr'>solum</span> 
     </span>
    </p>
   </div>
   <div class='ocr_carea' id='block_1_22' title="bbox 2186 809 3783 882">
    <p class='ocr_par' dir='ltr' id='par_1_22' title="bbox 2186 809 3783 882">
     <span class='ocr_line' id='line_1_22' title="bbox 2186 809 3783 882; baseline 0.001 -19"><span class='ocrx_word' id='word_1_158' title='bbox 2186 809 2331 880; x_wconf 88' lang='lat' dir='ltr'>quod</span> <span class='ocrx_word' id='word_1_159' title='bbox 2359 819 2458 877; x_wconf 90' lang='lat' dir='ltr'>est,</span> <span class='ocrx_word' id='word_1_160' title='bbox 2502 810 2595 866; x_wconf 92' lang='lat' dir='ltr'>sed</span> <span class='ocrx_word' id='word_1_161' title='bbox 2622 810 2787 866; x_wconf 91' lang='lat' dir='ltr'>etiam</span> <span class='ocrx_word' id='word_1_162' title='bbox 2818 810 2960 882; x_wconf 92' lang='lat' dir='ltr'>quod</span> <span class='ocrx_word' id='word_1_163' title='bbox 2992 810 3118 866; x_wconf 89' lang='lat' dir='ltr'>talis</span> <span class='ocrx_word' id='word_1_164' title='bbox 3147 818 3247 878; x_wconf 90' lang='lat' dir='ltr'>est,</span> <span class='ocrx_word' id='word_1_165' title='bbox 3296 809 3362 864; x_wconf 88' lang='lat' dir='ltr'>ab</span> <span class='ocrx_word' id='word_1_166' title='bbox 3396 810 3505 866; x_wconf 91' lang='lat' dir='ltr'>alio</span> <span class='ocrx_word' id='word_1_167' title='bbox 3534 818 3635 878; x_wconf 91' lang='lat' dir='ltr'>est,</span> <span class='ocrx_word' id='word_1_168' title='bbox 3671 826 3783 864; x_wconf 90' lang='lat' dir='ltr'>non</span> 
     </span>
    </p>
   </div>
   <div class='ocr_carea' id='block_1_23' title="bbox 2185 900 3785 974">
    <p class='ocr_par' dir='ltr' id='par_1_23' title="bbox 2185 900 3785 974">
     <span class='ocr_line' id='line_1_23' title="bbox 2185 900 3785 974; baseline 0 -19"><span class='ocrx_word' id='word_1_169' title='bbox 2185 916 2215 955; x_wconf 90' lang='lat' dir='ltr'>a</span> <span class='ocrx_word' id='word_1_170' title='bbox 2253 918 2346 958; x_wconf 92' lang='lat' dir='ltr'>se:</span> <span class='ocrx_word' id='word_1_171' title='bbox 2395 908 2450 956; x_wconf 91' lang='lat' dir='ltr'>et</span> <span class='ocrx_word' id='word_1_172' title='bbox 2478 902 2594 973; x_wconf 91' lang='lat' dir='ltr'>ipse</span> <span class='ocrx_word' id='word_1_173' title='bbox 2627 901 2776 974; x_wconf 92' lang='lat' dir='ltr'>quod</span> <span class='ocrx_word' id='word_1_174' title='bbox 2810 909 2912 969; x_wconf 91' lang='lat' dir='ltr'>est,</span> <span class='ocrx_word' id='word_1_175' title='bbox 2961 918 3175 974; x_wconf 90' lang='lat' dir='ltr'>semper</span> <span class='ocrx_word' id='word_1_176' title='bbox 3203 909 3305 957; x_wconf 92' lang='lat' dir='ltr'>est.</span> <span class='ocrx_word' id='word_1_177' title='bbox 3368 901 3522 956; x_wconf 88' lang='lat' dir='ltr'>Licet</span> <span class='ocrx_word' id='word_1_178' title='bbox 3566 909 3621 956; x_wconf 90' lang='lat' dir='ltr'>et</span> <span class='ocrx_word' id='word_1_179' title='bbox 3665 900 3785 971; x_wconf 88' lang='lat' dir='ltr'>ipsa</span> 
     </span>
    </p>
   </div>
   <div class='ocr_carea' id='block_1_24' title="bbox 2184 990 3781 1065">
    <p class='ocr_par' dir='ltr' id='par_1_24' title="bbox 2184 990 3781 1065">
     <span class='ocr_line' id='line_1_24' title="bbox 2184 990 3781 1065; baseline -0.001 -17"><span class='ocrx_word' id='word_1_180' title='bbox 2184 992 2368 1048; x_wconf 89' lang='lat' dir='ltr'>anima</span> <span class='ocrx_word' id='word_1_181' title='bbox 2402 991 2568 1048; x_wconf 90' lang='lat' dir='ltr'>modo</span> <span class='ocrx_word' id='word_1_182' title='bbox 2597 992 2833 1065; x_wconf 89' lang='lat' dir='ltr'>quodam</span> <span class='ocrx_word' id='word_1_183' title='bbox 2870 1009 2976 1048; x_wconf 87' lang='lat' dir='ltr'>suo</span> <span class='ocrx_word' id='word_1_184' title='bbox 2997 990 3469 1049; x_wconf 85' lang='lat' dir='ltr'>incommutabilis</span> <span class='ocrx_word' id='word_1_185' title='bbox 3499 999 3614 1059; x_wconf 87' lang='lat' dir='ltr'>est;</span> <span class='ocrx_word' id='word_1_186' title='bbox 3652 1008 3781 1046; x_wconf 88' lang='lat' dir='ltr'>nam</span> 
     </span>
    </p>
   </div>
   <div class='ocr_carea' id='block_1_25' title="bbox 2185 1081 3780 1155">
    <p class='ocr_par' dir='ltr' id='par_1_25' title="bbox 2185 1081 3780 1155">
     <span class='ocr_line' id='line_1_25' title="bbox 2185 1081 3780 1155; baseline -0.001 -19"><span class='ocrx_word' id='word_1_187' title='bbox 2185 1097 2398 1153; x_wconf 90' lang='lat' dir='ltr'>semper</span> <span class='ocrx_word' id='word_1_188' title='bbox 2427 1081 2613 1136; x_wconf 90' lang='lat' dir='ltr'>anima</span> <span class='ocrx_word' id='word_1_189' title='bbox 2641 1091 2742 1150; x_wconf 90' lang='lat' dir='ltr'>est,</span> <span class='ocrx_word' id='word_1_190' title='bbox 2803 1089 3097 1155; x_wconf 80' lang='lat' dir='ltr'>postquam</span> <span class='ocrx_word' id='word_1_191' title='bbox 3128 1098 3242 1138; x_wconf 92' lang='lat' dir='ltr'>esse</span> <span class='ocrx_word' id='word_1_192' title='bbox 3272 1081 3517 1153; x_wconf 71' lang='lat' dir='ltr'>coeperit,</span> <span class='ocrx_word' id='word_1_193' title='bbox 3568 1089 3622 1136; x_wconf 91' lang='lat' dir='ltr'>et</span> <span class='ocrx_word' id='word_1_194' title='bbox 3655 1081 3780 1148; x_wconf 83' lang='lat' dir='ltr'>scit,</span> 
     </span>
    </p>
   </div>
   <div class='ocr_carea' id='block_1_26' title="bbox 2184 1171 3786 1244">
    <p class='ocr_par' dir='ltr' id='par_1_26' title="bbox 2184 1171 3786 1244">
     <span class='ocr_line' id='line_1_26' title="bbox 2184 1171 3786 1244; baseline 0 -19"><span class='ocrx_word' id='word_1_195' title='bbox 2184 1177 2238 1225; x_wconf 92' lang='lat' dir='ltr'>et</span> <span class='ocrx_word' id='word_1_196' title='bbox 2289 1172 2429 1227; x_wconf 89' lang='lat' dir='ltr'>scire</span> <span class='ocrx_word' id='word_1_197' title='bbox 2468 1171 2610 1227; x_wconf 84' lang='lat' dir='ltr'>vult.</span> <span class='ocrx_word' id='word_1_198' title='bbox 2662 1171 2956 1244; x_wconf 88' lang='lat' dir='ltr'>Comparet</span> <span class='ocrx_word' id='word_1_199' title='bbox 3000 1188 3149 1244; x_wconf 88' lang='lat' dir='ltr'>ergo,</span> <span class='ocrx_word' id='word_1_200' title='bbox 3206 1181 3268 1228; x_wconf 90' lang='lat' dir='ltr'>ut</span> <span class='ocrx_word' id='word_1_201' title='bbox 3309 1171 3452 1237; x_wconf 80' lang='lat' dir='ltr'>dixi,</span> <span class='ocrx_word' id='word_1_202' title='bbox 3500 1188 3558 1227; x_wconf 92' lang='lat' dir='ltr'>se</span> <span class='ocrx_word' id='word_1_203' title='bbox 3599 1172 3786 1226; x_wconf 86' lang='lat' dir='ltr'>anima</span> 
     </span>
    </p>
   </div>
   <div class='ocr_carea' id='block_1_27' title="bbox 2185 1259 3784 1334">
    <p class='ocr_par' dir='ltr' id='par_1_27' title="bbox 2185 1259 3784 1334">
     <span class='ocr_line' id='line_1_27' title="bbox 2185 1259 3784 1334; baseline 0 -20"><span class='ocrx_word' id='word_1_204' title='bbox 2185 1276 2249 1315; x_wconf 92' lang='lat' dir='ltr'>eo</span> <span class='ocrx_word' id='word_1_205' title='bbox 2296 1259 2483 1329; x_wconf 91' lang='lat' dir='ltr'>modo,</span> <span class='ocrx_word' id='word_1_206' title='bbox 2541 1277 2650 1334; x_wconf 90' lang='lat' dir='ltr'>quo</span> <span class='ocrx_word' id='word_1_207' title='bbox 2708 1271 2907 1333; x_wconf 89' lang='lat' dir='ltr'>potest,</span> <span class='ocrx_word' id='word_1_208' title='bbox 2964 1262 3202 1318; x_wconf 87' lang='lat' dir='ltr'>creatori</span> <span class='ocrx_word' id='word_1_209' title='bbox 3252 1278 3392 1329; x_wconf 90' lang='lat' dir='ltr'>suo;</span> <span class='ocrx_word' id='word_1_210' title='bbox 3449 1268 3512 1316; x_wconf 90' lang='lat' dir='ltr'>ut</span> <span class='ocrx_word' id='word_1_211' title='bbox 3567 1259 3784 1316; x_wconf 88' lang='lat' dir='ltr'>dicatur</span> 
     </span>
    </p>
   </div>
   <div class='ocr_carea' id='block_1_28' title="bbox 2185 1349 3782 1423">
    <p class='ocr_par' dir='ltr' id='par_1_28' title="bbox 2185 1349 3782 1423">
     <span class='ocr_line' id='line_1_28' title="bbox 2185 1349 3782 1423; baseline 0 -19"><span class='ocrx_word' id='word_1_212' title='bbox 2185 1365 2340 1405; x_wconf 89' lang='lat' dir='ltr'>mens</span> <span class='ocrx_word' id='word_1_213' title='bbox 2369 1351 2547 1418; x_wconf 89' lang='lat' dir='ltr'>Pater,</span> <span class='ocrx_word' id='word_1_214' title='bbox 2578 1351 2705 1423; x_wconf 89' lang='lat' dir='ltr'>quia</span> <span class='ocrx_word' id='word_1_215' title='bbox 2736 1351 2909 1423; x_wconf 81' lang='lat' dir='ltr'>gignit</span> <span class='ocrx_word' id='word_1_216' title='bbox 2935 1351 3111 1407; x_wconf 89' lang='lat' dir='ltr'>scire:</span> <span class='ocrx_word' id='word_1_217' title='bbox 3163 1350 3380 1407; x_wconf 85' lang='lat' dir='ltr'>dicatur</span> <span class='ocrx_word' id='word_1_218' title='bbox 3411 1349 3552 1405; x_wconf 88' lang='lat' dir='ltr'>scire</span> <span class='ocrx_word' id='word_1_219' title='bbox 3583 1349 3782 1417; x_wconf 85' lang='lat' dir='ltr'>Filius,</span> 
     </span>
    </p>
   </div>
   <div class='ocr_carea' id='block_1_29' title="bbox 2186 1433 3782 1514">
    <p class='ocr_par' dir='ltr' id='par_1_29' title="bbox 2186 1433 3782 1514">
     <span class='ocr_line' id='line_1_29' title="bbox 2186 1433 3782 1514; baseline -0.001 -18"><span class='ocrx_word' id='word_1_220' title='bbox 2186 1441 2316 1513; x_wconf 86' lang='lat' dir='ltr'>quia</span> <span class='ocrx_word' id='word_1_221' title='bbox 2342 1456 2411 1495; x_wconf 84' lang='lat' dir='ltr'>ex</span> <span class='ocrx_word' id='word_1_222' title='bbox 2439 1440 2551 1496; x_wconf 91' lang='lat' dir='ltr'>alio</span> <span class='ocrx_word' id='word_1_223' title='bbox 2580 1448 2682 1508; x_wconf 86' lang='lat' dir='ltr'>est,</span> <span class='ocrx_word' id='word_1_224' title='bbox 2709 1449 2764 1497; x_wconf 91' lang='lat' dir='ltr'>et</span> <span class='ocrx_word' id='word_1_225' title='bbox 2788 1458 2901 1497; x_wconf 91' lang='lat' dir='ltr'>non</span> <span class='ocrx_word' id='word_1_226' title='bbox 2929 1449 3009 1498; x_wconf 89' lang='lat' dir='ltr'>est</span> <span class='ocrx_word' id='word_1_227' title='bbox 3038 1440 3208 1509; x_wconf 87' lang='lat' dir='ltr'>aliud,</span> <span class='ocrx_word' id='word_1_228' title='bbox 3232 1433 3396 1514; x_wconf 85' lang='lat' dir='ltr'>quam</span> <span class='ocrx_word' id='word_1_229' title='bbox 3432 1440 3612 1512; x_wconf 88' lang='lat' dir='ltr'>ipsum</span> <span class='ocrx_word' id='word_1_230' title='bbox 3634 1437 3782 1512; x_wconf 89' lang='lat' dir='ltr'>quod</span> 
     </span>
    </p>
   </div>
   <div class='ocr_carea' id='block_1_30' title="bbox 2188 1534 3784 1607">
    <p class='ocr_par' dir='ltr' id='par_1_30' title="bbox 2188 1534 3784 1607">
     <span class='ocr_line' id='line_1_30' title="bbox 2188 1534 3784 1607; baseline 0.001 -18"><span class='ocrx_word' id='word_1_231' title='bbox 2188 1534 2302 1607; x_wconf 88' lang='lat' dir='ltr'>ipse</span> <span class='ocrx_word' id='word_1_232' title='bbox 2356 1543 2456 1603; x_wconf 90' lang='lat' dir='ltr'>est,</span> <span class='ocrx_word' id='word_1_233' title='bbox 2529 1552 2597 1590; x_wconf 86' lang='lat' dir='ltr'>ex</span> <span class='ocrx_word' id='word_1_234' title='bbox 2654 1552 2763 1607; x_wconf 92' lang='lat' dir='ltr'>quo</span> <span class='ocrx_word' id='word_1_235' title='bbox 2818 1543 2902 1592; x_wconf 89' lang='lat' dir='ltr'>est</span> <span class='ocrx_word' id='word_1_236' title='bbox 2952 1555 2963 1592; x_wconf 90' lang='lat'>:</span> <span class='ocrx_word' id='word_1_237' title='bbox 3049 1536 3266 1593; x_wconf 89' lang='lat' dir='ltr'>dicatur</span> <span class='ocrx_word' id='word_1_238' title='bbox 3322 1552 3478 1592; x_wconf 88' lang='lat' dir='ltr'>amor</span> <span class='ocrx_word' id='word_1_239' title='bbox 3545 1534 3784 1606; x_wconf 84' lang='lat' dir='ltr'>Spiritus</span> 
     </span>
    </p>
   </div>
   <div class='ocr_carea' id='block_1_31' title="bbox 2187 1625 3781 1700">
    <p class='ocr_par' dir='ltr' id='par_1_31' title="bbox 2187 1625 3781 1700">
     <span class='ocr_line' id='line_1_31' title="bbox 2187 1625 3781 1700; baseline -0.001 -18"><span class='ocrx_word' id='word_1_240' title='bbox 2187 1633 2429 1693; x_wconf 89' lang='lat' dir='ltr'>sanctus,</span> <span class='ocrx_word' id='word_1_241' title='bbox 2479 1627 2610 1700; x_wconf 88' lang='lat' dir='ltr'>quia</span> <span class='ocrx_word' id='word_1_242' title='bbox 2637 1627 2926 1684; x_wconf 88' lang='lat' dir='ltr'>amborum</span> <span class='ocrx_word' id='word_1_243' title='bbox 2959 1635 3040 1684; x_wconf 86' lang='lat' dir='ltr'>est</span> <span class='ocrx_word' id='word_1_244' title='bbox 3069 1643 3284 1695; x_wconf 91' lang='lat' dir='ltr'>eorum,</span> <span class='ocrx_word' id='word_1_245' title='bbox 3335 1625 3428 1698; x_wconf 93' lang='lat' dir='ltr'>qui</span> <span class='ocrx_word' id='word_1_246' title='bbox 3478 1642 3535 1681; x_wconf 92' lang='lat' dir='ltr'>se</span> <span class='ocrx_word' id='word_1_247' title='bbox 3573 1632 3781 1680; x_wconf 88' lang='lat' dir='ltr'>amant.</span> 
     </span>
    </p>
   </div>
   <div class='ocr_carea' id='block_1_32' title="bbox 2191 1712 3781 1788">
    <p class='ocr_par' dir='ltr' id='par_1_32' title="bbox 2191 1712 3781 1788">
     <span class='ocr_line' id='line_1_32' title="bbox 2191 1712 3781 1788; baseline -0.003 -16"><span class='ocrx_word' id='word_1_248' title='bbox 2191 1716 2346 1772; x_wconf 88' lang='lat' dir='ltr'>Unde</span> <span class='ocrx_word' id='word_1_249' title='bbox 2403 1717 2458 1772; x_wconf 92' lang='lat' dir='ltr'>in</span> <span class='ocrx_word' id='word_1_250' title='bbox 2507 1717 2708 1772; x_wconf 87' lang='lat' dir='ltr'>nostris</span> <span class='ocrx_word' id='word_1_251' title='bbox 2759 1716 3057 1788; x_wconf 91' lang='lat' dir='ltr'>Scripturis</span> <span class='ocrx_word' id='word_1_252' title='bbox 3103 1715 3302 1787; x_wconf 85' lang='lat' dir='ltr'>saepius</span> <span class='ocrx_word' id='word_1_253' title='bbox 3345 1730 3518 1780; x_wconf 91' lang='lat' dir='ltr'>amor,</span> <span class='ocrx_word' id='word_1_254' title='bbox 3574 1712 3630 1768; x_wconf 91' lang='lat' dir='ltr'>id</span> <span class='ocrx_word' id='word_1_255' title='bbox 3678 1719 3781 1779; x_wconf 90' lang='lat' dir='ltr'>est,</span> 
     </span>
    </p>
   </div>
   <div class='ocr_carea' id='block_1_33' title="bbox 481 1803 3785 1880">
    <p class='ocr_par' dir='ltr' id='par_1_33' title="bbox 481 1803 3785 1880">
     <span class='ocr_line' id='line_1_33' title="bbox 481 1803 3785 1880; baseline -0.001 -19"><span class='ocrx_word' id='word_1_256' title='bbox 481 1808 596 1879; x_wconf 91' lang='lat' dir='ltr'>ipse</span> <span class='ocrx_word' id='word_1_257' title='bbox 643 1806 735 1879; x_wconf 88' lang='lat' dir='ltr'>qui</span> <span class='ocrx_word' id='word_1_258' title='bbox 767 1805 916 1871; x_wconf 88' lang='lat' dir='ltr'>fecit,</span> <span class='ocrx_word' id='word_1_259' title='bbox 965 1813 1019 1859; x_wconf 89' lang='lat' dir='ltr'>et</span> <span class='ocrx_word' id='word_1_260' title='bbox 1059 1821 1169 1860; x_wconf 91' lang='lat' dir='ltr'>non</span> <span class='ocrx_word' id='word_1_261' title='bbox 1209 1813 1289 1861; x_wconf 90' lang='lat' dir='ltr'>est</span> <span class='ocrx_word' id='word_1_262' title='bbox 1317 1806 1528 1862; x_wconf 87' lang='lat' dir='ltr'>factus:</span> <span class='ocrx_word' id='word_1_263' title='bbox 1574 1806 1667 1862; x_wconf 90' lang='lat' dir='ltr'>sed</span> <span class='ocrx_word' id='word_1_264' title='bbox 1704 1807 1820 1879; x_wconf 91' lang='lat' dir='ltr'>ipse</span> <span class='ocrx_word' id='word_1_265' title='bbox 1864 1816 1946 1863; x_wconf 91' lang='lat' dir='ltr'>est</span> <span class='ocrx_word' id='word_1_266' title='bbox 1991 1823 2059 1862; x_wconf 80' lang='lat' dir='ltr'>ex</span> <span class='ocrx_word' id='word_1_267' title='bbox 2107 1818 2154 1878; x_wconf 82' lang='grc' dir='ltr'>Β</span> <span class='ocrx_word' id='word_1_268' title='bbox 2191 1807 2448 1875; x_wconf 88' lang='lat' dir='ltr'>charitas,</span> <span class='ocrx_word' id='word_1_269' title='bbox 2506 1824 2628 1880; x_wconf 87' lang='lat' dir='ltr'>quae</span> <span class='ocrx_word' id='word_1_270' title='bbox 2659 1806 2717 1861; x_wconf 93' lang='lat' dir='ltr'>in</span> <span class='ocrx_word' id='word_1_271' title='bbox 2747 1808 2861 1863; x_wconf 92' lang='lat' dir='ltr'>Deo</span> <span class='ocrx_word' id='word_1_272' title='bbox 2892 1813 2974 1861; x_wconf 87' lang='lat' dir='ltr'>est</span> <span class='ocrx_word' id='word_1_273' title='bbox 2997 1822 3124 1878; x_wconf 90' lang='lat' dir='ltr'>erga</span> <span class='ocrx_word' id='word_1_274' title='bbox 3151 1822 3273 1872; x_wconf 91' lang='lat' dir='ltr'>nos,</span> <span class='ocrx_word' id='word_1_275' title='bbox 3317 1811 3371 1860; x_wconf 91' lang='lat' dir='ltr'>et</span> <span class='ocrx_word' id='word_1_276' title='bbox 3401 1820 3521 1876; x_wconf 75' lang='lat' dir='ltr'>quae</span> <span class='ocrx_word' id='word_1_277' title='bbox 3559 1819 3590 1857; x_wconf 90' lang='lat' dir='ltr'>a</span> <span class='ocrx_word' id='word_1_278' title='bbox 3620 1803 3785 1858; x_wconf 88' lang='lat' dir='ltr'>nobis</span> 
     </span>
    </p>
   </div>
   <div class='ocr_carea' id='block_1_34' title="bbox 481 1893 2074 1970">
    <p class='ocr_par' dir='ltr' id='par_1_34' title="bbox 481 1893 2074 1970">
     <span class='ocr_line' id='line_1_34' title="bbox 481 1893 2074 1970; baseline 0.001 -19"><span class='ocrx_word' id='word_1_279' title='bbox 481 1913 610 1968; x_wconf 91' lang='lat' dir='ltr'>quo,</span> <span class='ocrx_word' id='word_1_280' title='bbox 661 1903 714 1950; x_wconf 92' lang='lat' dir='ltr'>et</span> <span class='ocrx_word' id='word_1_281' title='bbox 741 1893 834 1966; x_wconf 91' lang='lat' dir='ltr'>qui</span> <span class='ocrx_word' id='word_1_282' title='bbox 865 1910 934 1948; x_wconf 84' lang='lat' dir='ltr'>ex</span> <span class='ocrx_word' id='word_1_283' title='bbox 967 1910 1049 1962; x_wconf 88' lang='lat' dir='ltr'>eo,</span> <span class='ocrx_word' id='word_1_284' title='bbox 1111 1903 1165 1950; x_wconf 87' lang='lat' dir='ltr'>et</span> <span class='ocrx_word' id='word_1_285' title='bbox 1193 1911 1301 1967; x_wconf 90' lang='lat' dir='ltr'>quo</span> <span class='ocrx_word' id='word_1_286' title='bbox 1332 1895 1450 1967; x_wconf 79' lang='lat'>(2);</span> <span class='ocrx_word' id='word_1_287' title='bbox 1498 1895 1644 1968; x_wconf 92' lang='lat' dir='ltr'>quod</span> <span class='ocrx_word' id='word_1_288' title='bbox 1680 1898 1825 1952; x_wconf 88' lang='lat' dir='ltr'>Deus</span> <span class='ocrx_word' id='word_1_289' title='bbox 1867 1913 1936 1952; x_wconf 88' lang='lat' dir='ltr'>ex</span> <span class='ocrx_word' id='word_1_290' title='bbox 1967 1913 2074 1970; x_wconf 92' lang='lat' dir='ltr'>quo</span> 
     </span>
    </p>
   </div>
   <div class='ocr_carea' id='block_1_35' title="bbox 481 1981 2075 2057">
    <p class='ocr_par' dir='ltr' id='par_1_35' title="bbox 481 1981 2075 2057">
     <span class='ocr_line' id='line_1_35' title="bbox 481 1981 2075 2057; baseline 0.002 -19"><span class='ocrx_word' id='word_1_291' title='bbox 481 1991 584 2051; x_wconf 89' lang='lat' dir='ltr'>est,</span> <span class='ocrx_word' id='word_1_292' title='bbox 629 1983 788 2038; x_wconf 90' lang='lat' dir='ltr'>Pater</span> <span class='ocrx_word' id='word_1_293' title='bbox 817 1981 1022 2038; x_wconf 90' lang='lat' dir='ltr'>dicitur</span> <span class='ocrx_word' id='word_1_294' title='bbox 1063 1999 1094 2038; x_wconf 88' lang='lat' dir='ltr'>a</span> <span class='ocrx_word' id='word_1_295' title='bbox 1131 1983 1292 2039; x_wconf 89' lang='lat' dir='ltr'>nobis</span> <span class='ocrx_word' id='word_1_296' title='bbox 1335 1983 1665 2056; x_wconf 91' lang='lat' dir='ltr'>pauperibus</span> <span class='ocrx_word' id='word_1_297' title='bbox 1694 2001 1877 2054; x_wconf 91' lang='lat' dir='ltr'>sensu,</span> <span class='ocrx_word' id='word_1_298' title='bbox 1931 2001 2075 2057; x_wconf 87' lang='lat' dir='ltr'>pau-</span> 
     </span>
    </p>
   </div>
   <div class='ocr_carea' id='block_1_36' title="bbox 481 2071 2068 2146">
    <p class='ocr_par' dir='ltr' id='par_1_36' title="bbox 481 2071 2068 2146">
     <span class='ocr_line' id='line_1_36' title="bbox 481 2071 2068 2146; baseline 0.001 -18"><span class='ocrx_word' id='word_1_299' title='bbox 481 2071 793 2146; x_wconf 89' lang='lat' dir='ltr'>perioribus</span> <span class='ocrx_word' id='word_1_300' title='bbox 821 2072 1004 2128; x_wconf 85' lang='lat' dir='ltr'>verbis</span> <span class='ocrx_word' id='word_1_301' title='bbox 1022 2091 1045 2138; x_wconf 90' lang='lat'><strong><em>;</em></strong></span> <span class='ocrx_word' id='word_1_302' title='bbox 1087 2073 1234 2145; x_wconf 91' lang='lat' dir='ltr'>quod</span> <span class='ocrx_word' id='word_1_303' title='bbox 1261 2073 1354 2146; x_wconf 93' lang='lat' dir='ltr'>qui</span> <span class='ocrx_word' id='word_1_304' title='bbox 1394 2090 1463 2128; x_wconf 83' lang='lat' dir='ltr'>ex</span> <span class='ocrx_word' id='word_1_305' title='bbox 1491 2090 1576 2142; x_wconf 91' lang='lat' dir='ltr'>eo,</span> <span class='ocrx_word' id='word_1_306' title='bbox 1626 2074 1801 2129; x_wconf 91' lang='lat' dir='ltr'>Filius</span> <span class='ocrx_word' id='word_1_307' title='bbox 1829 2073 2034 2130; x_wconf 90' lang='lat' dir='ltr'>dicitur</span> <span class='ocrx_word' id='word_1_308' title='bbox 2057 2092 2068 2130; x_wconf 92' lang='lat'>:</span> 
     </span>
    </p>
   </div>
   <div class='ocr_carea' id='block_1_37' title="bbox 482 2160 2074 2236">
    <p class='ocr_par' dir='ltr' id='par_1_37' title="bbox 482 2160 2074 2236">
     <span class='ocr_line' id='line_1_37' title="bbox 482 2160 2074 2236; baseline 0.001 -19"><span class='ocrx_word' id='word_1_309' title='bbox 482 2162 629 2235; x_wconf 91' lang='lat' dir='ltr'>quod</span> <span class='ocrx_word' id='word_1_310' title='bbox 657 2180 765 2236; x_wconf 93' lang='lat' dir='ltr'>quo</span> <span class='ocrx_word' id='word_1_311' title='bbox 795 2162 1032 2235; x_wconf 90' lang='lat' dir='ltr'>Spiritus</span> <span class='ocrx_word' id='word_1_312' title='bbox 1060 2170 1300 2218; x_wconf 88' lang='lat' dir='ltr'>sanctus.</span> <span class='ocrx_word' id='word_1_313' title='bbox 1327 2160 1454 2218; x_wconf 92' lang='lat' dir='ltr'>Ideo</span> <span class='ocrx_word' id='word_1_314' title='bbox 1482 2171 1665 2218; x_wconf 90' lang='lat' dir='ltr'>autem</span> <span class='ocrx_word' id='word_1_315' title='bbox 1697 2163 1904 2219; x_wconf 91' lang='lat' dir='ltr'>dicitur</span> <span class='ocrx_word' id='word_1_316' title='bbox 1927 2165 2074 2219; x_wconf 90' lang='lat' dir='ltr'>Deus</span> 
     </span>
    </p>
   </div>
   <div class='ocr_carea' id='block_1_38' title="bbox 480 2251 2074 2324">
    <p class='ocr_par' dir='ltr' id='par_1_38' title="bbox 480 2251 2074 2324">
     <span class='ocr_line' id='line_1_38' title="bbox 480 2251 2074 2324; baseline 0.001 -17"><span class='ocrx_word' id='word_1_317' title='bbox 480 2251 671 2318; x_wconf 87' lang='lat' dir='ltr'>Pater;</span> <span class='ocrx_word' id='word_1_318' title='bbox 723 2251 852 2324; x_wconf 89' lang='lat' dir='ltr'>quia</span> <span class='ocrx_word' id='word_1_319' title='bbox 891 2251 1004 2323; x_wconf 90' lang='lat' dir='ltr'>ipse</span> <span class='ocrx_word' id='word_1_320' title='bbox 1034 2258 1116 2306; x_wconf 93' lang='lat' dir='ltr'>est</span> <span class='ocrx_word' id='word_1_321' title='bbox 1145 2267 1213 2307; x_wconf 81' lang='lat' dir='ltr'>ex</span> <span class='ocrx_word' id='word_1_322' title='bbox 1241 2267 1370 2324; x_wconf 90' lang='lat' dir='ltr'>quo,</span> <span class='ocrx_word' id='word_1_323' title='bbox 1421 2259 1476 2308; x_wconf 87' lang='lat' dir='ltr'>et</span> <span class='ocrx_word' id='word_1_324' title='bbox 1515 2252 1781 2323; x_wconf 88' lang='lat' dir='ltr'>sapientia</span> <span class='ocrx_word' id='word_1_325' title='bbox 1814 2260 1914 2322; x_wconf 90' lang='lat' dir='ltr'>est,</span> <span class='ocrx_word' id='word_1_326' title='bbox 1966 2269 2074 2324; x_wconf 91' lang='lat' dir='ltr'>qua</span> 
     </span>
    </p>
   </div>
   <div class='ocr_carea' id='block_1_39' title="bbox 481 2341 2075 2415">
    <p class='ocr_par' dir='ltr' id='par_1_39' title="bbox 481 2341 2075 2415">
     <span class='ocr_line' id='line_1_39' title="bbox 481 2341 2075 2415; baseline -0.001 -16"><span class='ocrx_word' id='word_1_327' title='bbox 481 2343 810 2399; x_wconf 88' lang='lat' dir='ltr'>ordinantur</span> <span class='ocrx_word' id='word_1_328' title='bbox 870 2341 1093 2397; x_wconf 90' lang='lat' dir='ltr'>omnia:</span> <span class='ocrx_word' id='word_1_329' title='bbox 1158 2349 1212 2397; x_wconf 90' lang='lat' dir='ltr'>et</span> <span class='ocrx_word' id='word_1_330' title='bbox 1285 2341 1530 2410; x_wconf 90' lang='lat' dir='ltr'>dilectio,</span> <span class='ocrx_word' id='word_1_331' title='bbox 1601 2359 1708 2415; x_wconf 89' lang='lat' dir='ltr'>qua</span> <span class='ocrx_word' id='word_1_332' title='bbox 1757 2359 1814 2398; x_wconf 91' lang='lat' dir='ltr'>se</span> <span class='ocrx_word' id='word_1_333' title='bbox 1878 2343 2075 2399; x_wconf 89' lang='lat' dir='ltr'>volunt</span> 
     </span>
    </p>
   </div>
   <div class='ocr_carea' id='block_1_40' title="bbox 480 2432 2068 2504">
    <p class='ocr_par' dir='ltr' id='par_1_40' title="bbox 480 2432 2068 2504">
     <span class='ocr_line' id='line_1_40' title="bbox 480 2432 2068 2504; baseline -0.003 -13"><span class='ocrx_word' id='word_1_334' title='bbox 480 2436 668 2491; x_wconf 89' lang='lat' dir='ltr'>omnia</span> <span class='ocrx_word' id='word_1_335' title='bbox 697 2435 774 2492; x_wconf 89' lang='lat' dir='ltr'>ita</span> <span class='ocrx_word' id='word_1_336' title='bbox 806 2451 1048 2503; x_wconf 91' lang='lat' dir='ltr'>manere,</span> <span class='ocrx_word' id='word_1_337' title='bbox 1091 2443 1152 2490; x_wconf 91' lang='lat' dir='ltr'>ut</span> <span class='ocrx_word' id='word_1_338' title='bbox 1181 2432 1440 2490; x_wconf 90' lang='lat' dir='ltr'>ordinata</span> <span class='ocrx_word' id='word_1_339' title='bbox 1468 2442 1617 2489; x_wconf 91' lang='lat' dir='ltr'>sunt.</span> <span class='ocrx_word' id='word_1_340' title='bbox 1667 2433 1753 2488; x_wconf 87' lang='lat' dir='ltr'>Ex</span> <span class='ocrx_word' id='word_1_341' title='bbox 1785 2449 1892 2504; x_wconf 91' lang='lat' dir='ltr'>quo</span> <span class='ocrx_word' id='word_1_342' title='bbox 1920 2449 2068 2503; x_wconf 90' lang='lat' dir='ltr'>ergo,</span> 
     </span>
    </p>
   </div>
   <div class='ocr_carea' id='block_1_41' title="bbox 481 2521 2072 2598">
    <p class='ocr_par' dir='ltr' id='par_1_41' title="bbox 481 2521 2072 2598">
     <span class='ocr_line' id='line_1_41' title="bbox 481 2521 2072 2598; baseline -0.003 -18"><span class='ocrx_word' id='word_1_343' title='bbox 481 2533 533 2581; x_wconf 85' lang='lat' dir='ltr'>et</span> <span class='ocrx_word' id='word_1_344' title='bbox 563 2523 659 2598; x_wconf 90' lang='lat' dir='ltr'>qui</span> <span class='ocrx_word' id='word_1_345' title='bbox 690 2540 758 2580; x_wconf 83' lang='lat' dir='ltr'>ex</span> <span class='ocrx_word' id='word_1_346' title='bbox 789 2541 874 2593; x_wconf 93' lang='lat' dir='ltr'>eo,</span> <span class='ocrx_word' id='word_1_347' title='bbox 918 2529 1062 2587; x_wconf 85' lang='lat'>612</span> <span class='ocrx_word' id='word_1_348' title='bbox 1119 2531 1173 2579; x_wconf 89' lang='lat' dir='ltr'>et</span> <span class='ocrx_word' id='word_1_349' title='bbox 1220 2539 1329 2596; x_wconf 90' lang='lat' dir='ltr'>quo</span> <span class='ocrx_word' id='word_1_350' title='bbox 1371 2541 1428 2579; x_wconf 93' lang='lat' dir='ltr'>se</span> <span class='ocrx_word' id='word_1_351' title='bbox 1472 2523 1734 2596; x_wconf 88' lang='lat' dir='ltr'>diligunt,</span> <span class='ocrx_word' id='word_1_352' title='bbox 1789 2521 1907 2594; x_wconf 89' lang='lat' dir='ltr'>ipsa</span> <span class='ocrx_word' id='word_1_353' title='bbox 1961 2521 2072 2576; x_wconf 92' lang='lat' dir='ltr'>duo</span> 
     </span>
    </p>
   </div>
   <div class='ocr_carea' id='block_1_42' title="bbox 477 2621 2070 2694">
    <p class='ocr_par' dir='ltr' id='par_1_42' title="bbox 477 2621 2070 2694">
     <span class='ocr_line' id='line_1_42' title="bbox 477 2621 2070 2694; baseline -0.003 -17"><span class='ocrx_word' id='word_1_354' title='bbox 477 2623 585 2679; x_wconf 89' lang='lat' dir='ltr'>tria</span> <span class='ocrx_word' id='word_1_355' title='bbox 613 2632 763 2691; x_wconf 89' lang='lat' dir='ltr'>sunt,</span> <span class='ocrx_word' id='word_1_356' title='bbox 809 2629 863 2679; x_wconf 90' lang='lat' dir='ltr'>et</span> <span class='ocrx_word' id='word_1_357' title='bbox 892 2622 990 2678; x_wconf 91' lang='lat' dir='ltr'>illa</span> <span class='ocrx_word' id='word_1_358' title='bbox 1018 2622 1124 2678; x_wconf 92' lang='lat' dir='ltr'>tria</span> <span class='ocrx_word' id='word_1_359' title='bbox 1153 2621 1279 2679; x_wconf 91' lang='lat' dir='ltr'>ideo</span> <span class='ocrx_word' id='word_1_360' title='bbox 1311 2639 1485 2678; x_wconf 90' lang='lat' dir='ltr'>unum</span> <span class='ocrx_word' id='word_1_361' title='bbox 1511 2641 1524 2689; x_wconf 91' lang='lat'>;</span> <span class='ocrx_word' id='word_1_362' title='bbox 1567 2623 1695 2694; x_wconf 91' lang='lat' dir='ltr'>quia</span> <span class='ocrx_word' id='word_1_363' title='bbox 1721 2622 1806 2678; x_wconf 90' lang='lat' dir='ltr'>sic</span> <span class='ocrx_word' id='word_1_364' title='bbox 1843 2628 1973 2676; x_wconf 91' lang='lat' dir='ltr'>sunt</span> <span class='ocrx_word' id='word_1_365' title='bbox 2002 2635 2070 2673; x_wconf 84' lang='lat' dir='ltr'>ex</span> 
     </span>
    </p>
   </div>
   <div class='ocr_carea' id='block_1_43' title="bbox 475 2710 2065 2783">
    <p class='ocr_par' dir='ltr' id='par_1_43' title="bbox 475 2710 2065 2783">
     <span class='ocr_line' id='line_1_43' title="bbox 475 2710 2065 2783; baseline -0.003 -16"><span class='ocrx_word' id='word_1_366' title='bbox 475 2729 587 2768; x_wconf 89' lang='lat' dir='ltr'>uno</span> <span class='ocrx_word' id='word_1_367' title='bbox 613 2711 710 2768; x_wconf 91' lang='lat' dir='ltr'>illa</span> <span class='ocrx_word' id='word_1_368' title='bbox 738 2711 870 2780; x_wconf 89' lang='lat' dir='ltr'>duo,</span> <span class='ocrx_word' id='word_1_369' title='bbox 923 2718 985 2767; x_wconf 92' lang='lat' dir='ltr'>ut</span> <span class='ocrx_word' id='word_1_370' title='bbox 1015 2718 1199 2766; x_wconf 90' lang='lat' dir='ltr'>tamen</span> <span class='ocrx_word' id='word_1_371' title='bbox 1226 2710 1293 2766; x_wconf 89' lang='lat' dir='ltr'>ab</span> <span class='ocrx_word' id='word_1_372' title='bbox 1325 2711 1445 2783; x_wconf 90' lang='lat' dir='ltr'>ipso</span> <span class='ocrx_word' id='word_1_373' title='bbox 1484 2728 1594 2766; x_wconf 92' lang='lat' dir='ltr'>non</span> <span class='ocrx_word' id='word_1_374' title='bbox 1638 2711 1750 2766; x_wconf 90' lang='lat' dir='ltr'>sint</span> <span class='ocrx_word' id='word_1_375' title='bbox 1781 2717 2026 2782; x_wconf 89' lang='lat' dir='ltr'>separata</span> <span class='ocrx_word' id='word_1_376' title='bbox 2054 2725 2065 2763; x_wconf 91' lang='lat'>:</span> 
     </span>
    </p>
   </div>
   <div class='ocr_carea' id='block_1_44' title="bbox 474 2797 2072 2874">
    <p class='ocr_par' dir='ltr' id='par_1_44' title="bbox 474 2797 2072 2874">
     <span class='ocr_line' id='line_1_44' title="bbox 474 2797 2072 2874; baseline -0.004 -15"><span class='ocrx_word' id='word_1_377' title='bbox 474 2802 568 2859; x_wconf 91' lang='lat' dir='ltr'>sed</span> <span class='ocrx_word' id='word_1_378' title='bbox 606 2819 676 2859; x_wconf 82' lang='lat' dir='ltr'>ex</span> <span class='ocrx_word' id='word_1_379' title='bbox 704 2801 823 2874; x_wconf 90' lang='lat' dir='ltr'>ipso</span> <span class='ocrx_word' id='word_1_380' title='bbox 852 2809 1003 2868; x_wconf 88' lang='lat' dir='ltr'>sunt,</span> <span class='ocrx_word' id='word_1_381' title='bbox 1057 2801 1189 2874; x_wconf 90' lang='lat' dir='ltr'>quia</span> <span class='ocrx_word' id='word_1_382' title='bbox 1217 2818 1328 2856; x_wconf 86' lang='lat' dir='ltr'>non</span> <span class='ocrx_word' id='word_1_383' title='bbox 1358 2818 1390 2856; x_wconf 92' lang='lat' dir='ltr'>a</span> <span class='ocrx_word' id='word_1_384' title='bbox 1420 2817 1476 2857; x_wconf 87' lang='lat' dir='ltr'>se</span> <span class='ocrx_word' id='word_1_385' title='bbox 1507 2817 1518 2855; x_wconf 92' lang='lat'>:</span> <span class='ocrx_word' id='word_1_386' title='bbox 1571 2807 1624 2855; x_wconf 91' lang='lat' dir='ltr'>et</span> <span class='ocrx_word' id='word_1_387' title='bbox 1653 2799 1712 2855; x_wconf 93' lang='lat' dir='ltr'>in</span> <span class='ocrx_word' id='word_1_388' title='bbox 1739 2799 1878 2872; x_wconf 92' lang='lat' dir='ltr'>ipso,</span> <span class='ocrx_word' id='word_1_389' title='bbox 1943 2797 2072 2870; x_wconf 91' lang='lat' dir='ltr'>quia</span> 
     </span>
    </p>
   </div>
   <div class='ocr_carea' id='block_1_45' title="bbox 473 2889 2069 2965">
    <p class='ocr_par' dir='ltr' id='par_1_45' title="bbox 473 2889 2069 2965">
     <span class='ocr_line' id='line_1_45' title="bbox 473 2889 2069 2965; baseline -0.003 -15"><span class='ocrx_word' id='word_1_390' title='bbox 473 2911 586 2950; x_wconf 91' lang='lat' dir='ltr'>non</span> <span class='ocrx_word' id='word_1_391' title='bbox 615 2901 893 2965; x_wconf 87' lang='lat' dir='ltr'>separata:</span> <span class='ocrx_word' id='word_1_392' title='bbox 947 2900 1002 2949; x_wconf 92' lang='lat' dir='ltr'>et</span> <span class='ocrx_word' id='word_1_393' title='bbox 1031 2894 1209 2965; x_wconf 91' lang='lat' dir='ltr'>ipsum</span> <span class='ocrx_word' id='word_1_394' title='bbox 1252 2892 1369 2963; x_wconf 85' lang='lat' dir='ltr'>ipsa</span> <span class='ocrx_word' id='word_1_395' title='bbox 1411 2891 1557 2964; x_wconf 91' lang='lat' dir='ltr'>quod</span> <span class='ocrx_word' id='word_1_396' title='bbox 1591 2889 1728 2962; x_wconf 91' lang='lat' dir='ltr'>ipse,</span> <span class='ocrx_word' id='word_1_397' title='bbox 1785 2899 1840 2947; x_wconf 92' lang='lat' dir='ltr'>et</span> <span class='ocrx_word' id='word_1_398' title='bbox 1888 2890 2069 2963; x_wconf 90' lang='lat' dir='ltr'>ipsum</span> 
     </span>
    </p>
   </div>
   <div class='ocr_carea' id='block_1_46' title="bbox 474 2980 2069 3056">
    <p class='ocr_par' dir='ltr' id='par_1_46' title="bbox 474 2980 2069 3056">
     <span class='ocr_line' id='line_1_46' title="bbox 474 2980 2069 3056; baseline -0.001 -18"><span class='ocrx_word' id='word_1_399' title='bbox 474 2984 591 3054; x_wconf 90' lang='lat' dir='ltr'>ipse</span> <span class='ocrx_word' id='word_1_400' title='bbox 620 2983 764 3056; x_wconf 92' lang='lat' dir='ltr'>quod</span> <span class='ocrx_word' id='word_1_401' title='bbox 799 2983 951 3055; x_wconf 90' lang='lat' dir='ltr'>ipsa;</span> <span class='ocrx_word' id='word_1_402' title='bbox 1003 2990 1057 3038; x_wconf 88' lang='lat' dir='ltr'>et</span> <span class='ocrx_word' id='word_1_403' title='bbox 1086 2998 1199 3038; x_wconf 91' lang='lat' dir='ltr'>non</span> <span class='ocrx_word' id='word_1_404' title='bbox 1227 2982 1407 3053; x_wconf 90' lang='lat' dir='ltr'>ipsum</span> <span class='ocrx_word' id='word_1_405' title='bbox 1443 2982 1558 3052; x_wconf 87' lang='lat' dir='ltr'>ipsa</span> <span class='ocrx_word' id='word_1_406' title='bbox 1587 2980 1681 3052; x_wconf 92' lang='lat' dir='ltr'>qui</span> <span class='ocrx_word' id='word_1_407' title='bbox 1713 2982 1848 3052; x_wconf 91' lang='lat' dir='ltr'>ipse,</span> <span class='ocrx_word' id='word_1_408' title='bbox 1877 2988 1931 3036; x_wconf 90' lang='lat' dir='ltr'>et</span> <span class='ocrx_word' id='word_1_409' title='bbox 1958 2997 2069 3036; x_wconf 87' lang='lat' dir='ltr'>non</span> 
     </span>
    </p>
   </div>
   <div class='ocr_carea' id='block_1_47' title="bbox 472 3073 2068 3147">
    <p class='ocr_par' dir='ltr' id='par_1_47' title="bbox 472 3073 2068 3147">
     <span class='ocr_line' id='line_1_47' title="bbox 472 3073 2068 3147; baseline -0.003 -16"><span class='ocrx_word' id='word_1_410' title='bbox 472 3075 590 3146; x_wconf 89' lang='lat' dir='ltr'>ipsa</span> <span class='ocrx_word' id='word_1_411' title='bbox 620 3075 735 3146; x_wconf 89' lang='lat' dir='ltr'>ipse</span> <span class='ocrx_word' id='word_1_412' title='bbox 766 3092 886 3147; x_wconf 66' lang='lat' dir='ltr'>quae</span> <span class='ocrx_word' id='word_1_413' title='bbox 915 3075 1050 3146; x_wconf 88' lang='lat' dir='ltr'>ipsa.</span> <span class='ocrx_word' id='word_1_414' title='bbox 1100 3073 1201 3130; x_wconf 81' lang='lat' dir='ltr'>Vis</span> <span class='ocrx_word' id='word_1_415' title='bbox 1244 3073 1349 3129; x_wconf 92' lang='lat' dir='ltr'>ista</span> <span class='ocrx_word' id='word_1_416' title='bbox 1389 3075 1534 3128; x_wconf 88' lang='lat' dir='ltr'>Deus</span> <span class='ocrx_word' id='word_1_417' title='bbox 1573 3080 1654 3127; x_wconf 92' lang='lat' dir='ltr'>est</span> <span class='ocrx_word' id='word_1_418' title='bbox 1697 3073 1803 3145; x_wconf 83' lang='lat'>(3),</span> <span class='ocrx_word' id='word_1_419' title='bbox 1851 3080 1905 3127; x_wconf 90' lang='lat' dir='ltr'>et</span> <span class='ocrx_word' id='word_1_420' title='bbox 1957 3073 2068 3144; x_wconf 92' lang='lat' dir='ltr'>ipse</span> 
     </span>
    </p>
   </div>
   <div class='ocr_carea' id='block_1_48' title="bbox 2184 1892 3782 1968">
    <p class='ocr_par' dir='ltr' id='par_1_48' title="bbox 2184 1892 3782 1968">
     <span class='ocr_line' id='line_1_48' title="bbox 2184 1892 3782 1968; baseline -0.003 -17"><span class='ocrx_word' id='word_1_421' title='bbox 2184 1896 2241 1951; x_wconf 92' lang='lat' dir='ltr'>in</span> <span class='ocrx_word' id='word_1_422' title='bbox 2271 1898 2469 1964; x_wconf 91' lang='lat' dir='ltr'>Deum,</span> <span class='ocrx_word' id='word_1_423' title='bbox 2510 1897 2748 1968; x_wconf 88' lang='lat' dir='ltr'>Spiritus</span> <span class='ocrx_word' id='word_1_424' title='bbox 2781 1895 2896 1968; x_wconf 92' lang='lat' dir='ltr'>ipse</span> <span class='ocrx_word' id='word_1_425' title='bbox 2926 1896 3267 1968; x_wconf 86' lang='lat' dir='ltr'>appellatur:</span> <span class='ocrx_word' id='word_1_426' title='bbox 3303 1902 3357 1951; x_wconf 89' lang='lat' dir='ltr'>et</span> <span class='ocrx_word' id='word_1_427' title='bbox 3386 1895 3503 1950; x_wconf 63' lang='lat' dir='ltr'>haec</span> <span class='ocrx_word' id='word_1_428' title='bbox 3530 1892 3595 1948; x_wconf 88' lang='lat' dir='ltr'>de</span> <span class='ocrx_word' id='word_1_429' title='bbox 3624 1894 3782 1948; x_wconf 86' lang='lat' dir='ltr'>ima-</span> 
     </span>
    </p>
   </div>
   <div class='ocr_carea' id='block_1_49' title="bbox 2183 1984 3166 2058">
    <p class='ocr_par' dir='ltr' id='par_1_49' title="bbox 2183 1984 3166 2058">
     <span class='ocr_line' id='line_1_49' title="bbox 2183 1984 3166 2058; baseline 0.001 -17"><span class='ocrx_word' id='word_1_430' title='bbox 2183 1985 2327 2058; x_wconf 88' lang='lat' dir='ltr'>gine,</span> <span class='ocrx_word' id='word_1_431' title='bbox 2353 2002 2386 2041; x_wconf 92' lang='grc' dir='ltr'>ο</span> <span class='ocrx_word' id='word_1_432' title='bbox 2415 1984 2773 2042; x_wconf 85' lang='lat' dir='ltr'>dilectissime</span> <span class='ocrx_word' id='word_1_433' title='bbox 2812 1985 2915 2054; x_wconf 85' lang='lat' dir='ltr'>ﬁli,</span> <span class='ocrx_word' id='word_1_434' title='bbox 2949 1985 3166 2042; x_wconf 90' lang='lat' dir='ltr'>habeto.</span> 
     </span>
    </p>
   </div>
   <div class='ocr_carea' id='block_1_50' title="bbox 2254 2071 3784 2144">
    <p class='ocr_par' dir='ltr' id='par_1_50' title="bbox 2254 2071 3784 2144">
     <span class='ocr_line' id='line_1_50' title="bbox 2254 2071 3784 2144; baseline -0.003 -14"><span class='ocrx_word' id='word_1_435' title='bbox 2254 2074 2480 2130; x_wconf 84' lang='lat' dir='ltr'><strong>CAPUT</strong></span> <span class='ocrx_word' id='word_1_436' title='bbox 2519 2075 2612 2130; x_wconf 93' lang='lat' dir='ltr'>IlI.</span> <span class='ocrx_word' id='word_1_437' title='bbox 2650 2106 2708 2114; x_wconf 90' lang='lat'><strong>-</strong></span> <span class='ocrx_word' id='word_1_438' title='bbox 2743 2076 2901 2132; x_wconf 77' lang='lat' dir='ltr'>Nunc</span> <span class='ocrx_word' id='word_1_439' title='bbox 2929 2091 3060 2130; x_wconf 88' lang='lat' dir='ltr'>vero</span> <span class='ocrx_word' id='word_1_440' title='bbox 3099 2074 3166 2130; x_wconf 91' lang='lat' dir='ltr'>de</span> <span class='ocrx_word' id='word_1_441' title='bbox 3195 2071 3567 2128; x_wconf 90' lang='lat' dir='ltr'>similitudine</span> <span class='ocrx_word' id='word_1_442' title='bbox 3597 2071 3784 2144; x_wconf 88' lang='lat' dir='ltr'>aliqua</span> 
     </span>
    </p>
   </div>
   <div class='ocr_carea' id='block_1_51' title="bbox 2182 2159 3782 2233">
    <p class='ocr_par' dir='ltr' id='par_1_51' title="bbox 2182 2159 3782 2233">
     <span class='ocr_line' id='line_1_51' title="bbox 2182 2159 3782 2233; baseline -0.001 -17"><span class='ocrx_word' id='word_1_443' title='bbox 2182 2161 2448 2233; x_wconf 90' lang='lat' dir='ltr'>intellige,</span> <span class='ocrx_word' id='word_1_444' title='bbox 2500 2178 2621 2232; x_wconf 73' lang='lat' dir='ltr'>quae</span> <span class='ocrx_word' id='word_1_445' title='bbox 2670 2162 2981 2218; x_wconf 91' lang='lat' dir='ltr'>minoribus</span> <span class='ocrx_word' id='word_1_446' title='bbox 3020 2161 3300 2218; x_wconf 86' lang='lat' dir='ltr'>cernenda</span> <span class='ocrx_word' id='word_1_447' title='bbox 3341 2167 3462 2228; x_wconf 86' lang='lat' dir='ltr'>est;</span> <span class='ocrx_word' id='word_1_448' title='bbox 3518 2167 3584 2214; x_wconf 88' lang='lat' dir='ltr'>ut</span> <span class='ocrx_word' id='word_1_449' title='bbox 3637 2159 3782 2215; x_wconf 89' lang='lat' dir='ltr'>sicut</span> 
     </span>
    </p>
   </div>
   <div class='ocr_carea' id='block_1_52' title="bbox 2180 2249 3780 2324">
    <p class='ocr_par' dir='ltr' id='par_1_52' title="bbox 2180 2249 3780 2324">
     <span class='ocr_line' id='line_1_52' title="bbox 2180 2249 3780 2324; baseline -0.004 -16"><span class='ocrx_word' id='word_1_450' title='bbox 2180 2253 2326 2308; x_wconf 91' lang='lat' dir='ltr'>Deus</span> <span class='ocrx_word' id='word_1_451' title='bbox 2352 2251 2595 2318; x_wconf 90' lang='lat' dir='ltr'>Creator,</span> <span class='ocrx_word' id='word_1_452' title='bbox 2626 2250 2719 2324; x_wconf 90' lang='lat' dir='ltr'>qui</span> <span class='ocrx_word' id='word_1_453' title='bbox 2753 2251 3035 2306; x_wconf 89' lang='lat' dir='ltr'>hominem</span> <span class='ocrx_word' id='word_1_454' title='bbox 3065 2250 3133 2306; x_wconf 92' lang='lat' dir='ltr'>ad</span> <span class='ocrx_word' id='word_1_455' title='bbox 3158 2249 3592 2307; x_wconf 87' lang='lat' dir='ltr'>similitudinem</span> <span class='ocrx_word' id='word_1_456' title='bbox 3621 2263 3780 2303; x_wconf 87' lang='lat' dir='ltr'>suam</span> 
     </span>
    </p>
   </div>
   <div class='ocr_carea' id='block_1_53' title="bbox 2180 2337 3776 2411">
    <p class='ocr_par' dir='ltr' id='par_1_53' title="bbox 2180 2337 3776 2411">
     <span class='ocr_line' id='line_1_53' title="bbox 2180 2337 3776 2411; baseline -0.004 -14"><span class='ocrx_word' id='word_1_457' title='bbox 2180 2340 2410 2408; x_wconf 90' lang='lat' dir='ltr'>creavit,</span> <span class='ocrx_word' id='word_1_458' title='bbox 2469 2347 2551 2395; x_wconf 89' lang='lat' dir='ltr'>est</span> <span class='ocrx_word' id='word_1_459' title='bbox 2579 2339 2841 2409; x_wconf 87' lang='lat' dir='ltr'>charitas,</span> <span class='ocrx_word' id='word_1_460' title='bbox 2894 2348 2978 2396; x_wconf 89' lang='lat' dir='ltr'>est</span> <span class='ocrx_word' id='word_1_461' title='bbox 3005 2339 3186 2396; x_wconf 90' lang='lat' dir='ltr'>bonus</span> <span class='ocrx_word' id='word_1_462' title='bbox 3214 2347 3268 2395; x_wconf 91' lang='lat' dir='ltr'>et</span> <span class='ocrx_word' id='word_1_463' title='bbox 3289 2339 3494 2411; x_wconf 89' lang='lat' dir='ltr'>justus,</span> <span class='ocrx_word' id='word_1_464' title='bbox 3554 2337 3776 2410; x_wconf 84' lang='lat' dir='ltr'>patiens</span> 
     </span>
    </p>
   </div>
   <div class='ocr_carea' id='block_1_54' title="bbox 2180 2433 3782 2508">
    <p class='ocr_par' dir='ltr' id='par_1_54' title="bbox 2180 2433 3782 2508">
     <span class='ocr_line' id='line_1_54' title="bbox 2180 2433 3782 2508; baseline -0.002 -18"><span class='ocrx_word' id='word_1_465' title='bbox 2180 2443 2340 2508; x_wconf 88' lang='lat' dir='ltr'>atque</span> <span class='ocrx_word' id='word_1_466' title='bbox 2369 2435 2542 2500; x_wconf 88' lang='lat' dir='ltr'>mitis,</span> <span class='ocrx_word' id='word_1_467' title='bbox 2594 2435 2835 2491; x_wconf 90' lang='lat' dir='ltr'>mundus</span> <span class='ocrx_word' id='word_1_468' title='bbox 2863 2442 2918 2491; x_wconf 90' lang='lat' dir='ltr'>et</span> <span class='ocrx_word' id='word_1_469' title='bbox 2948 2436 3281 2502; x_wconf 88' lang='lat' dir='ltr'>misericors,</span> <span class='ocrx_word' id='word_1_470' title='bbox 3331 2442 3386 2489; x_wconf 92' lang='lat' dir='ltr'>et</span> <span class='ocrx_word' id='word_1_471' title='bbox 3416 2441 3617 2490; x_wconf 80' lang='lat' dir='ltr'>caetera</span> <span class='ocrx_word' id='word_1_472' title='bbox 3655 2433 3782 2486; x_wconf 80' lang='lat' dir='ltr'>vir-</span> 
     </span>
    </p>
   </div>
   <div class='ocr_carea' id='block_1_55' title="bbox 2179 2520 3782 2597">
    <p class='ocr_par' dir='ltr' id='par_1_55' title="bbox 2179 2520 3782 2597">
     <span class='ocr_line' id='line_1_55' title="bbox 2179 2520 3782 2597; baseline -0.003 -18"><span class='ocrx_word' id='word_1_473' title='bbox 2179 2531 2360 2579; x_wconf 88' lang='lat' dir='ltr'>tutum</span> <span class='ocrx_word' id='word_1_474' title='bbox 2391 2531 2701 2580; x_wconf 88' lang='lat' dir='ltr'>sanctarum</span> <span class='ocrx_word' id='word_1_475' title='bbox 2736 2523 2994 2596; x_wconf 88' lang='lat' dir='ltr'>insignia,</span> <span class='ocrx_word' id='word_1_476' title='bbox 3027 2541 3147 2597; x_wconf 70' lang='lat' dir='ltr'>qua:</span> <span class='ocrx_word' id='word_1_477' title='bbox 3178 2523 3244 2580; x_wconf 89' lang='lat' dir='ltr'>de</span> <span class='ocrx_word' id='word_1_478' title='bbox 3272 2540 3336 2580; x_wconf 91' lang='lat' dir='ltr'>eo</span> <span class='ocrx_word' id='word_1_479' title='bbox 3367 2523 3630 2594; x_wconf 85' lang='lat' dir='ltr'>leguntur</span> <span class='ocrx_word' id='word_1_480' title='bbox 3658 2539 3670 2576; x_wconf 92' lang='lat'>:</span> <span class='ocrx_word' id='word_1_481' title='bbox 3706 2520 3782 2574; x_wconf 85' lang='lat' dir='ltr'>ita</span> 
     </span>
    </p>
   </div>
   <div class='ocr_carea' id='block_1_56' title="bbox 2180 2611 3784 2681">
    <p class='ocr_par' dir='ltr' id='par_1_56' title="bbox 2180 2611 3784 2681">
     <span class='ocr_line' id='line_1_56' title="bbox 2180 2611 3784 2681; baseline -0.006 -12"><span class='ocrx_word' id='word_1_482' title='bbox 2180 2613 2347 2670; x_wconf 90' lang='lat' dir='ltr'>homo</span> <span class='ocrx_word' id='word_1_483' title='bbox 2377 2623 2590 2670; x_wconf 87' lang='lat' dir='ltr'>creatus</span> <span class='ocrx_word' id='word_1_484' title='bbox 2621 2621 2722 2681; x_wconf 87' lang='lat' dir='ltr'>est,</span> <span class='ocrx_word' id='word_1_485' title='bbox 2769 2624 2829 2670; x_wconf 90' lang='lat' dir='ltr'>ut</span> <span class='ocrx_word' id='word_1_486' title='bbox 2859 2613 3184 2670; x_wconf 87' lang='lat' dir='ltr'>charitalem</span> <span class='ocrx_word' id='word_1_487' title='bbox 3219 2613 3464 2680; x_wconf 89' lang='lat' dir='ltr'>haberet,</span> <span class='ocrx_word' id='word_1_488' title='bbox 3505 2619 3568 2666; x_wconf 92' lang='lat' dir='ltr'>ut</span> <span class='ocrx_word' id='word_1_489' title='bbox 3598 2611 3784 2666; x_wconf 88' lang='lat' dir='ltr'>bonus</span> 
     </span>
    </p>
   </div>
   <div class='ocr_carea' id='block_1_57' title="bbox 2179 2701 3780 2776">
    <p class='ocr_par' dir='ltr' id='par_1_57' title="bbox 2179 2701 3780 2776">
     <span class='ocr_line' id='line_1_57' title="bbox 2179 2701 3780 2776; baseline -0.002 -17"><span class='ocrx_word' id='word_1_490' title='bbox 2179 2713 2320 2760; x_wconf 81' lang='lat' dir='ltr'>esset</span> <span class='ocrx_word' id='word_1_491' title='bbox 2350 2714 2402 2760; x_wconf 92' lang='lat' dir='ltr'>et</span> <span class='ocrx_word' id='word_1_492' title='bbox 2426 2703 2630 2776; x_wconf 90' lang='lat' dir='ltr'>justus,</span> <span class='ocrx_word' id='word_1_493' title='bbox 2688 2711 2748 2759; x_wconf 89' lang='lat' dir='ltr'>ut</span> <span class='ocrx_word' id='word_1_494' title='bbox 2780 2705 2992 2776; x_wconf 89' lang='lat' dir='ltr'>patiens</span> <span class='ocrx_word' id='word_1_495' title='bbox 3022 2713 3186 2775; x_wconf 87' lang='lat' dir='ltr'>atque</span> <span class='ocrx_word' id='word_1_496' title='bbox 3216 2703 3388 2770; x_wconf 90' lang='lat' dir='ltr'>mitis,</span> <span class='ocrx_word' id='word_1_497' title='bbox 3441 2701 3687 2756; x_wconf 90' lang='lat' dir='ltr'>mundus</span> <span class='ocrx_word' id='word_1_498' title='bbox 3725 2709 3780 2755; x_wconf 88' lang='lat' dir='ltr'>et</span> 
     </span>
    </p>
   </div>
   <div class='ocr_carea' id='block_1_58' title="bbox 2180 2792 3781 2866">
    <p class='ocr_par' dir='ltr' id='par_1_58' title="bbox 2180 2792 3781 2866">
     <span class='ocr_line' id='line_1_58' title="bbox 2180 2792 3781 2866; baseline -0.002 -17"><span class='ocrx_word' id='word_1_499' title='bbox 2180 2794 2491 2850; x_wconf 89' lang='lat' dir='ltr'>misericors</span> <span class='ocrx_word' id='word_1_500' title='bbox 2521 2795 2680 2850; x_wconf 86' lang='lat' dir='ltr'>foret.</span> <span class='ocrx_word' id='word_1_501' title='bbox 2707 2794 2852 2862; x_wconf 89' lang='lat' dir='ltr'>Quas</span> <span class='ocrx_word' id='word_1_502' title='bbox 2881 2795 3118 2851; x_wconf 89' lang='lat' dir='ltr'>virtutes</span> <span class='ocrx_word' id='word_1_503' title='bbox 3149 2801 3356 2866; x_wconf 88' lang='lat' dir='ltr'>quanto</span> <span class='ocrx_word' id='word_1_504' title='bbox 3387 2793 3512 2864; x_wconf 89' lang='lat' dir='ltr'>plus</span> <span class='ocrx_word' id='word_1_505' title='bbox 3542 2792 3781 2865; x_wconf 86' lang='lat' dir='ltr'>quisque</span> 
     </span>
    </p>
   </div>
   <div class='ocr_carea' id='block_1_59' title="bbox 2179 2889 3781 2965">
    <p class='ocr_par' dir='ltr' id='par_1_59' title="bbox 2179 2889 3781 2965">
     <span class='ocr_line' id='line_1_59' title="bbox 2179 2889 3781 2965; baseline -0.004 -15"><span class='ocrx_word' id='word_1_506' title='bbox 2179 2895 2237 2950; x_wconf 89' lang='lat' dir='ltr'>in</span> <span class='ocrx_word' id='word_1_507' title='bbox 2273 2893 2452 2963; x_wconf 89' lang='lat' dir='ltr'>seipso</span> <span class='ocrx_word' id='word_1_508' title='bbox 2483 2892 2668 2962; x_wconf 90' lang='lat' dir='ltr'>habet,</span> <span class='ocrx_word' id='word_1_509' title='bbox 2706 2901 2858 2949; x_wconf 90' lang='lat' dir='ltr'>tanto</span> <span class='ocrx_word' id='word_1_510' title='bbox 2890 2892 3118 2965; x_wconf 89' lang='lat' dir='ltr'>propius</span> <span class='ocrx_word' id='word_1_511' title='bbox 3146 2899 3228 2948; x_wconf 90' lang='lat' dir='ltr'>est</span> <span class='ocrx_word' id='word_1_512' title='bbox 3257 2893 3390 2958; x_wconf 91' lang='lat' dir='ltr'>Deo,</span> <span class='ocrx_word' id='word_1_513' title='bbox 3427 2897 3481 2944; x_wconf 90' lang='lat' dir='ltr'>et</span> <span class='ocrx_word' id='word_1_514' title='bbox 3509 2889 3781 2961; x_wconf 84' lang='lat' dir='ltr'>majorem</span> 
     </span>
    </p>
   </div>
   <div class='ocr_carea' id='block_1_60' title="bbox 2179 2975 3784 3053">
    <p class='ocr_par' dir='ltr' id='par_1_60' title="bbox 2179 2975 3784 3053">
     <span class='ocr_line' id='line_1_60' title="bbox 2179 2975 3784 3053; baseline -0.005 -13"><span class='ocrx_word' id='word_1_515' title='bbox 2179 2983 2263 3040; x_wconf 89' lang='lat' dir='ltr'>sui</span> <span class='ocrx_word' id='word_1_516' title='bbox 2296 2982 2599 3039; x_wconf 89' lang='lat' dir='ltr'>conditoris</span> <span class='ocrx_word' id='word_1_517' title='bbox 2629 2983 2770 3053; x_wconf 89' lang='lat' dir='ltr'>gerit</span> <span class='ocrx_word' id='word_1_518' title='bbox 2803 2981 3253 3037; x_wconf 90' lang='lat' dir='ltr'>similitudinem.</span> <span class='ocrx_word' id='word_1_519' title='bbox 3315 2980 3368 3037; x_wconf 89' lang='lat' dir='ltr'>Si</span> <span class='ocrx_word' id='word_1_520' title='bbox 3413 2996 3566 3046; x_wconf 90' lang='lat' dir='ltr'>vero,</span> <span class='ocrx_word' id='word_1_521' title='bbox 3625 2975 3784 3051; x_wconf 89' lang='lat' dir='ltr'>quod</span> 
     </span>
    </p>
   </div>
   <div class='ocr_carea' id='block_1_61' title="bbox 2176 3067 3781 3143">
    <p class='ocr_par' dir='ltr' id='par_1_61' title="bbox 2176 3067 3781 3143">
     <span class='ocr_line' id='line_1_61' title="bbox 2176 3067 3781 3143; baseline -0.003 -16"><span class='ocrx_word' id='word_1_522' title='bbox 2176 3073 2339 3140; x_wconf 89' lang='lat' dir='ltr'>absit,</span> <span class='ocrx_word' id='word_1_523' title='bbox 2363 3071 2561 3143; x_wconf 91' lang='lat' dir='ltr'>aliquis</span> <span class='ocrx_word' id='word_1_524' title='bbox 2592 3087 2687 3142; x_wconf 90' lang='lat' dir='ltr'>per</span> <span class='ocrx_word' id='word_1_525' title='bbox 2715 3071 2875 3126; x_wconf 89' lang='lat' dir='ltr'>devia</span> <span class='ocrx_word' id='word_1_526' title='bbox 2905 3070 3193 3136; x_wconf 90' lang='lat' dir='ltr'>vitiorum,</span> <span class='ocrx_word' id='word_1_527' title='bbox 3236 3077 3289 3125; x_wconf 89' lang='lat' dir='ltr'>et</span> <span class='ocrx_word' id='word_1_528' title='bbox 3319 3068 3560 3124; x_wconf 86' lang='lat' dir='ltr'>divortia</span> <span class='ocrx_word' id='word_1_529' title='bbox 3589 3067 3781 3123; x_wconf 83' lang='lat' dir='ltr'>crimi-</span> 
     </span>
    </p>
   </div>
   <div class='ocr_carea' id='block_1_62' title="bbox 470 3155 3780 3238">
    <p class='ocr_par' dir='ltr' id='par_1_62' title="bbox 470 3155 3780 3238">
     <span class='ocr_line' id='line_1_62' title="bbox 470 3155 3780 3238; baseline -0.004 -17"><span class='ocrx_word' id='word_1_530' title='bbox 470 3166 618 3221; x_wconf 89' lang='lat' dir='ltr'>Deus</span> <span class='ocrx_word' id='word_1_531' title='bbox 644 3165 752 3220; x_wconf 87' lang='lat' dir='ltr'>tria</span> <span class='ocrx_word' id='word_1_532' title='bbox 790 3171 892 3232; x_wconf 91' lang='lat' dir='ltr'>est,</span> <span class='ocrx_word' id='word_1_533' title='bbox 937 3170 990 3219; x_wconf 91' lang='lat' dir='ltr'>et</span> <span class='ocrx_word' id='word_1_534' title='bbox 1029 3161 1461 3236; x_wconf 89' lang='lat' dir='ltr'>unumquodque</span> <span class='ocrx_word' id='word_1_535' title='bbox 1493 3161 1691 3217; x_wconf 85' lang='lat' dir='ltr'>horum</span> <span class='ocrx_word' id='word_1_536' title='bbox 1723 3161 1891 3216; x_wconf 88' lang='lat' dir='ltr'>trium</span> <span class='ocrx_word' id='word_1_537' title='bbox 1923 3163 2068 3218; x_wconf 88' lang='lat' dir='ltr'>Deus</span> <span class='ocrx_word' id='word_1_538' title='bbox 2098 3178 2142 3238; x_wconf 71' lang='grc' dir='ltr'>α</span> <span class='ocrx_word' id='word_1_539' title='bbox 2175 3177 2307 3216; x_wconf 88' lang='lat' dir='ltr'>num</span> <span class='ocrx_word' id='word_1_540' title='bbox 2341 3159 2408 3215; x_wconf 89' lang='lat' dir='ltr'>ab</span> <span class='ocrx_word' id='word_1_541' title='bbox 2436 3159 2538 3215; x_wconf 90' lang='lat' dir='ltr'>hac</span> <span class='ocrx_word' id='word_1_542' title='bbox 2567 3159 2912 3215; x_wconf 90' lang='lat' dir='ltr'>nobilissima</span> <span class='ocrx_word' id='word_1_543' title='bbox 2938 3160 3022 3215; x_wconf 89' lang='lat' dir='ltr'>sui</span> <span class='ocrx_word' id='word_1_544' title='bbox 3053 3157 3361 3214; x_wconf 89' lang='lat' dir='ltr'>conditoris</span> <span class='ocrx_word' id='word_1_545' title='bbox 3402 3155 3780 3212; x_wconf 89' lang='lat' dir='ltr'>similitudine</span> 
     </span>
    </p>
   </div>
   <div class='ocr_carea' id='block_1_63' title="bbox 471 3250 1846 3324">
    <p class='ocr_par' dir='ltr' id='par_1_63' title="bbox 471 3250 1846 3324">
     <span class='ocr_line' id='line_1_63' title="bbox 471 3250 1846 3324; baseline -0.003 -13"><span class='ocrx_word' id='word_1_546' title='bbox 471 3263 572 3324; x_wconf 88' lang='lat' dir='ltr'>est,</span> <span class='ocrx_word' id='word_1_547' title='bbox 613 3261 665 3310; x_wconf 90' lang='lat' dir='ltr'>et</span> <span class='ocrx_word' id='word_1_548' title='bbox 690 3253 878 3310; x_wconf 89' lang='lat' dir='ltr'>omnia</span> <span class='ocrx_word' id='word_1_549' title='bbox 906 3253 1014 3309; x_wconf 89' lang='lat' dir='ltr'>tria</span> <span class='ocrx_word' id='word_1_550' title='bbox 1041 3253 1140 3308; x_wconf 88' lang='lat' dir='ltr'>illa</span> <span class='ocrx_word' id='word_1_551' title='bbox 1167 3269 1281 3308; x_wconf 90' lang='lat' dir='ltr'>non</span> <span class='ocrx_word' id='word_1_552' title='bbox 1306 3251 1408 3319; x_wconf 91' lang='lat' dir='ltr'>dii,</span> <span class='ocrx_word' id='word_1_553' title='bbox 1444 3250 1539 3307; x_wconf 89' lang='lat' dir='ltr'>sed</span> <span class='ocrx_word' id='word_1_554' title='bbox 1569 3253 1715 3307; x_wconf 89' lang='lat' dir='ltr'>Deus</span> <span class='ocrx_word' id='word_1_555' title='bbox 1745 3259 1846 3307; x_wconf 91' lang='lat' dir='ltr'>est.</span> 
     </span>
    </p>
   </div>
   <div class='ocr_carea' id='block_1_64' title="bbox 539 3339 2062 3416">
    <p class='ocr_par' dir='ltr' id='par_1_64' title="bbox 539 3339 2062 3416">
     <span class='ocr_line' id='line_1_64' title="bbox 539 3339 2062 3416; baseline -0.004 -16"><span class='ocrx_word' id='word_1_556' title='bbox 539 3344 626 3400; x_wconf 83' lang='lat' dir='ltr'>Ad</span> <span class='ocrx_word' id='word_1_557' title='bbox 656 3343 952 3416; x_wconf 81' lang='lat' dir='ltr'>imaginem</span> <span class='ocrx_word' id='word_1_558' title='bbox 983 3359 1110 3414; x_wconf 91' lang='lat' dir='ltr'>ergo</span> <span class='ocrx_word' id='word_1_559' title='bbox 1140 3358 1297 3398; x_wconf 92' lang='lat' dir='ltr'>suam</span> <span class='ocrx_word' id='word_1_560' title='bbox 1327 3339 1604 3408; x_wconf 90' lang='lat' dir='ltr'>conditor,</span> <span class='ocrx_word' id='word_1_561' title='bbox 1635 3347 1697 3395; x_wconf 90' lang='lat' dir='ltr'>ut</span> <span class='ocrx_word' id='word_1_562' title='bbox 1718 3339 1928 3396; x_wconf 90' lang='lat' dir='ltr'>dictum</span> <span class='ocrx_word' id='word_1_563' title='bbox 1960 3346 2062 3407; x_wconf 91' lang='lat' dir='ltr'>est,</span> 
     </span>
    </p>
   </div>
   <div class='ocr_carea' id='block_1_65' title="bbox 467 3429 2066 3505">
    <p class='ocr_par' dir='ltr' id='par_1_65' title="bbox 467 3429 2066 3505">
     <span class='ocr_line' id='line_1_65' title="bbox 467 3429 2066 3505; baseline -0.004 -17"><span class='ocrx_word' id='word_1_564' title='bbox 467 3433 600 3489; x_wconf 84' lang='lat' dir='ltr'>fecit</span> <span class='ocrx_word' id='word_1_565' title='bbox 632 3432 873 3488; x_wconf 88' lang='lat' dir='ltr'>animam</span> <span class='ocrx_word' id='word_1_566' title='bbox 904 3431 1170 3500; x_wconf 89' lang='lat' dir='ltr'>hominis,</span> <span class='ocrx_word' id='word_1_567' title='bbox 1188 3447 1308 3505; x_wconf 69' lang='lat' dir='ltr'>quae</span> <span class='ocrx_word' id='word_1_568' title='bbox 1331 3439 1448 3487; x_wconf 91' lang='lat' dir='ltr'>tota</span> <span class='ocrx_word' id='word_1_569' title='bbox 1476 3429 1682 3486; x_wconf 90' lang='lat' dir='ltr'>dicitur</span> <span class='ocrx_word' id='word_1_570' title='bbox 1709 3429 1914 3484; x_wconf 87' lang='lat' dir='ltr'>anima.</span> <span class='ocrx_word' id='word_1_571' title='bbox 1942 3429 2066 3484; x_wconf 89' lang='lat' dir='ltr'>Non</span> 
     </span>
    </p>
   </div>
   <div class='ocr_carea' id='block_1_66' title="bbox 469 3517 2064 3593">
    <p class='ocr_par' dir='ltr' id='par_1_66' title="bbox 469 3517 2064 3593">
     <span class='ocr_line' id='line_1_66' title="bbox 469 3517 2064 3593; baseline -0.002 -17"><span class='ocrx_word' id='word_1_572' title='bbox 469 3530 651 3578; x_wconf 91' lang='lat' dir='ltr'>autem</span> <span class='ocrx_word' id='word_1_573' title='bbox 681 3523 833 3578; x_wconf 88' lang='lat' dir='ltr'>aliud</span> <span class='ocrx_word' id='word_1_574' title='bbox 867 3521 1112 3577; x_wconf 91' lang='lat' dir='ltr'>hominis</span> <span class='ocrx_word' id='word_1_575' title='bbox 1151 3537 1316 3593; x_wconf 90' lang='lat' dir='ltr'>quam</span> <span class='ocrx_word' id='word_1_576' title='bbox 1345 3520 1585 3576; x_wconf 89' lang='lat' dir='ltr'>animam</span> <span class='ocrx_word' id='word_1_577' title='bbox 1614 3517 1888 3590; x_wconf 85' lang='lat' dir='ltr'>signiﬁco,</span> <span class='ocrx_word' id='word_1_578' title='bbox 1939 3535 2064 3575; x_wconf 91' lang='lat' dir='ltr'>cum</span> 
     </span>
    </p>
   </div>
   <div class='ocr_carea' id='block_1_67' title="bbox 471 3607 2065 3679">
    <p class='ocr_par' dir='ltr' id='par_1_67' title="bbox 471 3607 2065 3679">
     <span class='ocr_line' id='line_1_67' title="bbox 471 3607 2065 3679; baseline -0.001 -16"><span class='ocrx_word' id='word_1_579' title='bbox 471 3617 708 3664; x_wconf 91' lang='lat' dir='ltr'>mentem</span> <span class='ocrx_word' id='word_1_580' title='bbox 738 3609 891 3665; x_wconf 91' lang='lat' dir='ltr'>dico:</span> <span class='ocrx_word' id='word_1_581' title='bbox 947 3607 1043 3665; x_wconf 88' lang='lat' dir='ltr'>sed</span> <span class='ocrx_word' id='word_1_582' title='bbox 1085 3617 1304 3679; x_wconf 88' lang='lat' dir='ltr'>propter</span> <span class='ocrx_word' id='word_1_583' title='bbox 1332 3608 1483 3664; x_wconf 88' lang='lat' dir='ltr'>aliud</span> <span class='ocrx_word' id='word_1_584' title='bbox 1515 3608 1777 3674; x_wconf 90' lang='lat' dir='ltr'>animam,</span> <span class='ocrx_word' id='word_1_585' title='bbox 1827 3616 1882 3663; x_wconf 93' lang='lat' dir='ltr'>et</span> <span class='ocrx_word' id='word_1_586' title='bbox 1930 3623 2065 3678; x_wconf 93' lang='lat' dir='ltr'>pro-</span> 
     </span>
    </p>
   </div>
   <div class='ocr_carea' id='block_1_68' title="bbox 469 3695 2063 3770">
    <p class='ocr_par' dir='ltr' id='par_1_68' title="bbox 469 3695 2063 3770">
     <span class='ocr_line' id='line_1_68' title="bbox 469 3695 2063 3770; baseline 0 -18"><span class='ocrx_word' id='word_1_587' title='bbox 469 3705 589 3770; x_wconf 89' lang='lat' dir='ltr'>pter</span> <span class='ocrx_word' id='word_1_588' title='bbox 617 3697 768 3753; x_wconf 89' lang='lat' dir='ltr'>aliud</span> <span class='ocrx_word' id='word_1_589' title='bbox 798 3707 1056 3753; x_wconf 91' lang='lat' dir='ltr'>mentem.</span> <span class='ocrx_word' id='word_1_590' title='bbox 1079 3699 1217 3753; x_wconf 89' lang='lat' dir='ltr'>Nam</span> <span class='ocrx_word' id='word_1_591' title='bbox 1239 3705 1418 3752; x_wconf 88' lang='lat' dir='ltr'>totum</span> <span class='ocrx_word' id='word_1_592' title='bbox 1449 3697 1597 3769; x_wconf 91' lang='lat' dir='ltr'>quod</span> <span class='ocrx_word' id='word_1_593' title='bbox 1627 3696 1791 3764; x_wconf 88' lang='lat' dir='ltr'>vivit,</span> <span class='ocrx_word' id='word_1_594' title='bbox 1813 3695 2063 3752; x_wconf 90' lang='lat' dir='ltr'>hominis</span> 
     </span>
    </p>
   </div>
   <div class='ocr_carea' id='block_1_69' title="bbox 469 3785 2062 3857">
    <p class='ocr_par' dir='ltr' id='par_1_69' title="bbox 469 3785 2062 3857">
     <span class='ocr_line' id='line_1_69' title="bbox 469 3785 2062 3857; baseline -0.001 -15"><span class='ocrx_word' id='word_1_595' title='bbox 469 3786 655 3842; x_wconf 90' lang='lat' dir='ltr'>anima</span> <span class='ocrx_word' id='word_1_596' title='bbox 682 3794 764 3842; x_wconf 89' lang='lat' dir='ltr'>est</span> <span class='ocrx_word' id='word_1_597' title='bbox 791 3804 803 3842; x_wconf 75' lang='grc' dir='ltr'>ξ</span> <span class='ocrx_word' id='word_1_598' title='bbox 856 3803 982 3843; x_wconf 90' lang='lat' dir='ltr'>cum</span> <span class='ocrx_word' id='word_1_599' title='bbox 1011 3793 1195 3842; x_wconf 90' lang='lat' dir='ltr'>autem</span> <span class='ocrx_word' id='word_1_600' title='bbox 1225 3786 1412 3841; x_wconf 89' lang='lat' dir='ltr'>anima</span> <span class='ocrx_word' id='word_1_601' title='bbox 1444 3787 1503 3841; x_wconf 89' lang='lat' dir='ltr'>in</span> <span class='ocrx_word' id='word_1_602' title='bbox 1533 3802 1589 3842; x_wconf 92' lang='lat' dir='ltr'>se</span> <span class='ocrx_word' id='word_1_603' title='bbox 1619 3785 1731 3857; x_wconf 85' lang='lat' dir='ltr'>agit</span> <span class='ocrx_word' id='word_1_604' title='bbox 1763 3801 1840 3852; x_wconf 91' lang='lat' dir='ltr'>se,</span> <span class='ocrx_word' id='word_1_605' title='bbox 1891 3793 1945 3840; x_wconf 91' lang='lat' dir='ltr'>et</span> <span class='ocrx_word' id='word_1_606' title='bbox 1991 3801 2062 3840; x_wconf 83' lang='lat' dir='ltr'>ex</span> 
     </span>
    </p>
   </div>
   <div class='ocr_carea' id='block_1_70' title="bbox 469 3875 2062 3949">
    <p class='ocr_par' dir='ltr' id='par_1_70' title="bbox 469 3875 2062 3949">
     <span class='ocr_line' id='line_1_70' title="bbox 469 3875 2062 3949; baseline -0.002 -16"><span class='ocrx_word' id='word_1_607' title='bbox 469 3893 548 3943; x_wconf 91' lang='lat' dir='ltr'>se,</span> <span class='ocrx_word' id='word_1_608' title='bbox 602 3884 656 3933; x_wconf 93' lang='lat' dir='ltr'>et</span> <span class='ocrx_word' id='word_1_609' title='bbox 685 3893 780 3949; x_wconf 90' lang='lat' dir='ltr'>per</span> <span class='ocrx_word' id='word_1_610' title='bbox 819 3893 897 3945; x_wconf 89' lang='lat' dir='ltr'>se,</span> <span class='ocrx_word' id='word_1_611' title='bbox 961 3878 1077 3933; x_wconf 91' lang='lat' dir='ltr'>sola</span> <span class='ocrx_word' id='word_1_612' title='bbox 1122 3893 1276 3932; x_wconf 92' lang='lat' dir='ltr'>mens</span> <span class='ocrx_word' id='word_1_613' title='bbox 1304 3875 1418 3933; x_wconf 92' lang='lat' dir='ltr'>dici</span> <span class='ocrx_word' id='word_1_614' title='bbox 1449 3877 1628 3932; x_wconf 89' lang='lat' dir='ltr'>solet:</span> <span class='ocrx_word' id='word_1_615' title='bbox 1688 3891 1880 3931; x_wconf 89' lang='lat' dir='ltr'>sensus</span> <span class='ocrx_word' id='word_1_616' title='bbox 1932 3890 2062 3930; x_wconf 90' lang='lat' dir='ltr'>vero</span> 
     </span>
    </p>
   </div>
   <div class='ocr_carea' id='block_1_71' title="bbox 467 3963 2058 4039">
    <p class='ocr_par' dir='ltr' id='par_1_71' title="bbox 467 3963 2058 4039">
     <span class='ocr_line' id='line_1_71' title="bbox 467 3963 2058 4039; baseline -0.003 -18"><span class='ocrx_word' id='word_1_617' title='bbox 467 3966 535 4022; x_wconf 91' lang='lat' dir='ltr'>ad</span> <span class='ocrx_word' id='word_1_618' title='bbox 563 3981 660 4022; x_wconf 89' lang='lat' dir='ltr'>sua</span> <span class='ocrx_word' id='word_1_619' title='bbox 679 3964 988 4023; x_wconf 90' lang='lat' dir='ltr'>ministeria</span> <span class='ocrx_word' id='word_1_620' title='bbox 1010 3966 1264 4039; x_wconf 88' lang='lat' dir='ltr'>impleus,</span> <span class='ocrx_word' id='word_1_621' title='bbox 1289 3965 1608 4023; x_wconf 88' lang='lat' dir='ltr'>consuetius</span> <span class='ocrx_word' id='word_1_622' title='bbox 1627 3964 1812 4019; x_wconf 90' lang='lat' dir='ltr'>anima</span> <span class='ocrx_word' id='word_1_623' title='bbox 1830 3963 2058 4020; x_wconf 89' lang='lat' dir='ltr'>dicitur.</span> 
     </span>
    </p>
   </div>
   <div class='ocr_carea' id='block_1_72' title="bbox 469 4053 2058 4130">
    <p class='ocr_par' dir='ltr' id='par_1_72' title="bbox 469 4053 2058 4130">
     <span class='ocr_line' id='line_1_72' title="bbox 469 4053 2058 4130; baseline -0.001 -18"><span class='ocrx_word' id='word_1_624' title='bbox 469 4056 620 4112; x_wconf 87' lang='lat' dir='ltr'>Mens</span> <span class='ocrx_word' id='word_1_625' title='bbox 665 4073 792 4128; x_wconf 89' lang='lat' dir='ltr'>ergo</span> <span class='ocrx_word' id='word_1_626' title='bbox 831 4056 971 4113; x_wconf 88' lang='lat' dir='ltr'>scire</span> <span class='ocrx_word' id='word_1_627' title='bbox 1000 4057 1196 4129; x_wconf 86' lang='lat' dir='ltr'>gignit,</span> <span class='ocrx_word' id='word_1_628' title='bbox 1249 4064 1320 4130; x_wconf 77' lang='lat' dir='ltr'>et</span> <span class='ocrx_word' id='word_1_629' title='bbox 1348 4063 1494 4111; x_wconf 90' lang='lat' dir='ltr'>amat</span> <span class='ocrx_word' id='word_1_630' title='bbox 1529 4055 1689 4123; x_wconf 91' lang='lat' dir='ltr'>scire,</span> <span class='ocrx_word' id='word_1_631' title='bbox 1739 4053 1885 4126; x_wconf 92' lang='lat' dir='ltr'>quod</span> <span class='ocrx_word' id='word_1_632' title='bbox 1935 4053 2058 4110; x_wconf 89' lang='lat' dir='ltr'>scit.</span> 
     </span>
    </p>
   </div>
   <div class='ocr_carea' id='block_1_73' title="bbox 467 4145 2058 4220">
    <p class='ocr_par' dir='ltr' id='par_1_73' title="bbox 467 4145 2058 4220">
     <span class='ocr_line' id='line_1_73' title="bbox 467 4145 2058 4220; baseline -0.003 -17"><span class='ocrx_word' id='word_1_633' title='bbox 467 4147 589 4203; x_wconf 89' lang='lat' dir='ltr'>Non</span> <span class='ocrx_word' id='word_1_634' title='bbox 618 4147 758 4202; x_wconf 91' lang='lat' dir='ltr'>illud</span> <span class='ocrx_word' id='word_1_635' title='bbox 785 4148 928 4204; x_wconf 90' lang='lat' dir='ltr'>scire</span> <span class='ocrx_word' id='word_1_636' title='bbox 962 4147 1108 4215; x_wconf 92' lang='lat' dir='ltr'>dico,</span> <span class='ocrx_word' id='word_1_637' title='bbox 1143 4163 1252 4220; x_wconf 89' lang='lat' dir='ltr'>quo</span> <span class='ocrx_word' id='word_1_638' title='bbox 1281 4155 1504 4218; x_wconf 89' lang='lat' dir='ltr'>repente</span> <span class='ocrx_word' id='word_1_639' title='bbox 1534 4145 1708 4202; x_wconf 88' lang='lat' dir='ltr'>scitur</span> <span class='ocrx_word' id='word_1_640' title='bbox 1739 4161 1825 4200; x_wconf 89' lang='lat' dir='ltr'>res</span> <span class='ocrx_word' id='word_1_641' title='bbox 1853 4145 2058 4217; x_wconf 91' lang='lat' dir='ltr'>aliqua,</span> 
     </span>
    </p>
   </div>
   <div class='ocr_carea' id='block_1_74' title="bbox 469 4233 2061 4308">
    <p class='ocr_par' dir='ltr' id='par_1_74' title="bbox 469 4233 2061 4308">
     <span class='ocr_line' id='line_1_74' title="bbox 469 4233 2061 4308; baseline -0.003 -17"><span class='ocrx_word' id='word_1_642' title='bbox 469 4251 588 4308; x_wconf 78' lang='lat' dir='ltr'>quae</span> <span class='ocrx_word' id='word_1_643' title='bbox 616 4244 741 4292; x_wconf 90' lang='lat' dir='ltr'>ante</span> <span class='ocrx_word' id='word_1_644' title='bbox 771 4235 970 4293; x_wconf 90' lang='lat' dir='ltr'>nesciri</span> <span class='ocrx_word' id='word_1_645' title='bbox 999 4236 1328 4308; x_wconf 90' lang='lat' dir='ltr'>putabatur:</span> <span class='ocrx_word' id='word_1_646' title='bbox 1363 4235 1456 4291; x_wconf 91' lang='lat' dir='ltr'>sed</span> <span class='ocrx_word' id='word_1_647' title='bbox 1487 4233 1650 4302; x_wconf 90' lang='lat' dir='ltr'>illud,</span> <span class='ocrx_word' id='word_1_648' title='bbox 1683 4233 1829 4289; x_wconf 90' lang='lat' dir='ltr'>unde</span> <span class='ocrx_word' id='word_1_649' title='bbox 1865 4240 1919 4288; x_wconf 92' lang='lat' dir='ltr'>et</span> <span class='ocrx_word' id='word_1_650' title='bbox 1947 4233 2061 4287; x_wconf 89' lang='lat' dir='ltr'>ali-</span> 
     </span>
    </p>
   </div>
   <div class='ocr_carea' id='block_1_75' title="bbox 469 4321 2060 4396">
    <p class='ocr_par' dir='ltr' id='par_1_75' title="bbox 469 4321 2060 4396">
     <span class='ocr_line' id='line_1_75' title="bbox 469 4321 2060 4396; baseline -0.001 -19"><span class='ocrx_word' id='word_1_651' title='bbox 469 4322 615 4394; x_wconf 79' lang='lat' dir='ltr'>quod</span> <span class='ocrx_word' id='word_1_652' title='bbox 669 4330 722 4379; x_wconf 91' lang='lat' dir='ltr'>et</span> <span class='ocrx_word' id='word_1_653' title='bbox 765 4340 927 4380; x_wconf 92' lang='lat' dir='ltr'>omne</span> <span class='ocrx_word' id='word_1_654' title='bbox 960 4323 1231 4396; x_wconf 90' lang='lat' dir='ltr'>quidquid</span> <span class='ocrx_word' id='word_1_655' title='bbox 1275 4324 1448 4380; x_wconf 90' lang='lat' dir='ltr'>scitur</span> <span class='ocrx_word' id='word_1_656' title='bbox 1489 4323 1576 4378; x_wconf 89' lang='lat' dir='ltr'>vel</span> <span class='ocrx_word' id='word_1_657' title='bbox 1620 4322 1887 4390; x_wconf 89' lang='lat' dir='ltr'>nescitur,</span> <span class='ocrx_word' id='word_1_658' title='bbox 1930 4321 2060 4377; x_wconf 87' lang='lat' dir='ltr'>sciri</span> 
     </span>
    </p>
   </div>
   <div class='ocr_carea' id='block_1_76' title="bbox 468 4412 2063 4485">
    <p class='ocr_par' dir='ltr' id='par_1_76' title="bbox 468 4412 2063 4485">
     <span class='ocr_line' id='line_1_76' title="bbox 468 4412 2063 4485; baseline 0 -19"><span class='ocrx_word' id='word_1_659' title='bbox 468 4419 664 4484; x_wconf 90' lang='lat' dir='ltr'>potest.</span> <span class='ocrx_word' id='word_1_660' title='bbox 713 4413 860 4469; x_wconf 88' lang='lat' dir='ltr'>Illud</span> <span class='ocrx_word' id='word_1_661' title='bbox 888 4431 1016 4485; x_wconf 88' lang='lat' dir='ltr'>ergo</span> <span class='ocrx_word' id='word_1_662' title='bbox 1043 4413 1182 4470; x_wconf 89' lang='lat' dir='ltr'>scire</span> <span class='ocrx_word' id='word_1_663' title='bbox 1210 4429 1364 4469; x_wconf 92' lang='lat' dir='ltr'>mens</span> <span class='ocrx_word' id='word_1_664' title='bbox 1389 4412 1586 4484; x_wconf 86' lang='lat' dir='ltr'>gignit,</span> <span class='ocrx_word' id='word_1_665' title='bbox 1640 4421 1693 4468; x_wconf 90' lang='lat' dir='ltr'>et</span> <span class='ocrx_word' id='word_1_666' title='bbox 1730 4428 1855 4468; x_wconf 91' lang='lat' dir='ltr'>cum</span> <span class='ocrx_word' id='word_1_667' title='bbox 1900 4413 2063 4484; x_wconf 91' lang='lat' dir='ltr'>geni-</span> 
     </span>
    </p>
   </div>
   <div class='ocr_carea' id='block_1_77' title="bbox 2177 3243 3778 3321">
    <p class='ocr_par' dir='ltr' id='par_1_77' title="bbox 2177 3243 3778 3321">
     <span class='ocr_line' id='line_1_77' title="bbox 2177 3243 3778 3321; baseline -0.004 -16"><span class='ocrx_word' id='word_1_668' title='bbox 2177 3249 2412 3321; x_wconf 88' lang='lat' dir='ltr'>degener</span> <span class='ocrx_word' id='word_1_669' title='bbox 2449 3250 2687 3316; x_wconf 88' lang='lat' dir='ltr'>oberrat,</span> <span class='ocrx_word' id='word_1_670' title='bbox 2749 3258 2883 3304; x_wconf 92' lang='lat' dir='ltr'>tunc</span> <span class='ocrx_word' id='word_1_671' title='bbox 2936 3247 3029 3303; x_wconf 86' lang='lat' dir='ltr'>ﬁet</span> <span class='ocrx_word' id='word_1_672' title='bbox 3081 3246 3147 3302; x_wconf 91' lang='lat' dir='ltr'>de</span> <span class='ocrx_word' id='word_1_673' title='bbox 3205 3262 3269 3302; x_wconf 89' lang='lat' dir='ltr'>eo</span> <span class='ocrx_word' id='word_1_674' title='bbox 3315 3244 3463 3318; x_wconf 92' lang='lat' dir='ltr'>quod</span> <span class='ocrx_word' id='word_1_675' title='bbox 3501 3243 3778 3316; x_wconf 87' lang='lat' dir='ltr'>scriptum</span> 
     </span>
    </p>
   </div>
   <div class='ocr_carea' id='block_1_78' title="bbox 2175 3334 3776 3405">
    <p class='ocr_par' dir='ltr' id='par_1_78' title="bbox 2175 3334 3776 3405">
     <span class='ocr_line' id='line_1_78' title="bbox 2175 3334 3776 3405; baseline -0.003 -11"><span class='ocrx_word' id='word_1_676' title='bbox 2175 3347 2256 3394; x_wconf 92' lang='lat' dir='ltr'>est</span> <span class='ocrx_word' id='word_1_677' title='bbox 2281 3357 2291 3394; x_wconf 91' lang='lat'>:</span> <span class='ocrx_word' id='word_1_678' title='bbox 2341 3339 2446 3394; x_wconf 75' lang='lat' dir='ltr'>«Et</span> <span class='ocrx_word' id='word_1_679' title='bbox 2476 3339 2643 3395; x_wconf 91' lang='lat' dir='ltr'>homo</span> <span class='ocrx_word' id='word_1_680' title='bbox 2671 3355 2796 3395; x_wconf 90' lang='lat' dir='ltr'>cum</span> <span class='ocrx_word' id='word_1_681' title='bbox 2829 3338 2887 3392; x_wconf 90' lang='lat' dir='ltr'>in</span> <span class='ocrx_word' id='word_1_682' title='bbox 2913 3339 3124 3394; x_wconf 88' lang='lat' dir='ltr'>honore</span> <span class='ocrx_word' id='word_1_683' title='bbox 3153 3345 3440 3405; x_wconf 89' lang='lat' dir='ltr'>esset,non</span> <span class='ocrx_word' id='word_1_684' title='bbox 3469 3334 3776 3401; x_wconf 83' lang='lat' dir='ltr'>intellexit;</span> 
     </span>
    </p>
   </div>
   <div class='ocr_carea' id='block_1_79' title="bbox 2175 3429 3780 3504">
    <p class='ocr_par' dir='ltr' id='par_1_79' title="bbox 2175 3429 3780 3504">
     <span class='ocr_line' id='line_1_79' title="bbox 2175 3429 3780 3504; baseline -0.002 -17"><span class='ocrx_word' id='word_1_685' title='bbox 2175 3439 2521 3504; x_wconf 88' lang='lat' dir='ltr'>comparatus</span> <span class='ocrx_word' id='word_1_686' title='bbox 2567 3439 2650 3486; x_wconf 92' lang='lat' dir='ltr'>est</span> <span class='ocrx_word' id='word_1_687' title='bbox 2689 3430 2963 3502; x_wconf 90' lang='lat' dir='ltr'>jumentis</span> <span class='ocrx_word' id='word_1_688' title='bbox 3005 3429 3423 3503; x_wconf 90' lang='lat' dir='ltr'>insipientibus,</span> <span class='ocrx_word' id='word_1_689' title='bbox 3474 3437 3531 3484; x_wconf 90' lang='lat' dir='ltr'>et</span> <span class='ocrx_word' id='word_1_690' title='bbox 3575 3429 3780 3485; x_wconf 88' lang='lat' dir='ltr'>similis</span> 
     </span>
    </p>
   </div>
   <div class='ocr_carea' id='block_1_80' title="bbox 2174 3519 3240 3593">
    <p class='ocr_par' dir='ltr' id='par_1_80' title="bbox 2174 3519 3240 3593">
     <span class='ocr_line' id='line_1_80' title="bbox 2174 3519 3240 3593; baseline 0.001 -18"><span class='ocrx_word' id='word_1_691' title='bbox 2174 3519 2351 3578; x_wconf 84' lang='lat' dir='ltr'>factus</span> <span class='ocrx_word' id='word_1_692' title='bbox 2381 3530 2461 3577; x_wconf 91' lang='lat' dir='ltr'>est</span> <span class='ocrx_word' id='word_1_693' title='bbox 2489 3521 2602 3577; x_wconf 89' lang='lat' dir='ltr'>illis</span> <span class='ocrx_word' id='word_1_694' title='bbox 2632 3522 2805 3593; x_wconf 80' lang='lat' dir='ltr'>(Psal.</span> <span class='ocrx_word' id='word_1_695' title='bbox 2839 3538 3037 3590; x_wconf 82' lang='lat' dir='ltr'>XLVIII,</span> <span class='ocrx_word' id='word_1_696' title='bbox 3074 3520 3187 3592; x_wconf 85' lang='grc'>13).</span> <span class='ocrx_word' id='word_1_697' title='bbox 3222 3544 3240 3568; x_wconf 75' lang='grc' dir='ltr'>ι</span> 
     </span>
    </p>
   </div>
   <div class='ocr_carea' id='block_1_81' title="bbox 2244 3609 3776 3682">
    <p class='ocr_par' dir='ltr' id='par_1_81' title="bbox 2244 3609 3776 3682">
     <span class='ocr_line' id='line_1_81' title="bbox 2244 3609 3776 3682; baseline -0.002 -17"><span class='ocrx_word' id='word_1_698' title='bbox 2244 3610 2349 3679; x_wconf 87' lang='lat' dir='ltr'>Qui</span> <span class='ocrx_word' id='word_1_699' title='bbox 2390 3609 2563 3682; x_wconf 89' lang='lat' dir='ltr'>major</span> <span class='ocrx_word' id='word_1_700' title='bbox 2601 3609 2777 3666; x_wconf 91' lang='lat' dir='ltr'>honor</span> <span class='ocrx_word' id='word_1_701' title='bbox 2826 3611 3006 3682; x_wconf 91' lang='lat' dir='ltr'>potuit</span> <span class='ocrx_word' id='word_1_702' title='bbox 3052 3609 3268 3666; x_wconf 91' lang='lat' dir='ltr'>homini</span> <span class='ocrx_word' id='word_1_703' title='bbox 3309 3625 3446 3676; x_wconf 90' lang='lat' dir='ltr'>esse,</span> <span class='ocrx_word' id='word_1_704' title='bbox 3498 3624 3668 3681; x_wconf 86' lang='lat' dir='ltr'>quam</span> <span class='ocrx_word' id='word_1_705' title='bbox 3715 3615 3776 3662; x_wconf 90' lang='lat' dir='ltr'>ut</span> 
     </span>
    </p>
   </div>
   <div class='ocr_carea' id='block_1_82' title="bbox 2176 3696 3769 3765">
    <p class='ocr_par' dir='ltr' id='par_1_82' title="bbox 2176 3696 3769 3765">
     <span class='ocr_line' id='line_1_82' title="bbox 2176 3696 3769 3765; baseline -0.001 -11"><span class='ocrx_word' id='word_1_706' title='bbox 2176 3698 2244 3754; x_wconf 87' lang='lat' dir='ltr'>ad</span> <span class='ocrx_word' id='word_1_707' title='bbox 2272 3698 2693 3754; x_wconf 89' lang='lat' dir='ltr'>similitudinem</span> <span class='ocrx_word' id='word_1_708' title='bbox 2723 3698 2811 3754; x_wconf 91' lang='lat' dir='ltr'>sui</span> <span class='ocrx_word' id='word_1_709' title='bbox 2840 3698 3064 3754; x_wconf 86' lang='lat' dir='ltr'>factoris</span> <span class='ocrx_word' id='word_1_710' title='bbox 3091 3698 3446 3765; x_wconf 90' lang='lat' dir='ltr'>conderetur,</span> <span class='ocrx_word' id='word_1_711' title='bbox 3473 3706 3532 3752; x_wconf 91' lang='lat' dir='ltr'>et</span> <span class='ocrx_word' id='word_1_712' title='bbox 3562 3696 3769 3753; x_wconf 86' lang='lat' dir='ltr'>eisdem</span> 
     </span>
    </p>
   </div>
   <div class='ocr_carea' id='block_1_83' title="bbox 2171 3786 3773 3861">
    <p class='ocr_par' dir='ltr' id='par_1_83' title="bbox 2171 3786 3773 3861">
     <span class='ocr_line' id='line_1_83' title="bbox 2171 3786 3773 3861; baseline -0.001 -19"><span class='ocrx_word' id='word_1_713' title='bbox 2171 3787 2442 3843; x_wconf 88' lang='lat' dir='ltr'>virtutum</span> <span class='ocrx_word' id='word_1_714' title='bbox 2466 3787 2812 3845; x_wconf 90' lang='lat' dir='ltr'>vestimentis</span> <span class='ocrx_word' id='word_1_715' title='bbox 2831 3796 3119 3843; x_wconf 90' lang='lat' dir='ltr'>ornaretur</span> <span class='ocrx_word' id='word_1_716' title='bbox 3147 3806 3160 3852; x_wconf 84' lang='lat'><strong>;</strong></span> <span class='ocrx_word' id='word_1_717' title='bbox 3181 3787 3383 3861; x_wconf 91' lang='lat' dir='ltr'>quibus</span> <span class='ocrx_word' id='word_1_718' title='bbox 3409 3796 3463 3843; x_wconf 91' lang='lat' dir='ltr'>et</span> <span class='ocrx_word' id='word_1_719' title='bbox 3489 3786 3773 3853; x_wconf 87' lang='lat' dir='ltr'>conditor,</span> 
     </span>
    </p>
   </div>
   <div class='ocr_carea' id='block_1_84' title="bbox 2173 3878 3773 3952">
    <p class='ocr_par' dir='ltr' id='par_1_84' title="bbox 2173 3878 3773 3952">
     <span class='ocr_line' id='line_1_84' title="bbox 2173 3878 3773 3952; baseline 0.001 -19"><span class='ocrx_word' id='word_1_720' title='bbox 2173 3878 2240 3934; x_wconf 90' lang='lat' dir='ltr'>de</span> <span class='ocrx_word' id='word_1_721' title='bbox 2273 3895 2382 3952; x_wconf 93' lang='lat' dir='ltr'>quo</span> <span class='ocrx_word' id='word_1_722' title='bbox 2415 3879 2650 3951; x_wconf 87' lang='lat' dir='ltr'>legitur:</span> <span class='ocrx_word' id='word_1_723' title='bbox 2709 3903 2726 3926; x_wconf 76' lang='grc' dir='ltr'>ι</span> <span class='ocrx_word' id='word_1_724' title='bbox 2763 3880 3035 3935; x_wconf 89' lang='lat' dir='ltr'>Dominus</span> <span class='ocrx_word' id='word_1_725' title='bbox 3065 3879 3340 3951; x_wconf 87' lang='lat' dir='ltr'>regnavit,</span> <span class='ocrx_word' id='word_1_726' title='bbox 3379 3879 3643 3935; x_wconf 85' lang='lat' dir='ltr'>decorem</span> <span class='ocrx_word' id='word_1_727' title='bbox 3676 3880 3773 3934; x_wconf 90' lang='lat' dir='ltr'>in-</span> 
     </span>
    </p>
   </div>
   <div class='ocr_carea' id='block_1_85' title="bbox 2173 3966 3773 4040">
    <p class='ocr_par' dir='ltr' id='par_1_85' title="bbox 2173 3966 3773 4040">
     <span class='ocr_line' id='line_1_85' title="bbox 2173 3966 3773 4040; baseline 0.002 -19"><span class='ocrx_word' id='word_1_728' title='bbox 2173 3966 2337 4023; x_wconf 92' lang='lat' dir='ltr'>dutus</span> <span class='ocrx_word' id='word_1_729' title='bbox 2365 3975 2446 4022; x_wconf 92' lang='lat' dir='ltr'>est</span> <span class='ocrx_word' id='word_1_730' title='bbox 2485 3968 2659 4038; x_wconf 84' lang='lat' dir='ltr'>(Psal.</span> <span class='ocrx_word' id='word_1_731' title='bbox 2691 3984 2824 4035; x_wconf 81' lang='lat' dir='ltr'>xcn,</span> <span class='ocrx_word' id='word_1_732' title='bbox 2861 3967 2937 4040; x_wconf 87' lang='grc'>1),</span> <span class='ocrx_word' id='word_1_733' title='bbox 2973 3992 2991 4016; x_wconf 75' lang='grc' dir='ltr'>ι</span> <span class='ocrx_word' id='word_1_734' title='bbox 3052 3967 3109 4024; x_wconf 91' lang='lat' dir='ltr'>id</span> <span class='ocrx_word' id='word_1_735' title='bbox 3136 3975 3235 4036; x_wconf 90' lang='lat' dir='ltr'>est,</span> <span class='ocrx_word' id='word_1_736' title='bbox 3290 3969 3547 4024; x_wconf 90' lang='lat' dir='ltr'>omnium</span> <span class='ocrx_word' id='word_1_737' title='bbox 3580 3970 3773 4025; x_wconf 81' lang='lat' dir='ltr'>virtu-</span> 
     </span>
    </p>
   </div>
   <div class='ocr_carea' id='block_1_86' title="bbox 2171 4055 3773 4128">
    <p class='ocr_par' dir='ltr' id='par_1_86' title="bbox 2171 4055 3773 4128">
     <span class='ocr_line' id='line_1_86' title="bbox 2171 4055 3773 4128; baseline 0.001 -18"><span class='ocrx_word' id='word_1_738' title='bbox 2171 4063 2289 4111; x_wconf 91' lang='lat' dir='ltr'>tum</span> <span class='ocrx_word' id='word_1_739' title='bbox 2319 4055 2626 4128; x_wconf 91' lang='lat' dir='ltr'>splendore,</span> <span class='ocrx_word' id='word_1_740' title='bbox 2677 4063 2730 4111; x_wconf 91' lang='lat' dir='ltr'>et</span> <span class='ocrx_word' id='word_1_741' title='bbox 2758 4057 2928 4112; x_wconf 89' lang='lat' dir='ltr'>totius</span> <span class='ocrx_word' id='word_1_742' title='bbox 2958 4056 3223 4113; x_wconf 89' lang='lat' dir='ltr'>bonitatis</span> <span class='ocrx_word' id='word_1_743' title='bbox 3261 4056 3456 4113; x_wconf 87' lang='lat' dir='ltr'>decore</span> <span class='ocrx_word' id='word_1_744' title='bbox 3491 4057 3773 4114; x_wconf 79' lang='lat' dir='ltr'>ornatus?</span> 
     </span>
    </p>
   </div>
   <div class='ocr_carea' id='block_1_87' title="bbox 2172 4143 3769 4218">
    <p class='ocr_par' dir='ltr' id='par_1_87' title="bbox 2172 4143 3769 4218">
     <span class='ocr_line' id='line_1_87' title="bbox 2172 4143 3769 4218; baseline 0.002 -18"><span class='ocrx_word' id='word_1_745' title='bbox 2172 4145 2271 4200; x_wconf 85' lang='lat' dir='ltr'>Vel</span> <span class='ocrx_word' id='word_1_746' title='bbox 2303 4145 2450 4218; x_wconf 91' lang='lat' dir='ltr'>quod</span> <span class='ocrx_word' id='word_1_747' title='bbox 2481 4144 2656 4216; x_wconf 87' lang='lat' dir='ltr'>majus</span> <span class='ocrx_word' id='word_1_748' title='bbox 2688 4143 2903 4200; x_wconf 90' lang='lat' dir='ltr'>homini</span> <span class='ocrx_word' id='word_1_749' title='bbox 2935 4153 3110 4217; x_wconf 86' lang='lat' dir='ltr'>potest</span> <span class='ocrx_word' id='word_1_750' title='bbox 3139 4161 3255 4202; x_wconf 91' lang='lat' dir='ltr'>esse</span> <span class='ocrx_word' id='word_1_751' title='bbox 3287 4145 3548 4216; x_wconf 88' lang='lat' dir='ltr'>dedecus,</span> <span class='ocrx_word' id='word_1_752' title='bbox 3567 4154 3669 4202; x_wconf 91' lang='lat' dir='ltr'>aut</span> <span class='ocrx_word' id='word_1_753' title='bbox 3689 4148 3769 4203; x_wconf 83' lang='lat' dir='ltr'>in-</span> 
     </span>
    </p>
   </div>
   <div class='ocr_carea' id='block_1_88' title="bbox 2172 4232 3773 4308">
    <p class='ocr_par' dir='ltr' id='par_1_88' title="bbox 2172 4232 3773 4308">
     <span class='ocr_line' id='line_1_88' title="bbox 2172 4232 3773 4308; baseline 0.002 -20"><span class='ocrx_word' id='word_1_754' title='bbox 2172 4233 2386 4290; x_wconf 89' lang='lat' dir='ltr'>felicior</span> <span class='ocrx_word' id='word_1_755' title='bbox 2426 4232 2669 4298; x_wconf 89' lang='lat' dir='ltr'>miseria,</span> <span class='ocrx_word' id='word_1_756' title='bbox 2718 4250 2881 4306; x_wconf 90' lang='lat' dir='ltr'>quam</span> <span class='ocrx_word' id='word_1_757' title='bbox 2926 4233 3122 4290; x_wconf 86' lang='lat' dir='ltr'>uthac</span> <span class='ocrx_word' id='word_1_758' title='bbox 3151 4233 3542 4291; x_wconf 85' lang='lat' dir='ltr'>similitudinis</span> <span class='ocrx_word' id='word_1_759' title='bbox 3590 4237 3773 4308; x_wconf 82' lang='lat' dir='ltr'>gloria</span> 
     </span>
    </p>
   </div>
   <div class='ocr_carea' id='block_1_89' title="bbox 2170 4322 3771 4392">
    <p class='ocr_par' dir='ltr' id='par_1_89' title="bbox 2170 4322 3771 4392">
     <span class='ocr_line' id='line_1_89' title="bbox 2170 4322 3771 4392; baseline 0.002 -14"><span class='ocrx_word' id='word_1_760' title='bbox 2170 4324 2254 4378; x_wconf 93' lang='lat' dir='ltr'>sui</span> <span class='ocrx_word' id='word_1_761' title='bbox 2284 4323 2588 4379; x_wconf 90' lang='lat' dir='ltr'>conditoris</span> <span class='ocrx_word' id='word_1_762' title='bbox 2607 4323 2824 4392; x_wconf 91' lang='lat' dir='ltr'>amissa,</span> <span class='ocrx_word' id='word_1_763' title='bbox 2844 4322 2913 4379; x_wconf 91' lang='lat' dir='ltr'>ad</span> <span class='ocrx_word' id='word_1_764' title='bbox 2942 4323 3233 4379; x_wconf 84' lang='lat' dir='ltr'>informem</span> <span class='ocrx_word' id='word_1_765' title='bbox 3250 4331 3303 4378; x_wconf 92' lang='lat' dir='ltr'>et</span> <span class='ocrx_word' id='word_1_766' title='bbox 3322 4324 3771 4381; x_wconf 65' lang='lat' dir='ltr'>irrationabilém</span> 
     </span>
    </p>
   </div>
   <div class='ocr_carea' id='block_1_90' title="bbox 2169 4411 3702 4484">
    <p class='ocr_par' dir='ltr' id='par_1_90' title="bbox 2169 4411 3702 4484">
     <span class='ocr_line' id='line_1_90' title="bbox 2169 4411 3702 4484; baseline 0.003 -17"><span class='ocrx_word' id='word_1_767' title='bbox 2169 4411 2458 4468; x_wconf 90' lang='lat' dir='ltr'>brutorum</span> <span class='ocrx_word' id='word_1_768' title='bbox 2479 4412 2859 4484; x_wconf 91' lang='lat' dir='ltr'>jumentorum</span> <span class='ocrx_word' id='word_1_769' title='bbox 2893 4413 3179 4470; x_wconf 90' lang='lat' dir='ltr'>delabatur</span> <span class='ocrx_word' id='word_1_770' title='bbox 3207 4414 3646 4472; x_wconf 87' lang='lat' dir='ltr'>similitudinem</span> <span class='ocrx_word' id='word_1_771' title='bbox 3673 4416 3702 4472; x_wconf 84' lang='lat'><strong>?</strong></span> 
     </span>
    </p>
   </div>
   <div class='ocr_carea' id='block_1_91' title="bbox 468 4500 3769 4601">
    <p class='ocr_par' dir='ltr' id='par_1_91' title="bbox 468 4500 3769 4601">
     <span class='ocr_line' id='line_1_91' title="bbox 468 4500 3769 4601; baseline 0.002 -47"><span class='ocrx_word' id='word_1_772' title='bbox 468 4507 588 4555; x_wconf 91' lang='lat' dir='ltr'>tum</span> <span class='ocrx_word' id='word_1_773' title='bbox 618 4509 717 4568; x_wconf 89' lang='lat' dir='ltr'>est,</span> <span class='ocrx_word' id='word_1_774' title='bbox 767 4500 997 4558; x_wconf 88' lang='lat' dir='ltr'>scientia</span> <span class='ocrx_word' id='word_1_775' title='bbox 1027 4509 1203 4572; x_wconf 89' lang='lat' dir='ltr'>potest</span> <span class='ocrx_word' id='word_1_776' title='bbox 1233 4500 1366 4558; x_wconf 91' lang='lat' dir='ltr'>dici.</span> <span class='ocrx_word' id='word_1_777' title='bbox 1422 4501 1562 4557; x_wconf 91' lang='lat' dir='ltr'>Sunt</span> <span class='ocrx_word' id='word_1_778' title='bbox 1607 4517 1734 4572; x_wconf 88' lang='lat' dir='ltr'>ergo</span> <span class='ocrx_word' id='word_1_779' title='bbox 1770 4500 1885 4572; x_wconf 90' lang='lat' dir='ltr'>jam</span> <span class='ocrx_word' id='word_1_780' title='bbox 1925 4500 2056 4568; x_wconf 91' lang='lat' dir='ltr'>duo,</span> <span class='ocrx_word' id='word_1_781' title='bbox 2094 4544 2140 4601; x_wconf 66' lang='grc' dir='ltr'><strong>Β</strong></span> <span class='ocrx_word' id='word_1_782' title='bbox 2243 4503 2602 4576; x_wconf 87' lang='lat' dir='ltr'>Quapropter,</span> <span class='ocrx_word' id='word_1_783' title='bbox 2661 4520 2694 4558; x_wconf 89' lang='grc' dir='ltr'>ο</span> <span class='ocrx_word' id='word_1_784' title='bbox 2737 4503 3116 4572; x_wconf 89' lang='lat' dir='ltr'>dilectissime,</span> <span class='ocrx_word' id='word_1_785' title='bbox 3177 4505 3408 4578; x_wconf 88' lang='lat' dir='ltr'>quisque</span> <span class='ocrx_word' id='word_1_786' title='bbox 3437 4505 3769 4577; x_wconf 87' lang='lat' dir='ltr'>diligentius</span> 
     </span>
    </p>
   </div>
   <div class='ocr_carea' id='block_1_92' title="bbox 469 4589 2056 4663">
    <p class='ocr_par' dir='ltr' id='par_1_92' title="bbox 469 4589 2056 4663">
     <span class='ocr_line' id='line_1_92' title="bbox 469 4589 2056 4663; baseline -0.001 -17"><span class='ocrx_word' id='word_1_787' title='bbox 469 4606 645 4656; x_wconf 90' lang='lat' dir='ltr'>mens,</span> <span class='ocrx_word' id='word_1_788' title='bbox 702 4597 756 4644; x_wconf 91' lang='lat' dir='ltr'>et</span> <span class='ocrx_word' id='word_1_789' title='bbox 811 4590 957 4663; x_wconf 89' lang='lat' dir='ltr'>quod</span> <span class='ocrx_word' id='word_1_790' title='bbox 1010 4591 1128 4662; x_wconf 89' lang='lat' dir='ltr'>ipsa</span> <span class='ocrx_word' id='word_1_791' title='bbox 1183 4607 1338 4647; x_wconf 91' lang='lat' dir='ltr'>mens</span> <span class='ocrx_word' id='word_1_792' title='bbox 1393 4592 1528 4648; x_wconf 91' lang='lat' dir='ltr'>scit:</span> <span class='ocrx_word' id='word_1_793' title='bbox 1605 4599 1774 4647; x_wconf 90' lang='lat' dir='ltr'>restat</span> <span class='ocrx_word' id='word_1_794' title='bbox 1827 4589 2056 4646; x_wconf 88' lang='lat' dir='ltr'>tertium</span> 
     </span>
    </p>
   </div>
   <div class='ocr_carea' id='block_1_93' title="bbox 468 4678 2057 4752">
    <p class='ocr_par' dir='ltr' id='par_1_93' title="bbox 468 4678 2057 4752">
     <span class='ocr_line' id='line_1_93' title="bbox 468 4678 2057 4752; baseline 0.001 -20"><span class='ocrx_word' id='word_1_795' title='bbox 468 4678 758 4751; x_wconf 91' lang='lat' dir='ltr'>utriusque</span> <span class='ocrx_word' id='word_1_796' title='bbox 811 4694 1123 4734; x_wconf 89' lang='lat' dir='ltr'>commune.</span> <span class='ocrx_word' id='word_1_797' title='bbox 1173 4678 1368 4735; x_wconf 90' lang='lat' dir='ltr'>Omnis</span> <span class='ocrx_word' id='word_1_798' title='bbox 1411 4695 1566 4735; x_wconf 89' lang='lat' dir='ltr'>mens</span> <span class='ocrx_word' id='word_1_799' title='bbox 1607 4679 1879 4752; x_wconf 90' lang='lat' dir='ltr'>quidquid</span> <span class='ocrx_word' id='word_1_800' title='bbox 1932 4679 2057 4748; x_wconf 89' lang='lat' dir='ltr'>scit,</span> 
     </span>
    </p>
   </div>
   <div class='ocr_carea' id='block_1_94' title="bbox 468 4767 2056 4841">
    <p class='ocr_par' dir='ltr' id='par_1_94' title="bbox 468 4767 2056 4841">
     <span class='ocr_line' id='line_1_94' title="bbox 468 4767 2056 4841; baseline 0.001 -19"><span class='ocrx_word' id='word_1_801' title='bbox 468 4775 615 4823; x_wconf 88' lang='lat' dir='ltr'>amat</span> <span class='ocrx_word' id='word_1_802' title='bbox 647 4767 808 4824; x_wconf 88' lang='lat' dir='ltr'>scire.</span> <span class='ocrx_word' id='word_1_803' title='bbox 863 4770 1035 4823; x_wconf 85' lang='lat' dir='ltr'>Amor</span> <span class='ocrx_word' id='word_1_804' title='bbox 1062 4784 1175 4824; x_wconf 90' lang='lat' dir='ltr'>non</span> <span class='ocrx_word' id='word_1_805' title='bbox 1211 4768 1394 4824; x_wconf 91' lang='lat' dir='ltr'>minus</span> <span class='ocrx_word' id='word_1_806' title='bbox 1424 4784 1586 4841; x_wconf 90' lang='lat' dir='ltr'>quam</span> <span class='ocrx_word' id='word_1_807' title='bbox 1618 4769 1762 4825; x_wconf 90' lang='lat' dir='ltr'>inter</span> <span class='ocrx_word' id='word_1_808' title='bbox 1791 4768 1928 4824; x_wconf 90' lang='lat' dir='ltr'>duos</span> <span class='ocrx_word' id='word_1_809' title='bbox 1957 4776 2056 4836; x_wconf 89' lang='lat' dir='ltr'>est,</span> 
     </span>
    </p>
   </div>
   <div class='ocr_carea' id='block_1_95' title="bbox 469 4856 2058 4930">
    <p class='ocr_par' dir='ltr' id='par_1_95' title="bbox 469 4856 2058 4930">
     <span class='ocr_line' id='line_1_95' title="bbox 469 4856 2058 4930; baseline 0.003 -21"><span class='ocrx_word' id='word_1_810' title='bbox 469 4862 764 4924; x_wconf 88' lang='lat' dir='ltr'>amantem,</span> <span class='ocrx_word' id='word_1_811' title='bbox 796 4864 850 4912; x_wconf 91' lang='lat' dir='ltr'>et</span> <span class='ocrx_word' id='word_1_812' title='bbox 879 4856 1025 4929; x_wconf 92' lang='lat' dir='ltr'>quod</span> <span class='ocrx_word' id='word_1_813' title='bbox 1053 4863 1287 4913; x_wconf 88' lang='lat' dir='ltr'>amatur.</span> <span class='ocrx_word' id='word_1_814' title='bbox 1324 4857 1474 4914; x_wconf 90' lang='lat' dir='ltr'>Unus</span> <span class='ocrx_word' id='word_1_815' title='bbox 1503 4865 1585 4913; x_wconf 90' lang='lat' dir='ltr'>est</span> <span class='ocrx_word' id='word_1_816' title='bbox 1613 4874 1740 4930; x_wconf 87' lang='lat' dir='ltr'>ergo</span> <span class='ocrx_word' id='word_1_817' title='bbox 1769 4857 2058 4914; x_wconf 89' lang='lat' dir='ltr'>amborum</span> 
     </span>
    </p>
   </div>
   <div class='ocr_carea' id='block_1_96' title="bbox 466 4943 2058 5020">
    <p class='ocr_par' dir='ltr' id='par_1_96' title="bbox 466 4943 2058 5020">
     <span class='ocr_line' id='line_1_96' title="bbox 466 4943 2058 5020; baseline 0.001 -20"><span class='ocrx_word' id='word_1_818' title='bbox 466 4961 642 5013; x_wconf 87' lang='lat' dir='ltr'>amor,</span> <span class='ocrx_word' id='word_1_819' title='bbox 691 4947 785 5018; x_wconf 92' lang='lat' dir='ltr'>qui</span> <span class='ocrx_word' id='word_1_820' title='bbox 812 4953 866 5002; x_wconf 90' lang='lat' dir='ltr'>et</span> <span class='ocrx_word' id='word_1_821' title='bbox 896 4947 1091 5002; x_wconf 89' lang='lat' dir='ltr'>tertius</span> <span class='ocrx_word' id='word_1_822' title='bbox 1121 4954 1222 5002; x_wconf 91' lang='lat' dir='ltr'>est.</span> <span class='ocrx_word' id='word_1_823' title='bbox 1280 4947 1403 5002; x_wconf 89' lang='lat' dir='ltr'>Non</span> <span class='ocrx_word' id='word_1_824' title='bbox 1432 4955 1613 5003; x_wconf 89' lang='lat' dir='ltr'>autem</span> <span class='ocrx_word' id='word_1_825' title='bbox 1655 4955 1832 5020; x_wconf 89' lang='lat' dir='ltr'>potest</span> <span class='ocrx_word' id='word_1_826' title='bbox 1873 4943 2058 5020; x_wconf 83' lang='lat' dir='ltr'>negari</span> 
     </span>
    </p>
   </div>
   <div class='ocr_carea' id='block_1_97' title="bbox 466 5033 2102 5110">
    <p class='ocr_par' dir='ltr' id='par_1_97' title="bbox 466 5033 2102 5110">
     <span class='ocr_line' id='line_1_97' title="bbox 466 5033 2102 5110; baseline 0.001 -20"><span class='ocrx_word' id='word_1_827' title='bbox 466 5033 572 5110; x_wconf 88' lang='lat' dir='ltr'>hoc</span> <span class='ocrx_word' id='word_1_828' title='bbox 620 5041 797 5092; x_wconf 87' lang='lat' dir='ltr'>totum</span> <span class='ocrx_word' id='word_1_829' title='bbox 829 5052 995 5091; x_wconf 89' lang='lat' dir='ltr'>unam</span> <span class='ocrx_word' id='word_1_830' title='bbox 1048 5051 1164 5092; x_wconf 90' lang='lat' dir='ltr'>esse</span> <span class='ocrx_word' id='word_1_831' title='bbox 1200 5036 1462 5105; x_wconf 90' lang='lat' dir='ltr'>animam,</span> <span class='ocrx_word' id='word_1_832' title='bbox 1510 5045 1563 5092; x_wconf 92' lang='lat' dir='ltr'>et</span> <span class='ocrx_word' id='word_1_833' title='bbox 1603 5053 1768 5092; x_wconf 89' lang='lat' dir='ltr'>unam</span> <span class='ocrx_word' id='word_1_834' title='bbox 1815 5037 2102 5092; x_wconf 85' lang='lat' dir='ltr'>animam—</span> 
     </span>
    </p>
   </div>
   <div class='ocr_carea' id='block_1_98' title="bbox 466 5124 2058 5192">
    <p class='ocr_par' dir='ltr' id='par_1_98' title="bbox 466 5124 2058 5192">
     <span class='ocr_line' id='line_1_98' title="bbox 466 5124 2058 5192; baseline 0.001 -13"><span class='ocrx_word' id='word_1_835' title='bbox 466 5124 583 5180; x_wconf 86' lang='lat' dir='ltr'>haec</span> <span class='ocrx_word' id='word_1_836' title='bbox 612 5125 719 5180; x_wconf 88' lang='lat' dir='ltr'>tria</span> <span class='ocrx_word' id='word_1_837' title='bbox 743 5141 893 5192; x_wconf 87' lang='lat' dir='ltr'>esse;</span> <span class='ocrx_word' id='word_1_838' title='bbox 939 5125 1082 5182; x_wconf 91' lang='lat' dir='ltr'>sicut</span> <span class='ocrx_word' id='word_1_839' title='bbox 1110 5124 1261 5182; x_wconf 92' lang='lat' dir='ltr'>enim</span> <span class='ocrx_word' id='word_1_840' title='bbox 1291 5125 1409 5183; x_wconf 69' lang='lat' dir='ltr'>haec</span> <span class='ocrx_word' id='word_1_841' title='bbox 1441 5125 1547 5182; x_wconf 87' lang='lat' dir='ltr'>tria</span> <span class='ocrx_word' id='word_1_842' title='bbox 1577 5143 1703 5182; x_wconf 91' lang='lat' dir='ltr'>vere</span> <span class='ocrx_word' id='word_1_843' title='bbox 1734 5143 1842 5182; x_wconf 90' lang='lat' dir='ltr'>una</span> <span class='ocrx_word' id='word_1_844' title='bbox 1872 5128 2058 5182; x_wconf 87' lang='lat' dir='ltr'>anima</span> 
     </span>
    </p>
   </div>
   <div class='ocr_carea' id='block_1_99' title="bbox 463 5217 2055 5287">
    <p class='ocr_par' dir='ltr' id='par_1_99' title="bbox 463 5217 2055 5287">
     <span class='ocr_line' id='line_1_99' title="bbox 463 5217 2055 5287; baseline 0.001 -15"><span class='ocrx_word' id='word_1_845' title='bbox 463 5225 614 5287; x_wconf 90' lang='lat' dir='ltr'>sunt,</span> <span class='ocrx_word' id='word_1_846' title='bbox 645 5217 725 5276; x_wconf 90' lang='lat' dir='ltr'>sic</span> <span class='ocrx_word' id='word_1_847' title='bbox 753 5234 865 5276; x_wconf 90' lang='lat' dir='ltr'>non</span> <span class='ocrx_word' id='word_1_848' title='bbox 905 5219 1090 5275; x_wconf 91' lang='lat' dir='ltr'>minus</span> <span class='ocrx_word' id='word_1_849' title='bbox 1123 5234 1250 5275; x_wconf 90' lang='lat' dir='ltr'>vere</span> <span class='ocrx_word' id='word_1_850' title='bbox 1280 5235 1390 5275; x_wconf 90' lang='lat' dir='ltr'>una</span> <span class='ocrx_word' id='word_1_851' title='bbox 1423 5219 1608 5275; x_wconf 88' lang='lat' dir='ltr'>anima</span> <span class='ocrx_word' id='word_1_852' title='bbox 1638 5226 1718 5276; x_wconf 90' lang='lat' dir='ltr'>est</span> <span class='ocrx_word' id='word_1_853' title='bbox 1747 5218 1854 5276; x_wconf 90' lang='lat' dir='ltr'>hoc</span> <span class='ocrx_word' id='word_1_854' title='bbox 1882 5234 2055 5275; x_wconf 92' lang='lat' dir='ltr'>unum</span> 
     </span>
    </p>
   </div>
   <div class='ocr_carea' id='block_1_100' title="bbox 463 5305 1406 5366">
    <p class='ocr_par' dir='ltr' id='par_1_100' title="bbox 463 5305 1406 5366">
     <span class='ocr_line' id='line_1_100' title="bbox 463 5305 1406 5366; baseline 0.003 -4"><span class='ocrx_word' id='word_1_855' title='bbox 463 5315 517 5363; x_wconf 90' lang='lat' dir='ltr'>et</span> <span class='ocrx_word' id='word_1_856' title='bbox 549 5305 654 5364; x_wconf 92' lang='lat' dir='ltr'>hoc</span> <span class='ocrx_word' id='word_1_857' title='bbox 683 5309 918 5366; x_wconf 88' lang='lat' dir='ltr'>alterum</span> <span class='ocrx_word' id='word_1_858' title='bbox 946 5315 1000 5364; x_wconf 92' lang='lat' dir='ltr'>et</span> <span class='ocrx_word' id='word_1_859' title='bbox 1026 5307 1131 5364; x_wconf 92' lang='lat' dir='ltr'>hoc</span> <span class='ocrx_word' id='word_1_860' title='bbox 1159 5309 1406 5365; x_wconf 90' lang='lat' dir='ltr'>tertium.</span> 
     </span>
    </p>
   </div>
   <div class='ocr_carea' id='block_1_101' title="bbox 533 5393 2057 5469">
    <p class='ocr_par' dir='ltr' id='par_1_101' title="bbox 533 5393 2057 5469">
     <span class='ocr_line' id='line_1_101' title="bbox 533 5393 2057 5469; baseline 0.002 -18"><span class='ocrx_word' id='word_1_861' title='bbox 533 5393 828 5467; x_wconf 81' lang='lat' dir='ltr'>Comparet</span> <span class='ocrx_word' id='word_1_862' title='bbox 866 5397 1037 5469; x_wconf 89' lang='lat' dir='ltr'>igitur</span> <span class='ocrx_word' id='word_1_863' title='bbox 1087 5413 1142 5452; x_wconf 88' lang='lat' dir='ltr'>se</span> <span class='ocrx_word' id='word_1_864' title='bbox 1185 5397 1304 5452; x_wconf 63' lang='lat' dir='ltr'>haec</span> <span class='ocrx_word' id='word_1_865' title='bbox 1350 5406 1602 5454; x_wconf 88' lang='lat' dir='ltr'>creatura</span> <span class='ocrx_word' id='word_1_866' title='bbox 1647 5405 1758 5453; x_wconf 91' lang='lat' dir='ltr'>tam</span> <span class='ocrx_word' id='word_1_867' title='bbox 1807 5397 2057 5455; x_wconf 89' lang='lat' dir='ltr'>eminens</span> 
     </span>
    </p>
   </div>
   <div class='ocr_carea' id='block_1_102' title="bbox 535 5531 2054 5605">
    <p class='ocr_par' dir='ltr' id='par_1_102' title="bbox 535 5531 2054 5605">
     <span class='ocr_line' id='line_1_102' title="bbox 535 5531 2054 5605; baseline 0.003 -19"><span class='ocrx_word' id='word_1_868' title='bbox 535 5532 554 5602; x_wconf 94' lang='lat'>(</span> <span class='ocrx_word' id='word_1_869' title='bbox 564 5531 616 5604; x_wconf 88' lang='grc'><strong>1)</strong></span> <span class='ocrx_word' id='word_1_870' title='bbox 657 5532 1003 5588; x_wconf 76' lang='lat' dir='ltr'>Dilectissime</span> <span class='ocrx_word' id='word_1_871' title='bbox 1029 5533 1132 5605; x_wconf 75' lang='lat' dir='ltr'>ﬁli,</span> <span class='ocrx_word' id='word_1_872' title='bbox 1147 5533 1292 5589; x_wconf 89' lang='lat' dir='ltr'>hanc</span> <span class='ocrx_word' id='word_1_873' title='bbox 1319 5531 1683 5605; x_wconf 85' lang='lat' dir='ltr'>apostrophen</span> <span class='ocrx_word' id='word_1_874' title='bbox 1715 5531 1809 5592; x_wconf 85' lang='lat' dir='ltr'>hic</span> <span class='ocrx_word' id='word_1_875' title='bbox 1830 5540 1886 5591; x_wconf 87' lang='lat' dir='ltr'>et</span> <span class='ocrx_word' id='word_1_876' title='bbox 1908 5533 2054 5590; x_wconf 84' lang='lat' dir='ltr'>infra</span> 
     </span>
    </p>
   </div>
   <div class='ocr_carea' id='block_1_103' title="bbox 460 5603 1672 5677">
    <p class='ocr_par' dir='ltr' id='par_1_103' title="bbox 460 5603 1672 5677">
     <span class='ocr_line' id='line_1_103' title="bbox 460 5603 1672 5677; baseline 0.002 -19"><span class='ocrx_word' id='word_1_877' title='bbox 460 5603 756 5677; x_wconf 70' lang='lat' dir='ltr'>iterum_ac</span> <span class='ocrx_word' id='word_1_878' title='bbox 785 5605 950 5677; x_wconf 80' lang='lat' dir='ltr'>tertio</span> <span class='ocrx_word' id='word_1_879' title='bbox 980 5603 1136 5660; x_wconf 79' lang='lat' dir='ltr'>Rem.</span> <span class='ocrx_word' id='word_1_880' title='bbox 1173 5603 1672 5677; x_wconf 29' lang='lat' dir='ltr'>editio‘jugularat.</span> 
     </span>
    </p>
   </div>
   <div class='ocr_carea' id='block_1_104' title="bbox 533 5673 1871 5750">
    <p class='ocr_par' dir='ltr' id='par_1_104' title="bbox 533 5673 1871 5750">
     <span class='ocr_line' id='line_1_104' title="bbox 533 5673 1871 5750; baseline 0.005 -23"><span class='ocrx_word' id='word_1_881' title='bbox 533 5673 612 5743; x_wconf 82' lang='lat'>(2)</span> <span class='ocrx_word' id='word_1_882' title='bbox 653 5675 811 5730; x_wconf 80' lang='lat' dir='ltr'>Rom.</span> <span class='ocrx_word' id='word_1_883' title='bbox 848 5675 984 5732; x_wconf 85' lang='lat' dir='ltr'>edit.</span> <span class='ocrx_word' id='word_1_884' title='bbox 1016 5693 1082 5731; x_wconf 74' lang='lat' dir='ltr'>ex</span> <span class='ocrx_word' id='word_1_885' title='bbox 1109 5693 1235 5749; x_wconf 83' lang='lat' dir='ltr'>quo,</span> <span class='ocrx_word' id='word_1_886' title='bbox 1251 5693 1352 5749; x_wconf 82' lang='lat' dir='ltr'>per</span> <span class='ocrx_word' id='word_1_887' title='bbox 1374 5673 1560 5750; x_wconf 67' lang='lat' dir='ltr'>quem,</span> <span class='ocrx_word' id='word_1_888' title='bbox 1587 5683 1635 5732; x_wconf 81' lang='lat' dir='ltr'>et</span> <span class='ocrx_word' id='word_1_889' title='bbox 1662 5677 1719 5732; x_wconf 77' lang='lat' dir='ltr'>in</span> <span class='ocrx_word' id='word_1_890' title='bbox 1747 5693 1871 5750; x_wconf 84' lang='lat' dir='ltr'>quo.</span> 
     </span>
    </p>
   </div>
   <div class='ocr_carea' id='block_1_105' title="bbox 2170 4591 3768 4665">
    <p class='ocr_par' dir='ltr' id='par_1_105' title="bbox 2170 4591 3768 4665">
     <span class='ocr_line' id='line_1_105' title="bbox 2170 4591 3768 4665; baseline 0.003 -19"><span class='ocrx_word' id='word_1_891' title='bbox 2170 4591 2415 4648; x_wconf 89' lang='lat' dir='ltr'>attendat</span> <span class='ocrx_word' id='word_1_892' title='bbox 2465 4593 2656 4665; x_wconf 62' lang='lat' dir='ltr'>primm</span> <span class='ocrx_word' id='word_1_893' title='bbox 2697 4592 3038 4649; x_wconf 86' lang='lat' dir='ltr'>conditionis</span> <span class='ocrx_word' id='word_1_894' title='bbox 3086 4609 3198 4648; x_wconf 63' lang='lat' dir='ltr'>suae</span> <span class='ocrx_word' id='word_1_895' title='bbox 3245 4593 3661 4662; x_wconf 82' lang='lat' dir='ltr'>excellentiam,</span> <span class='ocrx_word' id='word_1_896' title='bbox 3717 4603 3768 4650; x_wconf 84' lang='lat' dir='ltr'>et</span> 
     </span>
    </p>
   </div>
   <div class='ocr_carea' id='block_1_106' title="bbox 2168 4681 3765 4756">
    <p class='ocr_par' dir='ltr' id='par_1_106' title="bbox 2168 4681 3765 4756">
     <span class='ocr_line' id='line_1_106' title="bbox 2168 4681 3765 4756; baseline 0.002 -20"><span class='ocrx_word' id='word_1_897' title='bbox 2168 4682 2535 4738; x_wconf 87' lang='lat' dir='ltr'>venerandam</span> <span class='ocrx_word' id='word_1_898' title='bbox 2579 4683 2638 4738; x_wconf 91' lang='lat' dir='ltr'>in</span> <span class='ocrx_word' id='word_1_899' title='bbox 2663 4681 2841 4754; x_wconf 90' lang='lat' dir='ltr'>seipso</span> <span class='ocrx_word' id='word_1_900' title='bbox 2882 4691 3086 4738; x_wconf 71' lang='lat' dir='ltr'>sanctae</span> <span class='ocrx_word' id='word_1_901' title='bbox 3126 4682 3413 4738; x_wconf 89' lang='lat' dir='ltr'>Trinitatis</span> <span class='ocrx_word' id='word_1_902' title='bbox 3461 4682 3765 4756; x_wconf 85' lang='lat' dir='ltr'>imaginem</span> 
     </span>
    </p>
   </div>
   <div class='ocr_carea' id='block_1_107' title="bbox 2168 4771 3762 4847">
    <p class='ocr_par' dir='ltr' id='par_1_107' title="bbox 2168 4771 3762 4847">
     <span class='ocr_line' id='line_1_107' title="bbox 2168 4771 3762 4847; baseline 0.004 -23"><span class='ocrx_word' id='word_1_903' title='bbox 2168 4779 2443 4841; x_wconf 85' lang='lat' dir='ltr'>agnoscat,</span> <span class='ocrx_word' id='word_1_904' title='bbox 2466 4771 2840 4844; x_wconf 90' lang='lat' dir='ltr'>honoremque</span> <span class='ocrx_word' id='word_1_905' title='bbox 2868 4771 3256 4828; x_wconf 88' lang='lat' dir='ltr'>similitudinis</span> <span class='ocrx_word' id='word_1_906' title='bbox 3279 4772 3491 4829; x_wconf 68' lang='lat' dir='ltr'>divinae</span> <span class='ocrx_word' id='word_1_907' title='bbox 3512 4774 3580 4830; x_wconf 89' lang='lat' dir='ltr'>ad</span> <span class='ocrx_word' id='word_1_908' title='bbox 3605 4790 3762 4847; x_wconf 86' lang='lat' dir='ltr'>quem</span> 
     </span>
    </p>
   </div>
   <div class='ocr_carea' id='block_1_108' title="bbox 2168 4860 3762 4932">
    <p class='ocr_par' dir='ltr' id='par_1_108' title="bbox 2168 4860 3762 4932">
     <span class='ocr_line' id='line_1_108' title="bbox 2168 4860 3762 4932; baseline 0.004 -18"><span class='ocrx_word' id='word_1_909' title='bbox 2168 4867 2381 4916; x_wconf 88' lang='lat' dir='ltr'>creatus</span> <span class='ocrx_word' id='word_1_910' title='bbox 2417 4868 2519 4929; x_wconf 90' lang='lat' dir='ltr'>est,</span> <span class='ocrx_word' id='word_1_911' title='bbox 2567 4860 2856 4916; x_wconf 90' lang='lat' dir='ltr'>nobilitate</span> <span class='ocrx_word' id='word_1_912' title='bbox 2887 4877 3128 4929; x_wconf 91' lang='lat' dir='ltr'>morum,</span> <span class='ocrx_word' id='word_1_913' title='bbox 3165 4861 3436 4918; x_wconf 82' lang='lat' dir='ltr'>exercitio</span> <span class='ocrx_word' id='word_1_914' title='bbox 3464 4863 3762 4932; x_wconf 86' lang='lat' dir='ltr'>virtutum,</span> 
     </span>
    </p>
   </div>
   <div class='ocr_carea' id='block_1_109' title="bbox 2167 4949 3764 5025">
    <p class='ocr_par' dir='ltr' id='par_1_109' title="bbox 2167 4949 3764 5025">
     <span class='ocr_line' id='line_1_109' title="bbox 2167 4949 3764 5025; baseline 0.003 -21"><span class='ocrx_word' id='word_1_915' title='bbox 2167 4949 2435 5022; x_wconf 89' lang='lat' dir='ltr'>dignitate</span> <span class='ocrx_word' id='word_1_916' title='bbox 2465 4950 2788 5006; x_wconf 89' lang='lat' dir='ltr'>meritorum</span> <span class='ocrx_word' id='word_1_917' title='bbox 2819 4950 3022 5007; x_wconf 90' lang='lat' dir='ltr'>habere</span> <span class='ocrx_word' id='word_1_918' title='bbox 3051 4949 3383 5018; x_wconf 88' lang='lat' dir='ltr'>contendat;</span> <span class='ocrx_word' id='word_1_919' title='bbox 3441 4959 3506 5007; x_wconf 91' lang='lat' dir='ltr'>ut</span> <span class='ocrx_word' id='word_1_920' title='bbox 3543 4953 3764 5025; x_wconf 85' lang='lat' dir='ltr'>quando</span> 
     </span>
    </p>
   </div>
   <div class='ocr_carea' id='block_1_110' title="bbox 2167 5039 3766 5115">
    <p class='ocr_par' dir='ltr' id='par_1_110' title="bbox 2167 5039 3766 5115">
     <span class='ocr_line' id='line_1_110' title="bbox 2167 5039 3766 5115; baseline 0.004 -21"><span class='ocrx_word' id='word_1_921' title='bbox 2167 5048 2420 5111; x_wconf 88' lang='lat' dir='ltr'>appareat</span> <span class='ocrx_word' id='word_1_922' title='bbox 2475 5040 2652 5111; x_wconf 89' lang='lat' dir='ltr'>qualis</span> <span class='ocrx_word' id='word_1_923' title='bbox 2699 5039 2793 5107; x_wconf 90' lang='lat' dir='ltr'>sit,</span> <span class='ocrx_word' id='word_1_924' title='bbox 2850 5047 2986 5095; x_wconf 88' lang='lat' dir='ltr'>tunc</span> <span class='ocrx_word' id='word_1_925' title='bbox 3035 5040 3235 5096; x_wconf 89' lang='lat' dir='ltr'>similis</span> <span class='ocrx_word' id='word_1_926' title='bbox 3293 5041 3343 5098; x_wconf 89' lang='lat' dir='ltr'>ei</span> <span class='ocrx_word' id='word_1_927' title='bbox 3397 5051 3662 5114; x_wconf 86' lang='lat' dir='ltr'>appareat</span> <span class='ocrx_word' id='word_1_928' title='bbox 3713 5044 3766 5115; x_wconf 86' lang='lat' dir='ltr'>(I</span> 
     </span>
    </p>
   </div>
   <div class='ocr_carea' id='block_1_111' title="bbox 2165 5129 3757 5204">
    <p class='ocr_par' dir='ltr' id='par_1_111' title="bbox 2165 5129 3757 5204">
     <span class='ocr_line' id='line_1_111' title="bbox 2165 5129 3757 5204; baseline 0.002 -20"><span class='ocrx_word' id='word_1_929' title='bbox 2165 5130 2322 5186; x_wconf 83' lang='lat' dir='ltr'>Joan.</span> <span class='ocrx_word' id='word_1_930' title='bbox 2356 5146 2442 5198; x_wconf 89' lang='grc' dir='ltr'><strong><em>ιιι,</em></strong></span> <span class='ocrx_word' id='word_1_931' title='bbox 2474 5130 2556 5198; x_wconf 83' lang='lat'>2),</span> <span class='ocrx_word' id='word_1_932' title='bbox 2601 5130 2694 5204; x_wconf 92' lang='lat' dir='ltr'>qui</span> <span class='ocrx_word' id='word_1_933' title='bbox 2738 5147 2795 5186; x_wconf 90' lang='lat' dir='ltr'>se</span> <span class='ocrx_word' id='word_1_934' title='bbox 2834 5129 3166 5186; x_wconf 91' lang='lat' dir='ltr'>mirabiliter</span> <span class='ocrx_word' id='word_1_935' title='bbox 3211 5129 3281 5185; x_wconf 89' lang='lat' dir='ltr'>ad</span> <span class='ocrx_word' id='word_1_936' title='bbox 3325 5131 3757 5189; x_wconf 86' lang='lat' dir='ltr'>similitudinem</span> 
     </span>
    </p>
   </div>
   <div class='ocr_carea' id='block_1_112' title="bbox 2165 5216 3757 5295">
    <p class='ocr_par' dir='ltr' id='par_1_112' title="bbox 2165 5216 3757 5295">
     <span class='ocr_line' id='line_1_112' title="bbox 2165 5216 3757 5295; baseline 0.004 -22"><span class='ocrx_word' id='word_1_937' title='bbox 2165 5235 2319 5274; x_wconf 89' lang='lat' dir='ltr'>suam</span> <span class='ocrx_word' id='word_1_938' title='bbox 2349 5218 2406 5275; x_wconf 90' lang='lat' dir='ltr'>in</span> <span class='ocrx_word' id='word_1_939' title='bbox 2437 5219 2615 5291; x_wconf 90' lang='lat' dir='ltr'>primo</span> <span class='ocrx_word' id='word_1_940' title='bbox 2643 5219 2820 5276; x_wconf 84' lang='lat' dir='ltr'>Adam</span> <span class='ocrx_word' id='word_1_941' title='bbox 2849 5216 3124 5289; x_wconf 89' lang='lat' dir='ltr'>condidit,</span> <span class='ocrx_word' id='word_1_942' title='bbox 3149 5219 3575 5295; x_wconf 87' lang='lat' dir='ltr'>mirabiliusque</span> <span class='ocrx_word' id='word_1_943' title='bbox 3606 5223 3668 5278; x_wconf 87' lang='lat' dir='ltr'>in</span> <span class='ocrx_word' id='word_1_944' title='bbox 3684 5238 3757 5278; x_wconf 81' lang='lat' dir='ltr'>se-</span> 
     </span>
    </p>
   </div>
   <div class='ocr_carea' id='block_1_113' title="bbox 2164 5308 2720 5366">
    <p class='ocr_par' dir='ltr' id='par_1_113' title="bbox 2164 5308 2720 5366">
     <span class='ocr_line' id='line_1_113' title="bbox 2164 5308 2720 5366; baseline 0.002 -1"><span class='ocrx_word' id='word_1_945' title='bbox 2164 5308 2346 5365; x_wconf 90' lang='lat' dir='ltr'>cundo</span> <span class='ocrx_word' id='word_1_946' title='bbox 2375 5308 2720 5366; x_wconf 87' lang='lat' dir='ltr'>reformavit.</span> 
     </span>
    </p>
   </div>
   <div class='ocr_carea' id='block_1_114' title="bbox 2162 5536 3758 5668">
    <p class='ocr_par' dir='ltr' id='par_1_114' title="bbox 2162 5536 3758 5668">
     <span class='ocr_line' id='line_1_114' title="bbox 2162 5536 3758 5668; baseline -0.006 -70"><span class='ocrx_word' id='word_1_947' title='bbox 2162 5536 2562 5668; x_wconf 37' lang='lat' dir='ltr'>Deghgadem</span> <span class='ocrx_word' id='word_1_948' title='bbox 2593 5537 2753 5606; x_wconf 88' lang='lat' dir='ltr'>edit.,</span> <span class='ocrx_word' id='word_1_949' title='bbox 2801 5545 2848 5594; x_wconf 85' lang='lat' dir='ltr'>et</span> <span class='ocrx_word' id='word_1_950' title='bbox 2874 5555 2982 5595; x_wconf 81' lang='lat' dir='ltr'>non</span> <span class='ocrx_word' id='word_1_951' title='bbox 3009 5539 3128 5611; x_wconf 77' lang='lat' dir='ltr'>ipsa</span> <span class='ocrx_word' id='word_1_952' title='bbox 3157 5555 3273 5610; x_wconf 65' lang='lat' dir='ltr'>qua</span> <span class='ocrx_word' id='word_1_953' title='bbox 3293 5537 3429 5610; x_wconf 79' lang='lat' dir='ltr'>ipsa.</span> <span class='ocrx_word' id='word_1_954' title='bbox 3489 5540 3601 5598; x_wconf 75' lang='lat' dir='ltr'>Ista</span> <span class='ocrx_word' id='word_1_955' title='bbox 3656 5539 3758 5593; x_wconf 70' lang='lat' dir='ltr'>duo</span> 
     </span>
    </p>
   </div>
  </div>
