4026 6172
286 227 422 326 1109

1705 269 2170 329 EXORCISMUS.

3451 277 3586 334 1110

1595 551 2278 638 MONITUM.

358 851 603 926 Sequens
631 851 972 908 exorcismus
998 868 1026 906 e
1059 850 1328 909 Vaticano
1353 850 1547 908 codice
1576 867 1848 907 annorum
1881 850 2006 919 600,
2046 852 2103 906 in
2135 867 2242 924 quo
2274 850 2630 907 Ambrosium
2670 860 2950 907 auctorem
2997 851 3236 924 praefert,
3275 852 3584 926 exscriptus

285 938 420 996 fuit.
467 940 733 1008 Quamvis
770 946 951 995 autem
988 939 1044 996 in
1082 940 1328 997 Romano
1363 940 1569 996 Bituali
1600 939 1744 995 idem
1777 939 2078 1007 habeatur;
2125 940 2254 1012 quia
2289 948 2471 996 tamen
2502 939 2620 994 illic
2647 939 2946 996 dissecatus
2975 949 3056 996 est
3085 941 3142 996 in
3173 941 3352 998 varias
3383 949 3580 1013 partes,

282 1043 347 1084 ac
376 1028 514 1084 locis
563 1028 727 1084 etiam
762 1030 1050 1085 nonnullis
1095 1039 1190 1085 aut
1237 1029 1440 1085 additis
1486 1036 1583 1084 aut
1623 1029 1932 1085 immutatis
1959 1028 2232 1098 diversus,
2274 1045 2398 1084 eum
2441 1029 2510 1084 ad
2549 1028 2911 1101 manuscripti
2956 1029 3119 1086 ﬁdem
3165 1029 3256 1087 hic
3297 1029 3578 1100 exhibere,

284 1117 526 1174 maxime
553 1117 624 1175 ob
661 1118 854 1191 scripti
884 1119 1232 1187 brevitatem,
1266 1136 1376 1175 non
1407 1136 1598 1175 sumus
1623 1119 1855 1191 gravati.

1160 1416 2718 1595 EXORCISMUS.

361 1819 506 1878 613
547 1811 909 1886 Omnipotens
953 1815 1206 1883 Domine,
1247 1815 1492 1873 Verbum
1538 1813 1639 1871 Dei
1679 1813 1879 1888 Patris,
1909 1818 1955 1877 Α
1990 1809 2049 1866 in
2100 1811 2279 1883 ignem
2325 1818 2611 1880 aeternum,
2661 1827 2822 1885 quem
2868 1812 3196 1884 praeparavit
3233 1817 3379 1875 614
3426 1813 3584 1871 Pater

279 1915 496 1972 Christe
527 1914 673 1982 Iesu,
704 1915 850 1969 Deus
880 1921 934 1969 et
972 1915 1243 1972 Dominus
1274 1917 1548 1972 universae
1595 1925 1876 1985 creaturae,

279 2003 377 2076 qui
433 2002 636 2058 sanctis
685 2003 946 2074 apostolis
995 2003 1106 2060 tuis
1147 2013 1465 2077 potestatem
1515 2006 1713 2062 dedisti
1760 2007 1881 2062 cal-

282 2092 447 2149 candi
499 2110 662 2165 supra
690 2103 968 2166 serpentes
999 2103 1051 2151 et
1081 2096 1394 2168 scorpiones
1429 2115 1438 2152 :
1483 2096 1575 2169 qui
1609 2096 1753 2152 inter
1782 2115 1880 2154 cm-

283 2191 400 2237 tera
469 2181 809 2238 mirabilium
886 2190 1108 2238 tuorum
1187 2192 1453 2258 prmcepta
1516 2185 1772 2258 dignatus
1825 2204 1881 2242 es

279 2277 460 2335 dicere
521 2296 532 2334 :
609 2302 627 2326 ε
687 2281 977 2336 Daemones
1029 2279 1263 2351 eﬂ'ugate
1321 2280 1535 2350 (Matth.
1590 2297 1646 2348 x,
1703 2281 1805 2349 8);
1847 2304 1865 2327 ›

277 2369 440 2442 cujus
483 2370 690 2425 virtute
720 2369 902 2425 victus
939 2377 1196 2441 tanquam
1231 2369 1414 2441 fulgur
1444 2369 1511 2425 de
1552 2371 1690 2426 coelo
1720 2370 1881 2425 Sata-

284 2475 382 2514 nas
437 2459 693 2516 cecidit:
762 2467 917 2514 tuum
976 2475 1178 2514 nomen
1231 2475 1356 2514 cum
1414 2459 1611 2513 timore
1668 2467 1720 2514 et
1776 2468 1881 2514 tre-

280 2561 433 2601 more
473 2549 705 2619 supplex
753 2563 964 2619 precor,
1016 2555 1077 2602 ut
1121 2546 1506 2618 indignissimo
1559 2546 1718 2614 mihi,
1757 2547 1881 2602 data

283 2635 448 2690 venia
489 2635 742 2691 omnium
785 2635 1138 2703 delictorum,
1186 2635 1574 2691 confidentiam
1616 2643 1666 2690 et
1697 2637 1882 2707 possi-

280 2724 552 2781 bilitatem
583 2726 788 2782 donare
835 2725 1122 2797 dignetur;
1169 2733 1230 2781 ut
1260 2726 1410 2782 hunc
1438 2726 1713 2782 crudelem
1746 2727 1882 2780 dra-

277 2830 468 2870 conem
504 2813 717 2870 brachii
749 2815 829 2870 tui
859 2815 1108 2871 munitus
1136 2815 1400 2888 potentia,
1442 2815 1678 2870 ﬁdeliter
1707 2825 1760 2870 et
1788 2832 1883 2870 se-

277 2921 446 2960 curus
493 2905 795 2977 aggrediar.
847 2905 1058 2977 Adjuro
1100 2914 1153 2960 te
1192 2922 1338 2976 ergo,
1393 2905 1573 2958 omnis
1627 2903 1882 2958 immun-

276 2993 506 3049 dissime
550 2994 798 3066 spiritus,
836 3011 1000 3050 omne
1031 2994 1376 3066 phantasma,
1423 2993 1604 3047 omnis
1639 2991 1881 3047 incursio

277 3083 511 3151 Satanae,
545 3083 602 3138 in
635 3084 841 3140 virtute
894 3083 1136 3138 nominis
1183 3082 1412 3150 Christi,
1465 3082 1558 3154 qui
1589 3091 1708 3155 post
1741 3085 1882 3138 lava-

1993 1925 2142 1964 meus
2164 1907 2383 1964 diabolo
2406 1917 2460 1963 et
2489 1909 2695 1979 angelis
2719 1907 2837 1979 ejus
2869 1909 3076 1981 (Matth.
3103 1926 3236 1976 xxv,
3265 1910 3380 1982 41).
3406 1935 3424 1960 ι
3462 1911 3584 1967 Tibi

1989 1997 2159 2064 enim,
2183 1997 2371 2068 impie,
2396 2005 2447 2052 et
2472 1999 2680 2069 angelis
2701 1999 2810 2053 tuis
2833 1997 3036 2053 vermis
3055 1999 3149 2070 qui
3171 2014 3452 2071 nunquam
3474 2017 3588 2055 mo-

1989 2086 2132 2141 ritur
2163 2105 2174 2142 :
2207 2085 2309 2142 tibi
2361 2093 2415 2140 et
2457 2086 2665 2157 angelis
2717 2087 2827 2142 tuis
2882 2087 3336 2157 inexstinguibile
3385 2105 3586 2161 prmpa-

1990 2185 2142 2234 ratur
2175 2178 2491 2234 incendium
2521 2199 2534 2247 ;
2591 2179 2720 2252 quia
2748 2187 2808 2235 tu
2838 2197 2914 2248 es,
2953 2181 3260 2249 maledicte,
3297 2181 3584 2238 homicidii

1993 2265 2268 2338 princeps,
2317 2273 2378 2320 tu
2408 2274 2600 2322 auctor
2630 2267 2846 2335 incesti,
2892 2277 2953 2323 tu
2983 2268 3370 2340 sacrilegorum
3401 2277 3586 2341 caput,

1997 2363 2056 2410 tu
2108 2355 2310 2410 artium
2361 2356 2722 2426 pessimarum
2774 2361 3048 2427 magister,
3097 2365 3156 2412 tu
3205 2357 3577 2413 haereticorum

1990 2445 2202 2513 doctor,
2252 2453 2313 2500 tu
2355 2445 2527 2500 totius
2568 2445 2924 2502 obscenitatis
2969 2447 3247 2503 inventor.
3285 2447 3394 2502 Exi
3437 2464 3584 2518 ergo,

1991 2535 2180 2605 impie,
2227 2533 2338 2601 exi,
2391 2536 2672 2600 scelerate,
2720 2535 2810 2588 exi
2840 2551 2964 2590 cum
2998 2535 3149 2590 omni
3198 2535 3417 2589 fallacia
3445 2543 3576 2600 tua;

1991 2623 2120 2693 quia
2170 2622 2450 2676 hominem
2501 2623 2768 2691 templum
2816 2638 2977 2676 suum
3029 2621 3207 2676 voluit
3253 2637 3369 2676 esse
3418 2623 3586 2677 Deus.

1991 2710 2096 2766 Sed
2127 2710 2260 2782 quid
2291 2709 2503 2764 diutius
2547 2708 2820 2764 moraris?
2867 2711 2948 2764 Da
2993 2708 3260 2764 honorem
3298 2710 3413 2764 Deo
3439 2708 3588 2764 Patri

1991 2797 2385 2870 omnipotenti,
2430 2798 2519 2853 cui
2559 2814 2721 2852 omne
2767 2796 3004 2852 ﬂectitur
3050 2813 3235 2868 genu:
3279 2796 3348 2852 da
3405 2797 3586 2853 locum

1993 2887 2214 2946 Christo
2245 2887 2392 2954 Jesu,
2425 2885 2519 2959 qui
2553 2902 2650 2957 pro
2680 2885 2906 2940 homine
2947 2902 3107 2941 suum
3151 2885 3474 2957 sanguinem
3505 2885 3588 2940 fu-

1991 2976 2075 3032 dit
2110 2995 2120 3031 :
2155 2976 2225 3030 da
2255 2975 2434 3029 locum
2486 2974 2716 3046 Spiritui
2759 2982 2971 3044 sancto,
3023 2975 3116 3047 qui
3146 2983 3198 3030 te
3229 2992 3325 3047 per
3366 2974 3587 3030 beatum

1991 3068 2304 3141 apostolum
2341 3085 2499 3123 suum
2552 3067 2773 3123 Petrum
2821 3067 3195 3123 manifestavit
3239 3067 3293 3122 in
3344 3067 3588 3146 Simone,

277 3189 434 3228 crum
470 3173 726 3228 Jordanis
757 3173 814 3228 in
847 3173 1120 3228 desertum
1153 3172 1351 3228 ductus
1382 3180 1484 3241 est,
1524 3154 1663 3228 etin
1695 3174 1805 3228 tuis
1833 3181 1886 3228 te
1916 3177 1959 3236 B
1992 3157 2085 3228 qni
2121 3156 2395 3211 fallacum
2437 3163 2586 3210 “1am
2620 3155 2674 3210 in
2711 3156 2928 3211 Anania
2965 3164 3020 3211 et
3066 3155 3298 3228 3313mm
3335 3154 3589 3212 condem'

282 3260 505 3316 sedibus
538 3260 712 3328 vicit;
746 3269 809 3316 ut
839 3277 999 3333 quem
1032 3261 1125 3316 ille
1153 3262 1220 3316 de
1251 3261 1384 3316 limo
1417 3271 1570 3317 terrae
1600 3262 1668 3317 ad
1696 3262 1882 3317 hono—

278 3367 391 3406 rem
429 3351 614 3422 gloriae
647 3368 756 3406 sua:
804 3351 1086 3418 formavit,
1117 3360 1176 3406 tu
1205 3350 1420 3406 desinas
1457 3351 1798 3422 impugnare,
1828 3359 1882 3407 et

279 3439 334 3494 in
387 3440 613 3496 homine
647 3441 947 3495 miserabili
997 3456 1107 3495 non
1155 3440 1452 3495 humanam
1503 3441 1875 3512 fragilitatem,

277 3528 372 3585 sed
403 3529 803 3602 omnipotentis
831 3528 928 3585 Dei
959 3528 1253 3600 imaginem
1293 3531 1706 3586 contremiscas.
1738 3531 1878 3588 Cede

275 3637 405 3694 ergo
435 3625 571 3688 Deo,
629 3622 720 3694 qui
753 3631 804 3677 te
838 3622 897 3676 in
939 3621 1231 3678 humiliato
1263 3623 1469 3679 famulo
1525 3640 1624 3678 suo
1670 3623 1772 3678 Job
1820 3623 1876 3678 in

274 3713 596 3768 servitutem
642 3711 895 3784 redegit:
945 3713 1075 3770 cede
1118 3715 1250 3781 Deo,
1300 3713 1393 3786 qui
1438 3721 1490 3769 te
1519 3723 1572 3769 et
1617 3713 1874 3768 militiam

271 3810 426 3857 tuam
461 3801 514 3856 in
563 3802 866 3871 Pharaone,
910 3813 963 3859 et
993 3804 1049 3858 in
1081 3802 1197 3874 ejus
1234 3803 1479 3860 exercitu
1527 3819 1622 3874 per
1652 3803 1873 3873 Moysen

274 3905 492 3943 servum
526 3907 683 3944 suum
715 3891 973 3948 demersit
1004 3893 1060 3947 in
1091 3893 1348 3964 abyssum
1387 3911 1397 3946 :
1447 3893 1576 3949 cede
1615 3894 1747 3958 Deo,
1781 3889 1876 3962 qui

275 3983 328 4030 te
359 3992 455 4047 per
481 3978 762 4032 Danielem
798 3997 1027 4050 puerum
1060 3997 1218 4035 suum
1253 3982 1309 4035 in
1357 3982 1480 4035 Beel
1514 3981 1773 4052 perdidit,
1823 3995 1876 4046 ei,

275 4066 333 4121 in
365 4064 600 4120 dracone
652 4067 984 4136 prostravit:
1045 4069 1173 4123 cede
1210 4070 1342 4136 Deo,
1387 4069 1480 4139 qui
1511 4077 1564 4123 te
1605 4085 1699 4139 per
1731 4067 1876 4121 ﬁde-

275 4157 551 4213 lissimum
603 4173 762 4212 suum
823 4157 998 4212 David
1047 4157 1113 4212 de
1162 4159 1321 4214 Saule
1366 4176 1488 4231 rege
1537 4158 1875 4231 spiritalibus

273 4249 506 4306 canticis
537 4249 754 4319 pulsum
788 4247 1002 4320 fugavit
1036 4265 1047 4302 :
1099 4249 1232 4303 cede
1263 4251 1396 4316 Deo,
1428 4249 1521 4321 qui
1567 4257 1620 4304 te
1650 4249 1705 4303 in
1736 4247 1875 4302 Juda

277 4337 538 4393 traditore
567 4337 876 4393 damnavit.
929 4338 1024 4392 Ille
1055 4337 1202 4392 enim
1234 4346 1286 4392 te
1317 4355 1464 4393 nunc
1501 4337 1710 4393 divinis
1739 4354 1872 4392 ver-

273 4426 498 4482 beribus
528 4426 662 4498 agit,
697 4425 753 4480 in
784 4424 942 4496 cujus
989 4433 1285 4498 conspectu
1333 4443 1459 4482 cum
1509 4426 1620 4481 tuis
1648 4426 1871 4498 legioni-

1993 3248 2168 3315 navit,
2223 3248 2314 3320 qui
2366 3255 2418 3302 te
2455 3248 2509 3302 in
2560 3246 2775 3302 Herode
2828 3262 2950 3318 rege
3002 3245 3268 3302 honorem
3316 3249 3430 3302 Deo
3477 3263 3587 3302 non

1991 3336 2157 3392 dante
2201 3335 2489 3407 percussit,
2540 3336 2634 3408 qui
2666 3344 2718 3390 te
2764 3334 2820 3389 in
2850 3334 3088 3406 pessimo
3128 3351 3285 3405 mago
3318 3351 3412 3406 per
3441 3351 3587 3407 apo-

1991 3427 2193 3482 stolum
2228 3442 2386 3480 suum
2426 3426 2654 3480 Paulum
2687 3423 2949 3482 caecitatis
2976 3423 3209 3495 caligine
3236 3423 3497 3496 perfudit,
3534 3430 3590 3478 et

1987 3538 2084 3594 per
2113 3519 2365 3575 eumdem
2410 3519 2478 3574 de
2523 3519 2848 3591 pythonissa
2891 3517 3062 3574 verbo
3111 3517 3389 3589 imperans
3434 3517 3588 3572 exire

1986 3611 2264 3683 praecepit.
2290 3609 2519 3666 Discede
2547 3625 2676 3681 ergo
2697 3625 2867 3675 nunc,
2892 3607 3132 3675 discede,
3163 3606 3450 3675 seductor;
3483 3605 3587 3661 tibi

1989 3701 2135 3756 enim
2171 3716 2384 3756 eremus
2427 3698 2580 3754 sedes
2600 3705 2713 3765 .est,
2765 3697 2868 3753 tibi
2904 3696 3175 3752 habitatio
3217 3713 3439 3768 serpens
3482 3704 3583 3752 est.

1987 3789 2314 3858 Humiliare,
2370 3797 2757 3861 prosternere:
2820 3804 2931 3842 non
2989 3795 3069 3842 est
3119 3785 3232 3858 jam
3295 3784 3585 3842 differendi

1985 3885 2221 3948 tempus.
2277 3879 2417 3932 Ecce
2447 3877 2594 3931 enim
2645 3877 2961 3931 dominator
2987 3875 3257 3930 Dominus
3288 3875 3584 3946 proximat,

1985 3967 2096 4021 cito
2148 3967 2290 4037 ignis
2337 3973 2462 4020 ante
2512 3966 2691 4036 ipsum
2739 3964 2973 4031 ardebit,
3021 3971 3075 4018 et
3122 3961 3488 4017 inﬂammabit
3527 3963 3585 4016 in

1985 4060 2223 4113 circuitu
2277 4058 2536 4113 inimicos
2583 4074 2730 4112 suos.
2786 4057 2841 4112 Si
2885 4055 3034 4112 enim
3078 4055 3358 4110 hominem
3414 4053 3580 4121 fallis,

1984 4149 2286 4204 Dominum
2320 4162 2430 4200 non
2477 4153 2628 4216 potes
2678 4144 2924 4199 irridere.
2978 4143 3075 4198 Ille
3115 4150 3168 4197 te
3211 4139 3382 4211 ejicit,
3425 4139 3584 4212 cujus

1983 4237 2159 4294 oculis
2211 4235 2354 4291 nihil
2399 4235 2674 4291 occultum
2711 4241 2836 4287 cst:
2889 4232 2982 4287 ille
3033 4238 3086 4285 te
3133 4229 3382 4302 expellit,
3425 4229 3583 4302 cujus

1985 4326 2184 4381 virtuti
2220 4325 2481 4379 universa
2505 4321 2748 4393 subjecta
2781 4328 2911 4376 sunt
2940 4339 2951 4375 :
2986 4319 3080 4374 ille
3104 4326 3157 4374 te
3185 4317 3452 4387 excludit,
3485 4318 3580 4391 qui

1982 4413 2087 4468 tibi
2119 4422 2173 4468 et
2202 4411 2413 4484 angelis
2447 4411 2558 4467 tuis
2585 4420 2840 4466 aeternam
2883 4405 3207 4481 praeparavit
3252 4405 3579 4478 gehennam,

274 4519 376 4574 bus
403 4497 644 4573 tremens
689 4517 964 4573 clamabas
993 4535 1004 4572 :
1070 4542 1086 4562 ι
1120 4497 1262 4585 Quid
1294 4517 1452 4574 nobis
1481 4525 1534 4572 et
1579 4497 1715 4584 tibi,
1742 4518 1869 4572 Jesu
1904 4532 1948 4593 α
1981 4503 2048 4558 de
2079 4502 2238 4574 οιιὶιιε
2273 4519 2369 4593 fore
2399 4502 2550 4557 θΧίθῐ
2579 4499 2792 4593 ϐῙδξῘίιξξ
2820 4498 2906 4555 his
2931 4505 3145 4593 acumf”:
3183 4497 3279 4570 qui
3313 4503 3580 4593 νθξηαηε

274 4607 354 4662 fili
379 4607 556 4664 David
579 4607 606 4662 ?
638 4607 838 4662 venisti
859 4615 984 4662 ante
1006 4614 1220 4679 tempus
1251 4615 1501 4681 torquere
1527 4622 1627 4662 nos
1650 4608 1862 4677 (Matth.

274 4716 398 4767 VIII,
431 4697 546 4769 29).
579 4723 598 4748 ο
659 4699 757 4754 Ille
788 4706 840 4754 te
870 4698 1108 4754 ﬂammis
1137 4697 1413 4771 perpetuis
1462 4706 1638 4770 urget,
1684 4698 1777 4770 qui
1810 4698 1867 4752 in

275 4787 383 4846 fine
410 4797 724 4861 temporum
753 4787 1006 4848 dicturus
1032 4795 1114 4846 est
1140 4789 1354 4863 impiis:
1395 4813 1413 4839 ε
1441 4790 1541 4860 Ite,
1564 4788 1867 4855 maledicti,

1975 4601 2057 4649 est
2087 4593 2144 4648 in
2189 4592 2401 4664 Spiritu
2445 4597 2634 4647 sancto
2659 4587 2908 4660 judicare
2937 4587 3198 4644 saeculum
3248 4602 3345 4658 per
3373 4586 3576 4658 ignem,

1975 4697 2154 4737 amen.
