4086 6208
527 315 656 373 1111

1538 311 1635 367 AD
1674 306 1908 367 OPERA
1945 306 2001 364 S.
2037 305 2372 365 AMBROSII
2408 304 2790 365 APPENDIX.

3695 303 3839 362 1112

1572 660 2773 837 APPENDIX

1050 957 1242 1105 AD
1364 952 1850 1104 OPERA
1962 949 2468 1102 SANGTI
2553 944 3287 1100 AMBROSII.

1703 1455 2039 1542 PARS
2123 1450 2662 1542 ALTERA

847 1638 1285 1725 complectens
1334 1634 1651 1724 opuscula
1698 1651 1846 1723 quae
1894 1635 1962 1703 in
2010 1634 2297 1705 editione
2341 1629 2762 1705 Benedictina
2810 1646 2943 1700 non
2990 1635 3145 1700 sunt
3189 1629 3501 1699 admissa.

1306 2005 1807 2086 ADMONITIO
1883 2007 1975 2082 IN
2042 2006 2272 2083 ACTA
2344 2009 2420 2083 S.
2495 2006 3054 2084 SEBASTIANI.

1624 2174 1775 2238 (Acta
1804 2172 1906 2227 SS.
1944 2170 2183 2225 Bolland.
2218 2170 2431 2224 Januar.
2468 2176 2593 2221 tom.
2632 2167 2731 2236 II.)

603 2538 653 2594 1.
711 2534 871 2593 Illius
943 2550 1006 2590 ac
1069 2531 1333 2589 sociorum
1403 2532 1541 2589 Acta
1612 2537 1777 2588 censet
1848 2532 2121 2589 Barouius
2146 2554 2197 2614 Α
2230 2533 2430 2589 tradita
2471 2533 2836 2605 interpolasse.
2894 2534 3071 2604 Neque
3112 2535 3282 2606 stylus
3314 2533 3381 2590 ab
3418 2533 3711 2591 Ambrosii
3742 2536 3848 2592 ele-

527 2647 620 2688 an.
649 2628 773 2697 286,
804 2644 952 2684 num.
986 2627 1039 2696 2,
1081 2642 1195 2683 esse
1224 2624 1469 2697 legitima
1496 2640 1560 2681 ac
1587 2623 1753 2697 digna
1781 2640 1902 2697 quae
1930 2624 2131 2680 Anna—

528 2720 674 2776 libus
702 2724 1041 2775 attexantur.
1087 2717 1317 2773 Joannes
1353 2715 1594 2771 Hesselsa
1634 2714 1895 2779 Lovanio,
1925 2713 2132 2771 Moloni

526 2809 797 2881 magister,
816 2808 877 2863 in
897 2824 1118 2863 censura
1132 2806 1195 2861 de
1212 2804 1527 2877 quibusdam
1546 2810 1849 2859 sanctorum
1867 2803 2125 2873 historiis,

529 2899 659 2954 satis
698 2898 965 2971 alioquin,
995 2903 1055 2953 ut
1083 2895 1215 2951 alibi
1243 2913 1279 2949 a
1306 2894 1454 2949 nobis
1482 2894 1773 2949 indicatum
1803 2900 1897 2960 est,
1926 2911 2126 2964 severa,

527 2986 636 3042 ista
692 2987 878 3042 scribit
923 3003 941 3041 :
996 2985 1053 3041 S.
1112 2982 1417 3040 Sebastiani
1463 2989 1579 3038 tota
1632 2984 1811 3054 passio
1869 2982 2128 3039 omnibus

529 3074 710 3131 modis
740 3075 940 3147 placet,
971 3074 1030 3129 in
1060 3088 1169 3146 qua
1197 3072 1501 3128 multorum
1525 3071 1762 3128 aliorum
1791 3072 1972 3144 passio
1998 3087 2125 3129 con-

531 3163 760 3221 tinetur.

600 3345 653 3402 2.
693 3344 775 3401 Ea
801 3342 961 3413 Acta,
1005 3342 1182 3415 inquit
1210 3342 1533 3412 Galesinius,
1580 3358 1612 3399 a
1635 3350 1835 3401 sanctas
1865 3343 2126 3402 Romanas

525 3434 788 3492 Ecclesiae
838 3432 1072 3490 notariis
1114 3433 1431 3507 conscripta
1475 3441 1759 3506 putantur.
1807 3433 1875 3490 Id
1915 3434 2126 3504 quidem

526 3527 675 3582 nobis
712 3526 924 3582 minime
966 3527 1185 3582 dubium
1222 3533 1338 3591 est;
1376 3531 1434 3581 at
1459 3542 1564 3581 non
1602 3525 1872 3595 fortassis,
1903 3532 1963 3581 ut
1987 3542 2126 3582 nunc

526 3615 586 3669 in
611 3615 855 3669 manibus
899 3623 1039 3671 sunt.
1098 3615 1230 3671 Nam
1276 3615 1464 3669 horum
1508 3620 1695 3668 auctor
1727 3615 1783 3670 8.
1813 3614 2124 3671 Ambrosius

527 3708 648 3757 ante
688 3718 856 3756 annos
901 3701 1007 3757 800
1053 3702 1280 3757 habitus.
1339 3703 1427 3757 Ita
1471 3703 1755 3758 monachus
1806 3719 2120 3775 anongmus,

527 3807 634 3847 non
683 3791 1010 3859 ineruditus,
1066 3790 1159 3861 qui
1205 3790 1606 3847 translationem
1656 3791 2012 3863 reliquiarum
2062 3796 2120 3851 8.

531 3879 920 3984 §ebastianﬂinin
967 3879 1222 3984 galliam,
1351 3898 1459 3984 qua
1487 3898 1633 3984 mox,
1677 3881 1974 3984 descripsit,
2002 3900 2118 3955 cap.
2150 3924 2195 3984 B

527 3970 583 4037 6,
612 3987 759 4027 num.
792 3971 861 4028 22
891 3987 903 4026 :
956 3970 1180 4028 Alacres
1224 3970 1392 4027 simul
1440 3970 1653 4028 vadunt
1686 3970 1761 4028 ad
1800 3971 1980 4028 locum
2013 3988 2125 4029 non

521 4058 637 4132 jam
668 4059 959 4132 ignotum;
1000 4061 1045 4117 si
1085 4060 1309 4133 quidem
1357 4077 1428 4117 ex
1468 4061 1607 4118 serie
1644 4060 1914 4134 passionis
1950 4060 2068 4135 ejus
2095 4078 2127 4119 a

534 4148 591 4205 S.
620 4148 920 4205 Ambrosio
957 4149 1268 4207 luculenter
1294 4149 1456 4206 edita;
1484 4150 1811 4221 didicerant,
1863 4152 2127 4210 milliario

526 4238 697 4296 tertio
718 4237 785 4294 ab
812 4238 969 4307 urbe,
1002 4240 1122 4296 loco
1153 4239 1246 4313 qui
1277 4238 1348 4295 ob
1375 4239 1668 4297 stationem
1700 4240 1926 4297 navium
1957 4241 2127 4300 Cata-

527 4328 755 4385 cumbas
783 4328 1091 4396 dicebatur,
1137 4329 1462 4403 praecepisse
1502 4346 1601 4403 per
1643 4330 1828 4387 visum
1870 4331 2124 4389 eumdem

528 4418 907 4475 beatissimum
953 4427 1252 4493 martyrem
1296 4420 1520 4477 Lucinas
1568 4420 1789 4477 cuidam
1835 4428 2120 4491 matrona,

529 4508 748 4579 sepeliri
783 4525 839 4565 se
880 4509 949 4565 ad
988 4510 1221 4583 vestigia
1265 4512 1637 4584 apostolorum
1687 4512 1835 4569 Petri
1863 4520 1917 4570 et
1943 4513 2119 4571 Pauli.

528 4598 603 4652 Et
628 4596 686 4650 in
726 4597 975 4669 Epilogo,
1013 4615 1160 4654 num.
1196 4598 1340 4657 100:
1379 4600 1640 4673 Quisquis
1683 4617 1812 4658 sane
1864 4602 2124 4661 fastidio-

528 4706 642 4758 sus,
690 4689 914 4746 lautiori
960 4690 1146 4749 edulio
1174 4693 1385 4766 appetis
1423 4694 1632 4764 satiari,
1682 4694 1831 4752 hunc
1872 4704 2121 4753 nostrum

529 4779 804 4836 furfurem
848 4788 1201 4853 postponens,
1250 4784 1583 4842 sanctissimi
1629 4784 1806 4842 Patris
1840 4786 2124 4843 Ambrosii

531 4885 689 4941 opus,
719 4869 868 4942 quod
896 4869 963 4926 de
996 4870 1162 4943 hujus
1181 4873 1466 4947 triumpho
1486 4875 1687 4933 coelitis
1724 4875 1919 4946 edidit,
1942 4877 2122 4951 inqui-

528 4974 675 5027 rens,
726 4957 785 5013 in
815 4974 880 5016 eo
909 4960 1145 5031 reperies
1197 4962 1469 5020 ferculum
1510 4965 1782 5022 ditissime
1821 4967 2120 5033 refertum;

528 5048 687 5121 cujus
714 5048 981 5106 delicioso
1009 5049 1309 5107 admodum
1344 5054 1565 5125 siligine
1596 5056 1777 5127 palato
1801 5056 2005 5114 mentis
2033 5057 2124 5114 de-

529 5145 767 5213 gustato,
796 5137 1195 5197 delectabiliter
1225 5140 1431 5213 poteris
1455 5143 1714 5216 saginari.

597 5322 651 5379 3.
691 5322 870 5395 Neque
896 5322 1112 5393 mirum,
1160 5329 1222 5379 ut
1259 5324 1495 5380 aliorum
1531 5331 1855 5396 sanctorum,
1903 5328 1981 5384 ita
2020 5329 2121 5385 Se-

527 5411 777 5483 bastiani,
826 5413 1127 5474 Mediolano
1169 5413 1388 5471 oriundi
1425 5415 1497 5471 ad
1525 5415 1998 5477 Mediolanensium
2026 5417 2121 5474 in-

525 5504 874 5574 ﬂammandos
910 5506 1041 5579 pari
1084 5506 1308 5563 virtutis
1347 5508 1544 5565 ardore
1587 5508 1815 5576 animos,
1850 5510 2122 5581 praeclara

527 5594 834 5664 certamina,
865 5601 961 5652 aut
1002 5597 1283 5653 tradidisse
1321 5597 1495 5671 ipsum
1540 5598 1729 5656 litteris
1766 5599 2025 5672 primum,
2056 5616 2122 5655 ea:

528 5683 791 5755 majorum
817 5686 898 5742 vel
933 5701 1187 5758 sermone,
1228 5688 1308 5746 vel
1334 5687 1740 5759 commentariis,
1787 5694 1883 5747 aut
1907 5688 1974 5745 ab
1996 5688 2122 5748 aliis

2238 2622 2418 2693 gantia
2445 2627 2495 2677 et
2518 2621 2777 2693 gravitate
2801 2623 3025 2678 multum
3052 2623 3262 2681 recedit.

2308 2711 2362 2768 4.
2403 2714 2492 2768 Εα
2518 2712 2653 2768 Acta
2682 2712 2956 2769 Rosweido
2985 2719 3167 2768 nostro
3213 2730 3286 2768 ea:
3305 2729 3427 2768 mss.
3479 2712 3848 2784 Rebdorﬂ’ensi

2238 2818 2399 2873 prope
2451 2803 2789 2873 Eystadium,
2846 2804 3176 2876 Eystadiano
3227 2805 3340 2862 PP.
3392 2804 3846 2875 Pra’dicatoruns,

2237 2893 2314 2950 Μ.
2355 2892 2568 2961 Velseri,
2601 2894 2658 2949 8.
2686 2893 2915 2950 Martini
2941 2893 3176 2950 Treviris
3194 2893 3497 2965 descripta;
3520 2895 3848 2952 contulimus

2236 2999 2353 3038 cum
2396 2999 2520 3037 mss.
2582 2983 2637 3039 8.
2671 2982 2892 3052 Gisleni,
2952 2983 3009 3039 8.
3054 2983 3375 3049 Audomari,
3413 2984 3469 3040 8.
3524 2984 3843 3053 Maximini,

2234 3072 2527 3145 Ripatorii,
2581 3072 2829 3145 aliisque,
2891 3078 2938 3129 et
2984 3073 3187 3131 Bonini
3240 3072 3535 3133 Mombritii
3592 3075 3841 3131 editione.

2237 3164 2365 3231 Quas
2414 3163 2636 3219 Livinus
2675 3164 2933 3220 Brechtus
2985 3162 3413 3235 Antuerpiensis,
3458 3164 3751 3233 minor-ita,
3781 3180 3845 3221 es

2233 3269 2332 3310 ms.
2385 3253 2747 3310 Mechliniensi
2784 3254 3021 3322 (mutato
3058 3262 3243 3310 tamen
3278 3252 3538 3310 nonnihil
3585 3255 3765 3328 stylo,
3793 3260 3847 3310 ut

2234 3347 2458 3399 testatur
2513 3344 2783 3411 Molanus,
2833 3350 2882 3398 et
2929 3348 3072 3415 patet
3110 3344 3318 3416 legenti)
3374 3344 3609 3400 Lemnii
3656 3343 3841 3410 edidit»

2232 3431 2524 3502 dicavitque
2558 3432 2727 3503 Viglio
2754 3432 3033 3488 Zuichemo
3079 3432 3288 3489 concilii
3320 3432 3551 3489 Ctesarei
3592 3432 3843 3504 prasidi,

2231 3522 2327 3578 hoc
2360 3521 2592 3594 praefica
2643 3521 2795 3577 titulo
2828 3538 2845 3576 :
2891 3520 3266 3579 Memorabilis
3306 3521 3541 3578 historia
3586 3522 3846 3594 comple-

2231 3619 2384 3668 ctens
2433 3609 2851 3668 conversionem
2909 3617 2965 3667 et
3017 3626 3218 3683 agones
3265 3610 3568 3667 illustrium
3630 3610 3848 3684 aliquot

2232 3709 2564 3773 martyrum,
2619 3716 2732 3757 una
2771 3716 2896 3756 cum
2954 3715 3120 3757 aurea
3175 3698 3561 3756 exhortatione
3605 3699 3678 3756 ad
3716 3700 3846 3756 vita

2232 3790 2517 3862 praesentis
2571 3797 2948 3863 contemptum
2973 3833 2989 3860 ,
3063 3798 3119 3847 et
3177 3799 3394 3848 aeternae
3453 3788 3804 3846 desiderium
3827 3820 3842 3847 ι

2232 3879 2561 3953 opusculum
2595 3878 2794 3937 incerti
2823 3878 3049 3954 quidem
3078 3878 3321 3937 auctoris
3352 3896 3366 3936 :
3408 3877 3506 3935 sed
3532 3894 3567 3935 a
3595 3879 3662 3935 F.
3692 3877 3843 3935 Livi-

2237 3985 2311 4027 no
2340 3969 2580 4027 Brechto
2622 3987 2813 4028 recens
2859 3970 3203 4044 recognitum
3240 3978 3297 4026 et
3334 3976 3730 4042 expurgatum.
3779 3968 3845 4025 In

2236 4059 2462 4131 epistola
2484 4059 2877 4132 nuncupatoria
2903 4060 3009 4116 ista
3037 4059 3190 4116 habet
3215 4077 3233 4115 :
3271 4060 3381 4117 Nos
3403 4057 3655 4114 illustres
3684 4072 3844 4113 mar-

2235 4155 2424 4221 tyrum
2468 4164 2687 4223 agones,
2731 4156 2859 4206 ante
2906 4148 3062 4205 mille
3111 4148 3201 4217 (ni
3233 4147 3423 4220 fallor)
3467 4155 3524 4203 et
3569 4145 3844 4204 ducentos

2237 4254 2411 4296 annos
2439 4238 2865 4311 diligentissime
2893 4236 3256 4311 conscriptos,
3296 4235 3620 4296 Christiano
3645 4234 3842 4294 lectori

2236 4327 2726 4386 communicandos
2754 4327 3039 4386 duximus.

2305 4425 2361 4483 5.
2400 4425 2607 4483 Eadem
2656 4426 2792 4482 Acta
2837 4442 2864 4480 e
2914 4426 3094 4484 Graec
3151 4422 3409 4483 Simeonis
3460 4421 3842 4495 Metaplirasta

2236 4515 2423 4573 Latine
2448 4515 2606 4573 vertit
2646 4515 2935 4573 Gentianus
2962 4517 3240 4584 Heroetus,
3270 4514 3437 4572 edidit
3464 4513 3729 4585 Aloysius
3754 4512 3843 4569 Li—

2230 4621 2515 4679 pomanus,
2544 4611 2701 4677 atque
2727 4622 2794 4661 ea;
2821 4621 2877 4661 eo
2910 4605 3121 4662 Surius.
3143 4606 3231 4663 Ea
3255 4603 3607 4675 conscripsere
3634 4619 3844 4675 quoque

2235 4696 2460 4753 Iacobus
2494 4696 2558 4753 de
2592 4696 2868 4768 Voragine,
2897 4696 3215 4753 Franciscus
3242 4697 3490 4763 Horitas,
3535 4693 3843 4751 Zacharias

2236 4784 2537 4856 Lippelous,
2576 4784 2868 4841 Ferrarius
2897 4785 2955 4841 in
2980 4785 3157 4844 Catal.
3202 4785 3300 4842 SS.
3330 4784 3527 4852 Italia,
3559 4782 3842 4840 Bai-anius

2238 4878 2360 4929 tom.
2392 4874 2458 4931 II
2480 4872 2707 4944 Annal,
2737 4875 2814 4933 Μ.
2846 4874 3111 4931 Antonius
3143 4874 3420 4947 Georgius,
3452 4873 3687 4929 Joannes
3715 4873 3842 4929 Ba-

2234 4964 2389 5021 silius
2430 4965 2761 5035 Sanctorius,
2807 4966 3161 5024 Ribadeneira
3197 4971 3246 5021 et
3290 4962 3600 5021 Rosweidus
3635 4962 3840 5033 nostri,

2235 5056 2428 5112 Petrus
2467 5055 2530 5112 de
2557 5056 2743 5114 Natal.
2779 5055 2870 5113 lib.
2903 5057 2980 5125 II,
3015 5073 3131 5129 cap.
3168 5054 3291 5122 106,
3318 5053 3536 5111 Gabriel
3567 5054 3840 5122 Flamma,

2234 5152 2285 5202 et
2307 5146 2408 5203 alii
2432 5147 2719 5204 innumeri.
2754 5149 2935 5205 Sermo
2964 5148 3022 5206 S.
3053 5144 3344 5219 Augustini
3370 5145 3433 5200 de
3470 5143 3700 5199 diuersis
3726 5161 3839 5199 cen-

2237 5239 2466 5307 tesimus,
2510 5238 2569 5292 in
2597 5237 2710 5308 ejus
2732 5239 2999 5310 sanctique
3021 5236 3252 5295 Fabiani
3282 5234 3457 5292 natali
3484 5233 3699 5289 habitus
3725 5241 3801 5289 est
3817 5251 3841 5299 ;

2156 5295 2200 5357 ο
2231 5329 2287 5385 s.
2341 5295 2585 5401 Gregorii
2615 5295 2853 5385 'homilia
2900 5295 2992 5395 a7,
3038 5329 3097 5384 in
3130 5325 3353 5383 basilica
3401 5324 3460 5382 s.
3508 5295 3834 5381 Sebastiani.

2226 5418 2478 5475 Aliorum
2521 5420 2814 5476 multorum
2851 5423 3065 5479 exstant
3089 5417 3152 5474 de
3179 5433 3236 5473 eo
3272 5430 3553 5472 sermones.
3586 5413 3839 5486 Legimus

2227 5508 2367 5565 idem
2394 5508 2545 5566 illius
2569 5509 2889 5582 martyrium
2913 5508 2973 5565 in
2997 5524 3097 5565 ms.
3128 5505 3343 5567 Nicolai
3366 5502 3641 5575 Belfortii,
3674 5518 3837 5558 cano-

2227 5598 2337 5654 nici
2379 5598 2643 5671 regularis
2689 5598 3090 5669 Suessionensis,
3137 5595 3370 5656 carmine
3412 5592 3736 5668 descriptum
3762 5591 3835 5652 ab

2234 5687 2465 5749 Oliverio
2498 5688 2746 5750 Conrado
2772 5688 3046 5747 minorita.
