  <div class='ocr_page' id='page_1' title='image "/cluster/home/n/w/nwhite01/storage/ocr_20150623/17/hvd.32044096580436/563.png"; bbox 0 0 4086 6208; ppageno 0'>
   <div class='ocr_carea' id='block_1_1' title="bbox 547 280 683 336">
    <p class='ocr_par' dir='ltr' id='par_1_1' title="bbox 547 280 683 336">
     <span class='ocr_line' id='line_1_1' title="bbox 547 280 683 336; baseline 0 0"><span class='ocrx_word' id='word_1_1' title='bbox 547 280 683 336; x_wconf 85' lang='grc'><strong>1115</strong></span> 
     </span>
    </p>
   </div>
   <div class='ocr_carea' id='block_1_2' title="bbox 1554 262 2816 328">
    <p class='ocr_par' dir='ltr' id='par_1_2' title="bbox 1554 262 2816 328">
     <span class='ocr_line' id='line_1_2' title="bbox 1554 262 2816 328; baseline -0.006 0"><span class='ocrx_word' id='word_1_2' title='bbox 1554 274 1650 328; x_wconf 85' lang='lat' dir='ltr'>AD</span> <span class='ocrx_word' id='word_1_3' title='bbox 1689 270 1921 328; x_wconf 83' lang='lat' dir='ltr'>OPERA</span> <span class='ocrx_word' id='word_1_4' title='bbox 1958 270 2014 326; x_wconf 92' lang='lat' dir='ltr'>S.</span> <span class='ocrx_word' id='word_1_5' title='bbox 2055 264 2389 325; x_wconf 80' lang='lat' dir='ltr'>AMBROSII</span> <span class='ocrx_word' id='word_1_6' title='bbox 2437 262 2816 321; x_wconf 86' lang='lat' dir='ltr'>APPENDIX.</span> 
     </span>
    </p>
   </div>
   <div class='ocr_carea' id='block_1_3' title="bbox 3713 258 3862 316">
    <p class='ocr_par' dir='ltr' id='par_1_3' title="bbox 3713 258 3862 316">
     <span class='ocr_line' id='line_1_3' title="bbox 3713 258 3862 316; baseline -0.013 0"><span class='ocrx_word' id='word_1_7' title='bbox 3713 258 3862 316; x_wconf 79' lang='grc'><strong>1116</strong></span> 
     </span>
    </p>
   </div>
   <div class='ocr_carea' id='block_1_4' title="bbox 539 387 3867 472">
    <p class='ocr_par' dir='ltr' id='par_1_4' title="bbox 539 387 3867 472">
     <span class='ocr_line' id='line_1_4' title="bbox 539 387 3867 472; baseline -0.005 -14"><span class='ocrx_word' id='word_1_8' title='bbox 539 421 650 458; x_wconf 85' lang='lat' dir='ltr'>sua</span> <span class='ocrx_word' id='word_1_9' title='bbox 686 403 983 460; x_wconf 78' lang='lat' dir='ltr'>senectutis</span> <span class='ocrx_word' id='word_1_10' title='bbox 1019 409 1319 469; x_wconf 78' lang='lat' dir='ltr'>ostentans,</span> <span class='ocrx_word' id='word_1_11' title='bbox 1364 401 1423 456; x_wconf 92' lang='lat' dir='ltr'>in</span> <span class='ocrx_word' id='word_1_12' title='bbox 1464 406 1759 472; x_wconf 90' lang='lat' dir='ltr'>conspectu</span> <span class='ocrx_word' id='word_1_13' title='bbox 1805 413 1992 453; x_wconf 89' lang='lat' dir='ltr'>eorum</span> <span class='ocrx_word' id='word_1_14' title='bbox 2039 412 2132 451; x_wconf 85' lang='lat' dir='ltr'>ve-</span> <span class='ocrx_word' id='word_1_15' title='bbox 2161 399 2208 455; x_wconf 74' lang='grc' dir='ltr'>Α</span> <span class='ocrx_word' id='word_1_16' title='bbox 2241 394 2457 450; x_wconf 88' lang='lat' dir='ltr'>ritatem</span> <span class='ocrx_word' id='word_1_17' title='bbox 2489 393 2516 448; x_wconf 81' lang='lat'>?</span> <span class='ocrx_word' id='word_1_18' title='bbox 2547 393 2642 465; x_wconf 86' lang='lat' dir='ltr'>qui</span> <span class='ocrx_word' id='word_1_19' title='bbox 2673 391 2880 464; x_wconf 80' lang='lat' dir='ltr'>putatis</span> <span class='ocrx_word' id='word_1_20' title='bbox 2913 399 3075 447; x_wconf 89' lang='lat' dir='ltr'>erunt</span> <span class='ocrx_word' id='word_1_21' title='bbox 3103 390 3301 446; x_wconf 89' lang='lat' dir='ltr'>horum</span> <span class='ocrx_word' id='word_1_22' title='bbox 3350 388 3648 444; x_wconf 88' lang='lat' dir='ltr'>infantium</span> <span class='ocrx_word' id='word_1_23' title='bbox 3682 387 3867 443; x_wconf 86' lang='lat' dir='ltr'>domi-</span> 
     </span>
    </p>
   </div>
   <div class='ocr_carea' id='block_1_5' title="bbox 541 485 2132 565">
    <p class='ocr_par' dir='ltr' id='par_1_5' title="bbox 541 485 2132 565">
     <span class='ocr_line' id='line_1_5' title="bbox 541 485 2132 565; baseline -0.005 -17"><span class='ocrx_word' id='word_1_24' title='bbox 541 500 677 548; x_wconf 88' lang='lat' dir='ltr'>stem</span> <span class='ocrx_word' id='word_1_25' title='bbox 707 508 814 565; x_wconf 93' lang='lat' dir='ltr'>qua</span> <span class='ocrx_word' id='word_1_26' title='bbox 842 502 1030 565; x_wconf 90' lang='lat' dir='ltr'>pectus</span> <span class='ocrx_word' id='word_1_27' title='bbox 1063 491 1362 564; x_wconf 76' lang='lat' dir='ltr'>tegebatur,</span> <span class='ocrx_word' id='word_1_28' title='bbox 1407 489 1572 546; x_wconf 84' lang='lat' dir='ltr'>scidit</span> <span class='ocrx_word' id='word_1_29' title='bbox 1605 507 1615 544; x_wconf 92' lang='lat'><strong>:</strong></span> <span class='ocrx_word' id='word_1_30' title='bbox 1649 497 1703 544; x_wconf 90' lang='lat' dir='ltr'>et</span> <span class='ocrx_word' id='word_1_31' title='bbox 1749 487 1963 544; x_wconf 92' lang='lat' dir='ltr'>cunctis</span> <span class='ocrx_word' id='word_1_32' title='bbox 2001 485 2132 542; x_wconf 84' lang='lat' dir='ltr'>flen-</span> 
     </span>
    </p>
   </div>
   <div class='ocr_carea' id='block_1_6' title="bbox 540 580 2134 653">
    <p class='ocr_par' dir='ltr' id='par_1_6' title="bbox 540 580 2134 653">
     <span class='ocr_line' id='line_1_6' title="bbox 540 580 2134 653; baseline -0.003 -15"><span class='ocrx_word' id='word_1_33' title='bbox 540 584 690 640; x_wconf 81' lang='lat' dir='ltr'>tibus</span> <span class='ocrx_word' id='word_1_34' title='bbox 735 584 1054 640; x_wconf 77' lang='lat' dir='ltr'>ostendebat</span> <span class='ocrx_word' id='word_1_35' title='bbox 1095 584 1173 639; x_wconf 92' lang='lat' dir='ltr'>eis</span> <span class='ocrx_word' id='word_1_36' title='bbox 1225 583 1368 638; x_wconf 83' lang='lat' dir='ltr'>laxis</span> <span class='ocrx_word' id='word_1_37' title='bbox 1411 580 1645 653; x_wconf 87' lang='lat' dir='ltr'>pellibus</span> <span class='ocrx_word' id='word_1_38' title='bbox 1692 595 1826 653; x_wconf 89' lang='lat' dir='ltr'>quas</span> <span class='ocrx_word' id='word_1_39' title='bbox 1872 585 2134 634; x_wconf 80' lang='lat' dir='ltr'>auxerant</span> 
     </span>
    </p>
   </div>
   <div class='ocr_carea' id='block_1_7' title="bbox 541 669 2132 744">
    <p class='ocr_par' dir='ltr' id='par_1_7' title="bbox 541 669 2132 744">
     <span class='ocr_line' id='line_1_7' title="bbox 541 669 2132 744; baseline -0.004 -16"><span class='ocrx_word' id='word_1_40' title='bbox 541 689 827 739; x_wconf 83' lang='lat' dir='ltr'>mammas,</span> <span class='ocrx_word' id='word_1_41' title='bbox 891 681 944 728; x_wconf 89' lang='lat' dir='ltr'>et</span> <span class='ocrx_word' id='word_1_42' title='bbox 997 673 1395 741; x_wconf 90' lang='lat' dir='ltr'>blandimenta,</span> <span class='ocrx_word' id='word_1_43' title='bbox 1452 688 1571 744; x_wconf 83' lang='lat' dir='ltr'>qua</span> <span class='ocrx_word' id='word_1_44' title='bbox 1643 669 1890 725; x_wconf 91' lang='lat' dir='ltr'>infantia</span> <span class='ocrx_word' id='word_1_45' title='bbox 1942 684 2132 723; x_wconf 90' lang='lat' dir='ltr'>eorum</span> 
     </span>
    </p>
   </div>
   <div class='ocr_carea' id='block_1_8' title="bbox 542 761 2135 838">
    <p class='ocr_par' dir='ltr' id='par_1_8' title="bbox 542 761 2135 838">
     <span class='ocr_line' id='line_1_8' title="bbox 542 761 2135 838; baseline -0.004 -16"><span class='ocrx_word' id='word_1_46' title='bbox 542 767 886 836; x_wconf 80' lang='lat' dir='ltr'>exhibuerat,</span> <span class='ocrx_word' id='word_1_47' title='bbox 938 766 1196 837; x_wconf 83' lang='lat' dir='ltr'>ejulando</span> <span class='ocrx_word' id='word_1_48' title='bbox 1251 768 1562 838; x_wconf 89' lang='lat' dir='ltr'>lacrymans</span> <span class='ocrx_word' id='word_1_49' title='bbox 1612 762 1967 819; x_wconf 83' lang='lat' dir='ltr'>memorabat.</span> <span class='ocrx_word' id='word_1_50' title='bbox 2012 761 2135 816; x_wconf 89' lang='lat' dir='ltr'>Aie-</span> 
     </span>
    </p>
   </div>
   <div class='ocr_carea' id='block_1_9' title="bbox 541 851 2138 926">
    <p class='ocr_par' dir='ltr' id='par_1_9' title="bbox 541 851 2138 926">
     <span class='ocr_line' id='line_1_9' title="bbox 541 851 2138 926; baseline -0.003 -16"><span class='ocrx_word' id='word_1_51' title='bbox 541 855 633 910; x_wconf 87' lang='lat' dir='ltr'>bat</span> <span class='ocrx_word' id='word_1_52' title='bbox 661 871 788 926; x_wconf 86' lang='lat' dir='ltr'>ergo</span> <span class='ocrx_word' id='word_1_53' title='bbox 813 854 881 911; x_wconf 92' lang='lat' dir='ltr'>ad</span> <span class='ocrx_word' id='word_1_54' title='bbox 912 856 1101 912; x_wconf 90' lang='lat' dir='ltr'>ambos</span> <span class='ocrx_word' id='word_1_55' title='bbox 1134 874 1145 911; x_wconf 92' lang='lat'>:</span> <span class='ocrx_word' id='word_1_56' title='bbox 1184 856 1265 911; x_wconf 91' lang='lat' dir='ltr'>Tu</span> <span class='ocrx_word' id='word_1_57' title='bbox 1291 854 1430 910; x_wconf 91' lang='lat' dir='ltr'>mihi</span> <span class='ocrx_word' id='word_1_58' title='bbox 1461 870 1673 924; x_wconf 87' lang='lat' dir='ltr'>semper</span> <span class='ocrx_word' id='word_1_59' title='bbox 1702 853 1827 924; x_wconf 87' lang='lat' dir='ltr'>plus</span> <span class='ocrx_word' id='word_1_60' title='bbox 1857 851 2138 907; x_wconf 87' lang='lat' dir='ltr'>blanditus</span> 
     </span>
    </p>
   </div>
   <div class='ocr_carea' id='block_1_10' title="bbox 541 941 2136 1018">
    <p class='ocr_par' dir='ltr' id='par_1_10' title="bbox 541 941 2136 1018">
     <span class='ocr_line' id='line_1_10' title="bbox 541 941 2136 1018; baseline -0.003 -19"><span class='ocrx_word' id='word_1_61' title='bbox 541 961 614 1012; x_wconf 90' lang='lat' dir='ltr'>es,</span> <span class='ocrx_word' id='word_1_62' title='bbox 649 944 772 1013; x_wconf 85' lang='lat' dir='ltr'>fili;</span> <span class='ocrx_word' id='word_1_63' title='bbox 814 952 869 1000; x_wconf 85' lang='lat' dir='ltr'>et</span> <span class='ocrx_word' id='word_1_64' title='bbox 915 953 975 1001; x_wconf 93' lang='lat' dir='ltr'>tu</span> <span class='ocrx_word' id='word_1_65' title='bbox 1010 946 1248 1018; x_wconf 87' lang='lat' dir='ltr'>amplius</span> <span class='ocrx_word' id='word_1_66' title='bbox 1294 943 1694 1001; x_wconf 90' lang='lat' dir='ltr'>verecundatus</span> <span class='ocrx_word' id='word_1_67' title='bbox 1741 959 1798 998; x_wconf 91' lang='lat' dir='ltr'>es</span> <span class='ocrx_word' id='word_1_68' title='bbox 1854 961 1865 998; x_wconf 93' lang='lat'>:</span> <span class='ocrx_word' id='word_1_69' title='bbox 1924 941 1982 996; x_wconf 91' lang='lat' dir='ltr'>in</span> <span class='ocrx_word' id='word_1_70' title='bbox 2032 941 2136 995; x_wconf 90' lang='lat' dir='ltr'>isto</span> 
     </span>
    </p>
   </div>
   <div class='ocr_carea' id='block_1_11' title="bbox 541 1031 2137 1107">
    <p class='ocr_par' dir='ltr' id='par_1_11' title="bbox 541 1031 2137 1107">
     <span class='ocr_line' id='line_1_11' title="bbox 541 1031 2137 1107; baseline 0 -21"><span class='ocrx_word' id='word_1_71' title='bbox 541 1031 837 1102; x_wconf 83' lang='lat' dir='ltr'>imaginem</span> <span class='ocrx_word' id='word_1_72' title='bbox 903 1050 1079 1090; x_wconf 88' lang='lat' dir='ltr'>meam</span> <span class='ocrx_word' id='word_1_73' title='bbox 1137 1034 1343 1107; x_wconf 90' lang='lat' dir='ltr'>peperi,</span> <span class='ocrx_word' id='word_1_74' title='bbox 1408 1032 1467 1087; x_wconf 90' lang='lat' dir='ltr'>in</span> <span class='ocrx_word' id='word_1_75' title='bbox 1524 1039 1578 1087; x_wconf 88' lang='lat' dir='ltr'>te</span> <span class='ocrx_word' id='word_1_76' title='bbox 1635 1038 1891 1104; x_wconf 90' lang='lat' dir='ltr'>paternos</span> <span class='ocrx_word' id='word_1_77' title='bbox 1949 1031 2137 1086; x_wconf 80' lang='lat' dir='ltr'>vultus</span> 
     </span>
    </p>
   </div>
   <div class='ocr_carea' id='block_1_12' title="bbox 541 1116 2137 1194">
    <p class='ocr_par' dir='ltr' id='par_1_12' title="bbox 541 1116 2137 1194">
     <span class='ocr_line' id='line_1_12' title="bbox 541 1116 2137 1194; baseline -0.003 -19"><span class='ocrx_word' id='word_1_78' title='bbox 541 1121 707 1177; x_wconf 84' lang='lat' dir='ltr'>effudi</span> <span class='ocrx_word' id='word_1_79' title='bbox 743 1140 757 1189; x_wconf 91' lang='lat'>;</span> <span class='ocrx_word' id='word_1_80' title='bbox 791 1129 852 1177; x_wconf 93' lang='lat' dir='ltr'>tu</span> <span class='ocrx_word' id='word_1_81' title='bbox 883 1123 1025 1194; x_wconf 89' lang='lat' dir='ltr'>patri</span> <span class='ocrx_word' id='word_1_82' title='bbox 1069 1123 1281 1188; x_wconf 88' lang='lat' dir='ltr'>utilior,</span> <span class='ocrx_word' id='word_1_83' title='bbox 1317 1122 1418 1177; x_wconf 88' lang='lat' dir='ltr'>iste</span> <span class='ocrx_word' id='word_1_84' title='bbox 1448 1119 1702 1176; x_wconf 90' lang='lat' dir='ltr'>similior.</span> <span class='ocrx_word' id='word_1_85' title='bbox 1751 1120 1870 1174; x_wconf 87' lang='lat' dir='ltr'>Heu</span> <span class='ocrx_word' id='word_1_86' title='bbox 1911 1134 1997 1173; x_wconf 92' lang='lat' dir='ltr'>me</span> <span class='ocrx_word' id='word_1_87' title='bbox 2039 1116 2137 1171; x_wconf 86' lang='lat' dir='ltr'>mi-</span> 
     </span>
    </p>
   </div>
   <div class='ocr_carea' id='block_1_13' title="bbox 540 1207 2140 1280">
    <p class='ocr_par' dir='ltr' id='par_1_13' title="bbox 540 1207 2140 1280">
     <span class='ocr_line' id='line_1_13' title="bbox 540 1207 2140 1280; baseline -0.004 -13"><span class='ocrx_word' id='word_1_88' title='bbox 540 1227 714 1267; x_wconf 89' lang='lat' dir='ltr'>seram</span> <span class='ocrx_word' id='word_1_89' title='bbox 751 1212 762 1267; x_wconf 92' lang='lat' dir='ltr'>l</span> <span class='ocrx_word' id='word_1_90' title='bbox 814 1213 1237 1268; x_wconf 85' lang='lat' dir='ltr'>circumvallant</span> <span class='ocrx_word' id='word_1_91' title='bbox 1288 1226 1373 1266; x_wconf 92' lang='lat' dir='ltr'>me</span> <span class='ocrx_word' id='word_1_92' title='bbox 1420 1226 1489 1266; x_wconf 85' lang='lat' dir='ltr'>ex</span> <span class='ocrx_word' id='word_1_93' title='bbox 1535 1208 1685 1265; x_wconf 90' lang='lat' dir='ltr'>omni</span> <span class='ocrx_word' id='word_1_94' title='bbox 1728 1216 1878 1280; x_wconf 92' lang='lat' dir='ltr'>parte</span> <span class='ocrx_word' id='word_1_95' title='bbox 1915 1207 2140 1263; x_wconf 90' lang='lat' dir='ltr'>incom-</span> 
     </span>
    </p>
   </div>
   <div class='ocr_carea' id='block_1_14' title="bbox 539 1294 2139 1372">
    <p class='ocr_par' dir='ltr' id='par_1_14' title="bbox 539 1294 2139 1372">
     <span class='ocr_line' id='line_1_14' title="bbox 539 1294 2139 1372; baseline -0.004 -17"><span class='ocrx_word' id='word_1_96' title='bbox 539 1301 809 1372; x_wconf 89' lang='lat' dir='ltr'>parabiles</span> <span class='ocrx_word' id='word_1_97' title='bbox 839 1302 1043 1369; x_wconf 85' lang='lat' dir='ltr'>luctus,</span> <span class='ocrx_word' id='word_1_98' title='bbox 1085 1301 1335 1357; x_wconf 90' lang='lat' dir='ltr'>inaudita</span> <span class='ocrx_word' id='word_1_99' title='bbox 1375 1300 1596 1356; x_wconf 90' lang='lat' dir='ltr'>miseria</span> <span class='ocrx_word' id='word_1_100' title='bbox 1639 1306 1692 1354; x_wconf 90' lang='lat' dir='ltr'>et</span> <span class='ocrx_word' id='word_1_101' title='bbox 1737 1298 1950 1370; x_wconf 88' lang='lat' dir='ltr'>gemina</span> <span class='ocrx_word' id='word_1_102' title='bbox 1996 1294 2139 1350; x_wconf 88' lang='lat' dir='ltr'>orbi-</span> 
     </span>
    </p>
   </div>
   <div class='ocr_carea' id='block_1_15' title="bbox 539 1386 2139 1461">
    <p class='ocr_par' dir='ltr' id='par_1_15' title="bbox 539 1386 2139 1461">
     <span class='ocr_line' id='line_1_15' title="bbox 539 1386 2139 1461; baseline -0.001 -16"><span class='ocrx_word' id='word_1_103' title='bbox 539 1398 640 1458; x_wconf 88' lang='lat' dir='ltr'>tas,</span> <span class='ocrx_word' id='word_1_104' title='bbox 712 1389 881 1445; x_wconf 91' lang='lat' dir='ltr'>nullis</span> <span class='ocrx_word' id='word_1_105' title='bbox 956 1390 1179 1461; x_wconf 91' lang='lat' dir='ltr'>penitus</span> <span class='ocrx_word' id='word_1_106' title='bbox 1236 1386 1690 1446; x_wconf 88' lang='lat' dir='ltr'>tribulationibus</span> <span class='ocrx_word' id='word_1_107' title='bbox 1752 1387 2139 1459; x_wconf 88' lang='lat' dir='ltr'>comparanda.</span> 
     </span>
    </p>
   </div>
   <div class='ocr_carea' id='block_1_16' title="bbox 541 1474 2139 1550">
    <p class='ocr_par' dir='ltr' id='par_1_16' title="bbox 541 1474 2139 1550">
     <span class='ocr_line' id='line_1_16' title="bbox 541 1474 2139 1550; baseline -0.002 -16"><span class='ocrx_word' id='word_1_108' title='bbox 541 1479 750 1535; x_wconf 87' lang='lat' dir='ltr'>Omitto</span> <span class='ocrx_word' id='word_1_109' title='bbox 780 1479 925 1536; x_wconf 87' lang='lat' dir='ltr'>ﬁlios</span> <span class='ocrx_word' id='word_1_110' title='bbox 953 1479 1022 1536; x_wconf 91' lang='lat' dir='ltr'>ad</span> <span class='ocrx_word' id='word_1_111' title='bbox 1054 1487 1284 1536; x_wconf 91' lang='lat' dir='ltr'>mortem</span> <span class='ocrx_word' id='word_1_112' title='bbox 1326 1479 1473 1534; x_wconf 92' lang='lat' dir='ltr'>ultro</span> <span class='ocrx_word' id='word_1_113' title='bbox 1517 1485 1891 1550; x_wconf 85' lang='lat' dir='ltr'>properantes,</span> <span class='ocrx_word' id='word_1_114' title='bbox 1931 1492 2066 1547; x_wconf 90' lang='lat' dir='ltr'>quos</span> <span class='ocrx_word' id='word_1_115' title='bbox 2093 1474 2139 1531; x_wconf 91' lang='lat' dir='ltr'>si</span> 
     </span>
    </p>
   </div>
   <div class='ocr_carea' id='block_1_17' title="bbox 539 1565 2140 1640">
    <p class='ocr_par' dir='ltr' id='par_1_17' title="bbox 539 1565 2140 1640">
     <span class='ocr_line' id='line_1_17' title="bbox 539 1565 2140 1640; baseline -0.002 -16"><span class='ocrx_word' id='word_1_116' title='bbox 539 1568 678 1624; x_wconf 89' lang='lat' dir='ltr'>mihi</span> <span class='ocrx_word' id='word_1_117' title='bbox 727 1569 917 1628; x_wconf 86' lang='lat' dir='ltr'>hostes</span> <span class='ocrx_word' id='word_1_118' title='bbox 958 1569 1258 1636; x_wconf 87' lang='lat' dir='ltr'>auferrent,</span> <span class='ocrx_word' id='word_1_119' title='bbox 1310 1584 1406 1640; x_wconf 92' lang='lat' dir='ltr'>per</span> <span class='ocrx_word' id='word_1_120' title='bbox 1452 1567 1663 1623; x_wconf 89' lang='lat' dir='ltr'>medias</span> <span class='ocrx_word' id='word_1_121' title='bbox 1697 1581 1950 1637; x_wconf 85' lang='lat' dir='ltr'>sequerer</span> <span class='ocrx_word' id='word_1_122' title='bbox 1997 1565 2140 1621; x_wconf 88' lang='lat' dir='ltr'>acies</span> 
     </span>
    </p>
   </div>
   <div class='ocr_carea' id='block_1_18' title="bbox 539 1652 2138 1730">
    <p class='ocr_par' dir='ltr' id='par_1_18' title="bbox 539 1652 2138 1730">
     <span class='ocr_line' id='line_1_18' title="bbox 539 1652 2138 1730; baseline -0.003 -18"><span class='ocrx_word' id='word_1_123' title='bbox 539 1655 869 1714; x_wconf 85' lang='lat' dir='ltr'>bellatorum</span> <span class='ocrx_word' id='word_1_124' title='bbox 921 1659 1049 1730; x_wconf 88' lang='lat'>(8);</span> <span class='ocrx_word' id='word_1_125' title='bbox 1092 1658 1137 1712; x_wconf 92' lang='lat' dir='ltr'>si</span> <span class='ocrx_word' id='word_1_126' title='bbox 1183 1656 1396 1729; x_wconf 90' lang='lat' dir='ltr'>judicia</span> <span class='ocrx_word' id='word_1_127' title='bbox 1439 1655 1684 1710; x_wconf 90' lang='lat' dir='ltr'>violenta</span> <span class='ocrx_word' id='word_1_128' title='bbox 1725 1652 2138 1720; x_wconf 89' lang='lat' dir='ltr'>concluderent,</span> 
     </span>
    </p>
   </div>
   <div class='ocr_carea' id='block_1_19' title="bbox 2241 481 3868 555">
    <p class='ocr_par' dir='ltr' id='par_1_19' title="bbox 2241 481 3868 555">
     <span class='ocr_line' id='line_1_19' title="bbox 2241 481 3868 555; baseline -0.003 -13"><span class='ocrx_word' id='word_1_129' title='bbox 2241 486 2321 555; x_wconf 89' lang='lat' dir='ltr'>ni,</span> <span class='ocrx_word' id='word_1_130' title='bbox 2356 494 2409 542; x_wconf 91' lang='lat' dir='ltr'>et</span> <span class='ocrx_word' id='word_1_131' title='bbox 2438 486 2733 542; x_wconf 89' lang='lat' dir='ltr'>domorum</span> <span class='ocrx_word' id='word_1_132' title='bbox 2779 492 3087 540; x_wconf 89' lang='lat' dir='ltr'>vestrarum</span> <span class='ocrx_word' id='word_1_133' title='bbox 3143 481 3451 538; x_wconf 77' lang='lat' dir='ltr'>avidissimi</span> <span class='ocrx_word' id='word_1_134' title='bbox 3482 498 3812 554; x_wconf 79' lang='lat' dir='ltr'>pervasares</span> <span class='ocrx_word' id='word_1_135' title='bbox 3839 483 3868 537; x_wconf 72' lang='lat'>‘?</span> 
     </span>
    </p>
   </div>
   <div class='ocr_carea' id='block_1_20' title="bbox 2241 570 3868 646">
    <p class='ocr_par' dir='ltr' id='par_1_20' title="bbox 2241 570 3868 646">
     <span class='ocr_line' id='line_1_20' title="bbox 2241 570 3868 646; baseline -0.003 -15"><span class='ocrx_word' id='word_1_136' title='bbox 2241 576 2347 644; x_wconf 90' lang='lat' dir='ltr'>Qui</span> <span class='ocrx_word' id='word_1_137' title='bbox 2377 583 2540 630; x_wconf 91' lang='lat' dir='ltr'>erunt</span> <span class='ocrx_word' id='word_1_138' title='bbox 2569 583 2765 631; x_wconf 87' lang='lat' dir='ltr'>vestra</span> <span class='ocrx_word' id='word_1_139' title='bbox 2795 582 3149 646; x_wconf 87' lang='lat' dir='ltr'>occupatores</span> <span class='ocrx_word' id='word_1_140' title='bbox 3178 571 3402 628; x_wconf 86' lang='lat' dir='ltr'>familia</span> <span class='ocrx_word' id='word_1_141' title='bbox 3435 572 3462 626; x_wconf 73' lang='lat' dir='ltr'>‘l</span> <span class='ocrx_word' id='word_1_142' title='bbox 3496 572 3586 626; x_wconf 88' lang='lat' dir='ltr'>vel</span> <span class='ocrx_word' id='word_1_143' title='bbox 3622 571 3723 644; x_wconf 88' lang='lat' dir='ltr'>qui</span> <span class='ocrx_word' id='word_1_144' title='bbox 3757 570 3868 628; x_wconf 89' lang='lat' dir='ltr'>sibi</span> 
     </span>
    </p>
   </div>
   <div class='ocr_carea' id='block_1_21' title="bbox 2242 662 3866 737">
    <p class='ocr_par' dir='ltr' id='par_1_21' title="bbox 2242 662 3866 737">
     <span class='ocr_line' id='line_1_21' title="bbox 2242 662 3866 737; baseline -0.004 -15"><span class='ocrx_word' id='word_1_145' title='bbox 2242 667 2476 722; x_wconf 82' lang='lat' dir='ltr'>divisuri</span> <span class='ocrx_word' id='word_1_146' title='bbox 2509 675 2638 722; x_wconf 90' lang='lat' dir='ltr'>sunt</span> <span class='ocrx_word' id='word_1_147' title='bbox 2668 666 3015 730; x_wconf 88' lang='lat' dir='ltr'>vernaculos,</span> <span class='ocrx_word' id='word_1_148' title='bbox 3050 681 3190 737; x_wconf 90' lang='lat' dir='ltr'>quos</span> <span class='ocrx_word' id='word_1_149' title='bbox 3219 662 3518 717; x_wconf 81' lang='lat' dir='ltr'>nutristis?</span> <span class='ocrx_word' id='word_1_150' title='bbox 3541 662 3660 716; x_wconf 88' lang='lat' dir='ltr'>Heu</span> <span class='ocrx_word' id='word_1_151' title='bbox 3693 679 3866 735; x_wconf 86' lang='lat' dir='ltr'>quam</span> 
     </span>
    </p>
   </div>
   <div class='ocr_carea' id='block_1_22' title="bbox 2245 751 3866 829">
    <p class='ocr_par' dir='ltr' id='par_1_22' title="bbox 2245 751 3866 829">
     <span class='ocr_line' id='line_1_22' title="bbox 2245 751 3866 829; baseline -0.003 -17"><span class='ocrx_word' id='word_1_152' title='bbox 2245 757 2443 825; x_wconf 91' lang='lat' dir='ltr'>ferreo,</span> <span class='ocrx_word' id='word_1_153' title='bbox 2500 757 2607 812; x_wconf 91' lang='lat' dir='ltr'>heu</span> <span class='ocrx_word' id='word_1_154' title='bbox 2670 773 2834 829; x_wconf 91' lang='lat' dir='ltr'>quam</span> <span class='ocrx_word' id='word_1_155' title='bbox 2897 755 3081 828; x_wconf 86' lang='lat' dir='ltr'>impia</span> <span class='ocrx_word' id='word_1_156' title='bbox 3135 751 3485 810; x_wconf 87' lang='lat' dir='ltr'>crudelitatis</span> <span class='ocrx_word' id='word_1_157' title='bbox 3539 768 3745 823; x_wconf 80' lang='lat' dir='ltr'>genere</span> <span class='ocrx_word' id='word_1_158' title='bbox 3776 769 3866 824; x_wconf 85' lang='lat' dir='ltr'>pa-</span> 
     </span>
    </p>
   </div>
   <div class='ocr_carea' id='block_1_23' title="bbox 2246 843 3863 918">
    <p class='ocr_par' dir='ltr' id='par_1_23' title="bbox 2246 843 3863 918">
     <span class='ocr_line' id='line_1_23' title="bbox 2246 843 3863 918; baseline -0.002 -15"><span class='ocrx_word' id='word_1_159' title='bbox 2246 856 2428 904; x_wconf 89' lang='lat' dir='ltr'>rentes</span> <span class='ocrx_word' id='word_1_160' title='bbox 2448 847 2752 918; x_wconf 90' lang='lat' dir='ltr'>despicitis,</span> <span class='ocrx_word' id='word_1_161' title='bbox 2787 847 2994 902; x_wconf 90' lang='lat' dir='ltr'>amicos</span> <span class='ocrx_word' id='word_1_162' title='bbox 3036 845 3317 916; x_wconf 86' lang='lat' dir='ltr'>respuitis,</span> <span class='ocrx_word' id='word_1_163' title='bbox 3361 860 3566 899; x_wconf 85' lang='lat' dir='ltr'>uxores</span> <span class='ocrx_word' id='word_1_164' title='bbox 3590 843 3863 915; x_wconf 83' lang='lat' dir='ltr'>abjicitis,</span> 
     </span>
    </p>
   </div>
   <div class='ocr_carea' id='block_1_24' title="bbox 2245 931 3864 1008">
    <p class='ocr_par' dir='ltr' id='par_1_24' title="bbox 2245 931 3864 1008">
     <span class='ocr_line' id='line_1_24' title="bbox 2245 931 3864 1008; baseline -0.002 -16"><span class='ocrx_word' id='word_1_165' title='bbox 2245 937 2390 992; x_wconf 86' lang='lat' dir='ltr'>ﬁlios</span> <span class='ocrx_word' id='word_1_166' title='bbox 2420 935 2709 1002; x_wconf 88' lang='lat' dir='ltr'>abdicatis,</span> <span class='ocrx_word' id='word_1_167' title='bbox 2754 943 2806 990; x_wconf 89' lang='lat' dir='ltr'>et</span> <span class='ocrx_word' id='word_1_168' title='bbox 2839 952 2935 990; x_wconf 91' lang='lat' dir='ltr'>vos</span> <span class='ocrx_word' id='word_1_169' title='bbox 2969 935 3114 1008; x_wconf 92' lang='lat' dir='ltr'>ipsos</span> <span class='ocrx_word' id='word_1_170' title='bbox 3149 931 3394 990; x_wconf 88' lang='lat' dir='ltr'>carniﬁci</span> <span class='ocrx_word' id='word_1_171' title='bbox 3445 933 3743 988; x_wconf 90' lang='lat' dir='ltr'>ultroneos</span> <span class='ocrx_word' id='word_1_172' title='bbox 3770 948 3864 988; x_wconf 83' lang='lat' dir='ltr'>ex-</span> 
     </span>
    </p>
   </div>
   <div class='ocr_carea' id='block_1_25' title="bbox 2249 1026 2470 1083">
    <p class='ocr_par' dir='ltr' id='par_1_25' title="bbox 2249 1026 2470 1083">
     <span class='ocr_line' id='line_1_25' title="bbox 2249 1026 2470 1083; baseline 0.005 -2"><span class='ocrx_word' id='word_1_173' title='bbox 2249 1026 2470 1083; x_wconf 89' lang='lat' dir='ltr'>hibetis.</span> 
     </span>
    </p>
   </div>
   <div class='ocr_carea' id='block_1_26' title="bbox 2860 1125 3219 1183">
    <p class='ocr_par' dir='ltr' id='par_1_26' title="bbox 2860 1125 3219 1183">
     <span class='ocr_line' id='line_1_26' title="bbox 2860 1125 3219 1183; baseline -0.006 0"><span class='ocrx_word' id='word_1_174' title='bbox 2860 1125 3088 1183; x_wconf 81' lang='lat' dir='ltr'><strong>CAPUT</strong></span> <span class='ocrx_word' id='word_1_175' title='bbox 3125 1125 3219 1181; x_wconf 91' lang='lat' dir='ltr'><strong>III.</strong></span> 
     </span>
    </p>
   </div>
   <div class='ocr_carea' id='block_1_27' title="bbox 2541 1214 3569 1284">
    <p class='ocr_par' dir='ltr' id='par_1_27' title="bbox 2541 1214 3569 1284">
     <span class='ocr_line' id='line_1_27' title="bbox 2541 1214 3569 1284; baseline -0.003 -13"><span class='ocrx_word' id='word_1_176' title='bbox 2541 1214 2596 1271; x_wconf 89' lang='lat' dir='ltr'>S.</span> <span class='ocrx_word' id='word_1_177' title='bbox 2629 1214 2969 1271; x_wconf 78' lang='lat' dir='ltr'>Sebastianus</span> <span class='ocrx_word' id='word_1_178' title='bbox 2997 1220 3242 1270; x_wconf 82' lang='lat' dir='ltr'>nutantes</span> <span class='ocrx_word' id='word_1_179' title='bbox 3270 1215 3569 1284; x_wconf 76' lang='lat' dir='ltr'>conﬁrmat.</span> 
     </span>
    </p>
   </div>
   <div class='ocr_carea' id='block_1_28' title="bbox 2318 1301 3860 1372">
    <p class='ocr_par' dir='ltr' id='par_1_28' title="bbox 2318 1301 3860 1372">
     <span class='ocr_line' id='line_1_28' title="bbox 2318 1301 3860 1372; baseline -0.001 -12"><span class='ocrx_word' id='word_1_180' title='bbox 2318 1303 2371 1360; x_wconf 91' lang='lat'>9.</span> <span class='ocrx_word' id='word_1_181' title='bbox 2414 1304 2627 1360; x_wconf 87' lang='lat' dir='ltr'>Interea</span> <span class='ocrx_word' id='word_1_182' title='bbox 2655 1304 2784 1360; x_wconf 92' lang='lat' dir='ltr'>dum</span> <span class='ocrx_word' id='word_1_183' title='bbox 2826 1304 2922 1360; x_wconf 88' lang='lat' dir='ltr'>illa</span> <span class='ocrx_word' id='word_1_184' title='bbox 2962 1304 3243 1372; x_wconf 88' lang='lat' dir='ltr'>dicuntur,</span> <span class='ocrx_word' id='word_1_185' title='bbox 3276 1311 3328 1360; x_wconf 89' lang='lat' dir='ltr'>et</span> <span class='ocrx_word' id='word_1_186' title='bbox 3361 1303 3468 1358; x_wconf 88' lang='lat' dir='ltr'>ista</span> <span class='ocrx_word' id='word_1_187' title='bbox 3513 1301 3860 1370; x_wconf 86' lang='lat' dir='ltr'>referuntur,</span> 
     </span>
    </p>
   </div>
   <div class='ocr_carea' id='block_1_29' title="bbox 2249 1391 3862 1464">
    <p class='ocr_par' dir='ltr' id='par_1_29' title="bbox 2249 1391 3862 1464">
     <span class='ocr_line' id='line_1_29' title="bbox 2249 1391 3862 1464; baseline 0 -18"><span class='ocrx_word' id='word_1_188' title='bbox 2249 1391 2394 1446; x_wconf 88' lang='lat' dir='ltr'>inter</span> <span class='ocrx_word' id='word_1_189' title='bbox 2422 1409 2662 1448; x_wconf 87' lang='lat' dir='ltr'>uxorum</span> <span class='ocrx_word' id='word_1_190' title='bbox 2692 1393 2984 1464; x_wconf 88' lang='lat' dir='ltr'>lacrymas,</span> <span class='ocrx_word' id='word_1_191' title='bbox 3007 1400 3059 1448; x_wconf 92' lang='lat' dir='ltr'>et</span> <span class='ocrx_word' id='word_1_192' title='bbox 3098 1392 3333 1464; x_wconf 88' lang='lat' dir='ltr'>suspiria</span> <span class='ocrx_word' id='word_1_193' title='bbox 3361 1391 3638 1458; x_wconf 87' lang='lat' dir='ltr'>ﬁliorum,</span> <span class='ocrx_word' id='word_1_194' title='bbox 3668 1406 3862 1462; x_wconf 66' lang='lat' dir='ltr'>crerie-</span> 
     </span>
    </p>
   </div>
   <div class='ocr_carea' id='block_1_30' title="bbox 2248 1480 3862 1548">
    <p class='ocr_par' dir='ltr' id='par_1_30' title="bbox 2248 1480 3862 1548">
     <span class='ocr_line' id='line_1_30' title="bbox 2248 1480 3862 1548; baseline -0.001 -12"><span class='ocrx_word' id='word_1_195' title='bbox 2248 1489 2380 1537; x_wconf 90' lang='lat' dir='ltr'>runt</span> <span class='ocrx_word' id='word_1_196' title='bbox 2440 1481 2644 1538; x_wconf 90' lang='lat' dir='ltr'>milites</span> <span class='ocrx_word' id='word_1_197' title='bbox 2700 1481 2906 1538; x_wconf 88' lang='lat' dir='ltr'>Christi</span> <span class='ocrx_word' id='word_1_198' title='bbox 2962 1483 3302 1548; x_wconf 92' lang='lat' dir='ltr'>moilescere,</span> <span class='ocrx_word' id='word_1_199' title='bbox 3351 1488 3404 1536; x_wconf 90' lang='lat' dir='ltr'>et</span> <span class='ocrx_word' id='word_1_200' title='bbox 3447 1480 3674 1536; x_wconf 88' lang='lat' dir='ltr'>animos</span> <span class='ocrx_word' id='word_1_201' title='bbox 3741 1497 3862 1536; x_wconf 84' lang='lat' dir='ltr'>suos</span> 
     </span>
    </p>
   </div>
   <div class='ocr_carea' id='block_1_31' title="bbox 2248 1566 3860 1640">
    <p class='ocr_par' dir='ltr' id='par_1_31' title="bbox 2248 1566 3860 1640">
     <span class='ocr_line' id='line_1_31' title="bbox 2248 1566 3860 1640; baseline 0 -18"><span class='ocrx_word' id='word_1_202' title='bbox 2248 1567 2464 1623; x_wconf 88' lang='lat' dir='ltr'>ﬂectere</span> <span class='ocrx_word' id='word_1_203' title='bbox 2493 1567 2561 1623; x_wconf 91' lang='lat' dir='ltr'>ad</span> <span class='ocrx_word' id='word_1_204' title='bbox 2613 1567 2879 1624; x_wconf 90' lang='lat' dir='ltr'>dolorem.</span> <span class='ocrx_word' id='word_1_205' title='bbox 2928 1568 3071 1623; x_wconf 89' lang='lat' dir='ltr'>Huic</span> <span class='ocrx_word' id='word_1_206' title='bbox 3114 1566 3449 1640; x_wconf 88' lang='lat' dir='ltr'>spectaculo,</span> <span class='ocrx_word' id='word_1_207' title='bbox 3481 1573 3542 1621; x_wconf 88' lang='lat' dir='ltr'>ut</span> <span class='ocrx_word' id='word_1_208' title='bbox 3585 1583 3760 1638; x_wconf 87' lang='lat' dir='ltr'>supra</span> <span class='ocrx_word' id='word_1_209' title='bbox 3788 1567 3860 1622; x_wconf 85' lang='lat' dir='ltr'>di-</span> 
     </span>
    </p>
   </div>
   <div class='ocr_carea' id='block_1_32' title="bbox 2247 1656 3862 1727">
    <p class='ocr_par' dir='ltr' id='par_1_32' title="bbox 2247 1656 3862 1727">
     <span class='ocr_line' id='line_1_32' title="bbox 2247 1656 3862 1727; baseline -0.001 -15"><span class='ocrx_word' id='word_1_210' title='bbox 2247 1657 2456 1725; x_wconf 87' lang='lat' dir='ltr'>ximus,</span> <span class='ocrx_word' id='word_1_211' title='bbox 2490 1657 2752 1713; x_wconf 89' lang='lat' dir='ltr'>intererat</span> <span class='ocrx_word' id='word_1_212' title='bbox 2771 1658 2830 1714; x_wconf 95' lang='lat' dir='ltr'>S.</span> <span class='ocrx_word' id='word_1_213' title='bbox 2873 1657 3249 1725; x_wconf 85' lang='lat' dir='ltr'>Sebastianus,</span> <span class='ocrx_word' id='word_1_214' title='bbox 3278 1656 3365 1711; x_wconf 91' lang='lat' dir='ltr'>vir</span> <span class='ocrx_word' id='word_1_215' title='bbox 3384 1672 3480 1727; x_wconf 90' lang='lat' dir='ltr'>per</span> <span class='ocrx_word' id='word_1_216' title='bbox 3501 1656 3699 1711; x_wconf 86' lang='lat' dir='ltr'>omnia</span> <span class='ocrx_word' id='word_1_217' title='bbox 3721 1656 3862 1712; x_wconf 90' lang='lat' dir='ltr'>chri-</span> 
     </span>
    </p>
   </div>
   <div class='ocr_carea' id='block_1_33' title="bbox 537 1739 3864 1820">
    <p class='ocr_par' dir='ltr' id='par_1_33' title="bbox 537 1739 3864 1820">
     <span class='ocr_line' id='line_1_33' title="bbox 537 1739 3864 1820; baseline -0.001 -17"><span class='ocrx_word' id='word_1_218' title='bbox 537 1763 808 1804; x_wconf 90' lang='lat' dir='ltr'>carcerem</span> <span class='ocrx_word' id='word_1_219' title='bbox 844 1746 1008 1802; x_wconf 90' lang='lat' dir='ltr'>simul</span> <span class='ocrx_word' id='word_1_220' title='bbox 1046 1748 1406 1816; x_wconf 90' lang='lat' dir='ltr'>irrumperem</span> <span class='ocrx_word' id='word_1_221' title='bbox 1448 1742 1734 1798; x_wconf 88' lang='lat' dir='ltr'>moritura.</span> <span class='ocrx_word' id='word_1_222' title='bbox 1775 1741 1992 1797; x_wconf 88' lang='lat' dir='ltr'>Novum</span> <span class='ocrx_word' id='word_1_223' title='bbox 2035 1739 2141 1796; x_wconf 91' lang='lat' dir='ltr'>hoc</span> <span class='ocrx_word' id='word_1_224' title='bbox 2171 1759 2217 1819; x_wconf 84' lang='lat' dir='ltr'><strong>B</strong></span> <span class='ocrx_word' id='word_1_225' title='bbox 2248 1746 2643 1812; x_wconf 85' lang='lat' dir='ltr'>stianissimus,</span> <span class='ocrx_word' id='word_1_226' title='bbox 2675 1763 2834 1820; x_wconf 87' lang='lat' dir='ltr'>quem</span> <span class='ocrx_word' id='word_1_227' title='bbox 2873 1747 3188 1803; x_wconf 87' lang='lat' dir='ltr'>occultabat</span> <span class='ocrx_word' id='word_1_228' title='bbox 3233 1745 3495 1801; x_wconf 90' lang='lat' dir='ltr'>militaris</span> <span class='ocrx_word' id='word_1_229' title='bbox 3524 1745 3784 1814; x_wconf 85' lang='lat' dir='ltr'>habitus,</span> <span class='ocrx_word' id='word_1_230' title='bbox 3812 1753 3864 1801; x_wconf 89' lang='lat' dir='ltr'>et</span> 
     </span>
    </p>
   </div>
   <div class='ocr_carea' id='block_1_34' title="bbox 539 1829 2138 1906">
    <p class='ocr_par' dir='ltr' id='par_1_34' title="bbox 539 1829 2138 1906">
     <span class='ocr_line' id='line_1_34' title="bbox 539 1829 2138 1906; baseline -0.006 -15"><span class='ocrx_word' id='word_1_231' title='bbox 539 1852 709 1906; x_wconf 88' lang='lat' dir='ltr'>genus</span> <span class='ocrx_word' id='word_1_232' title='bbox 755 1844 837 1889; x_wconf 92' lang='lat' dir='ltr'>est</span> <span class='ocrx_word' id='word_1_233' title='bbox 876 1833 1164 1905; x_wconf 87' lang='lat' dir='ltr'>pereundi,</span> <span class='ocrx_word' id='word_1_234' title='bbox 1225 1832 1282 1886; x_wconf 93' lang='lat' dir='ltr'>in</span> <span class='ocrx_word' id='word_1_235' title='bbox 1331 1848 1438 1902; x_wconf 92' lang='lat' dir='ltr'>quo</span> <span class='ocrx_word' id='word_1_236' title='bbox 1495 1829 1742 1886; x_wconf 83' lang='lat' dir='ltr'>carnifex</span> <span class='ocrx_word' id='word_1_237' title='bbox 1803 1837 2024 1900; x_wconf 82' lang='lat' dir='ltr'>rogatur</span> <span class='ocrx_word' id='word_1_238' title='bbox 2078 1835 2138 1883; x_wconf 89' lang='lat' dir='ltr'>ut</span> 
     </span>
    </p>
   </div>
   <div class='ocr_carea' id='block_1_35' title="bbox 536 1918 2135 1992">
    <p class='ocr_par' dir='ltr' id='par_1_35' title="bbox 536 1918 2135 1992">
     <span class='ocr_line' id='line_1_35' title="bbox 536 1918 2135 1992; baseline -0.002 -15"><span class='ocrx_word' id='word_1_239' title='bbox 536 1922 718 1989; x_wconf 85' lang='lat' dir='ltr'>feriat,</span> <span class='ocrx_word' id='word_1_240' title='bbox 775 1921 888 1975; x_wconf 88' lang='lat' dir='ltr'>vita</span> <span class='ocrx_word' id='word_1_241' title='bbox 937 1928 1161 1992; x_wconf 90' lang='lat' dir='ltr'>optatur</span> <span class='ocrx_word' id='word_1_242' title='bbox 1207 1928 1271 1975; x_wconf 90' lang='lat' dir='ltr'>ut</span> <span class='ocrx_word' id='word_1_243' title='bbox 1309 1928 1512 1991; x_wconf 86' lang='lat' dir='ltr'>pereat,</span> <span class='ocrx_word' id='word_1_244' title='bbox 1565 1935 1711 1974; x_wconf 90' lang='lat' dir='ltr'>mors</span> <span class='ocrx_word' id='word_1_245' title='bbox 1757 1918 2028 1973; x_wconf 84' lang='lat' dir='ltr'>invitatur</span> <span class='ocrx_word' id='word_1_246' title='bbox 2074 1927 2135 1974; x_wconf 90' lang='lat' dir='ltr'>ut</span> 
     </span>
    </p>
   </div>
   <div class='ocr_carea' id='block_1_36' title="bbox 535 2009 2134 2080">
    <p class='ocr_par' dir='ltr' id='par_1_36' title="bbox 535 2009 2134 2080">
     <span class='ocr_line' id='line_1_36' title="bbox 535 2009 2134 2080; baseline -0.003 -12"><span class='ocrx_word' id='word_1_247' title='bbox 535 2014 746 2069; x_wconf 90' lang='lat' dir='ltr'>veniat.</span> <span class='ocrx_word' id='word_1_248' title='bbox 806 2012 994 2069; x_wconf 90' lang='lat' dir='ltr'>Novus</span> <span class='ocrx_word' id='word_1_249' title='bbox 1047 2011 1141 2069; x_wconf 91' lang='lat' dir='ltr'>hic</span> <span class='ocrx_word' id='word_1_250' title='bbox 1197 2012 1380 2068; x_wconf 90' lang='lat' dir='ltr'>luctus</span> <span class='ocrx_word' id='word_1_251' title='bbox 1434 2019 1536 2080; x_wconf 88' lang='lat' dir='ltr'>est,</span> <span class='ocrx_word' id='word_1_252' title='bbox 1593 2027 1737 2066; x_wconf 87' lang='lat' dir='ltr'>nova</span> <span class='ocrx_word' id='word_1_253' title='bbox 1787 2010 2028 2078; x_wconf 90' lang='lat' dir='ltr'>miseria,</span> <span class='ocrx_word' id='word_1_254' title='bbox 2075 2009 2134 2065; x_wconf 84' lang='lat' dir='ltr'>in</span> 
     </span>
    </p>
   </div>
   <div class='ocr_carea' id='block_1_37' title="bbox 536 2101 2134 2175">
    <p class='ocr_par' dir='ltr' id='par_1_37' title="bbox 536 2101 2134 2175">
     <span class='ocr_line' id='line_1_37' title="bbox 536 2101 2134 2175; baseline -0.001 -17"><span class='ocrx_word' id='word_1_255' title='bbox 536 2118 645 2175; x_wconf 87' lang='lat' dir='ltr'>qua</span> <span class='ocrx_word' id='word_1_256' title='bbox 686 2111 942 2159; x_wconf 91' lang='lat' dir='ltr'>natorum</span> <span class='ocrx_word' id='word_1_257' title='bbox 966 2101 1234 2175; x_wconf 88' lang='lat' dir='ltr'>juventus</span> <span class='ocrx_word' id='word_1_258' title='bbox 1280 2110 1472 2175; x_wconf 89' lang='lat' dir='ltr'>sponte</span> <span class='ocrx_word' id='word_1_259' title='bbox 1516 2101 1812 2170; x_wconf 90' lang='lat' dir='ltr'>amittitur,</span> <span class='ocrx_word' id='word_1_260' title='bbox 1860 2111 1914 2157; x_wconf 92' lang='lat' dir='ltr'>et</span> <span class='ocrx_word' id='word_1_261' title='bbox 1945 2118 2134 2174; x_wconf 86' lang='lat' dir='ltr'>paren-</span> 
     </span>
    </p>
   </div>
   <div class='ocr_carea' id='block_1_38' title="bbox 533 2191 1794 2264">
    <p class='ocr_par' dir='ltr' id='par_1_38' title="bbox 533 2191 1794 2264">
     <span class='ocr_line' id='line_1_38' title="bbox 533 2191 1794 2264; baseline 0.001 -17"><span class='ocrx_word' id='word_1_262' title='bbox 533 2199 653 2247; x_wconf 89' lang='lat' dir='ltr'>tum</span> <span class='ocrx_word' id='word_1_263' title='bbox 680 2191 987 2248; x_wconf 89' lang='lat' dir='ltr'>miseranda</span> <span class='ocrx_word' id='word_1_264' title='bbox 1015 2192 1229 2264; x_wconf 84' lang='lat' dir='ltr'>cogitur</span> <span class='ocrx_word' id='word_1_265' title='bbox 1254 2199 1506 2248; x_wconf 80' lang='lat' dir='ltr'>senectus</span> <span class='ocrx_word' id='word_1_266' title='bbox 1533 2200 1595 2247; x_wconf 89' lang='lat' dir='ltr'>ut</span> <span class='ocrx_word' id='word_1_267' title='bbox 1625 2191 1794 2248; x_wconf 83' lang='lat' dir='ltr'>vivat.</span> 
     </span>
    </p>
   </div>
   <div class='ocr_carea' id='block_1_39' title="bbox 607 2282 2133 2355">
    <p class='ocr_par' dir='ltr' id='par_1_39' title="bbox 607 2282 2133 2355">
     <span class='ocr_line' id='line_1_39' title="bbox 607 2282 2133 2355; baseline -0.001 -16"><span class='ocrx_word' id='word_1_268' title='bbox 607 2285 657 2339; x_wconf 95' lang='lat'>7.</span> <span class='ocrx_word' id='word_1_269' title='bbox 691 2285 799 2339; x_wconf 88' lang='lat' dir='ltr'>Ista</span> <span class='ocrx_word' id='word_1_270' title='bbox 823 2293 877 2340; x_wconf 90' lang='lat' dir='ltr'>et</span> <span class='ocrx_word' id='word_1_271' title='bbox 905 2284 993 2339; x_wconf 89' lang='lat' dir='ltr'>his</span> <span class='ocrx_word' id='word_1_272' title='bbox 1022 2283 1228 2338; x_wconf 89' lang='lat' dir='ltr'>similia</span> <span class='ocrx_word' id='word_1_273' title='bbox 1264 2290 1438 2338; x_wconf 89' lang='lat' dir='ltr'>matre</span> <span class='ocrx_word' id='word_1_274' title='bbox 1468 2290 1851 2355; x_wconf 87' lang='lat' dir='ltr'>prosequente,</span> <span class='ocrx_word' id='word_1_275' title='bbox 1879 2282 2133 2338; x_wconf 90' lang='lat' dir='ltr'>inﬁrmus</span> 
     </span>
    </p>
   </div>
   <div class='ocr_carea' id='block_1_40' title="bbox 534 2373 2131 2448">
    <p class='ocr_par' dir='ltr' id='par_1_40' title="bbox 534 2373 2131 2448">
     <span class='ocr_line' id='line_1_40' title="bbox 534 2373 2131 2448; baseline -0.001 -16"><span class='ocrx_word' id='word_1_276' title='bbox 534 2385 707 2448; x_wconf 89' lang='lat' dir='ltr'>pater,</span> <span class='ocrx_word' id='word_1_277' title='bbox 739 2385 793 2432; x_wconf 89' lang='lat' dir='ltr'>et</span> <span class='ocrx_word' id='word_1_278' title='bbox 822 2377 1002 2448; x_wconf 85' lang='lat' dir='ltr'>gravis</span> <span class='ocrx_word' id='word_1_279' title='bbox 1021 2375 1134 2447; x_wconf 89' lang='lat' dir='ltr'>jam</span> <span class='ocrx_word' id='word_1_280' title='bbox 1172 2375 1347 2442; x_wconf 92' lang='lat' dir='ltr'>senio,</span> <span class='ocrx_word' id='word_1_281' title='bbox 1398 2373 1654 2430; x_wconf 87' lang='lat' dir='ltr'>manibus</span> <span class='ocrx_word' id='word_1_282' title='bbox 1701 2375 1995 2431; x_wconf 87' lang='lat' dir='ltr'>adducitur</span> <span class='ocrx_word' id='word_1_283' title='bbox 2023 2391 2131 2431; x_wconf 92' lang='lat' dir='ltr'>ser-</span> 
     </span>
    </p>
   </div>
   <div class='ocr_carea' id='block_1_41' title="bbox 533 2462 2127 2537">
    <p class='ocr_par' dir='ltr' id='par_1_41' title="bbox 533 2462 2127 2537">
     <span class='ocr_line' id='line_1_41' title="bbox 533 2462 2127 2537; baseline 0.001 -19"><span class='ocrx_word' id='word_1_284' title='bbox 533 2465 814 2533; x_wconf 90' lang='lat' dir='ltr'>vulorum,</span> <span class='ocrx_word' id='word_1_285' title='bbox 847 2471 902 2520; x_wconf 88' lang='lat' dir='ltr'>et</span> <span class='ocrx_word' id='word_1_286' title='bbox 921 2479 1146 2537; x_wconf 86' lang='lat' dir='ltr'>cygnao</span> <span class='ocrx_word' id='word_1_287' title='bbox 1172 2462 1338 2535; x_wconf 89' lang='lat' dir='ltr'>capiti</span> <span class='ocrx_word' id='word_1_288' title='bbox 1367 2469 1523 2518; x_wconf 83' lang='lat' dir='ltr'>terrae</span> <span class='ocrx_word' id='word_1_289' title='bbox 1546 2464 1826 2535; x_wconf 83' lang='lat' dir='ltr'>pulverem</span> <span class='ocrx_word' id='word_1_290' title='bbox 1851 2480 2127 2537; x_wconf 83' lang='lat' dir='ltr'>spargens,</span> 
     </span>
    </p>
   </div>
   <div class='ocr_carea' id='block_1_42' title="bbox 532 2551 2128 2626">
    <p class='ocr_par' dir='ltr' id='par_1_42' title="bbox 532 2551 2128 2626">
     <span class='ocr_line' id='line_1_42' title="bbox 532 2551 2128 2626; baseline 0.001 -18"><span class='ocrx_word' id='word_1_291' title='bbox 532 2552 854 2626; x_wconf 86' lang='lat' dir='ltr'>hujusmodi</span> <span class='ocrx_word' id='word_1_292' title='bbox 905 2553 1070 2609; x_wconf 89' lang='lat' dir='ltr'>dabat</span> <span class='ocrx_word' id='word_1_293' title='bbox 1113 2568 1275 2609; x_wconf 90' lang='lat' dir='ltr'>voces</span> <span class='ocrx_word' id='word_1_294' title='bbox 1324 2551 1392 2607; x_wconf 93' lang='lat' dir='ltr'>ad</span> <span class='ocrx_word' id='word_1_295' title='bbox 1441 2553 1639 2607; x_wconf 87' lang='lat' dir='ltr'>coelum</span> <span class='ocrx_word' id='word_1_296' title='bbox 1684 2571 1695 2608; x_wconf 90' lang='lat'>:</span> <span class='ocrx_word' id='word_1_297' title='bbox 1760 2553 1848 2609; x_wconf 86' lang='lat' dir='ltr'>Ad</span> <span class='ocrx_word' id='word_1_298' title='bbox 1894 2561 2128 2609; x_wconf 89' lang='lat' dir='ltr'>mortem</span> 
     </span>
    </p>
   </div>
   <div class='ocr_carea' id='block_1_43' title="bbox 532 2641 2131 2714">
    <p class='ocr_par' dir='ltr' id='par_1_43' title="bbox 532 2641 2131 2714">
     <span class='ocr_line' id='line_1_43' title="bbox 532 2641 2131 2714; baseline 0.001 -16"><span class='ocrx_word' id='word_1_299' title='bbox 532 2644 680 2698; x_wconf 89' lang='lat' dir='ltr'>ultro</span> <span class='ocrx_word' id='word_1_300' title='bbox 711 2641 1186 2714; x_wconf 89' lang='lat' dir='ltr'>proﬁciscentibus</span> <span class='ocrx_word' id='word_1_301' title='bbox 1232 2641 1366 2696; x_wconf 90' lang='lat' dir='ltr'>ﬁliis</span> <span class='ocrx_word' id='word_1_302' title='bbox 1410 2641 1784 2699; x_wconf 87' lang='lat' dir='ltr'>valedicturus</span> <span class='ocrx_word' id='word_1_303' title='bbox 1817 2643 2037 2712; x_wconf 87' lang='lat' dir='ltr'>adveni,</span> <span class='ocrx_word' id='word_1_304' title='bbox 2070 2651 2131 2699; x_wconf 87' lang='lat' dir='ltr'>ut</span> 
     </span>
    </p>
   </div>
   <div class='ocr_carea' id='block_1_44' title="bbox 531 2731 2130 2805">
    <p class='ocr_par' dir='ltr' id='par_1_44' title="bbox 531 2731 2130 2805">
     <span class='ocr_line' id='line_1_44' title="bbox 531 2731 2130 2805; baseline 0 -17"><span class='ocrx_word' id='word_1_305' title='bbox 531 2733 812 2802; x_wconf 90' lang='lat' dir='ltr'>universa,</span> <span class='ocrx_word' id='word_1_306' title='bbox 872 2748 993 2805; x_wconf 86' lang='lat' dir='ltr'>qua</span> <span class='ocrx_word' id='word_1_307' title='bbox 1039 2749 1072 2788; x_wconf 91' lang='lat' dir='ltr'>a</span> <span class='ocrx_word' id='word_1_308' title='bbox 1115 2731 1248 2787; x_wconf 88' lang='lat' dir='ltr'>ﬁliis</span> <span class='ocrx_word' id='word_1_309' title='bbox 1291 2731 1584 2802; x_wconf 85' lang='lat' dir='ltr'>sepulturae</span> <span class='ocrx_word' id='word_1_310' title='bbox 1639 2748 1771 2788; x_wconf 85' lang='lat' dir='ltr'>meae</span> <span class='ocrx_word' id='word_1_311' title='bbox 1816 2731 2130 2788; x_wconf 87' lang='lat' dir='ltr'>exhibenda</span> 
     </span>
    </p>
   </div>
   <div class='ocr_carea' id='block_1_45' title="bbox 531 2819 2125 2894">
    <p class='ocr_par' dir='ltr' id='par_1_45' title="bbox 531 2819 2125 2894">
     <span class='ocr_line' id='line_1_45' title="bbox 531 2819 2125 2894; baseline 0.001 -17"><span class='ocrx_word' id='word_1_312' title='bbox 531 2837 872 2894; x_wconf 89' lang='lat' dir='ltr'>paraveram,</span> <span class='ocrx_word' id='word_1_313' title='bbox 901 2837 1001 2893; x_wconf 87' lang='lat' dir='ltr'>ego</span> <span class='ocrx_word' id='word_1_314' title='bbox 1030 2819 1229 2876; x_wconf 87' lang='lat' dir='ltr'>infelix</span> <span class='ocrx_word' id='word_1_315' title='bbox 1273 2820 1418 2876; x_wconf 91' lang='lat' dir='ltr'>ﬁlios</span> <span class='ocrx_word' id='word_1_316' title='bbox 1448 2822 1766 2892; x_wconf 86' lang='lat' dir='ltr'>sepulturus</span> <span class='ocrx_word' id='word_1_317' title='bbox 1799 2821 2125 2894; x_wconf 87' lang='lat' dir='ltr'>expendam.</span> 
     </span>
    </p>
   </div>
   <div class='ocr_carea' id='block_1_46' title="bbox 530 2909 2130 2983">
    <p class='ocr_par' dir='ltr' id='par_1_46' title="bbox 530 2909 2130 2983">
     <span class='ocr_line' id='line_1_46' title="bbox 530 2909 2130 2983; baseline 0.001 -16"><span class='ocrx_word' id='word_1_318' title='bbox 530 2911 575 2968; x_wconf 92' lang='grc' dir='ltr'><strong>Ο</strong></span> <span class='ocrx_word' id='word_1_319' title='bbox 605 2911 730 2979; x_wconf 86' lang='lat' dir='ltr'>ﬁlii,</span> <span class='ocrx_word' id='word_1_320' title='bbox 762 2927 895 2966; x_wconf 87' lang='lat' dir='ltr'>mea</span> <span class='ocrx_word' id='word_1_321' title='bbox 955 2910 1183 2966; x_wconf 89' lang='lat' dir='ltr'>baculus</span> <span class='ocrx_word' id='word_1_322' title='bbox 1219 2909 1534 2976; x_wconf 89' lang='lat' dir='ltr'>senectutis,</span> <span class='ocrx_word' id='word_1_323' title='bbox 1585 2919 1638 2966; x_wconf 91' lang='lat' dir='ltr'>et</span> <span class='ocrx_word' id='word_1_324' title='bbox 1677 2912 1954 2983; x_wconf 87' lang='lat' dir='ltr'>geminum</span> <span class='ocrx_word' id='word_1_325' title='bbox 1986 2929 2130 2968; x_wconf 88' lang='lat' dir='ltr'>meo-</span> 
     </span>
    </p>
   </div>
   <div class='ocr_carea' id='block_1_47' title="bbox 529 2996 2129 3072">
    <p class='ocr_par' dir='ltr' id='par_1_47' title="bbox 529 2996 2129 3072">
     <span class='ocr_line' id='line_1_47' title="bbox 529 2996 2129 3072; baseline 0.001 -17"><span class='ocrx_word' id='word_1_326' title='bbox 529 3014 652 3055; x_wconf 86' lang='lat' dir='ltr'>rum</span> <span class='ocrx_word' id='word_1_327' title='bbox 705 2997 978 3054; x_wconf 87' lang='lat' dir='ltr'>viscerum</span> <span class='ocrx_word' id='word_1_328' title='bbox 1041 2999 1250 3064; x_wconf 88' lang='lat' dir='ltr'>lumen,</span> <span class='ocrx_word' id='word_1_329' title='bbox 1305 2996 1421 3051; x_wconf 88' lang='lat' dir='ltr'>nati</span> <span class='ocrx_word' id='word_1_330' title='bbox 1474 2997 1730 3066; x_wconf 86' lang='lat' dir='ltr'>feliciter,</span> <span class='ocrx_word' id='word_1_331' title='bbox 1779 3009 1833 3056; x_wconf 88' lang='lat' dir='ltr'>et</span> <span class='ocrx_word' id='word_1_332' title='bbox 1875 3017 2129 3072; x_wconf 89' lang='lat' dir='ltr'>prospere</span> 
     </span>
    </p>
   </div>
   <div class='ocr_carea' id='block_1_48' title="bbox 2246 1834 3863 1908">
    <p class='ocr_par' dir='ltr' id='par_1_48' title="bbox 2246 1834 3863 1908">
     <span class='ocr_line' id='line_1_48' title="bbox 2246 1834 3863 1908; baseline 0 -17"><span class='ocrx_word' id='word_1_333' title='bbox 2246 1835 2560 1908; x_wconf 89' lang='lat' dir='ltr'>chlamydis</span> <span class='ocrx_word' id='word_1_334' title='bbox 2582 1835 2950 1891; x_wconf 89' lang='lat' dir='ltr'>obumbrabat</span> <span class='ocrx_word' id='word_1_335' title='bbox 2980 1843 3253 1907; x_wconf 90' lang='lat' dir='ltr'>aspectus.</span> <span class='ocrx_word' id='word_1_336' title='bbox 3272 1835 3344 1890; x_wconf 88' lang='lat' dir='ltr'>At</span> <span class='ocrx_word' id='word_1_337' title='bbox 3377 1834 3475 1890; x_wconf 89' lang='lat' dir='ltr'>ubi</span> <span class='ocrx_word' id='word_1_338' title='bbox 3510 1834 3654 1889; x_wconf 87' lang='lat' dir='ltr'>vidit</span> <span class='ocrx_word' id='word_1_339' title='bbox 3682 1835 3863 1892; x_wconf 75' lang='lat' dir='ltr'>athle~</span> 
     </span>
    </p>
   </div>
   <div class='ocr_carea' id='block_1_49' title="bbox 2245 1923 3859 1996">
    <p class='ocr_par' dir='ltr' id='par_1_49' title="bbox 2245 1923 3859 1996">
     <span class='ocr_line' id='line_1_49' title="bbox 2245 1923 3859 1996; baseline -0.001 -15"><span class='ocrx_word' id='word_1_340' title='bbox 2245 1933 2327 1981; x_wconf 86' lang='lat' dir='ltr'>tas</span> <span class='ocrx_word' id='word_1_341' title='bbox 2355 1926 2454 1981; x_wconf 91' lang='lat' dir='ltr'>Dei</span> <span class='ocrx_word' id='word_1_342' title='bbox 2509 1926 2781 1981; x_wconf 90' lang='lat' dir='ltr'>immenso</span> <span class='ocrx_word' id='word_1_343' title='bbox 2834 1925 3152 1981; x_wconf 83' lang='lat' dir='ltr'>certaminis</span> <span class='ocrx_word' id='word_1_344' title='bbox 3209 1924 3450 1996; x_wconf 89' lang='lat' dir='ltr'>pondere</span> <span class='ocrx_word' id='word_1_345' title='bbox 3503 1923 3747 1996; x_wconf 82' lang='lat' dir='ltr'>fatigari,</span> <span class='ocrx_word' id='word_1_346' title='bbox 3799 1925 3859 1980; x_wconf 88' lang='lat' dir='ltr'>in</span> 
     </span>
    </p>
   </div>
   <div class='ocr_carea' id='block_1_50' title="bbox 2245 2013 3862 2086">
    <p class='ocr_par' dir='ltr' id='par_1_50' title="bbox 2245 2013 3862 2086">
     <span class='ocr_line' id='line_1_50' title="bbox 2245 2013 3862 2086; baseline -0.001 -16"><span class='ocrx_word' id='word_1_347' title='bbox 2245 2015 2428 2071; x_wconf 89' lang='lat' dir='ltr'>medio</span> <span class='ocrx_word' id='word_1_348' title='bbox 2457 2031 2648 2070; x_wconf 86' lang='lat' dir='ltr'>eorum</span> <span class='ocrx_word' id='word_1_349' title='bbox 2681 2031 2737 2070; x_wconf 90' lang='lat' dir='ltr'>se</span> <span class='ocrx_word' id='word_1_350' title='bbox 2779 2013 3069 2086; x_wconf 88' lang='lat' dir='ltr'>objiciens,</span> <span class='ocrx_word' id='word_1_351' title='bbox 3101 2014 3247 2070; x_wconf 82' lang='lat' dir='ltr'>dixit</span> <span class='ocrx_word' id='word_1_352' title='bbox 3280 2033 3291 2068; x_wconf 92' lang='lat'>:</span> <span class='ocrx_word' id='word_1_353' title='bbox 3328 2015 3373 2071; x_wconf 93' lang='grc' dir='ltr'>Ο</span> <span class='ocrx_word' id='word_1_354' title='bbox 3429 2015 3732 2071; x_wconf 86' lang='lat' dir='ltr'>fortissimi</span> <span class='ocrx_word' id='word_1_355' title='bbox 3767 2016 3862 2070; x_wconf 82' lang='lat' dir='ltr'>mi-</span> 
     </span>
    </p>
   </div>
   <div class='ocr_carea' id='block_1_51' title="bbox 2246 2101 3860 2175">
    <p class='ocr_par' dir='ltr' id='par_1_51' title="bbox 2246 2101 3860 2175">
     <span class='ocr_line' id='line_1_51' title="bbox 2246 2101 3860 2175; baseline 0 -18"><span class='ocrx_word' id='word_1_356' title='bbox 2246 2103 2370 2158; x_wconf 87' lang='lat' dir='ltr'>lites</span> <span class='ocrx_word' id='word_1_357' title='bbox 2402 2103 2633 2166; x_wconf 84' lang='lat' dir='ltr'>Christi,</span> <span class='ocrx_word' id='word_1_358' title='bbox 2673 2119 2706 2157; x_wconf 91' lang='grc' dir='ltr'><strong>ο</strong></span> <span class='ocrx_word' id='word_1_359' title='bbox 2742 2103 3161 2158; x_wconf 76' lang='lat' dir='ltr'>instructissiini</span> <span class='ocrx_word' id='word_1_360' title='bbox 3196 2101 3375 2158; x_wconf 80' lang='lat' dir='ltr'>divini</span> <span class='ocrx_word' id='word_1_361' title='bbox 3416 2103 3596 2175; x_wconf 82' lang='lat' dir='ltr'>pralii</span> <span class='ocrx_word' id='word_1_362' title='bbox 3631 2103 3860 2158; x_wconf 85' lang='lat' dir='ltr'>bellato-</span> 
     </span>
    </p>
   </div>
   <div class='ocr_carea' id='block_1_52' title="bbox 2245 2191 3860 2266">
    <p class='ocr_par' dir='ltr' id='par_1_52' title="bbox 2245 2191 3860 2266">
     <span class='ocr_line' id='line_1_52' title="bbox 2245 2191 3860 2266; baseline 0.001 -17"><span class='ocrx_word' id='word_1_363' title='bbox 2245 2209 2349 2262; x_wconf 87' lang='lat' dir='ltr'>res,</span> <span class='ocrx_word' id='word_1_364' title='bbox 2384 2210 2479 2265; x_wconf 91' lang='lat' dir='ltr'>per</span> <span class='ocrx_word' id='word_1_365' title='bbox 2508 2191 2738 2247; x_wconf 89' lang='lat' dir='ltr'>nimiam</span> <span class='ocrx_word' id='word_1_366' title='bbox 2771 2193 3035 2247; x_wconf 85' lang='lat' dir='ltr'>virtutem</span> <span class='ocrx_word' id='word_1_367' title='bbox 3072 2193 3240 2248; x_wconf 89' lang='lat' dir='ltr'>animi</span> <span class='ocrx_word' id='word_1_368' title='bbox 3269 2192 3490 2248; x_wconf 87' lang='lat' dir='ltr'>fortiter</span> <span class='ocrx_word' id='word_1_369' title='bbox 3518 2193 3860 2266; x_wconf 79' lang='lat' dir='ltr'>pervenistis</span> 
     </span>
    </p>
   </div>
   <div class='ocr_carea' id='block_1_53' title="bbox 2243 2281 3860 2354">
    <p class='ocr_par' dir='ltr' id='par_1_53' title="bbox 2243 2281 3860 2354">
     <span class='ocr_line' id='line_1_53' title="bbox 2243 2281 3860 2354; baseline 0.001 -16"><span class='ocrx_word' id='word_1_370' title='bbox 2243 2283 2308 2338; x_wconf 91' lang='lat' dir='ltr'>ad</span> <span class='ocrx_word' id='word_1_371' title='bbox 2341 2282 2602 2354; x_wconf 84' lang='lat' dir='ltr'>palmam,</span> <span class='ocrx_word' id='word_1_372' title='bbox 2636 2291 2690 2338; x_wconf 92' lang='lat' dir='ltr'>et</span> <span class='ocrx_word' id='word_1_373' title='bbox 2740 2298 2889 2337; x_wconf 92' lang='lat' dir='ltr'>nunc</span> <span class='ocrx_word' id='word_1_374' title='bbox 2933 2298 3028 2354; x_wconf 90' lang='lat' dir='ltr'>per</span> <span class='ocrx_word' id='word_1_375' title='bbox 3074 2282 3272 2338; x_wconf 88' lang='lat' dir='ltr'>misera</span> <span class='ocrx_word' id='word_1_376' title='bbox 3322 2281 3717 2338; x_wconf 86' lang='lat' dir='ltr'>blandimenta</span> <span class='ocrx_word' id='word_1_377' title='bbox 3761 2300 3860 2340; x_wconf 82' lang='lat' dir='ltr'>co—</span> 
     </span>
    </p>
   </div>
   <div class='ocr_carea' id='block_1_54' title="bbox 2242 2371 3859 2443">
    <p class='ocr_par' dir='ltr' id='par_1_54' title="bbox 2242 2371 3859 2443">
     <span class='ocr_line' id='line_1_54' title="bbox 2242 2371 3859 2443; baseline 0.001 -16"><span class='ocrx_word' id='word_1_378' title='bbox 2242 2388 2431 2428; x_wconf 89' lang='lat' dir='ltr'>ronam</span> <span class='ocrx_word' id='word_1_379' title='bbox 2462 2371 2737 2443; x_wconf 89' lang='lat' dir='ltr'>deponitis</span> <span class='ocrx_word' id='word_1_380' title='bbox 2761 2372 3145 2443; x_wconf 85' lang='lat' dir='ltr'>sempiternam</span> <span class='ocrx_word' id='word_1_381' title='bbox 3170 2373 3198 2427; x_wconf 80' lang='lat'>?</span> <span class='ocrx_word' id='word_1_382' title='bbox 3218 2372 3404 2428; x_wconf 90' lang='lat' dir='ltr'>Discat</span> <span class='ocrx_word' id='word_1_383' title='bbox 3431 2389 3588 2429; x_wconf 86' lang='lat' dir='ltr'>nunc</span> <span class='ocrx_word' id='word_1_384' title='bbox 3622 2390 3724 2442; x_wconf 88' lang='lat' dir='ltr'>per</span> <span class='ocrx_word' id='word_1_385' title='bbox 3765 2389 3859 2428; x_wconf 86' lang='lat' dir='ltr'>vos</span> 
     </span>
    </p>
   </div>
   <div class='ocr_carea' id='block_1_55' title="bbox 2243 2461 3856 2536">
    <p class='ocr_par' dir='ltr' id='par_1_55' title="bbox 2243 2461 3856 2536">
     <span class='ocr_line' id='line_1_55' title="bbox 2243 2461 3856 2536; baseline -0.001 -16"><span class='ocrx_word' id='word_1_386' title='bbox 2243 2461 2447 2520; x_wconf 84' lang='lat' dir='ltr'>Christi</span> <span class='ocrx_word' id='word_1_387' title='bbox 2486 2462 2728 2517; x_wconf 90' lang='lat' dir='ltr'>militum</span> <span class='ocrx_word' id='word_1_388' title='bbox 2764 2461 3052 2531; x_wconf 87' lang='lat' dir='ltr'>fortitudo,</span> <span class='ocrx_word' id='word_1_389' title='bbox 3087 2461 3193 2517; x_wconf 81' lang='lat' dir='ltr'>fide</span> <span class='ocrx_word' id='word_1_390' title='bbox 3236 2462 3419 2534; x_wconf 86' lang='lat' dir='ltr'>potius</span> <span class='ocrx_word' id='word_1_391' title='bbox 3449 2465 3660 2518; x_wconf 90' lang='lat' dir='ltr'>armari</span> <span class='ocrx_word' id='word_1_392' title='bbox 3693 2481 3856 2536; x_wconf 83' lang='lat' dir='ltr'>quam</span> 
     </span>
    </p>
   </div>
   <div class='ocr_carea' id='block_1_56' title="bbox 2240 2545 3855 2624">
    <p class='ocr_par' dir='ltr' id='par_1_56' title="bbox 2240 2545 3855 2624">
     <span class='ocr_line' id='line_1_56' title="bbox 2240 2545 3855 2624; baseline 0.001 -18"><span class='ocrx_word' id='word_1_393' title='bbox 2240 2545 2406 2608; x_wconf 48' lang='lat' dir='ltr'>ferro:</span> <span class='ocrx_word' id='word_1_394' title='bbox 2454 2550 2635 2607; x_wconf 86' lang='lat' dir='ltr'>Nolite</span> <span class='ocrx_word' id='word_1_395' title='bbox 2690 2551 3048 2606; x_wconf 85' lang='lat' dir='ltr'>victoriarum</span> <span class='ocrx_word' id='word_1_396' title='bbox 3092 2559 3395 2606; x_wconf 90' lang='lat' dir='ltr'>vestrarum</span> <span class='ocrx_word' id='word_1_397' title='bbox 3454 2551 3704 2623; x_wconf 86' lang='lat' dir='ltr'>insignia</span> <span class='ocrx_word' id='word_1_398' title='bbox 3765 2569 3855 2624; x_wconf 83' lang='lat' dir='ltr'>per</span> 
     </span>
    </p>
   </div>
   <div class='ocr_carea' id='block_1_57' title="bbox 2241 2646 3852 2719">
    <p class='ocr_par' dir='ltr' id='par_1_57' title="bbox 2241 2646 3852 2719">
     <span class='ocr_line' id='line_1_57' title="bbox 2241 2646 3852 2719; baseline 0 -18"><span class='ocrx_word' id='word_1_399' title='bbox 2241 2647 2537 2702; x_wconf 89' lang='lat' dir='ltr'>mulierum</span> <span class='ocrx_word' id='word_1_400' title='bbox 2567 2647 2950 2703; x_wconf 88' lang='lat' dir='ltr'>blandimenta</span> <span class='ocrx_word' id='word_1_401' title='bbox 2977 2646 3234 2718; x_wconf 90' lang='lat' dir='ltr'>abjicere,</span> <span class='ocrx_word' id='word_1_402' title='bbox 3269 2655 3323 2702; x_wconf 90' lang='lat' dir='ltr'>et</span> <span class='ocrx_word' id='word_1_403' title='bbox 3367 2646 3650 2718; x_wconf 85' lang='lat' dir='ltr'>subjectas</span> <span class='ocrx_word' id='word_1_404' title='bbox 3703 2647 3852 2719; x_wconf 80' lang='lat' dir='ltr'>pedi-</span> 
     </span>
    </p>
   </div>
   <div class='ocr_carea' id='block_1_58' title="bbox 2238 2736 3852 2794">
    <p class='ocr_par' dir='ltr' id='par_1_58' title="bbox 2238 2736 3852 2794">
     <span class='ocr_line' id='line_1_58' title="bbox 2238 2736 3852 2794; baseline -0.001 -2"><span class='ocrx_word' id='word_1_405' title='bbox 2238 2737 2342 2793; x_wconf 89' lang='lat' dir='ltr'>bus</span> <span class='ocrx_word' id='word_1_406' title='bbox 2371 2737 2569 2793; x_wconf 84' lang='lat' dir='ltr'>vestris</span> <span class='ocrx_word' id='word_1_407' title='bbox 2622 2736 2799 2792; x_wconf 90' lang='lat' dir='ltr'>hostis</span> <span class='ocrx_word' id='word_1_408' title='bbox 2851 2736 3057 2793; x_wconf 90' lang='lat' dir='ltr'>devicti</span> <span class='ocrx_word' id='word_1_409' title='bbox 3106 2736 3349 2794; x_wconf 87' lang='lat' dir='ltr'>cervices</span> <span class='ocrx_word' id='word_1_410' title='bbox 3386 2737 3452 2791; x_wconf 91' lang='lat' dir='ltr'>ad</span> <span class='ocrx_word' id='word_1_411' title='bbox 3498 2736 3763 2792; x_wconf 84' lang='lat' dir='ltr'>victricia</span> <span class='ocrx_word' id='word_1_412' title='bbox 3804 2743 3852 2791; x_wconf 86' lang='lat' dir='ltr'>et</span> 
     </span>
    </p>
   </div>
   <div class='ocr_carea' id='block_1_59' title="bbox 2238 2825 3851 2899">
    <p class='ocr_par' dir='ltr' id='par_1_59' title="bbox 2238 2825 3851 2899">
     <span class='ocr_line' id='line_1_59' title="bbox 2238 2825 3851 2899; baseline -0.002 -16"><span class='ocrx_word' id='word_1_413' title='bbox 2238 2826 2490 2884; x_wconf 88' lang='lat' dir='ltr'>rediviva</span> <span class='ocrx_word' id='word_1_414' title='bbox 2519 2826 2718 2882; x_wconf 90' lang='lat' dir='ltr'>iterum</span> <span class='ocrx_word' id='word_1_415' title='bbox 2753 2827 2895 2882; x_wconf 90' lang='lat' dir='ltr'>bella</span> <span class='ocrx_word' id='word_1_416' title='bbox 2952 2828 3156 2895; x_wconf 86' lang='lat' dir='ltr'>laxare,</span> <span class='ocrx_word' id='word_1_417' title='bbox 3210 2825 3368 2899; x_wconf 89' lang='lat' dir='ltr'>cujus</span> <span class='ocrx_word' id='word_1_418' title='bbox 3399 2826 3659 2898; x_wconf 81' lang='lat' dir='ltr'>quamvis</span> <span class='ocrx_word' id='word_1_419' title='bbox 3708 2843 3851 2882; x_wconf 79' lang='lat' dir='ltr'>sava</span> 
     </span>
    </p>
   </div>
   <div class='ocr_carea' id='block_1_60' title="bbox 2243 2913 3850 2987">
    <p class='ocr_par' dir='ltr' id='par_1_60' title="bbox 2243 2913 3850 2987">
     <span class='ocr_line' id='line_1_60' title="bbox 2243 2913 3850 2987; baseline -0.001 -14"><span class='ocrx_word' id='word_1_420' title='bbox 2243 2924 2436 2973; x_wconf 90' lang='lat' dir='ltr'>contra</span> <span class='ocrx_word' id='word_1_421' title='bbox 2457 2932 2553 2972; x_wconf 90' lang='lat' dir='ltr'>vos</span> <span class='ocrx_word' id='word_1_422' title='bbox 2583 2915 2858 2972; x_wconf 85' lang='lat' dir='ltr'>exstiterit</span> <span class='ocrx_word' id='word_1_423' title='bbox 2888 2922 2943 2970; x_wconf 92' lang='lat' dir='ltr'>et</span> <span class='ocrx_word' id='word_1_424' title='bbox 2981 2913 3268 2987; x_wconf 89' lang='lat' dir='ltr'>periniqua</span> <span class='ocrx_word' id='word_1_425' title='bbox 3298 2914 3563 2970; x_wconf 86' lang='lat' dir='ltr'>instantia</span> <span class='ocrx_word' id='word_1_426' title='bbox 3595 2917 3703 2986; x_wconf 81' lang='lat'>(9),</span> <span class='ocrx_word' id='word_1_427' title='bbox 3759 2933 3850 2971; x_wconf 71' lang='lat' dir='ltr'>saa-</span> 
     </span>
    </p>
   </div>
   <div class='ocr_carea' id='block_1_61' title="bbox 2239 3003 3853 3077">
    <p class='ocr_par' dir='ltr' id='par_1_61' title="bbox 2239 3003 3853 3077">
     <span class='ocr_line' id='line_1_61' title="bbox 2239 3003 3853 3077; baseline -0.002 -16"><span class='ocrx_word' id='word_1_428' title='bbox 2239 3007 2362 3061; x_wconf 89' lang='lat' dir='ltr'>vior</span> <span class='ocrx_word' id='word_1_429' title='bbox 2397 3014 2578 3062; x_wconf 91' lang='lat' dir='ltr'>tamen</span> <span class='ocrx_word' id='word_1_430' title='bbox 2630 3004 2866 3060; x_wconf 80' lang='lat' dir='ltr'>efﬁcitur</span> <span class='ocrx_word' id='word_1_431' title='bbox 2923 3003 3003 3058; x_wconf 91' lang='lat' dir='ltr'>ira</span> <span class='ocrx_word' id='word_1_432' title='bbox 3046 3004 3295 3076; x_wconf 89' lang='lat' dir='ltr'>repetita.</span> <span class='ocrx_word' id='word_1_433' title='bbox 3346 3004 3556 3074; x_wconf 80' lang='lat' dir='ltr'>Erigite</span> <span class='ocrx_word' id='word_1_434' title='bbox 3620 3005 3853 3077; x_wconf 84' lang='lat' dir='ltr'>igitura</span> 
     </span>
    </p>
   </div>
   <div class='ocr_carea' id='block_1_62' title="bbox 530 3083 3845 3172">
    <p class='ocr_par' dir='ltr' id='par_1_62' title="bbox 530 3083 3845 3172">
     <span class='ocr_line' id='line_1_62' title="bbox 530 3083 3845 3172; baseline 0.002 -32"><span class='ocrx_word' id='word_1_435' title='bbox 530 3086 767 3156; x_wconf 88' lang='lat' dir='ltr'>educati,</span> <span class='ocrx_word' id='word_1_436' title='bbox 813 3083 1288 3143; x_wconf 84' lang='lat' dir='ltr'>excellentissima</span> <span class='ocrx_word' id='word_1_437' title='bbox 1331 3085 1628 3155; x_wconf 89' lang='lat' dir='ltr'>memoria,</span> <span class='ocrx_word' id='word_1_438' title='bbox 1675 3096 1729 3144; x_wconf 89' lang='lat' dir='ltr'>et</span> <span class='ocrx_word' id='word_1_439' title='bbox 1763 3087 1970 3159; x_wconf 82' lang='lat' dir='ltr'>ingenii</span> <span class='ocrx_word' id='word_1_440' title='bbox 2017 3091 2127 3145; x_wconf 88' lang='lat' dir='ltr'>sin-</span> <span class='ocrx_word' id='word_1_441' title='bbox 2163 3111 2206 3172; x_wconf 73' lang='grc' dir='ltr'>ο</span> <span class='ocrx_word' id='word_1_442' title='bbox 2239 3095 2473 3150; x_wconf 88' lang='lat' dir='ltr'>terrenis</span> <span class='ocrx_word' id='word_1_443' title='bbox 2501 3093 2789 3150; x_wconf 78' lang='lat' dir='ltr'>affectibus</span> <span class='ocrx_word' id='word_1_444' title='bbox 2821 3092 2937 3165; x_wconf 88' lang='grc'>(10)</span> <span class='ocrx_word' id='word_1_445' title='bbox 2985 3101 3250 3166; x_wconf 86' lang='lat' dir='ltr'>tropaum</span> <span class='ocrx_word' id='word_1_446' title='bbox 3301 3094 3468 3149; x_wconf 90' lang='lat' dir='ltr'>vestri</span> <span class='ocrx_word' id='word_1_447' title='bbox 3517 3093 3845 3149; x_wconf 87' lang='lat' dir='ltr'>certaminis</span> 
     </span>
    </p>
   </div>
   <div class='ocr_carea' id='block_1_63' title="bbox 531 3173 2126 3246">
    <p class='ocr_par' dir='ltr' id='par_1_63' title="bbox 531 3173 2126 3246">
     <span class='ocr_line' id='line_1_63' title="bbox 531 3173 2126 3246; baseline 0.003 -17"><span class='ocrx_word' id='word_1_448' title='bbox 531 3173 754 3246; x_wconf 86' lang='lat' dir='ltr'>gularis,</span> <span class='ocrx_word' id='word_1_449' title='bbox 788 3174 1038 3229; x_wconf 90' lang='lat' dir='ltr'>omnium</span> <span class='ocrx_word' id='word_1_450' title='bbox 1072 3173 1386 3230; x_wconf 89' lang='lat' dir='ltr'>liberalium</span> <span class='ocrx_word' id='word_1_451' title='bbox 1430 3175 1628 3246; x_wconf 88' lang='lat' dir='ltr'>peritia</span> <span class='ocrx_word' id='word_1_452' title='bbox 1672 3176 1979 3233; x_wconf 89' lang='lat' dir='ltr'>litterarum</span> <span class='ocrx_word' id='word_1_453' title='bbox 2027 3178 2126 3234; x_wconf 91' lang='lat' dir='ltr'>im-</span> 
     </span>
    </p>
   </div>
   <div class='ocr_carea' id='block_1_64' title="bbox 527 3265 2128 3340">
    <p class='ocr_par' dir='ltr' id='par_1_64' title="bbox 527 3265 2128 3340">
     <span class='ocr_line' id='line_1_64' title="bbox 527 3265 2128 3340; baseline 0.003 -18"><span class='ocrx_word' id='word_1_454' title='bbox 527 3265 672 3334; x_wconf 91' lang='lat' dir='ltr'>buti,</span> <span class='ocrx_word' id='word_1_455' title='bbox 730 3283 850 3340; x_wconf 85' lang='lat' dir='ltr'>qua</span> <span class='ocrx_word' id='word_1_456' title='bbox 903 3266 1006 3324; x_wconf 91' lang='lat' dir='ltr'>ista</span> <span class='ocrx_word' id='word_1_457' title='bbox 1059 3274 1282 3340; x_wconf 92' lang='lat' dir='ltr'>repente</span> <span class='ocrx_word' id='word_1_458' title='bbox 1342 3266 1554 3323; x_wconf 89' lang='lat' dir='ltr'>insania</span> <span class='ocrx_word' id='word_1_459' title='bbox 1608 3278 1787 3326; x_wconf 88' lang='lat' dir='ltr'>vestra</span> <span class='ocrx_word' id='word_1_460' title='bbox 1843 3272 2128 3327; x_wconf 90' lang='lat' dir='ltr'>voluntate</span> 
     </span>
    </p>
   </div>
   <div class='ocr_carea' id='block_1_65' title="bbox 529 3357 2127 3430">
    <p class='ocr_par' dir='ltr' id='par_1_65' title="bbox 529 3357 2127 3430">
     <span class='ocr_line' id='line_1_65' title="bbox 529 3357 2127 3430; baseline 0.001 -18"><span class='ocrx_word' id='word_1_461' title='bbox 529 3357 814 3430; x_wconf 87' lang='lat' dir='ltr'>progenita</span> <span class='ocrx_word' id='word_1_462' title='bbox 869 3357 1063 3413; x_wconf 87' lang='lat' dir='ltr'>mortis</span> <span class='ocrx_word' id='word_1_463' title='bbox 1107 3374 1207 3413; x_wconf 88' lang='lat' dir='ltr'>vos</span> <span class='ocrx_word' id='word_1_464' title='bbox 1257 3357 1389 3414; x_wconf 92' lang='lat' dir='ltr'>fecit</span> <span class='ocrx_word' id='word_1_465' title='bbox 1434 3373 1550 3414; x_wconf 90' lang='lat' dir='ltr'>esse</span> <span class='ocrx_word' id='word_1_466' title='bbox 1596 3366 1864 3416; x_wconf 86' lang='lat' dir='ltr'>amatores</span> <span class='ocrx_word' id='word_1_467' title='bbox 1907 3359 1936 3416; x_wconf 81' lang='lat'><strong>?</strong></span> <span class='ocrx_word' id='word_1_468' title='bbox 1980 3360 2127 3415; x_wconf 87' lang='lat' dir='ltr'>Nun-</span> 
     </span>
    </p>
   </div>
   <div class='ocr_carea' id='block_1_66' title="bbox 529 3446 2130 3520">
    <p class='ocr_par' dir='ltr' id='par_1_66' title="bbox 529 3446 2130 3520">
     <span class='ocr_line' id='line_1_66' title="bbox 529 3446 2130 3520; baseline 0.001 -20"><span class='ocrx_word' id='word_1_469' title='bbox 529 3462 693 3518; x_wconf 90' lang='lat' dir='ltr'>quam</span> <span class='ocrx_word' id='word_1_470' title='bbox 725 3446 828 3504; x_wconf 90' lang='lat' dir='ltr'>ista</span> <span class='ocrx_word' id='word_1_471' title='bbox 867 3446 1186 3504; x_wconf 89' lang='lat' dir='ltr'>viventibus</span> <span class='ocrx_word' id='word_1_472' title='bbox 1235 3447 1443 3517; x_wconf 91' lang='lat' dir='ltr'>placuit</span> <span class='ocrx_word' id='word_1_473' title='bbox 1476 3465 1487 3502; x_wconf 94' lang='lat'><strong>:</strong></span> <span class='ocrx_word' id='word_1_474' title='bbox 1524 3463 1808 3520; x_wconf 91' lang='lat' dir='ltr'>nunquam</span> <span class='ocrx_word' id='word_1_475' title='bbox 1845 3448 2130 3504; x_wconf 89' lang='lat' dir='ltr'>morituris</span> 
     </span>
    </p>
   </div>
   <div class='ocr_carea' id='block_1_67' title="bbox 529 3535 2128 3608">
    <p class='ocr_par' dir='ltr' id='par_1_67' title="bbox 529 3535 2128 3608">
     <span class='ocr_line' id='line_1_67' title="bbox 529 3535 2128 3608; baseline 0.002 -19"><span class='ocrx_word' id='word_1_476' title='bbox 529 3551 690 3590; x_wconf 88' lang='lat' dir='ltr'>suum</span> <span class='ocrx_word' id='word_1_477' title='bbox 754 3553 996 3592; x_wconf 92' lang='lat' dir='ltr'>amorem</span> <span class='ocrx_word' id='word_1_478' title='bbox 1051 3535 1275 3590; x_wconf 88' lang='lat' dir='ltr'>induxit</span> <span class='ocrx_word' id='word_1_479' title='bbox 1332 3555 1344 3591; x_wconf 92' lang='lat'>:</span> <span class='ocrx_word' id='word_1_480' title='bbox 1406 3535 1474 3590; x_wconf 92' lang='lat' dir='ltr'>ad</span> <span class='ocrx_word' id='word_1_481' title='bbox 1526 3552 1878 3608; x_wconf 88' lang='lat' dir='ltr'>quoscunque</span> <span class='ocrx_word' id='word_1_482' title='bbox 1947 3545 2128 3593; x_wconf 89' lang='lat' dir='ltr'>autem</span> 
     </span>
    </p>
   </div>
   <div class='ocr_carea' id='block_1_68' title="bbox 531 3623 2131 3694">
    <p class='ocr_par' dir='ltr' id='par_1_68' title="bbox 531 3623 2131 3694">
     <span class='ocr_line' id='line_1_68' title="bbox 531 3623 2131 3694; baseline 0.005 -20"><span class='ocrx_word' id='word_1_483' title='bbox 531 3623 818 3692; x_wconf 88' lang='lat' dir='ltr'>pervenire</span> <span class='ocrx_word' id='word_1_484' title='bbox 844 3623 1054 3694; x_wconf 83' lang='lat' dir='ltr'>potuit,</span> <span class='ocrx_word' id='word_1_485' title='bbox 1090 3623 1362 3679; x_wconf 89' lang='lat' dir='ltr'>violenter</span> <span class='ocrx_word' id='word_1_486' title='bbox 1403 3623 1639 3679; x_wconf 89' lang='lat' dir='ltr'>admissa</span> <span class='ocrx_word' id='word_1_487' title='bbox 1677 3632 1777 3692; x_wconf 91' lang='lat' dir='ltr'>est,</span> <span class='ocrx_word' id='word_1_488' title='bbox 1825 3633 1877 3680; x_wconf 92' lang='lat' dir='ltr'>et</span> <span class='ocrx_word' id='word_1_489' title='bbox 1908 3642 2018 3680; x_wconf 90' lang='lat' dir='ltr'>non</span> <span class='ocrx_word' id='word_1_490' title='bbox 2049 3634 2131 3682; x_wconf 89' lang='lat' dir='ltr'>est</span> 
     </span>
    </p>
   </div>
   <div class='ocr_carea' id='block_1_69' title="bbox 530 3709 2130 3783">
    <p class='ocr_par' dir='ltr' id='par_1_69' title="bbox 530 3709 2130 3783">
     <span class='ocr_line' id='line_1_69' title="bbox 530 3709 2130 3783; baseline 0.005 -20"><span class='ocrx_word' id='word_1_491' title='bbox 530 3709 815 3765; x_wconf 89' lang='lat' dir='ltr'>voluntate</span> <span class='ocrx_word' id='word_1_492' title='bbox 862 3710 928 3765; x_wconf 89' lang='lat' dir='ltr'>ab</span> <span class='ocrx_word' id='word_1_493' title='bbox 968 3710 1084 3764; x_wconf 94' lang='lat' dir='ltr'>ullo</span> <span class='ocrx_word' id='word_1_494' title='bbox 1124 3710 1348 3765; x_wconf 86' lang='lat' dir='ltr'>vivente</span> <span class='ocrx_word' id='word_1_495' title='bbox 1378 3719 1646 3783; x_wconf 89' lang='lat' dir='ltr'>suscepta.</span> <span class='ocrx_word' id='word_1_496' title='bbox 1678 3713 1734 3767; x_wconf 94' lang='lat' dir='ltr'>Si</span> <span class='ocrx_word' id='word_1_497' title='bbox 1775 3713 1919 3769; x_wconf 88' lang='lat' dir='ltr'>hanc</span> <span class='ocrx_word' id='word_1_498' title='bbox 1948 3715 2130 3772; x_wconf 89' lang='lat' dir='ltr'>nudus</span> 
     </span>
    </p>
   </div>
   <div class='ocr_carea' id='block_1_70' title="bbox 529 3798 2129 3875">
    <p class='ocr_par' dir='ltr' id='par_1_70' title="bbox 529 3798 2129 3875">
     <span class='ocr_line' id='line_1_70' title="bbox 529 3798 2129 3875; baseline 0.003 -19"><span class='ocrx_word' id='word_1_499' title='bbox 529 3798 746 3856; x_wconf 90' lang='lat' dir='ltr'>debitor</span> <span class='ocrx_word' id='word_1_500' title='bbox 789 3799 892 3856; x_wconf 91' lang='lat' dir='ltr'>sub</span> <span class='ocrx_word' id='word_1_501' title='bbox 934 3816 1098 3856; x_wconf 89' lang='lat' dir='ltr'>avaro</span> <span class='ocrx_word' id='word_1_502' title='bbox 1141 3800 1446 3856; x_wconf 89' lang='lat' dir='ltr'>feneratore</span> <span class='ocrx_word' id='word_1_503' title='bbox 1493 3801 1720 3873; x_wconf 90' lang='lat' dir='ltr'>patitur,</span> <span class='ocrx_word' id='word_1_504' title='bbox 1765 3803 1920 3858; x_wconf 88' lang='lat' dir='ltr'>nulla</span> <span class='ocrx_word' id='word_1_505' title='bbox 1952 3813 2129 3875; x_wconf 89' lang='lat' dir='ltr'>potest</span> 
     </span>
    </p>
   </div>
   <div class='ocr_carea' id='block_1_71' title="bbox 529 3888 2127 3965">
    <p class='ocr_par' dir='ltr' id='par_1_71' title="bbox 529 3888 2127 3965">
     <span class='ocr_line' id='line_1_71' title="bbox 529 3888 2127 3965; baseline 0.004 -22"><span class='ocrx_word' id='word_1_506' title='bbox 529 3888 740 3944; x_wconf 90' lang='lat' dir='ltr'>ratione</span> <span class='ocrx_word' id='word_1_507' title='bbox 783 3888 1058 3961; x_wconf 86' lang='lat' dir='ltr'>diligere;</span> <span class='ocrx_word' id='word_1_508' title='bbox 1117 3907 1220 3946; x_wconf 87' lang='lat' dir='ltr'>nec</span> <span class='ocrx_word' id='word_1_509' title='bbox 1265 3892 1444 3946; x_wconf 90' lang='lat' dir='ltr'>solum</span> <span class='ocrx_word' id='word_1_510' title='bbox 1489 3907 1601 3946; x_wconf 91' lang='lat' dir='ltr'>non</span> <span class='ocrx_word' id='word_1_511' title='bbox 1648 3891 1880 3963; x_wconf 79' lang='lat' dir='ltr'>diligere</span> <span class='ocrx_word' id='word_1_512' title='bbox 1931 3909 2127 3965; x_wconf 89' lang='lat' dir='ltr'>cogno-</span> 
     </span>
    </p>
   </div>
   <div class='ocr_carea' id='block_1_72' title="bbox 528 3977 2128 4056">
    <p class='ocr_par' dir='ltr' id='par_1_72' title="bbox 528 3977 2128 4056">
     <span class='ocr_line' id='line_1_72' title="bbox 528 3977 2128 4056; baseline 0.003 -23"><span class='ocrx_word' id='word_1_513' title='bbox 528 3977 722 4046; x_wconf 91' lang='lat' dir='ltr'>scitur,</span> <span class='ocrx_word' id='word_1_514' title='bbox 767 3977 862 4034; x_wconf 91' lang='lat' dir='ltr'>sed</span> <span class='ocrx_word' id='word_1_515' title='bbox 906 3979 1121 4034; x_wconf 90' lang='lat' dir='ltr'>timere.</span> <span class='ocrx_word' id='word_1_516' title='bbox 1172 3979 1291 4047; x_wconf 86' lang='lat' dir='ltr'>Qua</span> <span class='ocrx_word' id='word_1_517' title='bbox 1339 3979 1548 4036; x_wconf 87' lang='lat' dir='ltr'>ratione</span> <span class='ocrx_word' id='word_1_518' title='bbox 1607 3996 1725 4036; x_wconf 87' lang='lat' dir='ltr'>eam</span> <span class='ocrx_word' id='word_1_519' title='bbox 1769 3982 1997 4054; x_wconf 87' lang='lat' dir='ltr'>appetit,</span> <span class='ocrx_word' id='word_1_520' title='bbox 2033 3984 2128 4056; x_wconf 90' lang='lat' dir='ltr'>qui</span> 
     </span>
    </p>
   </div>
   <div class='ocr_carea' id='block_1_73' title="bbox 527 4066 2124 4140">
    <p class='ocr_par' dir='ltr' id='par_1_73' title="bbox 527 4066 2124 4140">
     <span class='ocr_line' id='line_1_73' title="bbox 527 4066 2124 4140; baseline 0.004 -19"><span class='ocrx_word' id='word_1_521' title='bbox 527 4073 581 4122; x_wconf 88' lang='lat' dir='ltr'>et</span> <span class='ocrx_word' id='word_1_522' title='bbox 610 4066 772 4122; x_wconf 90' lang='lat' dir='ltr'>bonis</span> <span class='ocrx_word' id='word_1_523' title='bbox 809 4066 1075 4123; x_wconf 88' lang='lat' dir='ltr'>exuberat</span> <span class='ocrx_word' id='word_1_524' title='bbox 1121 4066 1403 4134; x_wconf 90' lang='lat' dir='ltr'>omnibus,</span> <span class='ocrx_word' id='word_1_525' title='bbox 1454 4077 1508 4124; x_wconf 90' lang='lat' dir='ltr'>et</span> <span class='ocrx_word' id='word_1_526' title='bbox 1555 4069 1778 4140; x_wconf 90' lang='lat' dir='ltr'>penitus</span> <span class='ocrx_word' id='word_1_527' title='bbox 1833 4072 1933 4126; x_wconf 91' lang='lat' dir='ltr'>ulli</span> <span class='ocrx_word' id='word_1_528' title='bbox 1982 4072 2124 4128; x_wconf 90' lang='lat' dir='ltr'>nihil</span> 
     </span>
    </p>
   </div>
   <div class='ocr_carea' id='block_1_74' title="bbox 527 4163 2127 4239">
    <p class='ocr_par' dir='ltr' id='par_1_74' title="bbox 527 4163 2127 4239">
     <span class='ocr_line' id='line_1_74' title="bbox 527 4163 2127 4239; baseline 0.002 -18"><span class='ocrx_word' id='word_1_529' title='bbox 527 4163 748 4221; x_wconf 78' lang='lat' dir='ltr'>debet?</span> <span class='ocrx_word' id='word_1_530' title='bbox 786 4164 985 4222; x_wconf 83' lang='lat' dir='ltr'>Venite</span> <span class='ocrx_word' id='word_1_531' title='bbox 1025 4165 1156 4234; x_wconf 88' lang='lat' dir='ltr'>huc,</span> <span class='ocrx_word' id='word_1_532' title='bbox 1206 4182 1383 4234; x_wconf 89' lang='lat' dir='ltr'>senes,</span> <span class='ocrx_word' id='word_1_533' title='bbox 1419 4173 1475 4220; x_wconf 90' lang='lat' dir='ltr'>et</span> <span class='ocrx_word' id='word_1_534' title='bbox 1521 4183 1732 4223; x_wconf 89' lang='lat' dir='ltr'>mecum</span> <span class='ocrx_word' id='word_1_535' title='bbox 1781 4184 1944 4239; x_wconf 89' lang='lat' dir='ltr'>super</span> <span class='ocrx_word' id='word_1_536' title='bbox 1983 4168 2127 4225; x_wconf 85' lang='lat' dir='ltr'>filios</span> 
     </span>
    </p>
   </div>
   <div class='ocr_carea' id='block_1_75' title="bbox 527 4253 2123 4328">
    <p class='ocr_par' dir='ltr' id='par_1_75' title="bbox 527 4253 2123 4328">
     <span class='ocr_line' id='line_1_75' title="bbox 527 4253 2123 4328; baseline 0.004 -20"><span class='ocrx_word' id='word_1_537' title='bbox 527 4253 788 4325; x_wconf 85' lang='lat' dir='ltr'>plangite,</span> <span class='ocrx_word' id='word_1_538' title='bbox 834 4255 926 4328; x_wconf 90' lang='lat' dir='ltr'>qui</span> <span class='ocrx_word' id='word_1_539' title='bbox 977 4273 1076 4312; x_wconf 91' lang='lat' dir='ltr'>vos</span> <span class='ocrx_word' id='word_1_540' title='bbox 1117 4255 1328 4314; x_wconf 89' lang='lat' dir='ltr'>viscera</span> <span class='ocrx_word' id='word_1_541' title='bbox 1374 4264 1600 4328; x_wconf 90' lang='lat' dir='ltr'>paterna</span> <span class='ocrx_word' id='word_1_542' title='bbox 1640 4255 1841 4312; x_wconf 90' lang='lat' dir='ltr'>habere</span> <span class='ocrx_word' id='word_1_543' title='bbox 1885 4257 2123 4315; x_wconf 88' lang='lat' dir='ltr'>sentitis.</span> 
     </span>
    </p>
   </div>
   <div class='ocr_carea' id='block_1_76' title="bbox 527 4345 2125 4420">
    <p class='ocr_par' dir='ltr' id='par_1_76' title="bbox 527 4345 2125 4420">
     <span class='ocr_line' id='line_1_76' title="bbox 527 4345 2125 4420; baseline 0.002 -18"><span class='ocrx_word' id='word_1_544' title='bbox 527 4346 726 4402; x_wconf 84' lang='lat' dir='ltr'>Venite</span> <span class='ocrx_word' id='word_1_545' title='bbox 753 4345 884 4414; x_wconf 91' lang='lat' dir='ltr'>huc,</span> <span class='ocrx_word' id='word_1_546' title='bbox 925 4345 1179 4418; x_wconf 89' lang='lat' dir='ltr'>juvenes,</span> <span class='ocrx_word' id='word_1_547' title='bbox 1225 4356 1280 4404; x_wconf 91' lang='lat' dir='ltr'>et</span> <span class='ocrx_word' id='word_1_548' title='bbox 1322 4345 1445 4403; x_wconf 90' lang='lat' dir='ltr'>ﬂete</span> <span class='ocrx_word' id='word_1_549' title='bbox 1475 4363 1640 4419; x_wconf 89' lang='lat' dir='ltr'>super</span> <span class='ocrx_word' id='word_1_550' title='bbox 1671 4346 1904 4418; x_wconf 88' lang='lat' dir='ltr'>juvenes</span> <span class='ocrx_word' id='word_1_551' title='bbox 1932 4357 2125 4420; x_wconf 89' lang='lat' dir='ltr'>sponte</span> 
     </span>
    </p>
   </div>
   <div class='ocr_carea' id='block_1_77' title="bbox 527 4434 2205 4528">
    <p class='ocr_par' dir='ltr' id='par_1_77' title="bbox 527 4434 2205 4528">
     <span class='ocr_line' id='line_1_77' title="bbox 527 4434 2205 4528; baseline 0.003 -40"><span class='ocrx_word' id='word_1_552' title='bbox 527 4443 836 4528; x_wconf 83' lang='lat' dir='ltr'>pereuntes.</span> <span class='ocrx_word' id='word_1_553' title='bbox 870 4434 1291 4528; x_wconf 60' lang='lat' dir='ltr'>Ilucaccedite,</span> <span class='ocrx_word' id='word_1_554' title='bbox 1318 4445 1518 4508; x_wconf 88' lang='lat' dir='ltr'>patres,</span> <span class='ocrx_word' id='word_1_555' title='bbox 1551 4444 1604 4491; x_wconf 91' lang='lat' dir='ltr'>et</span> <span class='ocrx_word' id='word_1_556' title='bbox 1651 4436 1937 4508; x_wconf 89' lang='lat' dir='ltr'>prohibete</span> <span class='ocrx_word' id='word_1_557' title='bbox 1966 4437 2121 4507; x_wconf 90' lang='lat' dir='ltr'>talia,</span> <span class='ocrx_word' id='word_1_558' title='bbox 2157 4470 2205 4528; x_wconf 83' lang='lat' dir='ltr'><strong>D</strong></span> 
     </span>
    </p>
   </div>
   <div class='ocr_carea' id='block_1_78' title="bbox 526 4522 2128 4596">
    <p class='ocr_par' dir='ltr' id='par_1_78' title="bbox 526 4522 2128 4596">
     <span class='ocr_line' id='line_1_78' title="bbox 526 4522 2128 4596; baseline 0.004 -20"><span class='ocrx_word' id='word_1_559' title='bbox 526 4537 596 4576; x_wconf 92' lang='lat' dir='ltr'>ne</span> <span class='ocrx_word' id='word_1_560' title='bbox 625 4522 755 4577; x_wconf 88' lang='lat' dir='ltr'>talia</span> <span class='ocrx_word' id='word_1_561' title='bbox 783 4523 1091 4594; x_wconf 86' lang='lat' dir='ltr'>patiamini.</span> <span class='ocrx_word' id='word_1_562' title='bbox 1124 4523 1351 4579; x_wconf 87' lang='lat' dir='ltr'>Deﬁcite</span> <span class='ocrx_word' id='word_1_563' title='bbox 1399 4525 1684 4596; x_wconf 88' lang='lat' dir='ltr'>plorando,</span> <span class='ocrx_word' id='word_1_564' title='bbox 1716 4525 1864 4582; x_wconf 91' lang='lat' dir='ltr'>oculi</span> <span class='ocrx_word' id='word_1_565' title='bbox 1913 4527 2042 4595; x_wconf 90' lang='lat' dir='ltr'>mei,</span> <span class='ocrx_word' id='word_1_566' title='bbox 2075 4536 2128 4584; x_wconf 88' lang='lat' dir='ltr'>et</span> 
     </span>
    </p>
   </div>
   <div class='ocr_carea' id='block_1_79' title="bbox 526 4609 2122 4686">
    <p class='ocr_par' dir='ltr' id='par_1_79' title="bbox 526 4609 2122 4686">
     <span class='ocr_line' id='line_1_79' title="bbox 526 4609 2122 4686; baseline 0.003 -20"><span class='ocrx_word' id='word_1_567' title='bbox 526 4609 816 4682; x_wconf 86' lang='lat' dir='ltr'>caliginem</span> <span class='ocrx_word' id='word_1_568' title='bbox 845 4610 1104 4667; x_wconf 92' lang='lat' dir='ltr'>obducite</span> <span class='ocrx_word' id='word_1_569' title='bbox 1135 4611 1430 4669; x_wconf 85' lang='lat' dir='ltr'>fundentes</span> <span class='ocrx_word' id='word_1_570' title='bbox 1453 4612 1684 4667; x_wconf 87' lang='lat' dir='ltr'>ﬂumina</span> <span class='ocrx_word' id='word_1_571' title='bbox 1714 4614 2081 4686; x_wconf 88' lang='lat' dir='ltr'>lacrymarum</span> <span class='ocrx_word' id='word_1_572' title='bbox 2112 4633 2122 4671; x_wconf 90' lang='lat'><strong>:</strong></span> 
     </span>
    </p>
   </div>
   <div class='ocr_carea' id='block_1_80' title="bbox 526 4698 2124 4775">
    <p class='ocr_par' dir='ltr' id='par_1_80' title="bbox 526 4698 2124 4775">
     <span class='ocr_line' id='line_1_80' title="bbox 526 4698 2124 4775; baseline 0.003 -21"><span class='ocrx_word' id='word_1_573' title='bbox 526 4713 596 4754; x_wconf 92' lang='lat' dir='ltr'>ne</span> <span class='ocrx_word' id='word_1_574' title='bbox 625 4698 841 4754; x_wconf 89' lang='lat' dir='ltr'>videam</span> <span class='ocrx_word' id='word_1_575' title='bbox 871 4699 1007 4756; x_wconf 83' lang='lat' dir='ltr'>cadi</span> <span class='ocrx_word' id='word_1_576' title='bbox 1040 4700 1245 4773; x_wconf 88' lang='lat' dir='ltr'>gladio,</span> <span class='ocrx_word' id='word_1_577' title='bbox 1275 4717 1412 4773; x_wconf 88' lang='lat' dir='ltr'>quos</span> <span class='ocrx_word' id='word_1_578' title='bbox 1441 4700 1570 4756; x_wconf 90' lang='lat' dir='ltr'>dum</span> <span class='ocrx_word' id='word_1_579' title='bbox 1598 4702 1751 4774; x_wconf 88' lang='lat' dir='ltr'>virga</span> <span class='ocrx_word' id='word_1_580' title='bbox 1779 4703 1917 4759; x_wconf 87' lang='lat' dir='ltr'>levis</span> <span class='ocrx_word' id='word_1_581' title='bbox 1943 4712 2124 4775; x_wconf 90' lang='lat' dir='ltr'>tange-</span> 
     </span>
    </p>
   </div>
   <div class='ocr_carea' id='block_1_81' title="bbox 527 4787 2126 4864">
    <p class='ocr_par' dir='ltr' id='par_1_81' title="bbox 527 4787 2126 4864">
     <span class='ocr_line' id='line_1_81' title="bbox 527 4787 2126 4864; baseline 0.004 -21"><span class='ocrx_word' id='word_1_582' title='bbox 527 4795 630 4856; x_wconf 91' lang='lat' dir='ltr'>ret,</span> <span class='ocrx_word' id='word_1_583' title='bbox 663 4787 864 4843; x_wconf 89' lang='lat' dir='ltr'>tremui</span> <span class='ocrx_word' id='word_1_584' title='bbox 889 4805 903 4857; x_wconf 90' lang='lat'>;</span> <span class='ocrx_word' id='word_1_585' title='bbox 952 4789 1083 4846; x_wconf 90' lang='lat' dir='ltr'>dum</span> <span class='ocrx_word' id='word_1_586' title='bbox 1113 4789 1396 4847; x_wconf 90' lang='lat' dir='ltr'>tristantes</span> <span class='ocrx_word' id='word_1_587' title='bbox 1425 4787 1622 4846; x_wconf 90' lang='lat' dir='ltr'>leviter</span> <span class='ocrx_word' id='word_1_588' title='bbox 1650 4790 1916 4861; x_wconf 86' lang='lat' dir='ltr'>viderem,</span> <span class='ocrx_word' id='word_1_589' title='bbox 1947 4808 2126 4864; x_wconf 88' lang='lat' dir='ltr'>expa-</span> 
     </span>
    </p>
   </div>
   <div class='ocr_carea' id='block_1_82' title="bbox 524 4892 605 4934">
    <p class='ocr_par' dir='ltr' id='par_1_82' title="bbox 524 4892 605 4934">
     <span class='ocr_line' id='line_1_82' title="bbox 524 4892 605 4934; baseline 0.025 -2"><span class='ocrx_word' id='word_1_590' title='bbox 524 4892 605 4934; x_wconf 78' lang='grc' dir='ltr'>νι.</span> 
     </span>
    </p>
   </div>
   <div class='ocr_carea' id='block_1_83' title="bbox 595 4964 2122 5043">
    <p class='ocr_par' dir='ltr' id='par_1_83' title="bbox 595 4964 2122 5043">
     <span class='ocr_line' id='line_1_83' title="bbox 595 4964 2122 5043; baseline 0.003 -21"><span class='ocrx_word' id='word_1_591' title='bbox 595 4966 649 5023; x_wconf 93' lang='lat'>8.</span> <span class='ocrx_word' id='word_1_592' title='bbox 687 4964 862 5039; x_wconf 79' lang='lat' dir='ltr'>Igitur</span> <span class='ocrx_word' id='word_1_593' title='bbox 897 4966 1030 5024; x_wconf 91' lang='lat' dir='ltr'>dum</span> <span class='ocrx_word' id='word_1_594' title='bbox 1060 4967 1178 5027; x_wconf 82' lang='lat' dir='ltr'>hac</span> <span class='ocrx_word' id='word_1_595' title='bbox 1224 4975 1278 5025; x_wconf 92' lang='lat' dir='ltr'>et</span> <span class='ocrx_word' id='word_1_596' title='bbox 1316 4968 1426 5026; x_wconf 90' lang='lat' dir='ltr'>alia</span> <span class='ocrx_word' id='word_1_597' title='bbox 1467 4968 1652 5026; x_wconf 90' lang='lat' dir='ltr'>senior</span> <span class='ocrx_word' id='word_1_598' title='bbox 1683 4979 2122 5043; x_wconf 87' lang='lat' dir='ltr'>prosequeretur,</span> 
     </span>
    </p>
   </div>
   <div class='ocr_carea' id='block_1_84' title="bbox 523 5055 2121 5131">
    <p class='ocr_par' dir='ltr' id='par_1_84' title="bbox 523 5055 2121 5131">
     <span class='ocr_line' id='line_1_84' title="bbox 523 5055 2121 5131; baseline 0.001 -19"><span class='ocrx_word' id='word_1_599' title='bbox 523 5071 649 5114; x_wconf 86' lang='lat' dir='ltr'>ecce</span> <span class='ocrx_word' id='word_1_600' title='bbox 677 5055 966 5113; x_wconf 89' lang='lat' dir='ltr'>amborum</span> <span class='ocrx_word' id='word_1_601' title='bbox 995 5056 1254 5130; x_wconf 88' lang='lat' dir='ltr'>conjuges</span> <span class='ocrx_word' id='word_1_602' title='bbox 1280 5074 1406 5115; x_wconf 91' lang='lat' dir='ltr'>cum</span> <span class='ocrx_word' id='word_1_603' title='bbox 1432 5058 1576 5115; x_wconf 89' lang='lat' dir='ltr'>natis</span> <span class='ocrx_word' id='word_1_604' title='bbox 1602 5059 1838 5131; x_wconf 89' lang='lat' dir='ltr'>propriis</span> <span class='ocrx_word' id='word_1_605' title='bbox 1866 5059 2121 5130; x_wconf 88' lang='lat' dir='ltr'>veniunt,</span> 
     </span>
    </p>
   </div>
   <div class='ocr_carea' id='block_1_85' title="bbox 524 5145 2122 5220">
    <p class='ocr_par' dir='ltr' id='par_1_85' title="bbox 524 5145 2122 5220">
     <span class='ocr_line' id='line_1_85' title="bbox 524 5145 2122 5220; baseline 0.001 -18"><span class='ocrx_word' id='word_1_606' title='bbox 524 5153 580 5202; x_wconf 90' lang='lat' dir='ltr'>et</span> <span class='ocrx_word' id='word_1_607' title='bbox 606 5145 917 5219; x_wconf 86' lang='lat' dir='ltr'>aspectibus</span> <span class='ocrx_word' id='word_1_608' title='bbox 945 5162 1136 5203; x_wconf 90' lang='lat' dir='ltr'>eorum</span> <span class='ocrx_word' id='word_1_609' title='bbox 1182 5146 1436 5220; x_wconf 88' lang='lat' dir='ltr'>proprios</span> <span class='ocrx_word' id='word_1_610' title='bbox 1467 5147 1770 5204; x_wconf 86' lang='lat' dir='ltr'>infantulos</span> <span class='ocrx_word' id='word_1_611' title='bbox 1813 5149 2122 5217; x_wconf 78' lang='lat' dir='ltr'>offerentes,</span> 
     </span>
    </p>
   </div>
   <div class='ocr_carea' id='block_1_86' title="bbox 525 5232 2125 5306">
    <p class='ocr_par' dir='ltr' id='par_1_86' title="bbox 525 5232 2125 5306">
     <span class='ocr_line' id='line_1_86' title="bbox 525 5232 2125 5306; baseline 0.002 -17"><span class='ocrx_word' id='word_1_612' title='bbox 525 5233 624 5290; x_wconf 90' lang='lat' dir='ltr'>has</span> <span class='ocrx_word' id='word_1_613' title='bbox 652 5232 911 5306; x_wconf 89' lang='lat' dir='ltr'>ejulando</span> <span class='ocrx_word' id='word_1_614' title='bbox 940 5250 1104 5292; x_wconf 88' lang='lat' dir='ltr'>voces</span> <span class='ocrx_word' id='word_1_615' title='bbox 1143 5234 1436 5292; x_wconf 80' lang='lat' dir='ltr'>effundunt</span> <span class='ocrx_word' id='word_1_616' title='bbox 1467 5253 1479 5292; x_wconf 90' lang='lat'><strong>:</strong></span> <span class='ocrx_word' id='word_1_617' title='bbox 1508 5235 1719 5305; x_wconf 89' lang='lat' dir='ltr'>Quibus</span> <span class='ocrx_word' id='word_1_618' title='bbox 1747 5254 1848 5294; x_wconf 89' lang='lat' dir='ltr'>nos</span> <span class='ocrx_word' id='word_1_619' title='bbox 1876 5238 2125 5294; x_wconf 89' lang='lat' dir='ltr'>servitu-</span> 
     </span>
    </p>
   </div>
   <div class='ocr_carea' id='block_1_87' title="bbox 523 5323 2122 5399">
    <p class='ocr_par' dir='ltr' id='par_1_87' title="bbox 523 5323 2122 5399">
     <span class='ocr_line' id='line_1_87' title="bbox 523 5323 2122 5399; baseline 0.001 -19"><span class='ocrx_word' id='word_1_620' title='bbox 523 5338 612 5380; x_wconf 85' lang='lat' dir='ltr'>ras</span> <span class='ocrx_word' id='word_1_621' title='bbox 638 5323 956 5398; x_wconf 88' lang='lat' dir='ltr'>relinquitis</span> <span class='ocrx_word' id='word_1_622' title='bbox 983 5325 1013 5381; x_wconf 67' lang='grc' dir='ltr'>τ</span> <span class='ocrx_word' id='word_1_623' title='bbox 1040 5324 1241 5399; x_wconf 87' lang='lat' dir='ltr'>quibus</span> <span class='ocrx_word' id='word_1_624' title='bbox 1279 5323 1523 5398; x_wconf 87' lang='lat' dir='ltr'>conjugii</span> <span class='ocrx_word' id='word_1_625' title='bbox 1551 5327 1726 5383; x_wconf 90' lang='lat' dir='ltr'>nostri</span> <span class='ocrx_word' id='word_1_626' title='bbox 1754 5327 1972 5385; x_wconf 87' lang='lat' dir='ltr'>traditis</span> <span class='ocrx_word' id='word_1_627' title='bbox 1998 5325 2122 5383; x_wconf 90' lang='lat' dir='ltr'>cha-</span> 
     </span>
    </p>
   </div>
   <div class='ocr_carea' id='block_1_88' title="bbox 599 5465 1874 5676">
    <p class='ocr_par' dir='ltr' id='par_1_88' title="bbox 599 5465 1874 5676">
     <span class='ocr_line' id='line_1_88' title="bbox 599 5465 1874 5676; baseline 0.001 -154"><span class='ocrx_word' id='word_1_628' title='bbox 599 5465 682 5676; x_wconf 48' lang='grc' dir='ltr'><strong>ξ)</strong></span> <span class='ocrx_word' id='word_1_629' title='bbox 714 5466 849 5535; x_wconf 84' lang='lat' dir='ltr'>Alii,</span> <span class='ocrx_word' id='word_1_630' title='bbox 870 5484 968 5549; x_wconf 64' lang='lat' dir='ltr'>per</span> <span class='ocrx_word' id='word_1_631' title='bbox 993 5466 1167 5524; x_wconf 83' lang='lat' dir='ltr'>media</span> <span class='ocrx_word' id='word_1_632' title='bbox 1185 5482 1426 5549; x_wconf 76' lang='lat' dir='ltr'>sequerer</span> <span class='ocrx_word' id='word_1_633' title='bbox 1450 5467 1586 5525; x_wconf 86' lang='lat' dir='ltr'>bella</span> <span class='ocrx_word' id='word_1_634' title='bbox 1612 5474 1874 5540; x_wconf 81' lang='lat' dir='ltr'>raptores.</span> 
     </span>
     <span class='ocr_line' id='line_1_89' title="bbox 624 5537 1331 5612; baseline 0 -18"><span class='ocrx_word' id='word_1_635' title='bbox 624 5537 658 5594; x_wconf 89' lang='lat'><strong>9</strong></span> <span class='ocrx_word' id='word_1_636' title='bbox 712 5537 813 5594; x_wconf 85' lang='lat' dir='ltr'>Ms.</span> <span class='ocrx_word' id='word_1_637' title='bbox 847 5539 1331 5612; x_wconf 73' lang='lat' dir='ltr'>Rip.,constantta.</span> 
     </span>
     <span class='ocr_line' id='line_1_90' title="bbox 628 5606 1874 5676; baseline 0.003 -13"><span class='ocrx_word' id='word_1_638' title='bbox 628 5606 718 5676; x_wconf 97' lang='grc'>10)</span> <span class='ocrx_word' id='word_1_639' title='bbox 749 5608 864 5676; x_wconf 93' lang='lat' dir='ltr'>AL,</span> <span class='ocrx_word' id='word_1_640' title='bbox 888 5609 1063 5676; x_wconf 78' lang='lat' dir='ltr'>plenis</span> <span class='ocrx_word' id='word_1_641' title='bbox 1090 5611 1357 5676; x_wconf 77' lang='lat' dir='ltr'>affectibus</span> <span class='ocrx_word' id='word_1_642' title='bbox 1386 5625 1409 5676; x_wconf 91' lang='lat'>;</span> <span class='ocrx_word' id='word_1_643' title='bbox 1456 5609 1530 5667; x_wconf 88' lang='lat' dir='ltr'>al.</span> <span class='ocrx_word' id='word_1_644' title='bbox 1566 5609 1787 5668; x_wconf 73' lang='lat' dir='ltr'>terrenis</span> <span class='ocrx_word' id='word_1_645' title='bbox 1814 5628 1874 5668; x_wconf 79' lang='lat' dir='ltr'>as</span> 
     </span>
    </p>
   </div>
   <div class='ocr_carea' id='block_1_89' title="bbox 624 5537 1331 5612">
    <p class='ocr_par' dir='ltr' id='par_1_89' title="bbox 624 5537 1331 5612">
     <span class='ocr_line' id='line_1_91' title="bbox 624 5537 1331 5612; baseline 0.001 -19"><span class='ocrx_word' id='word_1_646' title='bbox 624 5537 816 5612; x_wconf 58' lang='lat' dir='ltr'>9)_Ms,</span> <span class='ocrx_word' id='word_1_647' title='bbox 847 5537 997 5612; x_wconf 80' lang='lat' dir='ltr'>Rip.,</span> <span class='ocrx_word' id='word_1_648' title='bbox 1017 5537 1331 5612; x_wconf 70' lang='lat' dir='ltr'>constantia.</span> 
     </span>
    </p>
   </div>
   <div class='ocr_carea' id='block_1_90' title="bbox 628 5606 2121 5686">
    <p class='ocr_par' dir='ltr' id='par_1_90' title="bbox 628 5606 2121 5686">
     <span class='ocr_line' id='line_1_92' title="bbox 628 5606 2121 5686; baseline 0.005 -23"><span class='ocrx_word' id='word_1_649' title='bbox 628 5606 718 5680; x_wconf 95' lang='grc'>10)</span> <span class='ocrx_word' id='word_1_650' title='bbox 749 5608 864 5678; x_wconf 94' lang='lat' dir='ltr'>AL,</span> <span class='ocrx_word' id='word_1_651' title='bbox 888 5606 1063 5685; x_wconf 70' lang='lat' dir='ltr'>plenis</span> <span class='ocrx_word' id='word_1_652' title='bbox 1090 5611 1357 5684; x_wconf 63' lang='lat' dir='ltr'>affectibus</span> <span class='ocrx_word' id='word_1_653' title='bbox 1386 5625 1409 5677; x_wconf 91' lang='lat'>;</span> <span class='ocrx_word' id='word_1_654' title='bbox 1456 5609 1530 5667; x_wconf 88' lang='lat' dir='ltr'>al.</span> <span class='ocrx_word' id='word_1_655' title='bbox 1566 5609 1787 5668; x_wconf 83' lang='lat' dir='ltr'>terrenis</span> <span class='ocrx_word' id='word_1_656' title='bbox 1814 5611 2121 5686; x_wconf 78' lang='lat' dir='ltr'>aspectibus.</span> 
     </span>
    </p>
   </div>
   <div class='ocr_carea' id='block_1_91' title="bbox 2239 3183 3848 3258">
    <p class='ocr_par' dir='ltr' id='par_1_91' title="bbox 2239 3183 3848 3258">
     <span class='ocr_line' id='line_1_93' title="bbox 2239 3183 3848 3258; baseline -0.001 -18"><span class='ocrx_word' id='word_1_657' title='bbox 2239 3185 2536 3258; x_wconf 90' lang='lat' dir='ltr'>gloriosum</span> <span class='ocrx_word' id='word_1_658' title='bbox 2593 3184 2734 3256; x_wconf 88' lang='grc'><strong>(11),</strong></span> <span class='ocrx_word' id='word_1_659' title='bbox 2791 3191 2845 3239; x_wconf 92' lang='lat' dir='ltr'>et</span> <span class='ocrx_word' id='word_1_660' title='bbox 2899 3184 3071 3239; x_wconf 89' lang='lat' dir='ltr'>nolite</span> <span class='ocrx_word' id='word_1_661' title='bbox 3120 3183 3259 3239; x_wconf 90' lang='lat' dir='ltr'>illud</span> <span class='ocrx_word' id='word_1_662' title='bbox 3307 3183 3560 3239; x_wconf 87' lang='lat' dir='ltr'>amittere</span> <span class='ocrx_word' id='word_1_663' title='bbox 3623 3183 3848 3239; x_wconf 79' lang='lat' dir='ltr'>ﬂetibus</span> 
     </span>
    </p>
   </div>
   <div class='ocr_carea' id='block_1_92' title="bbox 2238 3274 3920 3346">
    <p class='ocr_par' dir='ltr' id='par_1_92' title="bbox 2238 3274 3920 3346">
     <span class='ocr_line' id='line_1_94' title="bbox 2238 3274 3920 3346; baseline 0 -19"><span class='ocrx_word' id='word_1_664' title='bbox 2238 3274 2609 3346; x_wconf 86' lang='lat' dir='ltr'>palvulorum.</span> <span class='ocrx_word' id='word_1_665' title='bbox 3917 3342 3920 3345; x_wconf 94' lang='lat'><em>_</em></span> 
     </span>
    </p>
   </div>
   <div class='ocr_carea' id='block_1_93' title="bbox 2313 3359 3846 3434">
    <p class='ocr_par' dir='ltr' id='par_1_93' title="bbox 2313 3359 3846 3434">
     <span class='ocr_line' id='line_1_95' title="bbox 2313 3359 3846 3434; baseline -0.002 -16"><span class='ocrx_word' id='word_1_666' title='bbox 2313 3363 2397 3418; x_wconf 89' lang='grc'>10.</span> <span class='ocrx_word' id='word_1_667' title='bbox 2432 3361 2549 3429; x_wconf 89' lang='lat' dir='ltr'>Isti,</span> <span class='ocrx_word' id='word_1_668' title='bbox 2595 3378 2730 3434; x_wconf 90' lang='lat' dir='ltr'>quos</span> <span class='ocrx_word' id='word_1_669' title='bbox 2758 3362 3011 3434; x_wconf 89' lang='lat' dir='ltr'>plorante</span> <span class='ocrx_word' id='word_1_670' title='bbox 3040 3359 3349 3428; x_wconf 90' lang='lat' dir='ltr'>attenditis,</span> <span class='ocrx_word' id='word_1_671' title='bbox 3407 3360 3719 3432; x_wconf 86' lang='lat' dir='ltr'>gauderent</span> <span class='ocrx_word' id='word_1_672' title='bbox 3755 3360 3846 3416; x_wconf 85' lang='lat' dir='ltr'>ho-</span> 
     </span>
    </p>
   </div>
   <div class='ocr_carea' id='block_1_94' title="bbox 2239 3448 3845 3524">
    <p class='ocr_par' dir='ltr' id='par_1_94' title="bbox 2239 3448 3845 3524">
     <span class='ocr_line' id='line_1_96' title="bbox 2239 3448 3845 3524; baseline -0.003 -17"><span class='ocrx_word' id='word_1_673' title='bbox 2239 3451 2328 3507; x_wconf 93' lang='lat' dir='ltr'>die</span> <span class='ocrx_word' id='word_1_674' title='bbox 2359 3451 2404 3507; x_wconf 89' lang='lat' dir='ltr'>si</span> <span class='ocrx_word' id='word_1_675' title='bbox 2436 3460 2656 3524; x_wconf 88' lang='lat' dir='ltr'>possent</span> <span class='ocrx_word' id='word_1_676' title='bbox 2697 3452 2838 3506; x_wconf 89' lang='lat' dir='ltr'>scire</span> <span class='ocrx_word' id='word_1_677' title='bbox 2869 3469 2990 3524; x_wconf 87' lang='lat' dir='ltr'>qua</span> <span class='ocrx_word' id='word_1_678' title='bbox 3022 3451 3232 3516; x_wconf 86' lang='lat' dir='ltr'>nostis;</span> <span class='ocrx_word' id='word_1_679' title='bbox 3267 3457 3464 3522; x_wconf 84' lang='lat' dir='ltr'>putant</span> <span class='ocrx_word' id='word_1_680' title='bbox 3493 3450 3648 3505; x_wconf 90' lang='lat' dir='ltr'>enim</span> <span class='ocrx_word' id='word_1_681' title='bbox 3701 3448 3845 3522; x_wconf 86' lang='lat' dir='ltr'>quod</span> 
     </span>
    </p>
   </div>
   <div class='ocr_carea' id='block_1_95' title="bbox 2240 3541 3845 3614">
    <p class='ocr_par' dir='ltr' id='par_1_95' title="bbox 2240 3541 3845 3614">
     <span class='ocr_line' id='line_1_97' title="bbox 2240 3541 3845 3614; baseline -0.002 -17"><span class='ocrx_word' id='word_1_682' title='bbox 2240 3543 2344 3599; x_wconf 90' lang='lat' dir='ltr'>ista</span> <span class='ocrx_word' id='word_1_683' title='bbox 2371 3543 2486 3597; x_wconf 89' lang='lat' dir='ltr'>vita</span> <span class='ocrx_word' id='word_1_684' title='bbox 2517 3543 2588 3598; x_wconf 89' lang='lat' dir='ltr'>sit</span> <span class='ocrx_word' id='word_1_685' title='bbox 2617 3541 2752 3610; x_wconf 90' lang='lat' dir='ltr'>sola,</span> <span class='ocrx_word' id='word_1_686' title='bbox 2785 3559 2904 3614; x_wconf 86' lang='lat' dir='ltr'>qua</span> <span class='ocrx_word' id='word_1_687' title='bbox 2931 3542 2977 3597; x_wconf 90' lang='lat' dir='ltr'>si</span> <span class='ocrx_word' id='word_1_688' title='bbox 3011 3542 3178 3597; x_wconf 88' lang='lat' dir='ltr'>ﬁnem</span> <span class='ocrx_word' id='word_1_689' title='bbox 3209 3541 3497 3613; x_wconf 86' lang='lat' dir='ltr'>acceperit,</span> <span class='ocrx_word' id='word_1_690' title='bbox 3521 3541 3682 3596; x_wconf 90' lang='lat' dir='ltr'>nulla</span> <span class='ocrx_word' id='word_1_691' title='bbox 3711 3541 3845 3594; x_wconf 50' lang='lat' dir='ltr'>vita.</span> 
     </span>
    </p>
   </div>
   <div class='ocr_carea' id='block_1_96' title="bbox 2240 3629 3840 3702">
    <p class='ocr_par' dir='ltr' id='par_1_96' title="bbox 2240 3629 3840 3702">
     <span class='ocr_line' id='line_1_98' title="bbox 2240 3629 3840 3702; baseline -0.001 -17"><span class='ocrx_word' id='word_1_692' title='bbox 2240 3632 2308 3687; x_wconf 89' lang='lat' dir='ltr'>lis</span> <span class='ocrx_word' id='word_1_693' title='bbox 2336 3633 2554 3700; x_wconf 82' lang='lat' dir='ltr'>anima,</span> <span class='ocrx_word' id='word_1_694' title='bbox 2599 3647 2825 3702; x_wconf 92' lang='lat' dir='ltr'>corpore</span> <span class='ocrx_word' id='word_1_695' title='bbox 2877 3630 3188 3697; x_wconf 90' lang='lat' dir='ltr'>deﬁciente,</span> <span class='ocrx_word' id='word_1_696' title='bbox 3222 3630 3402 3684; x_wconf 88' lang='lat' dir='ltr'>valeat</span> <span class='ocrx_word' id='word_1_697' title='bbox 3447 3629 3636 3700; x_wconf 91' lang='lat' dir='ltr'>portio</span> <span class='ocrx_word' id='word_1_698' title='bbox 3668 3645 3840 3684; x_wconf 84' lang='lat' dir='ltr'>rema-</span> 
     </span>
    </p>
   </div>
   <div class='ocr_carea' id='block_1_97' title="bbox 2239 3717 3840 3788">
    <p class='ocr_par' dir='ltr' id='par_1_97' title="bbox 2239 3717 3840 3788">
     <span class='ocr_line' id='line_1_99' title="bbox 2239 3717 3840 3788; baseline -0.002 -13"><span class='ocrx_word' id='word_1_699' title='bbox 2239 3735 2386 3776; x_wconf 88' lang='lat' dir='ltr'>nere.</span> <span class='ocrx_word' id='word_1_700' title='bbox 2423 3719 2479 3775; x_wconf 93' lang='lat' dir='ltr'>Si</span> <span class='ocrx_word' id='word_1_701' title='bbox 2519 3718 2664 3775; x_wconf 89' lang='lat' dir='ltr'>enim</span> <span class='ocrx_word' id='word_1_702' title='bbox 2697 3719 2902 3775; x_wconf 87' lang='lat' dir='ltr'>scirent</span> <span class='ocrx_word' id='word_1_703' title='bbox 2930 3735 3046 3774; x_wconf 86' lang='lat' dir='ltr'>esse</span> <span class='ocrx_word' id='word_1_704' title='bbox 3100 3720 3325 3774; x_wconf 89' lang='lat' dir='ltr'>alteram</span> <span class='ocrx_word' id='word_1_705' title='bbox 3371 3718 3545 3772; x_wconf 83' lang='lat' dir='ltr'>vitain</span> <span class='ocrx_word' id='word_1_706' title='bbox 3597 3717 3840 3788; x_wconf 84' lang='lat' dir='ltr'>ignaram</span> 
     </span>
    </p>
   </div>
   <div class='ocr_carea' id='block_1_98' title="bbox 2239 3808 3843 3880">
    <p class='ocr_par' dir='ltr' id='par_1_98' title="bbox 2239 3808 3843 3880">
     <span class='ocr_line' id='line_1_100' title="bbox 2239 3808 3843 3880; baseline -0.001 -16"><span class='ocrx_word' id='word_1_707' title='bbox 2239 3810 2451 3878; x_wconf 91' lang='lat' dir='ltr'>mortis,</span> <span class='ocrx_word' id='word_1_708' title='bbox 2484 3808 2723 3864; x_wconf 88' lang='lat' dir='ltr'>tristitia</span> <span class='ocrx_word' id='word_1_709' title='bbox 2763 3809 3027 3875; x_wconf 90' lang='lat' dir='ltr'>nesciam,</span> <span class='ocrx_word' id='word_1_710' title='bbox 3060 3808 3119 3862; x_wconf 93' lang='lat' dir='ltr'>in</span> <span class='ocrx_word' id='word_1_711' title='bbox 3154 3825 3262 3880; x_wconf 88' lang='lat' dir='ltr'>qua</span> <span class='ocrx_word' id='word_1_712' title='bbox 3305 3808 3702 3863; x_wconf 85' lang='lat' dir='ltr'>immortalitas</span> <span class='ocrx_word' id='word_1_713' title='bbox 3753 3823 3843 3862; x_wconf 87' lang='lat' dir='ltr'>re-</span> 
     </span>
    </p>
   </div>
   <div class='ocr_carea' id='block_1_99' title="bbox 2239 3897 3840 3970">
    <p class='ocr_par' dir='ltr' id='par_1_99' title="bbox 2239 3897 3840 3970">
     <span class='ocr_line' id='line_1_101' title="bbox 2239 3897 3840 3970; baseline -0.001 -18"><span class='ocrx_word' id='word_1_714' title='bbox 2239 3906 2385 3970; x_wconf 89' lang='lat' dir='ltr'>gnat,</span> <span class='ocrx_word' id='word_1_715' title='bbox 2417 3907 2470 3954; x_wconf 91' lang='lat' dir='ltr'>et</span> <span class='ocrx_word' id='word_1_716' title='bbox 2513 3907 2773 3969; x_wconf 88' lang='lat' dir='ltr'>perpetua</span> <span class='ocrx_word' id='word_1_717' title='bbox 2823 3897 3021 3968; x_wconf 87' lang='lat' dir='ltr'>gaudia</span> <span class='ocrx_word' id='word_1_718' title='bbox 3073 3905 3542 3963; x_wconf 86' lang='lat' dir='ltr'>commorantur;</span> <span class='ocrx_word' id='word_1_719' title='bbox 3601 3897 3840 3968; x_wconf 84' lang='lat' dir='ltr'>profecto</span> 
     </span>
    </p>
   </div>
   <div class='ocr_carea' id='block_1_100' title="bbox 2237 3985 3839 4058">
    <p class='ocr_par' dir='ltr' id='par_1_100' title="bbox 2237 3985 3839 4058">
     <span class='ocr_line' id='line_1_102' title="bbox 2237 3985 3839 4058; baseline -0.001 -18"><span class='ocrx_word' id='word_1_720' title='bbox 2237 3986 2522 4042; x_wconf 88' lang='lat' dir='ltr'>vobiscum</span> <span class='ocrx_word' id='word_1_721' title='bbox 2554 3985 2620 4040; x_wconf 88' lang='lat' dir='ltr'>ad</span> <span class='ocrx_word' id='word_1_722' title='bbox 2650 3986 2802 4041; x_wconf 88' lang='lat' dir='ltr'>illam</span> <span class='ocrx_word' id='word_1_723' title='bbox 2844 3985 3170 4041; x_wconf 86' lang='lat' dir='ltr'>festinarent</span> <span class='ocrx_word' id='word_1_724' title='bbox 3203 3985 3533 4058; x_wconf 86' lang='lat' dir='ltr'>pertingere,</span> <span class='ocrx_word' id='word_1_725' title='bbox 3582 3993 3640 4040; x_wconf 89' lang='lat' dir='ltr'>et.</span> <span class='ocrx_word' id='word_1_726' title='bbox 3671 3985 3839 4039; x_wconf 83' lang='lat' dir='ltr'>vitam</span> 
     </span>
    </p>
   </div>
   <div class='ocr_carea' id='block_1_101' title="bbox 2237 4073 3838 4148">
    <p class='ocr_par' dir='ltr' id='par_1_101' title="bbox 2237 4073 3838 4148">
     <span class='ocr_line' id='line_1_103' title="bbox 2237 4073 3838 4148; baseline -0.001 -18"><span class='ocrx_word' id='word_1_727' title='bbox 2237 4075 2389 4130; x_wconf 88' lang='lat' dir='ltr'>illam</span> <span class='ocrx_word' id='word_1_728' title='bbox 2449 4092 2547 4148; x_wconf 91' lang='lat' dir='ltr'>pro</span> <span class='ocrx_word' id='word_1_729' title='bbox 2595 4075 2776 4130; x_wconf 93' lang='lat' dir='ltr'>nihilo</span> <span class='ocrx_word' id='word_1_730' title='bbox 2821 4082 3225 4146; x_wconf 90' lang='lat' dir='ltr'>computantes,</span> <span class='ocrx_word' id='word_1_731' title='bbox 3291 4073 3446 4129; x_wconf 88' lang='lat' dir='ltr'>illam</span> <span class='ocrx_word' id='word_1_732' title='bbox 3493 4082 3838 4145; x_wconf 86' lang='lat' dir='ltr'>appeterent,</span> 
     </span>
    </p>
   </div>
   <div class='ocr_carea' id='block_1_102' title="bbox 2237 4163 3839 4238">
    <p class='ocr_par' dir='ltr' id='par_1_102' title="bbox 2237 4163 3839 4238">
     <span class='ocr_line' id='line_1_104' title="bbox 2237 4163 3839 4238; baseline 0 -18"><span class='ocrx_word' id='word_1_733' title='bbox 2237 4181 2356 4238; x_wconf 89' lang='lat' dir='ltr'>qua</span> <span class='ocrx_word' id='word_1_734' title='bbox 2387 4172 2440 4220; x_wconf 92' lang='lat' dir='ltr'>et</span> <span class='ocrx_word' id='word_1_735' title='bbox 2468 4165 2526 4220; x_wconf 93' lang='lat' dir='ltr'>in</span> <span class='ocrx_word' id='word_1_736' title='bbox 2548 4163 2918 4219; x_wconf 84' lang='lat' dir='ltr'>exsultatione</span> <span class='ocrx_word' id='word_1_737' title='bbox 2935 4173 3215 4235; x_wconf 90' lang='lat' dir='ltr'>permanet</span> <span class='ocrx_word' id='word_1_738' title='bbox 3240 4171 3294 4219; x_wconf 90' lang='lat' dir='ltr'>et</span> <span class='ocrx_word' id='word_1_739' title='bbox 3321 4163 3542 4236; x_wconf 89' lang='lat' dir='ltr'>penitus</span> <span class='ocrx_word' id='word_1_740' title='bbox 3561 4163 3718 4218; x_wconf 89' lang='lat' dir='ltr'>ﬁniri</span> <span class='ocrx_word' id='word_1_741' title='bbox 3733 4181 3839 4220; x_wconf 89' lang='lat' dir='ltr'>non</span> 
     </span>
    </p>
   </div>
   <div class='ocr_carea' id='block_1_103' title="bbox 2236 4253 3836 4327">
    <p class='ocr_par' dir='ltr' id='par_1_103' title="bbox 2236 4253 3836 4327">
     <span class='ocr_line' id='line_1_105' title="bbox 2236 4253 3836 4327; baseline -0.001 -17"><span class='ocrx_word' id='word_1_742' title='bbox 2236 4255 2412 4310; x_wconf 88' lang='lat' dir='ltr'>novit.</span> <span class='ocrx_word' id='word_1_743' title='bbox 2438 4256 2546 4311; x_wconf 90' lang='lat' dir='ltr'>Ista</span> <span class='ocrx_word' id='word_1_744' title='bbox 2593 4255 2740 4310; x_wconf 90' lang='lat' dir='ltr'>enim</span> <span class='ocrx_word' id='word_1_745' title='bbox 2771 4255 2888 4310; x_wconf 88' lang='lat' dir='ltr'>vita</span> <span class='ocrx_word' id='word_1_746' title='bbox 2933 4254 3168 4327; x_wconf 87' lang='lat' dir='ltr'>fugitiva</span> <span class='ocrx_word' id='word_1_747' title='bbox 3198 4262 3280 4310; x_wconf 89' lang='lat' dir='ltr'>est</span> <span class='ocrx_word' id='word_1_748' title='bbox 3307 4263 3361 4309; x_wconf 92' lang='lat' dir='ltr'>et</span> <span class='ocrx_word' id='word_1_749' title='bbox 3407 4263 3518 4309; x_wconf 91' lang='lat' dir='ltr'>tam</span> <span class='ocrx_word' id='word_1_750' title='bbox 3572 4253 3836 4322; x_wconf 82' lang='lat' dir='ltr'>inﬁdelis,</span> 
     </span>
    </p>
   </div>
   <div class='ocr_carea' id='block_1_104' title="bbox 2235 4344 3838 4416">
    <p class='ocr_par' dir='ltr' id='par_1_104' title="bbox 2235 4344 3838 4416">
     <span class='ocr_line' id='line_1_106' title="bbox 2235 4344 3838 4416; baseline -0.001 -14"><span class='ocrx_word' id='word_1_751' title='bbox 2235 4352 2296 4402; x_wconf 89' lang='lat' dir='ltr'>ut</span> <span class='ocrx_word' id='word_1_752' title='bbox 2329 4361 2430 4400; x_wconf 90' lang='lat' dir='ltr'>nec</span> <span class='ocrx_word' id='word_1_753' title='bbox 2457 4345 2798 4400; x_wconf 89' lang='lat' dir='ltr'>amatoribus</span> <span class='ocrx_word' id='word_1_754' title='bbox 2833 4345 2948 4402; x_wconf 91' lang='lat' dir='ltr'>suis</span> <span class='ocrx_word' id='word_1_755' title='bbox 2977 4345 3139 4401; x_wconf 85' lang='lat' dir='ltr'>ﬁdem</span> <span class='ocrx_word' id='word_1_756' title='bbox 3175 4344 3416 4416; x_wconf 91' lang='lat' dir='ltr'>potuerit</span> <span class='ocrx_word' id='word_1_757' title='bbox 3445 4345 3838 4401; x_wconf 84' lang='lat' dir='ltr'>custodire.Ab</span> 
     </span>
    </p>
   </div>
   <div class='ocr_carea' id='block_1_105' title="bbox 2234 4435 3838 4509">
    <p class='ocr_par' dir='ltr' id='par_1_105' title="bbox 2234 4435 3838 4509">
     <span class='ocr_line' id='line_1_107' title="bbox 2234 4435 3838 4509; baseline -0.001 -16"><span class='ocrx_word' id='word_1_758' title='bbox 2234 4437 2444 4509; x_wconf 87' lang='lat' dir='ltr'>origine</span> <span class='ocrx_word' id='word_1_759' title='bbox 2475 4438 2621 4492; x_wconf 90' lang='lat' dir='ltr'>enim</span> <span class='ocrx_word' id='word_1_760' title='bbox 2642 4437 2848 4493; x_wconf 65' lang='lat' dir='ltr'>‘mundi</span> <span class='ocrx_word' id='word_1_761' title='bbox 2882 4437 2939 4492; x_wconf 90' lang='lat' dir='ltr'>in</span> <span class='ocrx_word' id='word_1_762' title='bbox 2970 4453 3026 4492; x_wconf 91' lang='lat' dir='ltr'>se</span> <span class='ocrx_word' id='word_1_763' title='bbox 3055 4436 3341 4492; x_wconf 89' lang='lat' dir='ltr'>credentes</span> <span class='ocrx_word' id='word_1_764' title='bbox 3389 4435 3616 4500; x_wconf 86' lang='lat' dir='ltr'>fefellit,</span> <span class='ocrx_word' id='word_1_765' title='bbox 3650 4453 3838 4492; x_wconf 83' lang='lat' dir='ltr'>omnes</span> 
     </span>
    </p>
   </div>
   <div class='ocr_carea' id='block_1_106' title="bbox 2235 4523 3837 4598">
    <p class='ocr_par' dir='ltr' id='par_1_106' title="bbox 2235 4523 3837 4598">
     <span class='ocr_line' id='line_1_108' title="bbox 2235 4523 3837 4598; baseline 0 -18"><span class='ocrx_word' id='word_1_766' title='bbox 2235 4542 2291 4581; x_wconf 90' lang='lat' dir='ltr'>se</span> <span class='ocrx_word' id='word_1_767' title='bbox 2317 4533 2696 4598; x_wconf 85' lang='lat' dir='ltr'>exspectantes</span> <span class='ocrx_word' id='word_1_768' title='bbox 2743 4525 2978 4598; x_wconf 86' lang='lat' dir='ltr'>decepit,</span> <span class='ocrx_word' id='word_1_769' title='bbox 3029 4532 3255 4582; x_wconf 91' lang='lat' dir='ltr'>cunctos</span> <span class='ocrx_word' id='word_1_770' title='bbox 3284 4523 3352 4579; x_wconf 91' lang='lat' dir='ltr'>de</span> <span class='ocrx_word' id='word_1_771' title='bbox 3395 4540 3451 4580; x_wconf 90' lang='lat' dir='ltr'>se</span> <span class='ocrx_word' id='word_1_772' title='bbox 3489 4539 3837 4594; x_wconf 59' lang='lat' dir='ltr'>praesumen-</span> 
     </span>
    </p>
   </div>
   <div class='ocr_carea' id='block_1_107' title="bbox 2234 4614 3834 4682">
    <p class='ocr_par' dir='ltr' id='par_1_107' title="bbox 2234 4614 3834 4682">
     <span class='ocr_line' id='line_1_109' title="bbox 2234 4614 3834 4682; baseline -0.002 -11"><span class='ocrx_word' id='word_1_773' title='bbox 2234 4623 2314 4671; x_wconf 90' lang='lat' dir='ltr'>tes</span> <span class='ocrx_word' id='word_1_774' title='bbox 2362 4614 2557 4682; x_wconf 90' lang='lat' dir='ltr'>irrisit,</span> <span class='ocrx_word' id='word_1_775' title='bbox 2596 4623 2650 4670; x_wconf 91' lang='lat' dir='ltr'>et</span> <span class='ocrx_word' id='word_1_776' title='bbox 2681 4614 2756 4671; x_wconf 88' lang='lat' dir='ltr'>ita</span> <span class='ocrx_word' id='word_1_777' title='bbox 2787 4616 3002 4670; x_wconf 90' lang='lat' dir='ltr'>nullum</span> <span class='ocrx_word' id='word_1_778' title='bbox 3045 4614 3273 4669; x_wconf 91' lang='lat' dir='ltr'>omnino</span> <span class='ocrx_word' id='word_1_779' title='bbox 3303 4620 3514 4669; x_wconf 91' lang='lat' dir='ltr'>certum</span> <span class='ocrx_word' id='word_1_780' title='bbox 3567 4614 3834 4682; x_wconf 80' lang='lat' dir='ltr'>reddidit,</span> 
     </span>
    </p>
   </div>
   <div class='ocr_carea' id='block_1_108' title="bbox 2233 4703 3834 4776">
    <p class='ocr_par' dir='ltr' id='par_1_108' title="bbox 2233 4703 3834 4776">
     <span class='ocr_line' id='line_1_110' title="bbox 2233 4703 3834 4776; baseline -0.001 -17"><span class='ocrx_word' id='word_1_781' title='bbox 2233 4711 2295 4759; x_wconf 90' lang='lat' dir='ltr'>ut</span> <span class='ocrx_word' id='word_1_782' title='bbox 2326 4704 2583 4760; x_wconf 88' lang='lat' dir='ltr'>omnibus</span> <span class='ocrx_word' id='word_1_783' title='bbox 2616 4703 2876 4776; x_wconf 89' lang='lat' dir='ltr'>probetur</span> <span class='ocrx_word' id='word_1_784' title='bbox 2917 4703 3088 4759; x_wconf 87' lang='lat' dir='ltr'>fuisse</span> <span class='ocrx_word' id='word_1_785' title='bbox 3127 4703 3375 4758; x_wconf 88' lang='lat' dir='ltr'>mentita.</span> <span class='ocrx_word' id='word_1_786' title='bbox 3407 4703 3589 4775; x_wconf 81' lang='lat' dir='ltr'>Atque</span> <span class='ocrx_word' id='word_1_787' title='bbox 3622 4703 3834 4758; x_wconf 85' lang='lat' dir='ltr'>utinam</span> 
     </span>
    </p>
   </div>
   <div class='ocr_carea' id='block_1_109' title="bbox 2233 4790 3839 4866">
    <p class='ocr_par' dir='ltr' id='par_1_109' title="bbox 2233 4790 3839 4866">
     <span class='ocr_line' id='line_1_111' title="bbox 2233 4790 3839 4866; baseline -0.002 -18"><span class='ocrx_word' id='word_1_788' title='bbox 2233 4792 2406 4848; x_wconf 90' lang='lat' dir='ltr'>solius</span> <span class='ocrx_word' id='word_1_789' title='bbox 2443 4791 2716 4849; x_wconf 90' lang='lat' dir='ltr'>mandacii</span> <span class='ocrx_word' id='word_1_790' title='bbox 2746 4793 2921 4866; x_wconf 88' lang='lat' dir='ltr'>culpa</span> <span class='ocrx_word' id='word_1_791' title='bbox 2959 4800 3098 4848; x_wconf 90' lang='lat' dir='ltr'>esset</span> <span class='ocrx_word' id='word_1_792' title='bbox 3124 4791 3382 4858; x_wconf 87' lang='lat' dir='ltr'>obnoxia,</span> <span class='ocrx_word' id='word_1_793' title='bbox 3427 4797 3482 4846; x_wconf 86' lang='lat' dir='ltr'>et</span> <span class='ocrx_word' id='word_1_794' title='bbox 3511 4807 3610 4863; x_wconf 91' lang='lat' dir='ltr'>per</span> <span class='ocrx_word' id='word_1_795' title='bbox 3653 4790 3839 4847; x_wconf 83' lang='lat' dir='ltr'>omnia</span> 
     </span>
    </p>
   </div>
   <div class='ocr_carea' id='block_1_110' title="bbox 2233 4880 3838 4952">
    <p class='ocr_par' dir='ltr' id='par_1_110' title="bbox 2233 4880 3838 4952">
     <span class='ocr_line' id='line_1_112' title="bbox 2233 4880 3838 4952; baseline -0.002 -13"><span class='ocrx_word' id='word_1_796' title='bbox 2233 4881 2469 4939; x_wconf 90' lang='lat' dir='ltr'>crimina</span> <span class='ocrx_word' id='word_1_797' title='bbox 2515 4897 2735 4938; x_wconf 90' lang='lat' dir='ltr'>currere</span> <span class='ocrx_word' id='word_1_798' title='bbox 2781 4899 2909 4938; x_wconf 90' lang='lat' dir='ltr'>suos</span> <span class='ocrx_word' id='word_1_799' title='bbox 2965 4898 3078 4937; x_wconf 90' lang='lat' dir='ltr'>non</span> <span class='ocrx_word' id='word_1_800' title='bbox 3107 4888 3324 4952; x_wconf 86' lang='lat' dir='ltr'>cogeret</span> <span class='ocrx_word' id='word_1_801' title='bbox 3354 4888 3628 4936; x_wconf 84' lang='lat' dir='ltr'>amatores</span> <span class='ocrx_word' id='word_1_802' title='bbox 3662 4880 3677 4936; x_wconf 84' lang='lat' dir='ltr'>l</span> <span class='ocrx_word' id='word_1_803' title='bbox 3721 4881 3838 4952; x_wconf 83' lang='lat' dir='ltr'>Ipsa</span> 
     </span>
    </p>
   </div>
   <div class='ocr_carea' id='block_1_111' title="bbox 2232 4968 3833 5044">
    <p class='ocr_par' dir='ltr' id='par_1_111' title="bbox 2232 4968 3833 5044">
     <span class='ocr_line' id='line_1_113' title="bbox 2232 4968 3833 5044; baseline -0.002 -16"><span class='ocrx_word' id='word_1_804' title='bbox 2232 4971 2326 5028; x_wconf 91' lang='lat' dir='ltr'>dat</span> <span class='ocrx_word' id='word_1_805' title='bbox 2377 4970 2701 5029; x_wconf 88' lang='lat' dir='ltr'>edacitatem</span> <span class='ocrx_word' id='word_1_806' title='bbox 2754 4970 3074 5044; x_wconf 89' lang='lat' dir='ltr'>glutonibus</span> <span class='ocrx_word' id='word_1_807' title='bbox 3139 4970 3282 5042; x_wconf 79' lang='grc'><strong>(12),</strong></span> <span class='ocrx_word' id='word_1_808' title='bbox 3340 4969 3457 5042; x_wconf 89' lang='lat' dir='ltr'>ipsa</span> <span class='ocrx_word' id='word_1_809' title='bbox 3512 4968 3833 5027; x_wconf 87' lang='lat' dir='ltr'>ebrietatem</span> 
     </span>
    </p>
   </div>
   <div class='ocr_carea' id='block_1_112' title="bbox 2232 5058 3836 5134">
    <p class='ocr_par' dir='ltr' id='par_1_112' title="bbox 2232 5058 3836 5134">
     <span class='ocr_line' id='line_1_114' title="bbox 2232 5058 3836 5134; baseline -0.001 -18"><span class='ocrx_word' id='word_1_810' title='bbox 2232 5060 2434 5134; x_wconf 88' lang='lat' dir='ltr'>ingerit</span> <span class='ocrx_word' id='word_1_811' title='bbox 2462 5060 2802 5128; x_wconf 86' lang='lat' dir='ltr'>temulentis,</span> <span class='ocrx_word' id='word_1_812' title='bbox 2850 5061 2971 5132; x_wconf 89' lang='lat' dir='ltr'>ipsa</span> <span class='ocrx_word' id='word_1_813' title='bbox 3023 5058 3371 5130; x_wconf 87' lang='lat' dir='ltr'>naufragium</span> <span class='ocrx_word' id='word_1_814' title='bbox 3402 5058 3637 5131; x_wconf 89' lang='lat' dir='ltr'>pudoris</span> <span class='ocrx_word' id='word_1_815' title='bbox 3685 5059 3836 5115; x_wconf 86' lang='lat' dir='ltr'>adul-</span> 
     </span>
    </p>
   </div>
   <div class='ocr_carea' id='block_1_113' title="bbox 2232 5147 3838 5224">
    <p class='ocr_par' dir='ltr' id='par_1_113' title="bbox 2232 5147 3838 5224">
     <span class='ocr_line' id='line_1_115' title="bbox 2232 5147 3838 5224; baseline -0.002 -17"><span class='ocrx_word' id='word_1_816' title='bbox 2232 5149 2384 5220; x_wconf 90' lang='lat' dir='ltr'>teris,</span> <span class='ocrx_word' id='word_1_817' title='bbox 2411 5151 2530 5224; x_wconf 90' lang='lat' dir='ltr'>ipsa</span> <span class='ocrx_word' id='word_1_818' title='bbox 2563 5149 2956 5207; x_wconf 87' lang='lat' dir='ltr'>exsecrabilem</span> <span class='ocrx_word' id='word_1_819' title='bbox 3003 5147 3174 5204; x_wconf 87' lang='lat' dir='ltr'>tradit</span> <span class='ocrx_word' id='word_1_820' title='bbox 3208 5147 3628 5221; x_wconf 89' lang='lat' dir='ltr'>perversitatem</span> <span class='ocrx_word' id='word_1_821' title='bbox 3677 5148 3838 5203; x_wconf 84' lang='lat' dir='ltr'>ince-</span> 
     </span>
    </p>
   </div>
   <div class='ocr_carea' id='block_1_114' title="bbox 2233 5235 3837 5312">
    <p class='ocr_par' dir='ltr' id='par_1_114' title="bbox 2233 5235 3837 5312">
     <span class='ocr_line' id='line_1_116' title="bbox 2233 5235 3837 5312; baseline -0.003 -17"><span class='ocrx_word' id='word_1_822' title='bbox 2233 5239 2366 5308; x_wconf 89' lang='lat' dir='ltr'>stis;</span> <span class='ocrx_word' id='word_1_823' title='bbox 2399 5238 2516 5312; x_wconf 91' lang='lat' dir='ltr'>ipsa</span> <span class='ocrx_word' id='word_1_824' title='bbox 2543 5240 2802 5296; x_wconf 91' lang='lat' dir='ltr'>admonet</span> <span class='ocrx_word' id='word_1_825' title='bbox 2820 5238 3021 5307; x_wconf 90' lang='lat' dir='ltr'>furem,</span> <span class='ocrx_word' id='word_1_826' title='bbox 3054 5244 3117 5293; x_wconf 90' lang='lat' dir='ltr'>ut</span> <span class='ocrx_word' id='word_1_827' title='bbox 3147 5237 3355 5310; x_wconf 88' lang='lat' dir='ltr'>rapiat;</span> <span class='ocrx_word' id='word_1_828' title='bbox 3387 5235 3746 5312; x_wconf 83' lang='lat' dir='ltr'>iracundum,</span> <span class='ocrx_word' id='word_1_829' title='bbox 3776 5243 3837 5290; x_wconf 85' lang='lat' dir='ltr'>ut</span> 
     </span>
    </p>
   </div>
   <div class='ocr_carea' id='block_1_115' title="bbox 2232 5324 3837 5399">
    <p class='ocr_par' dir='ltr' id='par_1_115' title="bbox 2232 5324 3837 5399">
     <span class='ocr_line' id='line_1_117' title="bbox 2232 5324 3837 5399; baseline -0.003 -13"><span class='ocrx_word' id='word_1_830' title='bbox 2232 5329 2463 5396; x_wconf 78' lang='lat' dir='ltr'>saeviat;</span> <span class='ocrx_word' id='word_1_831' title='bbox 2520 5327 2860 5398; x_wconf 89' lang='lat' dir='ltr'>mendacem,</span> <span class='ocrx_word' id='word_1_832' title='bbox 2887 5335 2951 5384; x_wconf 93' lang='lat' dir='ltr'>ut</span> <span class='ocrx_word' id='word_1_833' title='bbox 2979 5327 3156 5385; x_wconf 87' lang='lat' dir='ltr'>fallat.</span> <span class='ocrx_word' id='word_1_834' title='bbox 3213 5327 3334 5399; x_wconf 88' lang='lat' dir='ltr'>Ipsa</span> <span class='ocrx_word' id='word_1_835' title='bbox 3379 5325 3524 5382; x_wconf 89' lang='lat' dir='ltr'>inter</span> <span class='ocrx_word' id='word_1_836' title='bbox 3569 5324 3837 5397; x_wconf 79' lang='lat' dir='ltr'>conjuges</span> 
     </span>
    </p>
   </div>
   <div class='ocr_carea' id='block_1_116' title="bbox 2333 5470 2830 5543">
    <p class='ocr_par' dir='ltr' id='par_1_116' title="bbox 2333 5470 2830 5543">
     <span class='ocr_line' id='line_1_118' title="bbox 2333 5470 2830 5543; baseline -0.004 -16"><span class='ocrx_word' id='word_1_837' title='bbox 2333 5471 2423 5543; x_wconf 80' lang='lat' dir='ltr'>ii)</span> <span class='ocrx_word' id='word_1_838' title='bbox 2447 5471 2582 5543; x_wconf 75' lang='lat' dir='ltr'>AL,</span> <span class='ocrx_word' id='word_1_839' title='bbox 2591 5470 2830 5543; x_wconf 86' lang='lat' dir='ltr'>gloriosi.</span> 
     </span>
    </p>
   </div>
   <div class='ocr_carea' id='block_1_117' title="bbox 2305 5471 3834 5615">
    <p class='ocr_par' dir='ltr' id='par_1_117' title="bbox 2305 5471 3834 5615">
     <span class='ocr_line' id='line_1_119' title="bbox 2333 5471 2830 5543; baseline -0.004 -16"><span class='ocrx_word' id='word_1_840' title='bbox 2333 5471 2393 5527; x_wconf 91' lang='grc'>11</span> <span class='ocrx_word' id='word_1_841' title='bbox 2447 5471 2561 5539; x_wconf 88' lang='lat' dir='ltr'>AL,</span> <span class='ocrx_word' id='word_1_842' title='bbox 2591 5471 2830 5543; x_wconf 82' lang='lat' dir='ltr'>gloriosi.</span> 
     </span>
     <span class='ocr_line' id='line_1_120' title="bbox 2305 5471 3834 5615; baseline -0.003 -17"><span class='ocrx_word' id='word_1_843' title='bbox 2305 5471 2424 5614; x_wconf 58' lang='lat' dir='ltr'>irai</span> <span class='ocrx_word' id='word_1_844' title='bbox 2457 5542 2668 5615; x_wconf 89' lang='lat' dir='ltr'>Papias,</span> <span class='ocrx_word' id='word_1_845' title='bbox 2708 5543 2865 5600; x_wconf 84' lang='lat' dir='ltr'>Gluto</span> <span class='ocrx_word' id='word_1_846' title='bbox 2893 5560 2929 5599; x_wconf 89' lang='lat' dir='ltr'>a</span> <span class='ocrx_word' id='word_1_847' title='bbox 2956 5543 3082 5615; x_wconf 85' lang='lat' dir='ltr'>gula</span> <span class='ocrx_word' id='word_1_848' title='bbox 3111 5541 3279 5598; x_wconf 83' lang='lat' dir='ltr'>dictus</span> <span class='ocrx_word' id='word_1_849' title='bbox 3297 5558 3318 5607; x_wconf 89' lang='lat'>;</span> <span class='ocrx_word' id='word_1_850' title='bbox 3339 5555 3522 5613; x_wconf 86' lang='lat' dir='ltr'>ganeo,</span> <span class='ocrx_word' id='word_1_851' title='bbox 3547 5537 3834 5611; x_wconf 77' lang='lat' dir='ltr'>prodigus.</span> 
     </span>
    </p>
   </div>
  </div>
