4026 6172
237 310 370 366 1117

1501 309 1690 369 ACTA
1729 310 1783 367 S.
1829 310 2264 368 SEBASTIANI.

3401 318 3540 378 1118

234 432 761 530 ᾶίΥοῐῐὶτξρθῐηίξιλῐ,
794 431 941 530 infer
967 431 1172 530 amicos
1202 432 1525 530 ἀξεροτάίᾶε,
1557 436 1702 530 in“?
1737 450 1828 506 Pa'
1864 439 1914 499 Α
1947 455 2123 527 parari
2152 471 2183 510 a
2210 455 2390 525 vobis,
2425 465 2482 512 ut
2515 473 2795 530 nunquam
2828 474 2925 514 vos
2959 457 3065 513 nisi
3099 457 3244 516 inter
3273 467 3547 516 tormenta

234 523 421 579 ciﬁcos
463 522 608 590 lites,
644 521 789 577 inter
832 521 1013 593 justos
1065 523 1413 595 injustitiam,
1451 526 1596 581 inter
1644 525 1841 583 fratres

235 611 528 668 scandala.’
549 613 673 684 Ipsa
697 610 845 667 tollit
874 609 1159 682 judicibus
1184 611 1482 684 justitiam,
1525 615 1688 670 castis
1726 632 1840 688 pu-

233 703 504 771 dicitiam,
536 703 844 759 artiﬁcibus
879 702 995 774 (13)
1031 704 1307 775 peritiam,
1344 705 1460 777 ipsa
1488 706 1670 762 aufert
1726 723 1837 762 mo-

234 793 389 848 ribus
420 793 792 864 disciplinam.
848 791 917 846 Et
960 800 1020 847 ut
1075 793 1273 848 altiora
1324 811 1445 866 quae
1503 795 1840 851 amatoribus

233 883 352 938 suis
380 883 582 954 ingerit
610 881 844 937 crimina
902 897 1307 950 memoremus;
1361 884 1405 939 si
1456 883 1680 940 fratrem
1730 885 1838 940 ali-

234 971 460 1044 quando
491 971 661 1027 frater
707 987 996 1042 germanus
1044 970 1268 1042 occidit,
1315 972 1362 1027 si
1425 972 1576 1028 ﬁlius
1618 974 1840 1030 necavit

234 1071 468 1134 patrem,
500 1061 544 1116 si
576 1061 939 1133 interemptus
967 1068 1047 1116 est
1067 1060 1136 1116 ab
1166 1062 1345 1118 amico
1376 1065 1624 1130 amicus;
1679 1064 1838 1136 cujus

233 1150 354 1206 haec
411 1150 682 1206 instinctu
738 1149 882 1206 facta
936 1157 1066 1205 sunt
1106 1152 1331 1219 scelera,
1384 1153 1542 1224 cujus
1606 1154 1834 1224 intuitu,

234 1240 393 1312 cujus
423 1256 538 1311 spe,
596 1238 757 1311 cujus
814 1239 1018 1295 ﬁducia
1068 1238 1172 1296 ista
1225 1249 1356 1295 sunt
1408 1241 1647 1298 nefanda
1675 1260 1838 1300 com-

234 1328 402 1384 missa
430 1329 458 1384 ‘l
485 1327 749 1400 Nunquid
794 1344 906 1383 non
957 1327 1243 1399 praesentis
1290 1328 1418 1384 vitae
1449 1345 1635 1385 amore
1666 1330 1838 1386 sedu-

233 1419 308 1474 cti
340 1418 444 1474 ista
473 1417 852 1486 committunt,
875 1416 1076 1473 etdum
1106 1417 1257 1472 illam
1289 1419 1414 1489 plus
1438 1435 1601 1491 quam
1622 1419 1837 1491 justum

234 1513 316 1562 est
344 1506 606 1578 diligunt,
637 1506 832 1578 iniquo
891 1506 1020 1561 odio
1073 1505 1324 1562 homines
1376 1507 1838 1580 prosequuntur?

237 1595 309 1652 Ut
337 1593 470 1667 quid
510 1595 661 1650 enim
710 1594 888 1667 pirata
921 1595 1271 1667 navigantem
1318 1594 1557 1667 jugulat,
1613 1596 1837 1669 utquid

237 1683 378 1738 latro
409 1683 654 1755 perimit,
687 1683 955 1738 viatorem
987 1682 1142 1739 dives
1199 1683 1465 1754 opprimit
1520 1700 1833 1765 pauperem,

234 1771 504 1843 superbus
553 1771 846 1840 humilem,
887 1778 939 1827 et
978 1771 1161 1826 omnis
1207 1787 1408 1826 nocens
1456 1765 1838 1844 quemcunque

234 1861 479 1934 potuerit
506 1867 760 1932 aggravat
789 1860 1140 1916 innocentem
1182 1860 1210 1915 ‘l
1237 1860 1365 1914 Haec
1395 1867 1577 1914 autem
1625 1860 1842 1932 faciunt

236 1955 406 2021 mala,
440 1953 568 2026 quia
606 1953 696 2009 isti
745 1954 873 2010 vitae
921 1951 1128 2008 servire
1170 1952 1504 2020 desiderant,
1553 1961 1606 2009 et
1635 1971 1693 2010 se
1721 1955 1836 2010 exi-

237 2042 476 2098 stimant
503 2043 557 2097 in
590 2058 772 2098 amore
818 2041 937 2114 ejus
984 2059 1081 2115 per
1125 2051 1371 2114 tempora
1404 2042 1708 2115 prolixiora
1736 2043 1833 2099 du-

237 2145 389 2185 rare.
418 2129 536 2184 Non
568 2145 694 2201 ergo
721 2130 948 2185 alterius
986 2145 1149 2186 causa
1197 2129 1340 2185 ﬁunt
1386 2133 1592 2188 scelera
1638 2132 1746 2188 nisi
1777 2141 1839 2189 ut

238 2218 638 2276 infelicissimae
669 2219 759 2275 isti
791 2220 997 2275 carnali
1040 2221 1170 2276 vitae
1201 2237 1232 2276 a
1285 2223 1598 2280 carnalibus
1618 2223 1838 2280 servia-

238 2315 349 2364 tur.

311 2399 397 2456 11.
430 2401 552 2472 Ipsa
596 2407 678 2456 est
722 2399 959 2475 denique
987 2418 1107 2474 quae
1159 2401 1240 2458 eis
1288 2403 1526 2460 crimina
1583 2404 1837 2477 imperat,

238 2491 393 2564 jubet
422 2491 689 2561 facinora,
724 2492 916 2549 suadet
947 2492 1187 2564 injusta;
1220 2501 1274 2547 et
1303 2504 1656 2567 posteaquam
1707 2511 1840 2550 om-

240 2579 299 2635 ni
339 2581 684 2651 crudelitate,
739 2583 1000 2655 omniqne
1046 2583 1214 2639 fuerit
1258 2584 1526 2656 spurcitia
1573 2583 1836 2656 saginata,

241 2669 550 2727 servientes
580 2671 686 2727 sibi
743 2671 909 2727 tradit
938 2673 1066 2728 ﬁliae
1091 2690 1224 2740 suae,
1257 2673 1314 2728 id
1347 2682 1427 2730 est
1457 2674 1620 2730 morti
1650 2691 1836 2747 perpe-

237 2761 486 2816 tuanEx
518 2760 634 2833 ipsa
661 2761 831 2829 enim,
887 2771 939 2818 et
991 2779 1060 2817 ex
1121 2761 1238 2834 ejus
1293 2770 1450 2819 utero
1509 2781 1658 2819 mors
1688 2773 1840 2820 aeter-

238 2865 311 2903 na
348 2857 430 2904 est
460 2857 606 2917 nata,
641 2858 884 2921 tempore
937 2867 1044 2923 quo
1092 2852 1231 2922 gulae
1279 2868 1390 2908 suae
1435 2861 1489 2908 et
1535 2852 1759 2908 libidini
1788 2859 1843 2908 ct

238 2937 699 2994 delectationibus
747 2940 1034 2994 oculorum
1103 2939 1269 3010 primi
1324 2939 1577 2997 homines
1622 2942 1841 2997 servie-

238 3033 411 3094 runt;
454 3034 616 3099 atque
642 3027 767 3082 ideo
797 3027 890 3100 qui
933 3026 1001 3082 ad
1031 3033 1291 3082 aeternam
1332 3028 1501 3083 vitam
1552 3029 1680 3085 facti
1731 3030 1844 3086 fue-

239 3123 388 3184 rant,
422 3115 530 3171 huc
574 3116 631 3171 in
664 3117 825 3170 istam
868 3122 999 3172 sunt
1040 3115 1318 3186 regionem
1363 3117 1558 3173 mortis
1597 3117 1789 3189 jactati
1826 3134 1838 3173 :

241 3201 376 3258 hinc
405 3201 607 3258 iterum
638 3210 765 3257 sunt
794 3202 862 3258 ad
892 3202 1098 3258 inferos
1143 3203 1413 3272 devoluti,
1459 3205 1604 3261 nihil
1651 3223 1837 3262 secum

241 3299 441 3365 printer
489 3302 709 3364 peccata
760 3300 1057 3364 portantes.
1114 3294 1242 3349 Ηωο
1287 3310 1414 3366 ergo
1445 3295 1561 3351 vita
1592 3303 1673 3351 est
1720 3313 1840 3368 quae

240 3396 342 3437 vos
381 3381 547 3450 fallit,
580 3397 613 3436 ο
640 3381 802 3436 amici
831 3381 1167 3450 charissimi,
1198 3390 1260 3438 ut
1287 3382 1495 3438 amicos
1525 3391 1737 3440 vestros
1773 3385 1839 3441 ad

239 3469 414 3526 vitam
442 3480 634 3526 euntes
664 3478 981 3543 perpetuam
1031 3471 1239 3544 injusto
1275 3473 1510 3530 consilio
1549 3475 1839 3532 revocetis.

845 3607 1073 3666 CAPUT
1123 3608 1219 3667 IV.

313 3714 524 3784 Inferni
541 3733 729 3788 pm,
755 3717 969 3789 cwlique
995 3717 1214 3789 gaudia,
1245 3723 1545 3790 martyrum
1579 3718 1772 3776 animis

892 3807 1177 3864 inculcata.

324 3901 405 3956 l2.
440 3902 568 3958 Haac
595 3919 692 3960 vos
725 3903 969 3975 instigat,
1003 3923 1036 3962 ο
1074 3914 1326 3979 parentes
1376 3907 1733 3976 sanctissimi,
1783 3914 1844 3962 ut

245 3986 396 4041 ﬁlios
424 3997 638 4042 vestros
683 3991 1091 4060 proﬁciscentes
1115 3995 1182 4051 ad
1205 3996 1527 4051 comitatum
1561 3996 1677 4068 (14)
1695 3996 1841 4064 οωιὶ,

245 4075 314 4132 ad
345 4075 611 4130 honorem
643 4077 1142 4150 incorruptibilem,
1175 4083 1242 4138 ad
1272 4083 1549 4140 amicitias
1596 4085 1847 4156 impera-

245 4164 384 4223 toris
434 4165 646 4232 aeterni,
721 4166 1064 4224 stultissimis
1150 4170 1640 4228 lamentationibus
1694 4189 1846 4229 revo-

246 4253 400 4310 cetis.
434 4255 541 4310 Ista
569 4263 650 4310 est
679 4271 799 4326 quae
830 4272 948 4322 vos,
983 4273 1016 4311 ο
1045 4256 1368 4314 castissima!
1423 4261 1682 4332 conjuges
1713 4261 1850 4316 bea-

245 4351 451 4410 torum,
508 4359 604 4414 per
653 4343 872 4415 pietatis
916 4345 1158 4401 colorem
1209 4346 1553 4417 impietatem
1630 4357 1848 4423 marty-

247 4448 370 4488 rum
407 4431 686 4490 mentibus
718 4432 849 4490 fecit
876 4433 1108 4502 tradere,
1163 4441 1217 4490 et
1274 4450 1464 4492 necem
1511 4453 1610 4508 pro
1655 4439 1846 4495 libera-

1868 1807 1912 1866 Β

1951 555 2211 619 perpetua
2240 547 2537 616 videretis;
2571 548 2666 604 ubi
2697 549 2835 604 edax
2874 549 3094 604 ﬂamma
3131 549 3545 608 incredulorum

1951 634 2161 691 animas
2191 637 2436 703 devorat,
2457 637 2550 692 ubi
2581 637 2844 694 dracones
2875 637 3378 710 blasphemantium
3403 639 3546 696 labia

1951 729 2268 794 comedunt,
2288 729 2380 784 ubi
2403 736 2679 800 serpentes
2699 730 2973 786 morsibus
2992 731 3108 786 suis
3128 731 3544 788 incredulorum

1950 826 2166 889 pectora
2198 819 2583 890 depascuntur.
2610 819 2730 875 Illic
2752 821 2995 874 ululatus
3025 827 3078 874 et
3099 821 3336 891 gemitus
3365 828 3542 885 sonat,

1951 915 2005 963 et
2032 908 2238 962 clamor
2257 908 2538 972 confusus,
2557 925 2716 981 quem
2741 926 2764 961 κ
2780 909 2824 964 is
2848 917 3247 964 tormentorum
3278 908 3544 979 exagitat,

1951 1003 2005 1052 et
2033 996 2274 1053 incendii
2299 1013 2486 1052 arsura
2506 1005 2814 1069 extorquet.
2838 999 2964 1054 Ilaec
2982 999 3097 1069 ipsa
3111 1005 3294 1052 autem
3318 998 3546 1054 tribula-

1948 1084 2049 1152 tio,
2083 1101 2203 1157 quaa
2243 1085 2362 1140 illic
2412 1086 2649 1158 excipiet
2681 1086 2953 1154 inﬁdeles,
2997 1085 3150 1140 nullo
3186 1087 3426 1141 termino
3456 1085 3544 1141 de-

1914 1238 1923 1250 .
1950 1173 2163 1241 ﬁnitur,
2197 1176 2353 1231 nullo
2375 1175 2483 1230 ﬁne
2504 1175 2876 1244 concluditur,
2908 1176 3002 1232 sed
3031 1192 3133 1231 nec
3158 1184 3280 1246 post
3305 1176 3545 1232 ﬂamma-

1950 1281 2070 1320 rum
2103 1266 2374 1322 atrocium
2405 1265 2754 1322 adustionem
2777 1268 3150 1333 consumitur,
3175 1267 3266 1323 sed
3298 1266 3363 1322 ad
3396 1266 3546 1322 redi-

1949 1353 2080 1408 viva
2125 1353 2384 1410 incendia
2421 1355 2624 1409 iterum
2658 1353 2754 1426 qui
2783 1353 3013 1410 adustus
3044 1354 3214 1412 fuerit
3242 1363 3544 1428 reparatur.

2024 1485 2108 1541 13.
2144 1487 2294 1542 Hanc
2342 1502 2470 1559 ergo
2517 1503 2733 1559 poenam
2778 1496 2832 1544 et
2861 1489 2997 1545 istos
3025 1487 3326 1561 permittite
3356 1486 3548 1544 evade-

1949 1591 2030 1642 re,
2060 1584 2114 1631 et
2144 1575 2503 1646 vosmetipsos
2555 1576 2764 1647 eripere
2817 1577 3070 1649 cogitate.
3116 1577 3422 1633 Permittite
3449 1576 3548 1632 in-

1949 1664 2110 1720 terim
2167 1663 2301 1720 istos
2364 1664 2432 1719 ad
2497 1681 2755 1721 coronam
2819 1667 3126 1738 pertingere
3190 1667 3544 1723 destinatam.

1947 1754 2128 1810 Nolite
2181 1753 2409 1821 timere;
2466 1772 2578 1810 non
2628 1756 2775 1810 enim
2833 1757 3233 1828 separabuntur
3285 1774 3316 1812 a
3365 1755 3544 1822 vobis,

1947 1843 2042 1898 sed
2074 1842 2274 1899 vadent
2303 1860 2605 1916 praeparare
2636 1843 2793 1899 vobis
2824 1844 2881 1898 in
2913 1844 3051 1900 coelo
3097 1843 3338 1898 sidereas
3383 1859 3547 1898 man-

1947 1931 2150 2000 siones,
2198 1931 2256 1986 in
2303 1933 2504 2005 quibus
2549 1949 2658 1988 una
2693 1933 2981 1988 vobiscum
3030 1940 3085 1988 et
3141 1949 3265 1988 cum
3296 1931 3426 1987 ﬁliis
3457 1948 3546 1986 ve-

1948 2020 2077 2076 stris
2107 2020 2164 2075 in
2194 2029 2455 2093 perpetuo
2501 2021 2700 2092 gaudio
2741 2021 3025 2076 maneatis.
3060 2020 3219 2088 Quod
3251 2019 3297 2075 si
3329 2037 3427 2076 vos
3457 2019 3548 2074 do-

1950 2129 2072 2168 mus
2101 2122 2296 2168 vestrae
2329 2129 2398 2168 ex
2446 2113 2720 2185 lapidibus
2763 2114 2918 2169 factae
2967 2113 3294 2180 delectant;
3345 2119 3550 2184 quanto

1951 2202 2121 2272 magis
2152 2202 2372 2257 illarum
2412 2219 2510 2258 vos
2556 2202 2716 2258 debet
2763 2201 3124 2274 pulchritudo
3168 2202 3405 2258 invitare
3455 2201 3550 2256 do-

1951 2311 2190 2364 morum,
2222 2293 2316 2350 ubi
2344 2304 2471 2351 sunt
2502 2295 2746 2352 triclinia
2783 2311 2916 2350 auro
2948 2310 3087 2365 puro
3115 2294 3407 2361 radiantia,
3430 2309 3549 2366 qua:

1949 2397 2018 2437 ex
2048 2382 2277 2453 gemmis
2323 2390 2377 2437 et
2421 2383 2731 2455 margaritis
2774 2382 2978 2438 habent
3007 2390 3154 2437 zetas
3197 2381 3312 2453 (15)
3347 2380 3548 2435 instru-

1949 2470 2103 2527 ctas?
2132 2470 2254 2526 Illic
2309 2470 2407 2526 ﬂos
2441 2488 2746 2544 purpureus
2795 2487 3043 2526 rosarum
3085 2486 3372 2542 nunquam
3408 2484 3550 2523 mar-

1949 2560 2117 2617 cescit
2148 2579 2162 2628 ;
2193 2561 2312 2616 illic
2340 2560 2536 2617 ﬂorida
2565 2576 2790 2615 nemora
2819 2566 3081 2631 perpetua
3105 2558 3388 2614 viriditate
3415 2573 3551 2612 ver—

1950 2656 2122 2716 nant;
2197 2649 2314 2706 illic
2375 2657 2526 2721 prata
2589 2649 2829 2705 recentia
2883 2647 3002 2717 (16)
3052 2663 3268 2717 semper
3334 2646 3548 2702 melleis

1952 2738 2133 2794 ﬂuunt
2165 2738 2302 2794 rivis
2329 2757 2341 2806 ;
2375 2739 2492 2794 illic
2519 2739 2726 2795 croceis
2755 2737 3002 2808 gramina
3027 2736 3255 2792 ﬂoribus
3277 2735 3546 2804 redolent,

1953 2835 2007 2883 et
2029 2826 2286 2883 halantes
2305 2828 2420 2899 (17)
2453 2826 2632 2898 campi
2657 2825 2928 2899 jucundis
2955 2823 3251 2880 admodum
3287 2823 3550 2882 odoribus

1955 2921 2187 2993 pollent.
2219 2923 2383 2976 Auraa
2412 2919 2488 2975 ibi
2521 2918 2690 2975 vitam
2725 2926 2985 2974 aeternam
3018 2918 3283 2974 habentes
3323 2916 3550 2974 naribus

1953 3015 2268 3064 nectareum
2307 3007 2526 3064 odorem
2560 3007 2827 3080 aspirant.
2857 3008 3068 3063 Lumen
3111 3006 3188 3062 ibi
3237 3007 3356 3063 sine
3396 3005 3550 3061 radio

1955 3097 2190 3169 fulgens,
2213 3098 2478 3154 serenitas
2508 3097 2708 3171 absque
2750 3097 2965 3165 nubilo,
2995 3103 3048 3153 et
3079 3095 3284 3169 absque
3309 3093 3552 3152 tenebris

1950 3189 2239 3243 nocturnis
2255 3188 2343 3243 die
2363 3188 2506 3244 oculi
2532 3187 3083 3260 perfruuntur.Nulla
3105 3187 3221 3244 illic
3243 3186 3551 3260 impediun-

1949 3283 2041 3331 tur
2069 3276 2427 3348 occupatione
2451 3277 2566 3348 (18)
2589 3277 2820 3343 delicire,
2853 3278 3004 3332 nulla
3034 3275 3254 3348 penitus
3282 3275 3550 3332 sollicitu-

1953 3363 2084 3419 dine
2115 3363 2191 3420 ibi
2222 3366 2487 3421 securitas
2516 3366 2908 3432 conturbatur;
2963 3365 3226 3436 mugitus,
3283 3365 3548 3432 ululatus,

1954 3453 2208 3526 gemitus,
2253 3455 2552 3510 lamentum
2589 3463 2642 3511 et
2673 3457 2854 3511 luctus
2886 3473 3172 3528 nunquam
3221 3456 3339 3511 illic
3367 3455 3554 3511 audita

1952 3559 2054 3599 nec
2081 3543 2364 3600 nominata
2415 3552 2584 3601 sunt:
2638 3545 2844 3602 foedum
2905 3553 2959 3602 et
3005 3545 3274 3611 deforme,
3325 3552 3549 3612 tetrum,

1952 3630 2195 3704 nigrum,
2218 3633 2554 3690 horrendum
2585 3635 2818 3708 aliquid,
2841 3642 2935 3690 aut
2965 3635 3246 3691 sordidum
3271 3648 3552 3706 nunquam

1955 3720 2030 3776 ibi
2069 3723 2289 3795 penitus
2320 3723 2582 3781 viderunt
2614 3725 2762 3780 oculi
2801 3725 2929 3781 habi
2955 3725 3209 3781 tantium:
3235 3723 3556 3796 pulchritu-

1958 3810 2086 3867 dine
2117 3830 2248 3870 vero
2275 3814 2332 3868 in
2353 3815 2669 3871 amoenitate
2699 3831 3027 3883 memorum,
3055 3815 3344 3887 splendore
3365 3813 3556 3868 inaere

1953 3899 2224 3970 jucundo,
2272 3909 2325 3956 et
2381 3901 2723 3958 formositate
2755 3911 2918 3975 atque
2953 3903 3106 3958 omni
3137 3901 3408 3973 elegantia
3437 3899 3554 3954 sine

1957 3991 2364 4047 intermissione
2411 3993 2557 4048 oculi
2607 3999 2852 4064 patentes
2901 3992 3297 4064 perfruuntur;
3330 3997 3384 4044 et
3414 3987 3553 4043 nihil

1953 4078 2183 4133 omnino
2238 4078 2386 4150 quod
2438 4080 2732 4136 conturbet
2795 4088 3032 4136 mentem
3087 4077 3314 4133 auribus
3369 4076 3550 4131 datur.

1956 4169 2164 4225 Sonant
2187 4169 2335 4225 enim
2369 4169 2445 4224 ibi
2472 4169 2681 4242 jugiter
2715 4187 2919 4243 organa
2951 4170 3314 4242 hymnorum,
3345 4184 3467 4240 quas
3487 4166 3556 4223 ad

1956 4257 2174 4313 laudem
2205 4257 2348 4330 regis
2372 4257 2441 4313 ab
2468 4259 2678 4329 angelis
2707 4266 2760 4314 et
2797 4257 3138 4329 archangelis
3173 4257 3554 4312 decantantur.

1957 4346 2292 4403 Aniaritudo
2322 4356 2376 4402 et
2403 4348 2548 4405 fellis
2575 4348 2838 4420 asperitas
2868 4347 2946 4403 ibi
2975 4348 3154 4403 locum
3188 4363 3299 4401 non
3330 4345 3554 4402 habent:

1957 4435 2203 4492 tonitrua
2238 4435 2314 4491 ibi
2347 4453 2628 4508 nunquam
2659 4435 2848 4492 audita
2876 4443 3026 4502 sunt,
3057 4435 3277 4506 fulgura
3303 4443 3357 4490 et
3384 4450 3558 4492 coru-

249 4523 402 4581 tione
457 4525 671 4582 afferre.
741 4525 798 4582 Si
857 4525 1004 4581 enim
1058 4526 1461 4583 consensissent
1517 4531 1851 4587 τεγοωιίοηί
1882 4517 1928 4576 D
1959 4524 2230 4580 scationes
2282 4541 2562 4597 nunquam
2614 4534 2932 4597 paruerunt.
2983 4524 3411 4583 Cinnamomum
3440 4522 3560 4581 illic

249 4621 466 4680 vestrae,
510 4629 683 4686 pauco
713 4613 935 4686 quidem
991 4621 1238 4686 tempore
1282 4614 1568 4673 vobiscum
1611 4634 1726 4676 esse
1756 4636 1848 4692 po-

256 4710 476 4772 terant;
511 4712 699 4778 postea
728 4718 858 4759 vero
913 4703 1173 4776 separari,
1205 4711 1260 4760 et
1309 4703 1387 4761 ita
1416 4704 1721 4766 habuerant
1769 4726 1848 4767 se-

353 4921 439 4992 13)
481 4921 714 4990 Quidam
745 4923 983 4991 codices,
1011 4924 1240 4980 artibus.

485 4995 797 5075 comitatus,
843 5011 984 5075 saape
1023 4996 1232 5075 comites
1277 4995 1659 5075 imperatoris;
1705 4997 1854 5075 alias

249 5066 453 5146 comitis
475 5067 697 5146 o/ﬁeium
723 5066 932 5146 ;-vul.g.o
969 5082 1122 5146 nunc
1171 5066 1370 5146 locum,
1395 5069 1512 5146 sive
1556 5070 1850 5146 districtum

286 5135 758 5213 i_us_juris_dictioni
779 5135 1074 5213 subjectum
1106 5155 1127 5202 ;
1173 5136 1278 5213 hic_
1319 5141 1512 5213 aulam
1555 5140 1848 5213 signiﬁcat.

292 5207 342 5263 ic
366 5207 646 5264 Possidius
678 5208 734 5262 in
779 5209 909 5264 Vita
949 5207 1015 5280 S.
1046 5207 1364 5280 Augustini,
1413 5212 1514 5268 Ubi
1547 5207 1667 5266 tunc
1715 5219 1852 5266 tem-

245 5280 400 5350 pmis
430 5279 785 5352 Valentiniani
822 5279 1368 5352 minorisueomitatu:
1406 5281 1586 5352 fuerat
1605 5283 1852 5339 constitu-

255 5349 376 5417 tus;
404 5359 463 5424 et
503 5351 558 5406 S.
615 5350 868 5424 Ambros.
915 5350 983 5424 de
1031 5349 1201 5408 Obitu
1250 5349 1650 5424 Valentiniani,
1688 5355 1856 5411 Iussit

251 5438 364 5477 eam
393 5423 465 5477 ad
491 5421 795 5477 comitatum
835 5423 1032 5477 venire.

473 5493 665 5619 P851313:
679 5494 903 5619 ezalztte,
936 5493 1124 5574 domus
1151 5510 1268 5619 qrw
1293 5495 1474 5550 subtus
1494 5497 1650 5567 pedes
1686 5515 1854 5579 aquas

447 5608 459 5619 .
836 5581 883 5619 is
934 5580 1108 5619 vocis.
1214 5565 1454 5619 umebns
1483 5567 1716 5619 Advers.
1752 5569 1851 5619 Ιώ-

255 5563 459 5622 habent.
494 5563 652 5622 Unde
679 5578 741 5621 ea
795 5565 883 5621 vis
934 5564 1108 5621 vocis.
1159 5563 1454 5622 Turnebus
1483 5563 1851 5626 Adversflib.

256 5651 411 5706 xxxv,
443 5652 494 5694 c.
528 5635 583 5707 4,
629 5641 818 5708 zetam,
875 5635 1088 5693 dicatam
1117 5636 1530 5711 interpretatur,
1559 5647 1614 5698 et
1642 5640 1856 5699 Casau-

1960 4613 2199 4684 virgulta
2227 4613 2477 4686 gignunt,
2509 4621 2564 4670 et
2592 4613 2901 4670 balsamum
2917 4613 3138 4669 arbusta
3167 4620 3554 4686 prorumpunt.

1959 4701 2108 4761 Odor
2143 4703 2285 4760 aeris
2313 4702 2734 4760 delectationem
2783 4718 2880 4774 per
2927 4702 3116 4758 omnia
3161 4700 3410 4757 membra
3436 4699 3558 4756 dif-

1959 4917 2138 4990 bonus
2167 4916 2251 4990 in
2270 4917 2582 4990 Lamprid.,
2633 4917 2727 4990 qui
2779 4916 2903 4990 ideo
2928 4923 3103 4990 izetam
3132 4923 3328 4983 vocat;
3360 4923 3413 4972 at
3444 4916 3558 4972 Sal-

1963 4989 2168 5044 masius
2221 4988 2428 5045 dietam’
2462 4988 2731 5060 actumque
2771 4988 2985 5045 scribit.
3031 4988 3124 5045 Sic
3176 4989 3408 5044 zabuton
3436 5004 3556 5060 pro

1962 5060 2271 5132 diabolum,
2328 5058 2660 5132 zabolenum:
2695 5077 2793 5132 pro
2855 5061 3222 5128 diabolenum,
3264 5058 3560 5132 Δέτιιιςιςίιιιηι

1964 5147 2062 5203 pro
2085 5131 2375 5186 diarritum
2425 5131 2575 5188 dicta
2613 5128 2926 5200 observant,
2976 5147 3211 5203 cumque
3259 5128 3328 5184 iis
3372 5128 3557 5184 Marti-

1964 5208 2114 5264 nius.
2156 5210 2228 5265 At
2257 5211 2592 5268 Passeratius
2634 5228 2665 5267 a
2693 5214 2816 5280 ζεῖν,
2847 5210 3072 5281 fervere,
3114 5206 3377 5274 deﬂectit,
3411 5205 3558 5278 quod

1964 5286 2216 5361 pluribus
2244 5289 2413 5344 solem
2437 5289 2698 5361 accipiat,
2734 5291 2821 5345 vel
2853 5306 2884 5344 a
2908 5292 3017 5361 (ira,
3050 5287 3240 5361 vivere.
3273 5283 3554 5342 Crenaculi

1963 5357 2132 5432 genus
2161 5359 2253 5432 hic
2285 5366 2338 5432 et
2358 5359 2490 5415 alibi
2523 5357 2817 5432 signiﬁcat.
2849 5359 3001 5417 Infra
3025 5357 3280 5424 zetarius,
3310 5361 3554 5411 actarum

1962 5431 2080 5485 sive
2111 5430 2468 5486 tricliniorum
2495 5430 2732 5489 curator.

2036 5500 2154 5714 (16)
2186 5503 2286 5558 Ms.
2320 5503 2584 5572 Audom.,
2613 5503 2859 5559 virentia.

2067 5574 2129 5627 17
2187 5573 2300 5641 AL,
2327 5575 2653 5630 atbescentes.

2066 5575 2155 5714 181
2191 5645 2306 5714 ΑΙ.,
2337 5647 2619 5702 occasione.

2067 5574 2155 5641 17)
2187 5573 2300 5641 AL,
2327 5575 2653 5630 atbescentes.

2067 5575 2129 5627 17
2187 5575 2300 5641 AL,
2327 5575 2619 5629 albescente:

2066 5575 2155 5716 181
2191 5645 2306 5717 AL,
2337 5647 2619 5702 occasione.
