4068 6186
523 349 658 406 1119

1547 343 1645 397 AD
1683 341 1918 396 OPERA
1955 339 2012 396 S.
2051 338 2384 396 AMBROSII
2424 340 2803 397 APPENDIX.

3687 342 3829 401 1120

524 475 730 544 fundit,
780 483 834 531 et
887 490 1009 531 esca
1054 472 1133 529 ibi
1180 472 1336 526 nulla
1381 477 1621 526 stercora
1672 468 1918 525 conﬁcit.
1964 468 2118 525 Sicut
2145 468 2196 528 A
2224 484 2314 525 eas
2337 469 2580 538 invadet,
2611 478 2707 526 aut
2738 469 2966 526 luxuria
3028 469 3327 528 libidinum
3375 478 3550 527 mater
3600 471 3707 527 tibi
3738 487 3832 528 eas

519 567 668 622 enim
716 565 862 620 bono
910 562 1108 618 nuntio
1151 578 1330 629 aures,
1374 567 1428 615 et
1474 559 1621 617 bono
1661 559 1826 616 odore
1853 575 2030 628 nares,
2061 566 2114 616 et

521 656 666 713 bono
701 659 923 725 aspectu
981 651 1127 706 oculi
1159 650 1497 722 saginantur,
1528 657 1582 705 et
1613 650 1715 705 ista
1745 648 1972 704 refectio
2002 665 2113 704 non

521 749 698 816 potest
717 743 776 797 in
823 739 1181 812 digestionem
1204 755 1592 812 prorumpere;
1625 738 1704 794 ita
1724 738 1841 794 illic
1865 737 2110 804 refectio,

521 847 683 905 quam
733 847 792 886 os
839 830 1159 902 susceperit,
1210 829 1477 886 melliﬂua
1521 829 1577 884 in
1623 837 1783 900 gustu
1836 827 1941 883 hoc
1992 826 2114 882 uni-

520 920 721 993 cuique
744 919 906 991 sapit,
937 935 1046 991 quo
1095 919 1262 975 fuerit
1297 919 1616 975 delectatus.
1651 917 1848 973 Statim
1879 916 2116 990 denique

521 1015 668 1088 quod
716 1013 1058 1086 concupierit
1102 1016 1309 1082 anima,
1362 1013 1638 1069 desiderio
1687 1011 1805 1083 ejus
1854 1012 2118 1067 universa

520 1105 883 1168 famulantur,
931 1111 985 1158 et
1015 1103 1274 1158 omnibus
1321 1101 1781 1158 delectationibus
1817 1100 1935 1172 ejus
1966 1117 2116 1174 para-

521 1193 767 1249 tissimus
788 1192 959 1247 servit
987 1192 1233 1248 effectus.

595 1283 682 1339 14.
713 1284 848 1340 Nam
879 1283 973 1355 qui
1006 1283 1064 1338 in
1097 1283 1200 1338 ista
1231 1283 1450 1338 mortali
1491 1282 1630 1352 vita,
1677 1291 1869 1339 contra
1906 1299 2116 1339 concu-

522 1371 818 1445 piscentias
849 1389 974 1428 suas
1021 1379 1074 1427 et
1120 1379 1310 1428 contra
1339 1371 1729 1428 delectationes
1768 1371 2114 1443 pugnaverit,

521 1461 773 1534 quisquis
824 1477 913 1517 eas
968 1478 1080 1517 non
1124 1462 1468 1534 expenderit,
1525 1462 1642 1518 illic
1687 1479 1775 1516 eas
1819 1462 2059 1532 integras
2087 1477 2118 1516 a

519 1567 620 1606 suo
667 1549 922 1608 Creatore
978 1552 1354 1626 consequitur.
1404 1552 1524 1623 Ipse
1578 1550 1726 1605 enim
1777 1551 1856 1605 ita
1911 1549 2123 1606 creavit

521 1639 804 1698 hominem
832 1649 892 1698 ut
922 1644 1179 1700 viveret:
1231 1652 1285 1700 et
1337 1651 1568 1699 mortem
1615 1643 1778 1714 juxta
1825 1642 2117 1698 introitum

521 1730 904 1788 delectationis
934 1735 1137 1805 posuit,
1184 1742 1244 1789 ut
1277 1733 1334 1787 hi
1366 1733 1522 1805 queis
1570 1733 1705 1789 libet
1749 1750 1781 1788 a
1828 1732 2023 1788 mortis
2052 1731 2117 1787 ti-

2223 558 2436 632 eripiet,
2471 567 2566 616 aut
2595 559 2713 615 sine
2742 559 2935 628 dubio,
2967 559 3115 634 quod
3143 561 3289 618 nosti
3316 560 3546 634 optime,
3577 576 3730 616 mors
3757 577 3833 617 ex

2222 650 2526 724 improviso
2555 651 2874 725 aggrediens
2930 652 3002 707 ita
3045 651 3149 708 tibi
3180 652 3302 708 illas
3331 658 3642 724 extorquet,
3673 659 3739 707 ut
3766 658 3834 707 tu

2223 743 2350 799 illas
2379 743 2613 799 ulterius
2670 742 2729 798 in
2780 749 2897 798 toto
2948 758 3049 800 nec
3083 741 3287 798 habere
3343 741 3670 814 praevideas,
3729 757 3834 799 nec

2223 832 2431 888 videre.
2465 831 2729 905 Nunquid
2757 832 2803 887 si
2832 831 3098 888 transires
3128 849 3222 904 per
3253 831 3465 888 medias
3498 831 3643 887 acies
3689 830 3834 886 Bar-

2224 921 2505 990 barorum,
2539 931 2594 978 et
2622 921 2899 977 invenires
2929 922 3127 977 fortem
3159 921 3343 977 virum
3374 922 3469 994 qui
3523 930 3578 977 te
3615 936 3835 993 semper

2225 1012 2444 1082 dilexit,
2476 1014 2571 1086 qui
2607 1013 2706 1070 tibi
2729 1014 2893 1070 etiam
2923 1015 3203 1071 sacculum
3233 1014 3484 1086 pecuniis
3529 1013 3833 1069 donaverat

2225 1104 2470 1174 plenum,
2507 1103 2781 1160 dicentem
2829 1103 2936 1160 tibi
2967 1121 2978 1159 :
3030 1105 3109 1160 Da
3155 1103 3293 1159 mihi
3324 1103 3719 1160 custodiendas
3749 1120 3832 1176 pe-

2225 1195 2418 1250 cunias
2451 1211 2583 1266 quas
2615 1194 2742 1250 dedi
2773 1193 2898 1261 tibi,
2931 1191 3059 1266 quia
3092 1194 3182 1250 isti
3229 1192 3449 1248 barbari
3494 1191 3834 1248 insidiantur

2225 1293 2288 1341 ut
2317 1302 2406 1341 eas
2439 1285 2541 1341 tibi
2573 1284 2844 1353 auferant,
2902 1301 3038 1358 quas
3065 1283 3198 1340 dum
3230 1282 3333 1339 tibi
3364 1282 3705 1339 abstulerint
3748 1284 3830 1339 sui

2226 1383 2280 1430 te
2310 1373 2507 1447 gladiis
2538 1374 2864 1430 laniabunt:
2897 1373 3154 1447 nunquid
3192 1389 3300 1428 non
3332 1370 3568 1444 pedibus
3602 1371 3728 1444 ejus
3767 1371 3829 1427 ad

2227 1465 2451 1520 volutus
2480 1474 2698 1536 rogares
2728 1479 2876 1531 eum,
2905 1470 2967 1518 ut
2996 1479 3085 1518 eas
3124 1463 3238 1534 ipse
3290 1461 3595 1532 susciperet
3623 1460 3696 1516 de
3721 1477 3826 1534 quo

2226 1567 2409 1615 certus
2439 1573 2581 1614 esses
2611 1555 2760 1629 quod
2798 1563 2852 1610 et
2887 1554 3156 1626 ampliora
3185 1569 3349 1626 quam
3395 1561 3682 1624 acceperat
3715 1553 3828 1609 red~

2227 1649 2399 1716 deret,
2433 1657 2486 1704 et
2534 1655 2586 1702 te
2635 1647 2815 1718 ipsum
2864 1644 2930 1699 ab
2979 1644 3231 1700 hostibus
3279 1643 3593 1700 liberaret?
3649 1646 3831 1700 Restat

2227 1755 2376 1796 nunc
2431 1747 2492 1794 ut
2538 1735 2755 1792 divitiis
2808 1733 3006 1790 vestris
3063 1741 3299 1790 tutorem
3357 1733 3580 1806 possitis
3627 1732 3832 1790 habere

521 1839 673 1878 more
718 1823 968 1891 evadere,
1028 1825 1201 1880 vitam
1254 1832 1512 1879 aeternam
1555 1832 1843 1896 quaerant;
1901 1831 1955 1879 et
1983 1823 2116 1878 dum
2148 1834 2193 1894 B
2226 1828 2531 1888 Christum.

523 1920 717 1982 praeter
747 1911 910 1966 istam
940 1912 1111 1968 vitam
1149 1914 1374 1968 alteram
1424 1929 1538 1968 esse
1568 1912 1885 1978 didicerint,
1919 1912 2116 1984 inqui-

521 2006 645 2054 rant
696 2007 885 2056 utrum
943 2008 998 2056 et
1045 2001 1162 2074 ipsa
1209 2002 1380 2074 possit
1429 2009 1709 2057 senectute
1737 1999 1994 2057 intercidi
2021 2009 2117 2058 aut

522 2096 697 2144 morte
720 2090 1009 2146 concludi:
1035 2107 1198 2163 quam
1220 2091 1352 2147 dum
1375 2091 1745 2146 immortalem
1766 2091 2114 2163 agnoverint,

520 2174 803 2249 inquirant
846 2187 1032 2235 utrum
1080 2179 1251 2251 possit
1300 2180 1500 2236 iterum
1550 2180 1667 2253 ipsa
1721 2180 1997 2236 aeternitas
2026 2181 2115 2236 vel

520 2264 786 2325 honorem
833 2267 1046 2326 tradere
1069 2269 1236 2343 justis
1269 2271 1356 2334 vel
1387 2268 1610 2340 injustis
1646 2285 1863 2342 pinnam
1888 2269 2112 2326 inferre.

1159 2369 1388 2425 CAPUT
1420 2367 1490 2424 V.

927 2459 1099 2531 Opum
1126 2459 1540 2530 deliciaruqu
1562 2474 1708 2513 usus.

593 2549 678 2607 15.
721 2549 969 2621 Cumque
1013 2550 1322 2622 specialiter
1349 2549 1428 2607 ita
1468 2567 1583 2608 esse
1611 2548 1983 2622 probaverint,
2016 2563 2116 2603 re-

518 2644 644 2707 stat,
693 2648 756 2695 ut
784 2640 1147 2712 interrogent,
1197 2657 1295 2697 cur
1343 2657 1374 2696 a
1414 2641 1668 2699 Creatore
1707 2637 1918 2694 divitiae
1957 2637 2115 2692 factae

519 2730 651 2798 sint,
673 2731 718 2786 si
743 2730 862 2803 ejus
883 2731 998 2805 lege
1031 2731 1448 2788 contemnendae
1477 2737 1643 2800 sunt,
1675 2731 1764 2787 vel
1799 2745 1966 2802 quare
1987 2745 2114 2801 qua-

520 2818 828 2892 drupedum
881 2830 936 2878 et
993 2822 1284 2878 volucrum
1331 2829 1494 2894 atque
1526 2819 1835 2891 repentium
1878 2819 2116 2874 varietas

517 2925 550 2964 a
579 2910 834 2967 Creatore
869 2912 1011 2968 facta
1053 2913 1145 2979 sit,
1174 2912 1220 2968 si
1267 2911 1500 2983 singulis
1533 2911 1650 2982 (19)
1684 2908 2114 2964 renuntiandum

518 3007 646 3056 est:
695 3017 795 3056 cur
836 3009 1017 3057 autem
1068 3002 1135 3057 ab
1186 3002 1304 3072 ipso
1353 3001 1607 3058 Creatore
1659 2999 1981 3055 medullitus
2029 3014 2114 3070 ge-

519 3087 691 3145 nuina
719 3090 1010 3147 delectatio
1039 3090 1107 3146 ad
1137 3091 1558 3147 incitamentum
1591 3089 1708 3161 (20)
1742 3097 1824 3145 est
1864 3087 2115 3145 libidinis

2307 1920 2392 1974 17.
2425 1916 2514 1972 Ad
2543 1914 2768 1972 delicias
2822 1911 3130 1969 veniamus.
3179 1912 3286 1980 Qui
3343 1910 3509 1968 habet
3539 1927 3694 1968 aures
3723 1928 3836 1968 au—

2231 2007 2446 2076 diendi,
2477 2004 2666 2061 audiet
2699 2020 2789 2059 eas
2819 2002 3064 2059 dicentes
3111 2001 3222 2058 sibi
3249 2020 3260 2058 :
3320 2003 3376 2058 Si
3409 2017 3535 2058 vere
3563 2012 3836 2058 amatores

2229 2097 2404 2153 nostri
2433 2097 2586 2164 estis,
2611 2094 2696 2150 illi
2724 2109 2824 2150 nos
2852 2091 3255 2161 commendate,
3279 2091 3495 2164 quinos
3512 2092 3680 2148 vobis
3703 2092 3837 2150 inte-

2229 2205 2351 2262 gras
2381 2186 2731 2258 illibatasque
2761 2184 2819 2240 in
2852 2184 2950 2240 illa
2970 2181 3191 2255 regione
3215 2182 3490 2247 restituat,
3524 2182 3585 2238 in
3616 2199 3730 2256 qua
3746 2199 3835 2240 vo-

2227 2280 2442 2338 biscum
2471 2277 2678 2350 jugiter
2708 2291 2930 2332 manere
2957 2275 3232 2348 possimus
3265 2293 3278 2341 ;
3311 2275 3370 2330 in
3399 2274 3505 2332 ista
3537 2275 3695 2331 enim
3725 2277 3838 2333 vita

2228 2369 2275 2426 si
2303 2369 2463 2426 vobis
2495 2376 2746 2424 nostrum
2800 2367 3142 2424 voluerimus
3196 2383 3462 2439 occupare
3512 2367 3835 2436 servitium,

2229 2461 2385 2533 quasi
2409 2459 2503 2516 hic
2534 2467 2800 2531 expertae,
2831 2457 2910 2513 ibi
2940 2456 3098 2513 vobis
3128 2457 3356 2513 omnino
3386 2457 3719 2528 negabimus
3745 2475 3841 2515 no-

2228 2559 2354 2607 strae
2370 2551 2662 2608 servitutis
2683 2548 2947 2606 oﬂiciuin.
2970 2547 3248 2604 Dimittite
3265 2564 3363 2603 nos
3379 2547 3604 2604 interim
3629 2550 3842 2606 servire

2229 2641 2534 2708 morituris,
2565 2640 2696 2713 quia
2744 2638 2952 2695 idcirco
2988 2637 3222 2693 breviati
3268 2646 3396 2693 sunt
3438 2637 3556 2694 dies
3587 2639 3842 2695 mortali-

2227 2731 2350 2800 bus,
2378 2740 2440 2788 ut
2471 2727 2880 2785 immortalibus
2903 2725 3111 2798 jugiter
3144 2725 3494 2784 famulemur.
3539 2727 3632 2785 Sic
3685 2729 3841 2785 enim

2228 2823 2496 2893 scriptum
2554 2827 2680 2875 est:
2725 2819 2954 2889 Propter
2999 2818 3201 2873 electos
3249 2816 3657 2874 breviabuntur
3714 2817 3844 2874 dies

2230 2913 2444 2985 (Matth.
2473 2927 2634 2978 xxrv,
2667 2909 2783 2981 22),
2816 2917 2878 2965 ut
2897 2907 3134 2964 servitus
3167 2916 3353 2964 nostra
3381 2925 3491 2964 non
3541 2909 3614 2964 sit
3647 2910 3844 2982 longa.

2228 3002 2454 3074 Injustis
2470 3000 2693 3074 quidem
2722 2999 2995 3055 servimus
3013 2997 3214 3054 festino
3234 3013 3400 3054 cursu
3422 2997 3540 3070 (23)
3570 3016 3582 3055 :
3617 2997 3843 3071 impiis,

2227 3090 2505 3149 sceleratis
2560 3099 2614 3146 et
2655 3088 2914 3161 turpibus
2965 3087 3260 3156 servimus,
3311 3103 3422 3143 non
3470 3095 3698 3159 sponte,
3744 3089 3843 3146 sed

519 3177 748 3236 fundata
795 3183 1141 3255 corporibus,
1189 3183 1235 3238 si
1286 3199 1416 3238 usus
1459 3181 1577 3252 ejus
1623 3180 1836 3237 auctori
1892 3197 2003 3235 non
2033 3197 2116 3236 so-
2142 3185 2185 3245 Ο
2223 3188 2446 3255 propter
2472 3197 2598 3236 eum
2626 3179 2719 3252 qui
2753 3195 2854 3234 nos
2891 3177 3158 3234 subdidit.
3177 3177 3561 3233 Liberabimur
3588 3187 3786 3234 tamen
3814 3195 3847 3235 a

521 3269 634 3324 lum
683 3286 806 3326 eum
850 3271 1014 3328 faciat
1062 3287 1236 3340 reum,
1284 3271 1379 3328 sed
1426 3271 1591 3328 etiam
1634 3270 1909 3343 perpetuis
1938 3269 2118 3325 tradat

515 3361 806 3420 incendiis.
848 3363 1226 3434 lnterrogatur
1273 3377 1401 3433 ergo
1447 3378 1458 3415 :
1511 3361 1622 3418 Cur
1656 3361 1772 3430 (21)
1802 3377 1833 3415 a
1859 3359 2115 3417 Creatore

515 3450 728 3507 divitiae
759 3451 902 3507 data:
936 3459 1085 3518 sunt,
1144 3453 1190 3507 si
1218 3450 1634 3506 contemnendae
1660 3457 1790 3504 sunt
1818 3449 1845 3504 ?
1875 3450 2115 3520 Respon-

513 3539 710 3596 demus
743 3559 754 3596 :
789 3543 910 3598 Istae
939 3540 1156 3596 divitiae
1187 3557 1218 3594 a
1245 3540 1501 3598 Creatore
1533 3539 1710 3605 factae,
1752 3538 2120 3610 alloquuntur

515 3630 928 3702 quodammodo
983 3639 1254 3687 amatores
1309 3647 1456 3698 suos,
1513 3629 1759 3685 dicentes
1801 3647 1812 3685 :
1876 3630 1966 3687 Sic
2018 3645 2118 3685 nos

518 3729 714 3788 amate,
748 3731 809 3776 ut
838 3740 868 3777 a
897 3722 1056 3778 vobis
1086 3737 1366 3793 nunquam
1422 3737 1756 3792 separemur.
1810 3719 1975 3791 Sequi
2017 3736 2116 3775 vos

518 3809 815 3866 morientes
873 3799 981 3865 nim
1028 3826 1348 3882 possumus;
1405 3808 1724 3865 antecedere
1780 3815 1961 3863 autem
2018 3825 2118 3864 vos

517 3901 768 3956 viventes
797 3916 1128 3972 possumus;
1179 3901 1275 3958 sed
1331 3902 1376 3956 si
1429 3900 1534 3972 ipsi
1575 3898 1837 3971 jubeatis.
1872 3897 2118 3971 Cupidus

517 3996 791 4056 fenerator
835 4008 890 4056 et
941 4016 1140 4056 avarus
1194 4000 1452 4072 agricola,
1513 4014 1654 4053 unus
1705 4012 1897 4052 aurum
1947 3994 2118 4051 tradit

519 4087 734 4144 homini
764 4090 912 4162 quod
941 4090 1283 4162 duplicatum
1315 4088 1568 4160 recipiat,
1600 4087 1742 4142 alius
1769 4085 1989 4142 diversa
2018 4099 2117 4139 se-

516 4181 668 4236 mina
708 4187 866 4236 terrae
896 4180 1218 4247 committit,
1261 4187 1323 4235 ut
1363 4179 1409 4234 si
1443 4178 1613 4251 possit
1644 4177 1765 4232 fieri
1796 4175 1943 4248 quod
1971 4175 2117 4230 sim-

515 4273 660 4345 plem
693 4273 835 4329 tradi
863 4273 1183 4344 centuplum
1216 4278 1424 4344 quaerat
1456 4271 1574 4341 (22)
1609 4269 1850 4340 recipere
1885 4285 1895 4322 :
1927 4274 1980 4322 et
2011 4265 2116 4321 de-

514 4361 665 4419 bitor
710 4379 905 4419 aurum
953 4361 1215 4418 creditori
1256 4360 1437 4417 reddit
1490 4360 1856 4432 duplicatum,
1889 4364 1943 4412 et
1970 4364 2117 4412 terra

515 4467 703 4508 semen
744 4451 926 4511 reddit
971 4452 1427 4524 centuplicatum.
1492 4450 1635 4506 Proh
1695 4449 1888 4504 nefas!
1955 4447 2115 4502 fenus

2226 3273 2492 3330 servitute
2513 3270 2905 3342 corruptionis,
2930 3277 2984 3325 et
3013 3269 3396 3327 revocabimur
3419 3268 3484 3324 ad
3515 3268 3841 3326 libertatem

2227 3365 2416 3436 gloriae
2442 3363 2686 3418 ﬁliorum
2713 3360 2833 3418 Dei.
2855 3360 3253 3433 Omniaitaque
3280 3359 3598 3427 delectatio,
3634 3361 3842 3416 futurae

2227 3454 2358 3508 vitae
2389 3458 2624 3518 servata,
2685 3465 2798 3505 non
2839 3449 3124 3520 perditur;
3188 3465 3364 3522 neque
3407 3447 3558 3504 enim
3600 3449 3840 3522 repositi

2227 3541 2473 3598 thesauri
2509 3539 2903 3594 existimantur
2936 3538 3005 3594 ab
3033 3555 3096 3594 eo
3125 3539 3220 3610 qui
3255 3554 3346 3594 eos
3378 3537 3748 3595 absconderat
3781 3540 3840 3595 in

2224 3632 2408 3700 terris,
2440 3631 2740 3696 interesse;
2803 3627 2896 3684 sed
2955 3627 3127 3700 magis
3165 3635 3319 3683 tanto
3349 3628 3601 3683 securius
3659 3645 3719 3684 se
3747 3645 3841 3684 eos

2225 3723 2427 3779 habere
2453 3720 2705 3790 conﬁdit,
2737 3725 2944 3793 quanto
2971 3734 3065 3774 eos
3090 3717 3360 3775 occultius
3401 3724 3457 3772 et
3500 3716 3685 3774 tutius
3721 3717 3838 3774 col-

2227 3814 2512 3871 locaverit.

2299 3904 2385 3960 18.
2417 3904 2540 3960 Sint
2566 3919 2694 3975 ergo
2714 3900 2967 3975 repositae
2987 3901 3237 3958 omnium
3256 3898 3582 3957 deliciarum
3605 3899 3838 3956 aﬂluen-

2223 3997 2336 4067 tiae,
2369 4005 2432 4054 ut
2463 4013 2571 4053 non
2603 3995 2995 4067 contingantur
3023 3993 3081 4049 in
3125 3995 3228 4050 ista
3275 3993 3408 4060 vita,
3458 4007 3581 4064 quae
3627 4000 3840 4064 praete-

2224 4087 2330 4144 rit:
2359 4086 2487 4160 quia
2512 4087 2558 4142 si
2589 4084 2682 4143 hic
2711 4085 2768 4140 in
2789 4101 2896 4141 usu
2917 4083 3142 4151 fuerint,
3170 4084 3228 4139 in
3250 4083 3366 4148 illa,
3397 4081 3514 4137 vita
3533 4097 3661 4155 quae
3695 4097 3840 4137 nuu-

2224 4193 2387 4250 quam
2429 4175 2690 4248 praeterit,
2751 4175 3095 4230 amittentur.
3151 4173 3309 4240 Esto,
3367 4170 3518 4245 quod
3574 4170 3691 4226 ista
3722 4171 3842 4227 vita

2223 4273 2444 4324 centum
2475 4265 2734 4322 tendatur
2771 4279 3042 4320 annorum
3073 4261 3282 4334 spatiis,
3315 4260 3574 4334 nunquid
3604 4261 3840 4318 exclusa

2224 4356 2314 4412 die
2341 4355 2540 4412 ultima
2574 4370 2686 4410 non
2715 4353 2904 4410 statim
2925 4351 3208 4409 videbitur
3227 4350 3379 4424 quasi
3400 4365 3513 4405 non
3537 4349 3740 4420 fuisse,
3774 4367 3837 4410 ac

2223 4444 2489 4502 memoria
2517 4443 2753 4515 hospitis
2783 4458 2896 4498 uno
2926 4441 3015 4497 die
3064 4440 3209 4512 apud
3252 4456 3352 4496 nos
3394 4441 3684 4496 manentis
3745 4455 3838 4497 ve.-

515 4541 738 4598 debitor
776 4543 1074 4600 feneratori
1115 4542 1341 4598 reddere
1370 4541 1665 4614 praevalet;
1699 4548 1752 4595 et
1780 4546 1926 4593 terra
1972 4538 2114 4609 agri-
2144 4548 2191 4607 ι)
2221 4534 2386 4606 stigia
2414 4532 2701 4606 reliquisse
2723 4533 2751 4588 Ῡ
2792 4533 2894 4588 Illa
2940 4537 3122 4586 autem
3154 4529 3273 4585 vita
3303 4536 3486 4585 manet
3512 4528 3755 4601 jugiter,
3783 4536 3836 4585 et

516 4633 652 4689 colae
701 4649 801 4688 suo
857 4633 1145 4689 restituere
1205 4631 1577 4704 centuplicata
1625 4628 1835 4684 semina
1892 4635 2110 4699 potest;

514 4723 659 4778 Deus
688 4722 914 4778 divitias
959 4739 1082 4778 suas
1111 4723 1156 4778 si
1190 4738 1221 4777 a
1249 4729 1302 4778 te
1331 4721 1620 4793 acceperit,
1653 4736 1742 4775 eas
1786 4717 1890 4776 tibi
1919 4717 2112 4790 ampli-

515 4809 702 4869 ﬁcatas
733 4812 958 4869 reddere
998 4829 1108 4868 non
1149 4812 1372 4884 potest?

590 4900 677 4957 16.
710 4900 954 4973 Inquiris
994 4917 1145 4957 nunc
1177 4918 1189 4956 :
1224 4900 1334 4958 Cur
1372 4899 1600 4956 divitias
1631 4898 1769 4955 mihi
1795 4897 1966 4964 dedit,
2005 4895 2113 4951 sia

515 5010 601 5052 me
631 4994 737 5068 ipsi
767 4993 1057 5050 reddendae
1113 4994 1291 5050 sunt?
1319 4993 1567 5050 Tradidit
1611 5010 1700 5049 eas
1729 4991 1854 5060 tibi,
1882 4998 1944 5046 ut
1974 4990 2112 5046 scias

514 5091 720 5159 quanta
748 5084 821 5141 sit
848 5084 906 5139 in
934 5085 1014 5140 eis
1042 5083 1258 5157 requies
1285 5128 1299 5153 ,
1332 5091 1535 5157 quanta
1564 5085 1840 5156 voluptas,
1873 5089 2112 5153 quantus

515 5176 703 5245 luxus,
739 5183 1065 5250 quantaque
1098 5181 1327 5248 possunt
1357 5191 1471 5230 esse
1509 5174 1746 5241 deliciae,
1779 5179 1838 5228 ut
1868 5188 1964 5243 per
1995 5169 2113 5226 haec

513 5264 721 5322 habens
771 5266 1093 5323 charitatem
1143 5282 1271 5322 cum
1319 5262 1533 5320 divitiis
1560 5263 1691 5330 tuis,
1725 5263 1839 5334 ipse
1887 5277 1977 5316 eas
2004 5268 2109 5316 tra-

513 5355 611 5412 das
666 5356 1056 5414 custodiendas
1119 5355 1358 5414 Domino
1424 5363 1612 5412 nostro
1674 5355 1803 5410 Jesu
1867 5351 2110 5409 Christo.

514 5445 660 5512 Quas
712 5441 760 5497 si
814 5441 920 5514 ipsi
961 5441 1208 5498 nolueris
1259 5440 1503 5509 credere,
1534 5448 1628 5496 aut
1682 5437 1920 5495 edacitas
1973 5437 2111 5510 gulae

615 5569 680 5625 19
751 5568 864 5625 Alii
893 5566 1132 5636 codices,
1165 5569 1322 5638 gulw.

587 5570 706 5704 ieci
748 5641 862 5704 AL,
895 5641 1322 5704 inquinamentum

613 5640 706 5710 20)
748 5641 862 5707 AL,
895 5641 1370 5710 inquinamentum.

588 5712 706 5784 (21)
748 5712 863 5779 AL,
893 5709 1196 5785 Interrogat
1221 5728 1342 5784 ergo
1369 5709 1488 5783 quis
1519 5727 1536 5765 :
1577 5709 1709 5779 Cur,
1739 5716 1844 5767 etc.

2222 4629 2533 4695 perseverat
2570 4622 2857 4690 instanter,
2889 4620 3049 4677 annis
3069 4635 3285 4693 quoque
3316 4617 3647 4674 labentibus
3674 4618 3829 4690 juve-

2221 4711 2398 4767 nescit
2425 4718 2479 4766 et
2506 4711 2695 4783 pollet,
2725 4717 2778 4766 et
2805 4709 2933 4766 inde
2979 4707 3356 4765 renovationis
3383 4707 3558 4762 sumit
3595 4707 3828 4764 initium

2221 4800 2367 4856 unde
2397 4800 2525 4856 finis
2569 4799 2860 4872 accipitur.
2919 4799 2964 4856 Ο
3018 4813 3145 4854 vere
3198 4799 3357 4853 illum
3413 4795 3750 4868 degenerem
3779 4804 3826 4852 et

2220 4889 2470 4944 omnium
2492 4889 2764 4945 bonorum
2788 4896 3092 4962 expertem,
3126 4888 3218 4961 qui
3249 4887 3413 4959 hujus
3433 4894 3543 4942 tam
3569 4885 3827 4942 formosa

2221 4979 2350 5035 vitae
2370 4995 2552 5036 amore
2584 4996 2695 5035 non
2725 4979 2943 5051 capitur
2967 4979 2978 5034 l
3000 4978 3096 5052 qui
3126 4979 3285 5034 timet
3313 4978 3471 5033 istam
3505 4975 3691 5033 vitam
3712 4985 3827 5032 tra-

2219 5067 2349 5124 dere
2378 5069 2700 5140 perituram,
2733 5077 2786 5124 et
2825 5069 2977 5124 illam
2998 5069 3243 5141 accipere
3267 5082 3387 5139 quae
3405 5067 3631 5138 penitus
3653 5068 3826 5138 perire

2221 5174 2333 5213 non
2365 5158 2621 5226 novit,in
2651 5174 2756 5231 qua
2791 5157 3022 5226 deliciae,
3063 5164 3118 5213 et
3145 5154 3560 5220 delectationes,
3610 5163 3671 5212 et
3690 5154 3824 5213 divi-

2221 5249 2333 5318 tiae,
2365 5258 2419 5305 et
2450 5247 2645 5322 gaudia
2673 5248 2752 5305 sic
2781 5247 3070 5317 inchoant,
3110 5254 3173 5304 ut
3200 5245 3502 5304 terminum
3533 5247 3820 5312 nesciant,

2221 5341 2302 5397 sic
2329 5338 2664 5411 principium
2694 5338 2940 5411 capiunt,
2970 5347 3033 5395 ut
3062 5336 3284 5410 penitus
3329 5333 3490 5391 ﬁnire
3543 5351 3664 5393 non
3697 5353 3822 5410 pos-

2219 5428 2352 5486 sint.

2292 5564 2412 5707 (22)
2442 5566 2557 5633 AL,
2585 5569 2758 5634 queat.

2295 5639 2387 5707 (23
2445 5637 2559 5706 AL,
2591 5637 2758 5692 incum

2295 5637 2412 5708 (23)
2445 5637 2559 5706 AL,
2591 5637 2829 5692 incursu.
