4086 6208
226 318 352 378 1121

1490 319 1677 378 ACTA
1715 320 1771 378 S.
1814 319 2257 380 SEBASTIANI.

3394 331 3532 391 1122

296 444 381 502 19.
411 443 545 502 Nam
569 442 663 516 qui
684 441 852 515 hujus
866 450 977 499 tam
1007 442 1281 515 praeclaras
1302 444 1429 501 vita}
1457 452 1669 501 amator
1699 460 1815 501 esse
1841 452 1890 510 Α
1916 454 1968 502 et
1988 464 2106 503 cras
2134 449 2412 506 evanescit
2436 450 2461 505 ἲ
2490 450 2596 509 ista
2625 467 2746 525 quae
2771 450 2937 508 hodie
2966 455 3297 523 exardescit,
3331 467 3388 515 et
3409 476 3535 517 cras

222 540 488 609 noluerit,
533 556 645 597 non
676 540 853 597 solum
900 539 1059 596 istam
1092 541 1295 613 perdit,
1343 548 1398 597 et
1426 540 1495 597 ad
1526 541 1682 599 illam
1712 558 1824 597 non

221 629 497 702 pervenit,
523 645 719 687 verum
747 628 913 685 etiam
939 638 1002 685 ut
1016 628 1129 701 jam
1154 629 1275 686 dixi
1302 646 1334 686 a
1362 638 1623 703 perpetua
1652 636 1826 685 morte

220 726 437 799 capitur
465 733 519 782 et
548 732 793 793 tenetur;
846 724 905 782 in
934 742 1041 799 qua
1069 735 1151 783 est
1172 726 1321 799 jugis
1358 726 1601 795 ﬂamma,
1647 744 1824 799 perse—

222 831 420 872 verans
447 815 757 884 tribulatio,
786 822 840 870 et
870 831 1031 888 poena
1059 825 1320 888 perpetua
1344 834 1356 883 ;
1391 816 1449 872 in
1483 832 1591 888 qua
1617 824 1827 875 atroces

220 904 402 977 angeli
433 914 869 974 commorantur,
921 921 1157 979 quorum
1207 904 1435 962 brachia
1480 905 1660 978 capita
1689 905 1828 962 dra-

224 1009 425 1051 conum
458 1002 607 1062 sunt,
639 1010 874 1067 quorum
902 994 1049 1051 oculi
1078 1010 1147 1050 ex
1176 1011 1232 1051 se
1262 994 1447 1067 igneas
1485 993 1708 1066 sagittas
1730 992 1828 1064 ja-

221 1081 521 1150 culantur;
569 1098 804 1156 quorum
838 1083 1028 1140 dentes
1057 1083 1202 1140 sicut
1238 1082 1542 1155 elephantis
1596 1081 1829 1155 proemi-

224 1177 378 1239 nent,
438 1180 492 1227 et
538 1171 831 1228 stimulant
884 1171 953 1228 ad
1008 1179 1349 1229 tormentum
1408 1172 1582 1228 veluti
1640 1170 1827 1227 caudas

228 1258 604 1330 scorpionum,
656 1276 891 1333 quorum
922 1277 1086 1317 voces
1114 1260 1290 1316 veluti
1320 1260 1540 1316 leonum
1575 1260 1828 1316 fremitus

222 1356 441 1416 sonant,
494 1364 726 1421 quorum
768 1357 1021 1423 aspectus
1069 1358 1360 1406 tremorem
1392 1349 1595 1406 incutit
1625 1349 1829 1422 pariter

228 1443 282 1492 et
309 1437 558 1492 dolorem
589 1446 643 1494 et
672 1447 928 1495 mortem.
979 1441 1163 1511 Atque
1190 1438 1402 1494 utinam
1453 1456 1602 1495 mors
1648 1448 1829 1511 posset

222 1522 282 1579 in
313 1523 402 1580 his
433 1526 701 1597 angustiis
727 1528 1043 1583 constitutis
1073 1529 1396 1584 occurreret
1438 1526 1543 1584 Sed
1573 1526 1719 1599 quod
1747 1535 1829 1583 est

224 1612 498 1679 acerbius,
529 1614 598 1669 ad
628 1614 734 1671 hoc
760 1615 995 1684 vivitur,
1019 1623 1082 1670 ut
1108 1616 1447 1699 cruciatibus
1472 1616 1826 1689 gubernetur,

225 1701 294 1758 ad
325 1701 431 1759 hoc
477 1702 944 1778 redintegrantur,
990 1714 1054 1762 ut
1095 1722 1259 1762 exesa
1297 1706 1637 1778 serpentium
1672 1723 1831 1763 mor-

1934 537 2279 610 refrigescit?
2304 539 2407 596 ista
2436 557 2556 614 quae
2585 541 2687 597 sub
2714 541 2849 598 hora
2877 542 3184 615 inducitur,
3212 554 3266 602 et
3301 548 3403 604 sub
3433 548 3533 605 ho-

1934 642 1993 681 ra
2022 626 2381 683 excluditur?
2408 645 2477 685 an
2508 628 2605 685 illa
2650 646 2771 702 quae
2814 631 2970 687 nullo
3008 631 3117 689 ﬁne
3158 636 3530 708 concluditur,

1935 716 2090 770 nullo
2108 723 2349 789 tempore
2369 718 2761 792 exstinguitur,
2777 720 2931 776 nulla
2948 738 3171 793 prorsus
3188 726 3533 783 consumitur

1936 806 2255 862 vetustate?
2282 808 2416 863 Nam
2448 807 2551 863 iste
2584 807 2744 864 dolor
2784 816 2878 865 aut
2924 810 3063 867 levis
3107 819 3207 882 est,
3257 822 3311 870 et
3358 822 3536 888 potest

1935 894 2296 951 tolerabiliter
2327 896 2622 965 sustineri;
2664 905 2758 953 aut
2806 897 2988 971 gravis
3034 908 3136 969 est,
3197 909 3251 958 et
3295 903 3533 975 glorioso

1935 984 2234 1041 certamine
2253 984 2479 1041 citatum
2498 986 2657 1042 offert
2677 987 2878 1057 finem;
2914 988 3006 1045 ille
3034 998 3216 1047 autem
3247 1008 3533 1064 pmnarum

1937 1070 2095 1127 dolor
2141 1081 2194 1129 et
2242 1074 2517 1131 cruciatus
2556 1075 2821 1147 incendii,
2854 1078 2948 1151 qui
2980 1077 3145 1151 hujus
3174 1080 3303 1137 vitae
3331 1089 3533 1139 amato-

1934 1158 2091 1216 ribus
2118 1159 2300 1230 datur,
2331 1179 2457 1219 cum
2488 1163 2561 1219 sit
2590 1165 2969 1224 vehementior
2998 1168 3259 1225 universo
3296 1177 3535 1228 tormen-

1936 1264 2118 1311 torum
2173 1271 2387 1328 genere,
2437 1275 2721 1333 nunquam
2775 1260 3050 1319 ﬁniendus
3096 1265 3428 1336 aggreditur,
3483 1274 3537 1324 et

1936 1344 2116 1400 acrius
2146 1345 2378 1402 subinde
2419 1364 2582 1420 quam
2624 1349 2969 1409 inchoaverit
3013 1354 3193 1423 saevit,
3245 1362 3301 1410 et
3349 1356 3538 1414 nullus

1936 1433 2199 1490 saeviendi
2220 1436 2511 1506 terminus,
2542 1439 2730 1496 nullus
2760 1442 2988 1499 omnino
3008 1441 3136 1499 ﬁnis
3155 1445 3418 1514 occurrit,
3443 1446 3537 1503 sed

1937 1520 2143 1577 habens
2167 1540 2353 1581 secum
2382 1527 2641 1584 universa
2669 1529 3067 1602 suppliciorum
3089 1548 3286 1604 genera
3302 1533 3537 1593 subinde

1937 1622 2237 1669 renovatur
2266 1623 2328 1671 ut
2354 1616 2566 1688 saeviat,
2598 1630 2986 1692 augmentatur
3020 1632 3083 1680 ut
3111 1624 3415 1693 excruciet,
3447 1625 3533 1683 in-

1938 1704 2253 1763 ﬂammatur
2282 1716 2345 1765 ut
2369 1711 2553 1768 acrius
2586 1720 2728 1769 urat.

224 1791 377 1849 sibus
425 1792 676 1851 membra
724 1793 937 1850 iteratis
973 1794 1210 1852 subinde
1246 1804 1301 1854 et
1330 1795 1530 1853 iterum
1582 1795 1831 1868 repetitis
1858 1816 1905 1876 B
2010 1797 2099 1854 22.
2133 1799 2277 1856 Hinc
2305 1816 2435 1873 ergo
2464 1801 2532 1858 ab
2552 1802 2661 1859 hoc
2690 1803 2943 1873 interitu,
2964 1821 3101 1877 quos
3121 1820 3388 1877 amamus,
3411 1806 3537 1865 hor-

224 1882 502 1941 morsibus
529 1890 910 1942 attrectentur.

833 2008 1060 2067 CAPUT
1098 2008 1194 2067 VI.

582 2096 888 2168 Martyrum
919 2098 1149 2169 felicitas
1177 2104 1227 2153 et
1251 2097 1445 2170 gloria.

298 2206 387 2265 20.
427 2206 555 2265 Haec
584 2216 665 2265 est
694 2209 878 2265 omnis
920 2225 1083 2266 causa
1108 2208 1449 2278 certaminis,
1490 2225 1609 2282 qua:
1641 2225 1827 2282 pronas

228 2298 483 2372 martyrii
524 2298 685 2356 docet
712 2298 1078 2355 tolerabiliter
1121 2298 1317 2355 debere
1358 2298 1595 2354 sufferri.
1646 2299 1826 2355 Nolite

226 2407 376 2463 ergo,
407 2406 440 2446 ο
469 2389 656 2459 amici,
688 2391 885 2459 nolite,
917 2406 950 2446 o
982 2398 1253 2463 parentes,
1282 2391 1474 2459 nolite,
1505 2407 1539 2446 o
1568 2389 1827 2463 conjuges

228 2479 553 2537 veneranda
580 2487 916 2549 sanctorum,
943 2479 1116 2535 nolite
1141 2496 1172 2535 a
1194 2480 1309 2535 vita
1328 2479 1396 2535 ad
1422 2487 1674 2548 mortem,
1691 2499 1827 2554 quos

230 2567 464 2641 diligitis
511 2584 789 2636 revocare,
840 2582 872 2622 a
921 2567 1121 2639 gaudio
1158 2568 1227 2625 ad
1280 2568 1490 2624 luctum
1538 2568 1757 2639 ducere,
1796 2587 1828 2626 a

232 2657 447 2714 lumine
477 2656 545 2713 ad
576 2656 828 2713 tenebras
858 2656 1096 2727 trahere,
1126 2666 1181 2714 et
1209 2658 1277 2714 ab
1310 2665 1513 2713 aeterna
1540 2659 1728 2731 requie
1760 2659 1827 2717 ad

232 2761 421 2819 poenas
449 2745 811 2818 sempiternas
836 2762 1129 2803 accersere.
1177 2746 1294 2803 Hoc
1321 2754 1401 2804 est
1430 2764 1555 2805 cum
1605 2748 1826 2809 diabolo

231 2836 385 2909 quasi
413 2835 657 2909 piscibus
678 2836 903 2893 hamum
925 2837 1170 2903 tendere,
1202 2845 1255 2893 et
1284 2837 1519 2896 invitare
1539 2839 1608 2896 ad
1638 2841 1828 2897 modi-

232 2942 353 2984 cam
386 2927 735 2995 suavitatem,
774 2927 831 2982 in
855 2943 961 3001 qua
991 2926 1141 2983 intus
1168 2929 1331 2985 lateat
1353 2930 1629 2985 cruciatus
1656 2931 1828 2988 visce-

231 3032 376 3085 rum,
401 3023 454 3071 et
475 3033 622 3072 mors
642 3016 968 3073 interiorum
994 3019 1283 3073 tormentis
1303 3026 1538 3076 extorta.
1566 3020 1827 3092 Nunquid

231 3121 345 3162 non
368 3104 473 3163 hoc
498 3113 581 3163 est
609 3105 682 3162 ad
705 3108 1211 3178 compensationem
1249 3116 1576 3163 aaternarum
1606 3108 1827 3165 delicia-

231 3211 353 3251 rum
387 3194 621 3267 fugitiva
651 3193 849 3266 gaudia
879 3201 1243 3267 anteponere;
1271 3203 1325 3251 et
1346 3202 1406 3251 ut
1436 3212 1728 3268 perparum
1758 3199 1829 3253 ri-
1862 3184 1904 3244 Ο

227 3282 414 3354 deant,
444 3284 665 3341 aeternis
692 3284 917 3340 ﬂetibus
940 3283 1253 3355 mancipare
1273 3285 1301 3341 ?
1334 3286 1448 3342 Hoc
1476 3286 1535 3341 in
1568 3286 1828 3359 gladiato-

227 3374 407 3442 ribus,
447 3374 542 3446 qui
589 3375 738 3430 ultro
779 3388 837 3429 se
878 3374 1138 3442 offerunt,
1188 3374 1434 3431 universi
1480 3375 1829 3447 damnamus,

228 3462 324 3536 qui
352 3461 701 3519 considerant
732 3462 901 3519 unius
928 3464 1060 3519 anni
1086 3462 1332 3532 delicias,
1363 3471 1418 3519 et
1446 3479 1559 3520 non
1583 3465 1829 3521 conside-

228 3560 374 3620 rant,
423 3552 518 3625 qui
575 3552 788 3609 fructus
822 3569 894 3609 ex
934 3553 1069 3626 ipsis
1106 3552 1320 3609 deliciis
1363 3555 1594 3611 oriatur.
1631 3556 1707 3612 Et
1743 3556 1828 3611 illi

228 3643 547 3699 cruciantur
566 3642 770 3700 ictibus
790 3642 1124 3714 gladiorum,
1154 3645 1243 3701 vel
1263 3644 1474 3700 alterna
1497 3644 1646 3702 caede
1664 3645 1828 3701 inter-

229 3746 300 3788 na
325 3730 623 3801 viscerum,
674 3732 845 3790 scisso
882 3733 1095 3789 ventris
1135 3732 1396 3805 tegmine,
1447 3733 1505 3790 in
1533 3741 1829 3807 conspectu

228 3822 516 3895 proferunt
536 3823 890 3896 populorum,
916 3830 979 3879 ut
1007 3822 1302 3896 pinguedo,
1326 3840 1488 3899 quam
1518 3824 1830 3882 inconsulta

227 3913 417 3984 sagina
445 3916 776 3981 contulerat,
808 3912 1071 3969 offeratur
1099 3912 1323 3970 diabolo
1352 3912 1687 3971 devoranda.
1719 3915 1830 3970 Isto

229 4000 469 4058 consilio
499 4002 743 4069 inimici,
771 4018 882 4074 quo
913 3991 1009 4058 isti
1041 4002 1159 4060 haec
1187 4003 1419 4072 faciunt,
1450 4004 1569 4075 ipso
1597 4003 1830 4060 consilio

230 4088 300 4147 ad
328 4089 502 4145 vitam
530 4096 790 4145 aeternam
821 4098 1016 4146 euntes
1041 4090 1140 4147 Dei
1172 4098 1443 4163 martyres
1479 4100 1826 4161 revocantur,

231 4179 329 4255 qui
351 4185 416 4236 ut
435 4177 607 4235 vitam
630 4194 930 4250 paucorum
951 4179 1167 4236 dierum
1185 4180 1378 4237 vivant
1392 4188 1692 4237 exorantur
1709 4180 1826 4253 (24)

231 4275 526 4342 perpetuos
584 4267 863 4324 cruciatus
909 4267 1212 4337 incurrere,
1261 4276 1316 4325 et
1362 4278 1594 4327 mortem
1643 4286 1827 4343 perpe-

231 4365 407 4426 tuam,
435 4372 557 4429 quas
586 4356 898 4430 specialiter
927 4358 1220 4416 metuenda
1249 4367 1351 4428 est,
1382 4376 1493 4416 non
1523 4359 1737 4418 timere.

304 4446 393 4504 21.
436 4447 578 4505 Huic
607 4449 726 4505 loco
768 4448 911 4505 forte
938 4448 1079 4505 illud
1108 4450 1391 4523 apponitis
1418 4468 1429 4507 :
1466 4451 1644 4520 Quare
1673 4450 1827 4509 Chri.

1939 1894 2121 1941 temur
2148 1887 2378 1945 evadere
2404 1908 2417 1957 ;
2451 1898 2505 1946 et
2534 1907 2635 1948 nos
2674 1891 2823 1963 ipsos
2849 1892 2919 1948 ad
2948 1893 3290 1951 evadendum
3322 1896 3540 1954 fortiter

1940 1991 2343 2048 praeparemus:
2376 1995 2477 2037 nec
2507 1981 2802 2040 timeamus
2829 1999 2940 2041 una
2968 1983 3104 2041 hora
3131 1984 3272 2041 ferre
3292 1984 3539 2043 dolorem

1939 2064 1999 2121 in
2047 2081 2294 2138 corpore,
2350 2069 2446 2140 qui
2498 2080 2752 2142 optamus
2807 2081 3070 2145 perpetuo
3124 2073 3357 2146 gaudere
3413 2091 3539 2133 cum

1939 2152 2161 2210 Christo
2195 2173 2207 2211 :
2236 2156 2621 2227 permittamus
2649 2159 2887 2217 animam
2923 2170 3167 2219 nostram
3198 2180 3325 2220 cum
3359 2165 3542 2236 palma

1939 2245 2194 2318 martyrii
2228 2262 2297 2301 ex
2322 2246 2428 2304 hoc
2457 2248 2640 2320 egredi
2669 2265 2920 2322 corpore,
2949 2261 3011 2308 ut
3039 2253 3313 2323 possimus
3352 2270 3541 2325 poenas

1939 2342 2169 2391 aeternas
2196 2336 2448 2403 evadere,
2478 2347 2533 2395 et
2559 2338 2628 2395 ad
2659 2341 3027 2411 possessiones
3070 2341 3306 2399 sidereas
3350 2344 3539 2416 plenas

1938 2426 2399 2486 delectationibus
2454 2430 2761 2501 pervenire.
2809 2431 3105 2504 Lacrymas
3155 2442 3369 2490 nostras
3412 2451 3541 2492 con-

1939 2524 2218 2573 vertamus
2248 2517 2307 2573 in
2332 2517 2624 2589 gaudium:
2658 2520 2788 2592 quia
2819 2536 2932 2577 non
2959 2520 3222 2578 debemus
3249 2523 3409 2595 quasi
3425 2540 3539 2580 mo-

1939 2605 2144 2663 rituros
2172 2608 2449 2680 plangere,
2478 2625 2616 2682 quos
2646 2626 2773 2667 cum
2805 2611 3025 2668 Christo
3049 2611 3327 2668 credimus
3350 2628 3538 2685 regna-

1937 2697 2576 2770 turos.Congratulemur
2595 2699 2901 2756 victoribus
2921 2700 3189 2770 hostium,
3211 2704 3535 2760 conculcata

1938 2802 2130 2842 eorum
2159 2788 2372 2843 cervice
2396 2805 2408 2843 :
2432 2788 2871 2860 congaudeamus
2898 2790 3152 2862 martyrii
3174 2792 3534 2863 praetextam-

1938 2876 2109 2944 dutis,
2141 2885 2195 2932 et
2221 2876 2345 2932 coeli
2372 2876 2543 2933 factos
2571 2879 2824 2935 consules
2853 2879 3174 2950 gloriemur.
3209 2881 3296 2936 En
3324 2880 3443 2937 dies
3473 2881 3532 2938 in

1939 2984 2048 3041 quo
2070 2968 2289 3025 vincere
2321 2984 2377 3024 se
2409 2976 2677 3040 tyrannus
2692 2970 3065 3041 existimabat,
3085 2971 3178 3044 qui
3201 2971 3333 3028 dum
3363 2972 3535 3044 capit,

1938 3065 2129 3129 captus
2155 3065 2274 3126 est;
2306 3058 2437 3116 dum
2470 3068 2639 3126 tenet,
2672 3060 2894 3118 vinctus
2938 3069 3051 3127 est;
3107 3062 3239 3118 dum
3289 3069 3531 3136 torquet,

1940 3155 2116 3204 tortus
2153 3156 2272 3217 est;
2312 3149 2443 3204 dum
2474 3150 2721 3219 insultat,
2753 3149 2948 3206 irrisus
2976 3158 3058 3207 est
3090 3169 3103 3219 ;
3135 3142 3268 3208 dum
3293 3150 3533 3226 jugulat,

1937 3237 2152 3294 occisus
2202 3245 2302 3295 est.
2347 3240 2506 3297 Nunc
2553 3255 2681 3311 ergo
2723 3240 2783 3294 in
2828 3256 3014 3296 amore
3059 3241 3314 3313 martyrii
3366 3244 3534 3298 etiam

1938 3336 2157 3383 nostros
2192 3329 2519 3385 suscitemus
2546 3328 2808 3397 affectus;
2850 3336 2913 3385 ut
2941 3328 3101 3386 illum
3130 3331 3226 3402 qui
3255 3330 3323 3387 de
3348 3340 3535 3388 nostra

1939 3417 2257 3488 captivitate
2287 3419 2465 3474 voluit
2504 3418 2791 3474 victoriam
2834 3434 3048 3489 capere,
3077 3418 3297 3475 fortiter
3342 3419 3535 3493 capia-

1940 3522 2083 3574 mus,
2110 3514 2165 3562 et
2188 3508 2343 3579 quasi
2368 3524 2400 3563 a
2419 3507 2572 3580 gravi
2596 3524 2791 3564 somno
2819 3507 3185 3580 expergefacti
3225 3509 3536 3581 aperiamus

1938 3597 2129 3653 oculos
2156 3596 2489 3665 animorum,
2524 3607 2587 3656 ut
2615 3597 2865 3655 videntes
2894 3598 3080 3654 foveas
3109 3614 3244 3671 quas
3272 3600 3331 3655 in
3359 3599 3534 3656 nostri

1938 3687 2237 3761 perniciem
2288 3687 2551 3746 inimicus
2594 3695 2897 3761 aptaverat,
2953 3705 3056 3744 nos
3100 3688 3323 3762 quidem
3368 3689 3537 3746 auxi-

1941 3777 2111 3833 liante
2137 3779 2251 3833 Deo
2279 3778 2596 3847 evadamus,
2629 3784 2683 3833 et
2718 3779 2837 3851 ipso
2874 3777 3097 3834 diabolo
3143 3795 3270 3834 cum
3318 3778 3537 3835 satelli-

1938 3866 2089 3921 tibus
2134 3868 2247 3921 suis
2277 3866 2335 3921 in
2370 3867 2544 3938 ipsam
2595 3884 2756 3939 quam
2797 3875 3081 3939 paraverat
3127 3867 3341 3923 foveam
3383 3865 3537 3923 inci-

1938 3954 2122 4023 dente,
2155 3971 2254 4011 nos
2281 3971 2406 4011 cum
2434 3955 2706 4027 Propheta
2730 3954 2980 4012 dicamus
3004 3974 3017 4012 :
3062 3978 3082 4003 ι
3102 3954 3383 4010 Foderunt
3409 3960 3536 4010 ante

1940 4044 2135 4100 faciem
2189 4058 2366 4100 meam
2424 4042 2663 4113 foveam,
2710 4051 2764 4101 et
2815 4044 2920 4117 ipsi
2963 4042 3280 4100 inciderunt
3311 4042 3368 4097 in
3414 4056 3533 4099 eam

1942 4133 2116 4206 (Psal.
2148 4149 2260 4200 LVI,
2289 4133 2367 4206 7).
2408 4156 2427 4180 ι

2546 4247 2776 4307 CAPUT
2803 4246 2923 4304 VII.

1940 4337 2234 4397 Sebastiani
2261 4340 2498 4396 oratione
2542 4344 2590 4395 et
2622 4339 2897 4394 miraculis
2932 4337 3168 4392 conversi
3196 4336 3303 4394 Zoe
3338 4342 3386 4394 et
3428 4333 3536 4397 Ni-

2594 4435 2874 4485 costratus.

232 4536 445 4593 stianus
472 4546 747 4597 tormenta
786 4555 900 4595 non
931 4539 1151 4608 metuit,
1178 4548 1231 4596 et
1262 4542 1547 4613 praesentis
1575 4558 1687 4597 non
1714 4549 1833 4598 ter—
1870 4549 1918 4608 Π
2009 4538 2098 4595 23.
2132 4539 2305 4612 Igitur
2333 4555 2459 4595 cum
2489 4537 2606 4594 haec
2633 4536 2983 4595 beatissimus
3012 4535 3391 4609 Sebastianus,
3438 4536 3537 4596 in—

234 4633 386 4683 retur
413 4643 574 4699 paena
602 4629 832 4686 tortoris
860 4629 980 4702 (25)
1000 4630 1028 4686 ‘P
1067 4630 1196 4687 Ideo
1224 4646 1336 4686 non
1363 4630 1637 4704 frangitur
1661 4640 1831 4701 metu,

234 4715 361 4773 ideo
388 4717 578 4774 dolore
624 4735 736 4775 non
767 4718 1011 4788 ducitur,
1054 4720 1186 4793 quia
1212 4720 1318 4778 scit
1344 4737 1401 4777 se
1433 4721 1600 4777 unius
1627 4720 1835 4778 doloris

234 4808 413 4881 pretio
461 4815 737 4881 perpetuae
783 4811 1037 4867 sanitatis
1078 4811 1338 4883 gaudium
1383 4828 1599 4880 emere;
1648 4819 1702 4868 et
1739 4829 1836 4885 per

234 4907 673 4957 momentaneam
710 4899 1128 4958 tribulationem
1158 4902 1228 4960 ad
1257 4911 1574 4975 perpetuam
1606 4902 1833 4960 felicita-
1858 4896 1865 4901 “

235 4994 349 5045 tem
377 4995 433 5045 et
459 4989 850 5061 sempiternam
882 4989 1137 5047 Iustitiam
1180 4992 1490 5064 pervenire.
1521 4992 1626 5049 Sed
1654 4992 1699 5048 si
1731 4992 1833 5049 iste

237 5077 516 5137 timendus
543 5078 617 5137 sit
643 5078 821 5149 dolor,
862 5079 1143 5137 timendus
1174 5080 1247 5139 sit
1273 5081 1551 5149 carnifex,
1592 5080 1837 5139 timenda

236 5187 458 5246 quoque
495 5172 570 5229 sit
606 5189 754 5230 nova
802 5182 857 5231 et
902 5173 1181 5247 exquisita
1226 5176 1454 5233 tortoris
1491 5174 1830 5245 crudelitas;

237 5275 360 5336 qum
388 5261 563 5333 magis
593 5262 860 5333 timenda,
890 5279 1013 5337 qua
1044 5263 1338 5334 horrenda,
1386 5281 1506 5339 quas
1535 5264 1707 5336 magis
1736 5265 1836 5320 fu-

238 5352 438 5427 gienda
458 5359 542 5410 est
570 5362 626 5411 et
665 5353 931 5424 cavenda,
983 5354 1090 5412 ista
1134 5372 1257 5429 quas
1297 5355 1464 5414 hodie
1504 5354 1830 5425 effervescit,

340 5558 433 5636 24)
471 5561 562 5636 ΑΙ.
571 5602 587 5632 ,
606 5561 888 5636 docentur.

340 5562 433 5636 24)
471 5562 587 5632 AL,
618 5562 888 5645 docentur.
1205 5632 1216 5648 .

469 5634 1346 5778 giidiizi'égﬂg,miwﬁon
1375 5706 1655 5781 probatur.

328 5746 433 5776 .-V,
470 5746 701 5775 uuluam
991 5746 1159 5776 θωνα
1182 5749 1197 5767 ο

1943 4628 2111 4685 dutus
2165 4628 2476 4701 chlamyde,
2534 4629 2847 4685 succinctus
2901 4627 3104 4696 balteo,
3162 4645 3232 4684 ex
3287 4645 3387 4685 suo
3443 4644 3537 4688 ore

1943 4718 2230 4791 proferret,
2270 4719 2455 4775 subito
2501 4735 2596 4792 per
2640 4736 2806 4774 unam
2855 4718 2966 4774 fere
3011 4717 3199 4773 horam
3248 4718 3538 4792 splendore

1942 4808 2118 4864 nimio
2144 4808 2211 4864 de
2240 4810 2378 4865 crelo
2401 4809 2654 4864 veniente
2688 4805 3033 4863 illuminatus
3064 4816 3166 4874 est,
3204 4818 3256 4866 et
3285 4809 3388 4865 sub
3418 4809 3537 4883 ipso

1943 4900 2254 4974 splendore,
2282 4900 2675 4957 candidissimo
2706 4900 2873 4973 pallio
2903 4900 3139 4956 amictus
3186 4910 3269 4957 est
3315 4900 3383 4957 ab
3430 4918 3538 4957 an-

1943 4993 2078 5066 gelis
2115 5002 2322 5067 septem
2365 4993 2705 5063 clarissimis,
2736 5000 2790 5049 et
2812 4991 3036 5065 juvenis
3083 4994 3337 5067 apparuit
3375 4993 3539 5066 juxta

1942 5101 2068 5141 eum
2093 5084 2228 5143 dans
2264 5084 2314 5142 ei
2340 5101 2551 5159 pacem,
2579 5094 2632 5144 et
2660 5084 2882 5142 dicens:
2932 5084 3014 5141 Tu
3060 5099 3275 5157 semper
3320 5100 3535 5141 mecum

1943 5190 2070 5232 el‘lS.

2013 5265 2102 5323 24.
2135 5265 2262 5322 Ηωο
2289 5270 2470 5321 autem
2500 5261 2824 5338 gerebantur
2850 5258 2998 5321 intra
3025 5261 3143 5337 (26)
3171 5259 3398 5320 domum
3427 5256 3535 5335 prl-

1945 5354 2213 5412 miscrinii
2250 5355 2392 5428 (27),
2420 5356 2644 5412 nomine
2662 5355 2979 5424 Nicostrati,
3006 5352 3150 5426 apud
3172 5368 3333 5425 quem
3356 5355 3535 5410 casto:

2572 5455 2599 5473 δ

2018 5563 2136 5637 (27)
2161 5562 2274 5641 Sub
2302 5561 2793 5641 dispositioneyiri
2822 5557 3054 5641 illustris
3092 5554 3335 5641 praefecti
3374 5550 3536 5641 Urbis

1945 5633 2091 5692 inter
2117 5633 2279 5691 'alias
2320 5633 2822 5692 administrationes
2851 5639 2932 5688 est
2954 5633 3373 5701 primiscrinius,
3419 5633 3535 5689 sive

1943 5708 2308 5772 numerarius,
2342 5707 2412 5763 de
2433 5707 2592 5779 cujus
2623 5704 2807 5762 ofﬁcio
2835 5702 3008 5758 multa
3035 5702 3152 5758 alii.
