4086 6208
568 321 704 380 U23

1581 317 1677 377 AD
1717 321 1950 379 OPERA
1991 319 2047 377 S.
2091 314 2425 378 AMBROSII
2462 315 2842 379 APPENDIX.

3730 320 3885 381 1124

564 449 858 505 diebantur
891 445 1276 504 Marcellianus
1304 453 1359 500 et
1385 445 1617 502 Marcus.
1664 445 1769 514 Qui
1815 445 2158 503 Nicostratus
2191 450 2240 507 A
2269 445 2642 515 abscederent,
2677 446 2942 502 dixerunt
2971 445 3021 502 ei
3054 464 3067 502 :
3093 445 3148 500 Si
3177 453 3238 502 tu
3263 444 3390 502 ﬁdei
3420 444 3682 518 gloriam,
3715 463 3887 518 quam

566 536 800 593 habebat
827 552 1078 601 uxorem,
1111 534 1336 590 nomine
1365 536 1508 590 Zoen
1536 553 1548 591 :
1583 534 1699 592 haec
1719 546 1844 592 ante
1864 554 1961 592 sex
1985 553 2159 593 annos

565 625 908 698 aegritudinis
946 623 1230 679 nimietate
1269 624 1410 679 facta
1454 632 1536 679 est
1582 632 1752 692 muta,
1803 625 2160 697 prudentiam

565 722 745 769 tamen
776 713 1034 769 audiendi
1062 720 1115 768 et
1147 713 1490 783 intelligendi
1522 731 1632 768 non
1662 716 1842 770 solum
1876 731 1987 770 non
2030 715 2164 771 ami-

565 810 728 867 serat,
782 817 972 857 verum
1022 803 1186 857 etiam
1238 803 1435 857 melius
1474 820 1635 874 quam
1689 805 1838 875 prius
1895 805 2164 862 habuerat

564 910 778 948 aurium
812 892 1054 948 ofﬁcium
1085 891 1385 946 obtinebat.
1422 892 1547 946 Haec
1575 893 1760 964 itaque
1789 910 1914 948 cum
1952 894 2165 949 intelle-

565 983 734 1039 xisset
760 982 945 1036 omnia
976 997 1096 1052 quae
1128 981 1189 1036 Β.
1223 979 1572 1035 Sebastianus
1599 981 1835 1050 dixerat,
1866 991 1920 1038 et
1949 991 2161 1038 tantum

566 1070 750 1125 lumen
781 1071 929 1126 circa
960 1087 1082 1124 eum
1104 1070 1364 1136 vidisset;
1394 1088 1629 1143 cumque
1653 1087 1842 1126 omnes
1863 1072 2163 1128 treinefacti

565 1161 817 1216 miraculi
851 1171 1074 1231 stupore
1109 1169 1444 1224 tenerentur,
1478 1162 1742 1216 innuebat
1770 1179 1935 1216 manu
1969 1161 2166 1216 onini-

564 1251 690 1316 bus,
721 1261 780 1306 ut
809 1251 962 1322 quasi
995 1251 1363 1322 exprobrandi
1403 1259 1603 1316 essent,
1631 1253 1725 1323 qui
1753 1259 1864 1306 tam
1914 1251 2164 1307 evidenti

565 1339 852 1395 assertioni
906 1355 1014 1394 non
1046 1339 1350 1404 crederent,
1382 1348 1435 1394 et
1465 1339 1692 1410 genibus
1745 1339 1863 1411 ejus
1905 1340 2166 1396 advoluta

566 1444 755 1499 rogare
783 1444 905 1482 eum
935 1444 1199 1482 manuum
1230 1429 1454 1484 indiciis
1486 1428 1672 1500 coepit.
1722 1429 1827 1484 Sed
1878 1431 1932 1484 S.
1990 1429 2166 1484 Seba—

565 1516 777 1571 stianus
809 1533 933 1572 cum
967 1516 1180 1572 videret
1205 1532 1323 1571 eam
1358 1516 1540 1572 cordis
1577 1524 1783 1572 secreta
1827 1517 2028 1589 linguae
2075 1535 2166 1572 ex-

567 1605 845 1678 pressione
877 1605 1152 1661 declarare
1192 1622 1304 1661 non
1333 1623 1506 1677 posse,
1539 1622 1730 1662 causas
1759 1606 1926 1678 hujus
1955 1608 2162 1662 silentii

566 1703 976 1768 percunctatus,
1005 1696 1204 1752 didicit
1232 1697 1501 1751 sermonis
1531 1697 1614 1752 illi
1648 1697 1859 1768 copiam
1908 1697 2081 1752 nimia
2114 1698 2168 1752 vi

2274 552 2554 608 nunquam
2600 536 2867 592 habueras
2913 535 3206 607 accepisti;
3261 535 3538 608 quomodo
3583 553 3687 590 nos
3720 553 3889 608 quam

2272 625 2435 680 ﬁdem
2479 643 2692 698 semper
2723 627 2792 682 ab
2833 625 3069 681 infantia
3115 625 3430 693 habuimus,
3478 625 3889 697 relinquentes,

2273 715 2375 770 tibi
2412 715 2677 786 passionis
2707 722 2907 770 nostrae
2937 714 3162 770 calicem
3194 713 3411 782 damus,
3450 729 3612 786 quem
3647 731 3754 769 nos
3782 715 3890 770 tibi

2274 803 2564 875 propinare
2611 819 2922 874 possumus,
2974 819 3086 858 non
3115 801 3368 858 donare?
3407 803 3578 858 Dives
3615 813 3702 859 est
3739 804 3889 858 enim

2276 893 2330 947 in
2357 892 2616 948 omnibus
2656 892 2930 960 Christus,
2972 901 3026 948 et
3057 893 3202 964 larga
3224 893 3492 948 ubertatis
3521 909 3639 948 suae
3661 893 3889 948 aﬁluen-

2276 981 2352 1036 tia
2409 981 2668 1035 omnibus
2724 980 3075 1036 venientibus
3132 981 3362 1036 meliora
3425 981 3664 1036 exhibet
3729 999 3886 1052 quam

2275 1077 2515 1140 rogatur.
2549 1069 2606 1125 Si
2627 1071 2774 1126 enim
2797 1086 2923 1125 cum
2953 1069 3142 1126 essetis
3171 1069 3466 1137 increduli,
3495 1069 3784 1126 donatum
3814 1078 3888 1125 est

2277 1159 2435 1215 vobis
2468 1160 2653 1214 lumen
2690 1160 2935 1214 veritatis
2960 1177 3283 1232 agnoscere;
3318 1168 3525 1232 quanto
3563 1162 3748 1231 magis
3778 1179 3884 1217 cre-

2275 1248 2534 1304 dentibus
2584 1249 2742 1304 vobis
2776 1248 2964 1304 omnia
2992 1265 3332 1321 quaacunque
3357 1248 3472 1320 jam
3509 1250 3758 1322 poscitis
3787 1249 3891 1304 do-

2276 1337 2601 1394 nabuntur?
2631 1337 2833 1394 Divina
2856 1338 3003 1393 enim
3035 1338 3328 1394 clementia
3352 1355 3575 1411 semper
3603 1349 3801 1411 parata
3819 1351 3890 1395 est

2278 1426 2436 1480 vobis
2458 1426 2718 1482 omnibus
2739 1428 2904 1500 gratis
2926 1435 3180 1498 praestare
3203 1446 3216 1482 :
3251 1435 3304 1482 et
3334 1444 3398 1483 eo
3433 1445 3890 1502 unumquemque

2277 1515 2462 1586 gratiae
2492 1532 2601 1570 suae
2632 1514 2778 1570 dono
2810 1515 3168 1588 multiplicat,
3203 1532 3310 1589 quo
3333 1533 3490 1572 mens
3524 1517 3652 1590 ejus
3685 1521 3891 1575 altioris

2276 1603 2405 1658 ﬁdei
2437 1605 2740 1676 susceperit
2774 1622 3048 1662 normam.
3085 1605 3254 1662 Fides
3284 1606 3458 1678 igitur
3487 1616 3682 1663 vestra
3713 1625 3745 1663 a
3777 1625 3892 1662 ma-

2277 1692 2500 1763 gisterio
2530 1695 2764 1765 sumpsit
2809 1695 3126 1763 exordium,
3175 1703 3228 1750 et
3257 1695 3444 1752 omnia
3474 1713 3601 1770 quae
3654 1698 3892 1753 eruditio

568 1785 909 1841 inﬁrmitatis
945 1785 1203 1840 ablatam.
1237 1785 1391 1840 Tunc
1417 1786 1478 1840 Β.
1515 1785 1866 1841 Sebastianus
1895 1786 2074 1843 dixit:
2111 1789 2165 1842 Si
2197 1801 2241 1859 Β
2277 1799 2482 1839 annosa
2503 1784 2598 1837 vix
2629 1784 2861 1853 confert,
2895 1784 3070 1857 spatio
3100 1785 3265 1840 unius
3291 1784 3441 1842 horae
3469 1789 3725 1859 cepistis.
3764 1791 3895 1845 Nul-

567 1889 664 1944 ego
723 1889 887 1926 verus
942 1872 1148 1930 Christi
1205 1890 1396 1929 servus
1447 1889 1593 1942 sum,
1643 1882 1698 1930 et
1756 1876 1804 1930 si
1857 1891 1986 1932 vera
2036 1885 2166 1933 sunt

567 1961 752 2018 omnia
781 1978 900 2032 quae
933 1977 1003 2016 ex
1033 1979 1124 2017 ore
1155 1979 1276 2018 meo
1308 1963 1424 2019 haec
1445 1964 1644 2019 mulier
1661 1963 1878 2020 audivit
1908 1971 1962 2020 et
1994 1966 2165 2022 credi-

566 2048 670 2118 dit,
693 2049 884 2122 jubeat
912 2051 1184 2106 Dominus
1212 2068 1367 2108 meus
1396 2054 1551 2109 Jesus
1581 2054 1854 2122 Christus,
1893 2064 1956 2110 ut
1984 2055 2167 2112 redeat

566 2139 636 2195 ad
675 2155 792 2195 eam
823 2139 1067 2196 ofﬁcium
1112 2141 1335 2214 linguae,
1363 2150 1416 2198 et
1441 2144 1649 2214 aperiat
1685 2160 1745 2198 os
1771 2141 1888 2214 ejus
1921 2145 2016 2216 qui
2045 2161 2166 2216 ape-

567 2227 681 2284 ruit
709 2244 770 2283 os
788 2228 1064 2285 Zachariae
1097 2229 1374 2300 prophetae
1403 2231 1525 2296 sui;
1573 2241 1627 2287 et
1671 2231 1803 2287 fecit
1837 2247 2057 2288 crucem
2107 2232 2166 2288 in

568 2333 630 2372 os
657 2315 793 2386 ejus.
827 2319 1007 2388 Atque
1043 2317 1109 2372 ad
1141 2319 1282 2374 hanc
1312 2335 1502 2374 vocem
1535 2319 1590 2374 S.
1623 2320 1949 2388 Sebastiani,
1985 2322 2164 2377 excla-

569 2421 683 2459 mav
699 2404 743 2458 it
772 2405 970 2459 mulier
997 2421 1130 2459 voce
1159 2421 1372 2477 magna,
1401 2407 1591 2464 dicens
1619 2426 1631 2464 :
1667 2410 1865 2465 Beatus
1893 2427 1949 2466 es
1985 2419 2066 2479 tu,
2113 2420 2167 2468 et

568 2491 892 2549 benedictus
917 2509 1096 2548 sermo
1123 2494 1235 2550 oris
1264 2495 1343 2550 tui
1374 2513 1384 2551 :
1419 2504 1472 2552 et
1505 2496 1649 2554 beati
1675 2499 1767 2571 qui
1796 2498 2030 2554 credunt
2071 2517 2167 2572 per

569 2591 623 2639 te
652 2581 933 2639 Christum
965 2583 1168 2638 Filium
1197 2584 1295 2640 Dei
1330 2585 1465 2642 vivi.
1495 2588 1610 2658 Ego
1647 2587 1796 2642 enim
1837 2588 1954 2644 vidi
1989 2588 2167 2645 oculis

571 2671 710 2726 meis
739 2673 993 2742 angelum
1013 2671 1082 2726 ad
1114 2682 1165 2728 te
1200 2674 1509 2731 venientem
1543 2677 1609 2733 de
1656 2677 1814 2744 cmlo,
1861 2685 1915 2733 et
1962 2678 2163 2733 librum

572 2769 698 2816 aute
729 2763 918 2818 oculos
945 2769 1071 2818 tuos
1101 2771 1396 2833 tenentem,
1443 2783 1513 2821 ex
1540 2767 1701 2840 cujus
1746 2767 1981 2824 lectione
2029 2768 2166 2824 uni-

569 2867 726 2906 versa
755 2852 1025 2908 sermonis
1058 2852 1140 2909 tui
1170 2853 1345 2908 oratio
1371 2855 1712 2912 decurrebat.
1760 2858 2042 2915 Benedicti
2070 2860 2164 2928 qui

569 2939 629 2995 in
668 2942 928 2998 omnibus
969 2960 1090 3015 quae
1145 2943 1360 3000 locutus
1397 2962 1454 3001 es
1489 2947 1740 3016 credunt,
1791 2957 1844 3003 et
1889 2951 2165 3006 maledicti

571 3029 666 3100 qui
699 3030 1076 3087 dubitaverint
1106 3031 1192 3086 vel
1222 3031 1279 3087 in
1309 3049 1419 3089 uno
1449 3035 1617 3091 verbo
1662 3053 1732 3092 ex
1776 3037 1864 3094 his
1909 3040 2167 3096 omnibus

569 3132 688 3188 quae
719 3117 1044 3173 audierunt:
1089 3121 1347 3192 quoniam
1380 3121 1522 3178 sicut
1552 3140 1749 3182 aurora
1777 3130 2168 3198 superveniens

562 3207 848 3265 universas
870 3210 1118 3269 tenebras
1144 3214 1323 3270 noctis
1341 3216 1607 3285 excludit,
1628 3226 1681 3274 et
1701 3220 1951 3276 omnium
1981 3223 2160 3278 oculis

564 3297 769 3366 lumen,
795 3299 941 3372 quod
970 3316 1083 3357 nox
1104 3319 1245 3360 eaea
1273 3307 1787 3376 negaveratreddit;
1822 3309 1900 3364 ita
1930 3311 2026 3365 lux
2048 3327 2157 3366 ser-

561 3402 787 3443 monum
821 3397 1039 3447 tuorum
1066 3408 1285 3448 omnem
1315 3394 1626 3467 caliginem,
1650 3414 1979 3472 omnemque
2008 3400 2158 3472 igno-

561 3477 753 3532 rantiaa
772 3479 1072 3536 cacitatem
1094 3485 1341 3551 extersit,
1365 3491 1419 3540 et
1442 3485 1617 3541 oculis
1641 3494 1784 3543 recte
1813 3487 2156 3544 credentium

561 3580 812 3621 serenum
846 3575 968 3638 post
997 3569 1178 3625 noctis
1206 3571 1460 3627 tenebras
1503 3573 1649 3628 diem
1696 3575 1938 3632 reddidit
1968 3593 1979 3631 :
2012 3593 2041 3632 a
2075 3593 2158 3632 me

561 3661 740 3709 autem
773 3671 885 3710 non
928 3655 1106 3711 solum
1161 3657 1566 3715 incredulitatis
1603 3661 1853 3718 tenebras
1901 3664 2156 3734 exclusit,

562 3758 754 3798 verum
782 3741 946 3798 etiam
1003 3745 1274 3800 sermonis
1321 3747 1428 3801 mei
1476 3746 1702 3818 ostium,
1737 3749 1882 3821 quod
1926 3767 2022 3822 per
2067 3767 2158 3808 sex

563 3847 737 3887 annos
759 3831 1003 3888 clausum
1031 3841 1169 3901 erat,
1201 3834 1476 3906 patefecit.

631 3921 720 3978 25.
753 3920 962 3978 Videns
990 3933 1170 3980 autem
1192 3924 1554 3998 Nicostratus,
1578 3928 1667 3984 vir
1691 3927 1830 4001 ejus,
1855 3930 2001 4004 quod
2020 3939 2160 3988 esset

563 4019 711 4067 tanta
743 4011 921 4068 virtus
950 4011 1154 4070 Christi
1198 4016 1255 4070 in
1287 4033 1384 4072 sua
1428 4035 1601 4075 uxore
1654 4020 1948 4088 celebrata,
1994 4022 2160 4094 coepit

560 4102 795 4176 pedibus
833 4101 950 4175 ejus
978 4103 1223 4175 advolvi,
1268 4113 1322 4162 et
1369 4107 1771 4180 indulgentiam
1814 4118 2018 4183 petere,
2059 4129 2159 4184 pro

560 4191 666 4248 hoc
695 4192 840 4266 quod
868 4193 1142 4266 imperiali
1170 4202 1224 4251 et
1250 4196 1595 4267 praefectorio
1619 4195 1779 4269 jussu
1804 4199 2031 4257 Sanctos
2061 4203 2157 4259 Dei

560 4280 840 4339 habuisset
868 4284 924 4339 in
953 4284 1194 4342 vinculis
1227 4306 1237 4343 :
1273 4295 1327 4342 et
1365 4288 1621 4346 auferens
1650 4305 1718 4344 ex
1765 4290 2020 4347 manibus
2065 4309 2159 4349 eo-

561 4389 683 4428 rum
710 4374 914 4430 ferreos
954 4393 1149 4444 nexus,
1201 4394 1373 4448 genua
1417 4395 1604 4434 eorum
1643 4379 1948 4451 amplexus,
1998 4382 2163 4454 coepit

561 4477 751 4530 rogare
780 4471 840 4517 ut
869 4463 1228 4534 dignarentur
1266 4466 1575 4535 abscedere,
1625 4467 1814 4524 dicens
1849 4487 1860 4524 :
1903 4469 1947 4524 Ο
1995 4487 2158 4542 quam

560 4545 752 4605 beatus
798 4567 970 4606 essem
1020 4552 1067 4608 si
1112 4569 1211 4624 pro
1254 4561 1434 4609 vestra
1484 4557 1679 4611 mereri
1731 4573 1943 4628 possem
1990 4559 2163 4616 salute

561 4639 868 4710 constringi
894 4640 904 4694 t
941 4640 1192 4694 Forsitan
1225 4642 1508 4712 sanguinis
1535 4644 1642 4698 mei
1672 4645 1936 4701 effusione
1964 4646 2163 4702 ablue-

562 4749 668 4803 rer,
687 4743 748 4790 ut
764 4743 996 4790 mortem
1018 4736 1169 4790 illam
1195 4753 1477 4808 poenarum
1501 4748 1825 4796 internarum
1849 4743 2158 4812 evaderem,

565 4832 620 4886 et
648 4825 714 4885 ad
757 4825 910 4883 illam
960 4824 1130 4879 vitam
1171 4825 1557 4897 pertingerem,
1608 4845 1770 4902 quam
1819 4831 1979 4888 nobis
2018 4833 2162 4888 Deus

561 4933 660 4990 per
687 4933 748 4973 os
775 4915 990 4974 domini
1018 4918 1126 4974 mei
1177 4917 1480 4975 Sebastiani
1516 4921 1864 4980 manifestare
1905 4923 2162 4998 dignatus

561 5014 663 5062 est.

1157 5124 1385 5182 CAPUT
1416 5127 1560 5183 VIII.

565 5223 908 5282 Marcelliani
947 5229 995 5279 et
1023 5224 1196 5283 Marci
1242 5229 1558 5293 constantia,
1603 5227 1775 5283 oratio
1819 5227 1892 5284 ad
1923 5229 2160 5301 neophy-

1310 5321 1406 5370 tos.

633 5416 721 5476 26.
754 5418 1002 5493 Cumque
1029 5427 1243 5495 rogaret
1270 5420 1679 5479 Marcellianum
1722 5431 1776 5480 et
1821 5423 2065 5483 Marcum
2098 5435 2158 5484 ut

636 5588 755 5668 (28)
785 5590 934 5668 Alii,
971 5590 1322 5668 ad_gaud_ium
1366 5591 1610 5668 tendere;
1649 5593 1768 5661 alii,
1807 5595 1880 5652 ad
1923 5595 2157 5668 gladium

567 5661 772 5714 tendere
803 5661 960 5730 ;alii,
992 5661 1306 5734 adigradum
1339 5665 1560 5720 tendere.

2197 4517 2241 4574 D
2271 4517 2517 4588 torqueri
2559 4535 2570 4572 ε

2279 1873 2334 1928 la
2365 1889 2463 1927 vos
2501 1873 2771 1928 memoria
2800 1881 3092 1945 parentum
3137 1873 3370 1945 impedit
3397 1875 3645 1933 credere.
3687 1878 3897 1934 Nullus

2280 1969 2478 2016 tenerae
2509 1959 2686 2016 atatis
2708 1961 2765 2016 in
2786 1961 2932 2017 ﬁlios
2959 1969 3013 2018 et
3042 1969 3251 2017 vestros
3281 1970 3504 2018 revocat
3535 1965 3792 2021 nutritus
3820 1967 3894 2022 af-

2279 2050 2474 2106 fectus.
2511 2049 2880 2107 Contemnitis
2907 2051 3091 2106 subito
3120 2049 3269 2123 quod
3297 2067 3515 2124 semper
3551 2055 3806 2123 amastis,
3842 2065 3890 2112 et

2279 2137 2526 2210 quaeritis
2548 2136 2697 2209 quod
2735 2154 3018 2210 nunquam
3040 2138 3240 2194 scistis.
3271 2137 3373 2193 Per
3401 2138 3628 2210 ignaras
3659 2139 3886 2212 ingressi

2277 2225 2397 2282 vias
2426 2226 2611 2282 subito
2654 2227 2986 2298 pervenistis
3014 2227 3084 2282 ad
3117 2225 3422 2294 Christum,
3475 2237 3532 2283 et
3561 2229 3762 2285 animo
3784 2229 3887 2302 jam

2279 2321 2530 2376 intrastis
2558 2322 2781 2388 caelum,
2824 2319 2954 2392 quia
2986 2321 3044 2376 in
3073 2327 3218 2376 terra
3246 2320 3466 2376 nullum
3496 2320 3774 2377 solatium
3805 2339 3888 2377 re-

2279 2410 2548 2485 quisistis.
2573 2413 2616 2467 0
2641 2411 3074 2483 incomparabile
3098 2410 3225 2467 facti
3249 2411 3594 2482 pracouium
3622 2412 3636 2467 ι
3670 2429 3708 2466 o
3738 2429 3885 2484 quam

2279 2501 2555 2558 imitabile
2587 2501 2814 2556 virtutis
2842 2499 3158 2572 exemplum
3185 2500 3196 2555 l
3230 2499 3488 2555 Nondum
3511 2517 3623 2556 vos
3651 2500 3724 2556 ad
3747 2502 3886 2558 Chri.

2279 2597 2424 2646 stum
2460 2591 2604 2645 sacri
2646 2589 2993 2663 baptismatis
3023 2588 3172 2644 unda
3200 2589 3483 2662 perduxit,
3512 2590 3781 2646 nondum
3807 2607 3889 2663 per

2280 2678 2534 2745 tirocini;
2572 2679 2734 2735 initia
2755 2679 3018 2735 militaria
3038 2681 3254 2735 saltemi
3274 2680 3428 2752 signa
3459 2696 3585 2734 sum
3593 2680 3820 2752 psistis;
3844 2690 3888 2736 et

2271 2773 2387 2846 jam
2418 2791 2516 2846 pro
2546 2791 2675 2830 vero
2702 2777 2844 2848 Rege
2873 2793 3027 2832 arma
3060 2775 3328 2849 arripitis,
3361 2785 3415 2833 et
3447 2777 3572 2849 ejus
3623 2779 3839 2834 milites
3863 2795 3887 2833 s

2280 2866 2503 2924 vinculo
2542 2867 2672 2922 ferri
2715 2867 3013 2939 solventes,
3049 2886 3150 2926 vos
3181 2869 3330 2942 ipsos
3358 2870 3650 2942 intrepido
3693 2873 3888 2944 optatis

2279 2973 2376 3030 pro
2406 2956 2722 3015 occidendis
2749 2958 2950 3016 occidi.

2348 3074 2436 3130 27.
2478 3073 2617 3130 Cum
2662 3075 2780 3132 haec
2826 3077 3111 3134 audientes
3165 3093 3357 3135 omnes
3401 3079 3613 3151 pariter
3670 3083 3889 3138 ﬂetibus

2203 3155 2246 3215 C
2275 3162 2654 3234 paenitentiam
2710 3166 2998 3237 praeteritas
3064 3168 3433 3240 persuasionis
3499 3173 3877 3241 ostenderent,

2267 3251 2485 3308 Marcus
2511 3252 2591 3307 ait
2624 3271 2636 3308 :
2669 3255 2897 3323 Discite,
2930 3263 3183 3328 parentes
3213 3257 3547 3327 charissimi,
3589 3269 3647 3316 et
3676 3270 3873 3329 vester,

2267 3356 2301 3396 ο
2346 3338 2626 3413 conjuges,
2685 3341 2862 3399 discat
2900 3343 3104 3415 jugalis
3151 3345 3397 3414 affectus,
3447 3347 3724 3406 adversus
3770 3367 3877 3423 pu-

2269 3449 2430 3506 gnam
2471 3434 2701 3505 diaboli,
2749 3446 2805 3493 et
2840 3447 3033 3496 contra
3079 3457 3270 3498 omnes
3309 3442 3535 3515 sagittas
3574 3446 3872 3504 affectuum

2267 3527 2504 3584 carnalis
2527 3527 2789 3586 desiderii
2809 3530 3069 3602 clypeum
3088 3531 3358 3589 virtutum
3381 3550 3684 3606 opponere,
3717 3546 3871 3610 atque

2269 3617 2413 3674 inter
2459 3619 2604 3675 acies
2650 3622 2929 3692 tyrannici
2972 3625 3248 3682 exercitus
3295 3625 3439 3683 hosti
3497 3644 3615 3685 non
3662 3630 3867 3695 cedere,

2267 3707 2538 3764 dimicare
2587 3711 2790 3780 acrius,
2847 3714 3074 3786 gradum
3109 3723 3290 3772 tenere
3321 3716 3463 3789 (28),
3507 3726 3563 3774 et
3593 3721 3662 3776 ad
3697 3738 3866 3794 regem

2268 3797 2487 3854 fortiter
2541 3801 2850 3870 pervenire.
2908 3804 3206 3878 Insurgant
3254 3817 3521 3880 quantum
3571 3810 3869 3878 volunt,et

2267 3887 2498 3943 saeviant
2524 3890 2788 3948 satellites
2837 3891 3173 3964 daemonum,
3207 3903 3261 3951 et
3291 3897 3494 3970 quibus
3520 3900 3724 3955 volunt
3757 3918 3868 3974 pie-

2269 3977 2358 4032 nis
2387 3993 2618 4050 corpora
2659 3979 2932 4039 dilanient
2962 3993 3187 4053 nostra;
3221 4001 3421 4058 corpus
3450 3989 3713 4044 occidere
3745 4007 3871 4062 pos-

2268 4079 2419 4141 sunt,
2473 4072 2566 4129 sed
2615 4074 2858 4130 animam
2902 4077 3124 4134 vincere
3168 4094 3280 4134 non
3326 4088 3559 4151 possunt
3600 4097 3703 4152 pro
3750 4081 3869 4136 ﬁdei

2264 4169 2601 4239 pugnantem
2661 4163 2914 4220 veritate.
2975 4165 3340 4224 Gloriosiores
3388 4169 3605 4225 faciunt
3669 4171 3872 4226 milites

2268 4251 2501 4306 vulnera
2529 4267 2629 4323 pro
2659 4251 2990 4324 imperatore
3019 4265 3269 4330 suscepta
3301 4275 3313 4313 :
3357 4258 3414 4313 in
3442 4259 3546 4315 hoc
3576 4261 3736 4316 enim
3765 4261 3870 4317 dia-

2270 4337 2429 4394 bolus
2471 4339 2785 4411 tyrannidis
2831 4359 2943 4399 suae
2992 4343 3178 4401 furore
3226 4361 3374 4401 nunc
3417 4346 3602 4414 saevit,
3659 4348 3720 4402 in
3769 4364 3869 4421 quo

2271 4427 2540 4497 praevidet
2597 4432 3018 4500 perseverantia
3080 4441 3273 4490 vestrae
3328 4441 3535 4506 tropaeo
3603 4453 3662 4493 se
3723 4454 3868 4510 posse

2623 4526 2676 4574 et
2731 4519 2854 4576 ideo
2903 4529 3178 4579 tormenta
3231 4523 3417 4591 infert,
3463 4541 3530 4580 ne
3581 4541 3712 4598 spes
3762 4527 3867 4598 ejus

2272 4614 2502 4678 pereat:
2556 4615 2789 4664 mortem
2837 4610 3099 4680 minatur,
3131 4619 3191 4667 ut
3233 4620 3470 4680 terreat;
3521 4616 3701 4672 vitam
3739 4634 3864 4690 pro-

2271 4695 2466 4763 mittit,
2498 4703 2560 4751 ut
2584 4697 2783 4768 eripiat
2811 4715 2824 4762 ;
2879 4701 3224 4756 securitatem
3255 4702 3567 4774 pollicetur,
3602 4713 3668 4760 ut
3693 4708 3862 4761 tollat.

2271 4783 2398 4839 Haec
2429 4791 2541 4838 tota
2574 4785 2706 4840 belli
2751 4787 3050 4857 calliditas,
3107 4789 3212 4847 hoc
3244 4791 3452 4847 fraudis
3479 4795 3805 4864 consilium,
3839 4813 3866 4850 ι

2269 4871 2558 4945 suppliciis
2605 4876 2816 4948 eripere
2859 4894 3060 4950 corpus
3106 4889 3160 4937 et
3203 4881 3358 4937 vitiis
3385 4881 3632 4939 animam
3673 4886 3867 4958 subju-

2269 4981 2412 5038 gare.
2453 4967 2564 5022 Nos
2593 4983 2622 5022 e
2650 4976 2844 5023 contra
2873 4970 3270 5028 contendamus
3301 4971 3447 5029 hosti
3495 4989 3612 5030 non
3661 4977 3863 5042 cedere,

2268 5072 2468 5128 corpus
2513 5063 2883 5127 contemnere,
2948 5059 3147 5117 animai
3202 5060 3518 5118 subvenire.
3570 5063 3691 5121 Cur
3727 5066 3865 5121 enim

2267 5143 2556 5200 fortissimi
2612 5146 2778 5203 duces
2832 5147 3107 5205 militibus
3158 5149 3275 5221 (29)
3337 5151 3671 5209 miserrimis
3727 5162 3868 5224 terga

2267 5245 2612 5306 convertant,
2644 5245 2698 5294 et
2726 5239 2785 5293 in
2813 5255 2879 5294 eo
2905 5239 3054 5296 bello
3083 5240 3362 5311 deﬁciant,
3414 5242 3472 5298 in
3501 5260 3614 5315 quo
3646 5254 3868 5316 possunt

2267 5347 2383 5388 esse
2412 5331 2698 5388 victores?
2746 5333 2847 5389 Vel
2893 5350 3000 5407 qua
3029 5333 3242 5392 ratione
3288 5335 3429 5392 mori
3475 5337 3738 5407 timeant,
3779 5339 3869 5410 qui

2266 5426 2450 5486 sciunt
2495 5425 2637 5484 hanc
2684 5426 2928 5484 hominis
2971 5436 3224 5487 naturam
3257 5445 3392 5498 esse,
3438 5446 3551 5487 non
3602 5430 3870 5502 penam?

2339 5599 2458 5672 (29)
2497 5599 2611 5671 AL,
2651 5601 2814 5658 Ducis
2841 5602 3054 5660 milites.
