4068 6186
241 358 378 417 1125

1507 355 1695 415 ACTA
1738 352 1795 413 S.
1843 351 1926 410 SE
1944 350 2288 412 BASTlANI.

3418 355 3554 416 1126

238 477 368 543 Cur,
412 475 660 548 inquam,
694 473 836 528 mori
883 473 1133 541 timeant,
1167 475 1263 547 qui
1293 474 1527 532 credunt
1567 475 1725 531 istam
1757 475 1842 530 vi-
1870 478 1919 536 Α
1951 484 2008 531 tu
2065 475 2313 531 conferas
2374 474 2615 544 Christo,
2672 483 2867 548 praesto
2917 477 3022 534 erit
3097 480 3556 536 remunerationis

236 575 344 622 tam
380 565 572 620 falsam
596 579 732 631 esse,
752 571 806 618 et
834 579 1017 618 veram
1051 564 1223 618 vitam
1255 564 1497 620 inveniri
1530 581 1637 621 non
1662 581 1836 636 posse,

237 654 343 712 nisi
393 653 485 726 qui
537 652 608 708 ab
652 653 837 708 animo
888 669 987 708 suo
1033 653 1222 708 falsam
1273 654 1430 709 istam
1483 653 1744 726 adjecerit
1789 664 1842 710 et

237 744 523 809 caducam,
557 759 676 815 quae
709 758 819 796 non
849 741 1001 796 aliud
1039 743 1377 799 amatoribus
1404 744 1538 812 suis,
1572 745 1676 800 nisi
1707 761 1843 815 pec-

237 843 356 891 cata
406 833 658 904 imperat,
707 831 898 886 suadet
943 832 1207 899 facinora,
1258 833 1458 903 ingerit
1501 833 1836 900 criminosa;

238 923 493 995 nihilque
521 921 668 977 aliud
701 937 731 974 a
761 921 876 975 suis
905 921 1242 976 amatoribus
1274 923 1467 993 exigit,
1507 923 1614 977 nisi
1647 930 1707 976 ut
1737 939 1841 993 pe—

236 1016 390 1070 nitus
435 1013 502 1070 de
543 1012 768 1084 perenni
801 1013 915 1067 vita
945 1028 1055 1067 non
1087 1013 1346 1085 cogitent.
1381 1021 1433 1070 et
1479 1029 1702 1085 regnum
1740 1011 1838 1067 Dei

237 1104 488 1160 futurum
518 1117 631 1157 esse
661 1101 992 1172 desperent?

309 1192 398 1248 28.
430 1191 588 1246 Nunc
618 1189 903 1244 videamus
933 1190 1134 1262 quibus
1171 1191 1386 1247 casibus
1424 1191 1688 1263 subjacet,
1721 1193 1838 1264 qui-

238 1281 447 1352 busque
490 1279 752 1351 periculis
796 1279 965 1334 servit
1006 1279 1228 1346 ancilla,
1278 1287 1339 1335 ut
1379 1297 1502 1336 cum
1551 1298 1667 1336 eam
1702 1298 1838 1353 pro-

237 1371 552 1426 baverimus
583 1385 684 1424 nec
709 1369 942 1441 seipsam
973 1385 1127 1441 posse
1159 1386 1365 1440 regere,
1397 1370 1623 1425 servitia
1652 1378 1840 1425 nostra

237 1460 306 1516 ab
337 1459 454 1531 ejus
500 1459 882 1518 dominatione
925 1459 1194 1527 tollentes,
1227 1461 1453 1515 alteram
1503 1459 1593 1514 cui
1641 1460 1839 1514 merito

239 1549 587 1605 serviendum
639 1549 730 1616 sit,
765 1548 1127 1620 requiramus.
1166 1547 1410 1614 Quantos
1445 1547 1592 1603 enim
1637 1555 1838 1604 amato-

240 1656 322 1695 res
352 1638 468 1710 ejus
499 1639 661 1694 ruina
707 1637 894 1693 subito
935 1637 1116 1709 gravis
1161 1639 1450 1709 oppressit,
1484 1638 1666 1709 fragor
1711 1639 1838 1693 cleli

239 1729 524 1801 percussit,
559 1728 770 1783 fulmen
802 1726 1049 1781 incendit
1082 1726 1224 1795 (30),
1256 1727 1538 1797 naufragia
1573 1712 1845 1798 perdide-J

238 1825 386 1886 runt,
420 1819 562 1873 texit
591 1817 774 1884 chaos,
808 1815 1117 1888 Charybdis
1147 1815 1341 1880 ebibit,
1372 1815 1585 1887 gladius
1607 1815 1838 1887 jugula-

237 1908 350 1962 vitl
401 1916 453 1963 et
511 1907 668 1962 istam
725 1907 913 1961 miseri
970 1923 1096 1960 eum
1173 1905 1463 1960 doloribus
1522 1905 1836 1961 amittentes

236 1997 430 2065 vitam,
477 1997 626 2051 illam
673 1996 890 2068 penitus
922 1995 1172 2050 invenire
1203 2011 1313 2050 non
1347 1995 1605 2065 possunt!
1639 1994 1724 2049 Ad
1755 1995 1836 2048 il-

236 2086 346 2141 lam
405 2087 606 2142 etenim
656 2087 825 2140 vitam
877 2101 987 2139 non
1037 2083 1191 2140 ducit
1238 2091 1470 2151 tortura,
1514 2083 1609 2139 sed
1652 2100 1832 2138 causa.

238 2175 359 2230 Uno
399 2174 637 2246 denique
678 2174 980 2248 eodemque
1024 2190 1309 2246 pmnarum
1359 2189 1552 2245 genere
1581 2181 1634 2228 et
1666 2173 1837 2228 inno—

236 2268 488 2326 centibus
534 2268 681 2323 salus
728 2276 930 2323 aeterna
979 2266 1280 2335 confertur,
1329 2274 1384 2322 et
1435 2282 1592 2340 poena
1644 2264 1836 2321 delin—

237 2356 536 2431 quentibus
565 2355 859 2428 irrogatur.

860 2487 1088 2544 CAPUT
1121 2487 1220 2542 IX.

349 2595 538 2652 Cmteri
565 2613 599 2651 α
623 2594 927 2652 Sebastiano
948 2610 1056 2648 una
1084 2609 1199 2647 cum
1219 2591 1438 2662 captivis
1469 2590 1726 2646 conversi.

309 2720 397 2776 29.
430 2721 603 2793 Igitur
630 2738 755 2777 cum
787 2720 903 2776 hazc
931 2727 985 2775 et
1015 2719 1100 2774 his
1134 2717 1340 2773 similia
1389 2718 1602 2774 Marcus
1641 2733 1838 2789 prose-

237 2818 518 2883 queretur,
546 2816 830 2881 cmperunt
859 2825 1049 2865 omnes
1080 2810 1173 2881 qui
1207 2808 1432 2863 aderant
1474 2810 1588 2864 Deo
1637 2807 1837 2878 gratias

236 2915 415 2971 agere,
438 2907 599 2970 atque
629 2898 874 2953 universi
902 2898 1094 2953 ﬂentes
1125 2897 1522 2968 pcenitudinem
1556 2896 1832 2967 gerebant,

237 2987 386 3060 quod
431 2988 684 3043 charitati
735 2987 832 3043 Dei
883 2987 1236 3058 praetulerant
1260 3002 1499 3040 amorem
1531 2985 1749 3052 carnis;
1783 2993 1836 3040 et

238 3078 369 3150 quia
399 3077 467 3132 ab
495 3093 664 3149 agone
698 3075 951 3148 martyrii
996 3076 1111 3130 ausi
1162 3075 1393 3130 fuissent
1439 3075 1652 3130 animos
1682 3091 1835 3130 revo-

237 3182 360 3223 care
403 3174 736 3221 sanctorum.
787 3163 1033 3236 Cumque
1081 3180 1293 3231 omnes,
1324 3163 1418 3235 qui
1461 3164 1528 3218 ad
1560 3163 1834 3235 decipien-
1872 3181 1915 3240 ρ

239 3258 339 3314 dos
364 3263 580 3311 sanctos
608 3261 892 3321 venerant,
913 3253 1254 3308 unanimiter
1277 3252 1560 3308 crederent
1591 3251 1832 3321 Christo,

238 3345 579 3401 Nicostratus
626 3359 752 3398 cum
801 3341 1034 3413 conjuge
1076 3357 1174 3396 sua
1221 3340 1446 3413 urgebat
1493 3358 1548 3396 se
1589 3341 1778 3397 dicens
1820 3359 1831 3396 :

239 3435 360 3491 Non
423 3433 608 3490 cibum
666 3432 902 3504 capiam,
960 3447 1138 3503 neque
1197 3439 1409 3502 potum,
1469 3431 1576 3486 nisi
1634 3440 1836 3503 myste-

243 3521 387 3576 rium
438 3520 556 3589 (3l)
593 3517 732 3573 mihi
764 3516 1088 3575 Christiana:
1138 3517 1420 3589 religionis
1465 3516 1632 3572 fuerit
1672 3517 1837 3572 tradi-

240 3619 380 3666 tum.
430 3610 531 3667 Cui
577 3609 632 3664 S.
682 3607 1035 3664 Sebastianus
1079 3607 1225 3664 dixit
1273 3626 1283 3662 :
1335 3596 1485 3662 Muta
1514 3606 1837 3678 dignitatem

239 3708 416 3767 tuam,
449 3707 502 3754 et
548 3715 662 3754 esse
714 3698 888 3770 magis
934 3697 1116 3768 incipe
1164 3697 1370 3754 Christi
1413 3697 1836 3769 primiscrinius,

241 3803 406 3860 quam
465 3787 728 3866 praefecti.
779 3785 925 3842 Audi
974 3787 1158 3859 itaque
1205 3786 1501 3843 consilium
1542 3802 1746 3853 meum,
1787 3792 1840 3841 et

242 3891 434 3931 omnes
481 3891 618 3945 quos
660 3893 844 3932 carcer
893 3875 1138 3940 inclusit,
1184 3891 1320 3947 quos
1368 3873 1592 3930 vincula
1629 3880 1839 3938 tenent,

245 3976 382 4032 quos
425 3963 697 4030 ergastula
741 3963 1065 4028 conﬁciunt,
1113 3963 1171 4016 in
1219 3979 1393 4017 unum
1442 3961 1645 4032 redige.
1683 3961 1842 4028 Quod

243 4064 371 4104 cum
407 4047 627 4115 feceris,
658 4049 962 4104 antistitem
993 4059 1350 4106 sacrosanctae
1380 4051 1514 4121 legis
1543 4051 1839 4118 adhibebo,

245 4145 308 4194 ut
359 4153 482 4193 cum
540 4137 796 4192 omnibus
851 4137 948 4209 qui
994 4137 1214 4193 credere
1261 4139 1539 4194 voluerint
1591 4139 1839 4210 mysterii

245 4223 514 4296 suscipias
559 4230 982 4280 sacramentum.
1033 4224 1091 4279 Si
1137 4225 1283 4281 enim
1334 4225 1588 4282 diabolus
1622 4227 1843 4284 Christo

245 4323 464 4370 sanctos
538 4329 666 4368 suos
739 4314 951 4368 auferre
1011 4322 1240 4370 conatus
1305 4322 1406 4381 est,
1466 4323 1519 4370 et
1575 4326 1840 4383 conatur;

246 4412 452 4476 quanto
482 4402 654 4474 magis
683 4419 782 4458 nos
809 4403 1028 4474 pietatis
1060 4411 1384 4475 argumento
1413 4404 1534 4472 hos,
1567 4422 1703 4477 quos
1732 4405 1843 4461 dia-

245 4491 408 4548 bolus
453 4491 658 4562 injuste
702 4493 943 4549 lucratus
984 4501 1085 4560 est,
1117 4509 1307 4549 curare
1345 4493 1714 4561 debemus,~et
1743 4511 1842 4550 suo

247 4583 531 4636 restituere
561 4581 858 4637 Creatori?
896 4582 968 4636 Ει
996 4582 1336 4638 Nicostratus
1381 4582 1446 4637 ad
1480 4582 1596 4638 haec
1627 4599 1844 4654 respon-

247 4675 352 4743 dit,
383 4674 614 4730 dicens:
649 4675 937 4742 Quomodo
985 4677 1192 4750 iniquis
1249 4688 1304 4735 et
1358 4678 1672 4735 criminosis
1728 4696 1846 4751 pos-

245 4771 376 4820 sunt
422 4774 609 4820 sancta
654 4765 978 4822 committi?
1025 4767 1080 4822 S.
1133 4765 1484 4823 Sebastianus
1511 4768 1656 4823 dixit
1687 4787 1698 4825 :
1734 4769 1845 4823 Sal-

249 4861 407 4908 vator
436 4861 621 4907 noster
657 4870 755 4925 pro
793 4856 1171 4925 peccatoribus
1200 4874 1352 4912 suam
1385 4857 1548 4913 nobis
1584 4857 1846 4914 exhibere

247 4941 506 5014 dignatus
533 4949 614 4996 est
643 4943 989 5013 praisentiam
1023 4951 1075 4998 et
1105 4945 1346 5000 ostendit
1376 4947 1720 5016 mysterium,
1754 4960 1849 5018 per

247 5031 397 5104 quod
426 5031 613 5086 omnia
644 5039 862 5103 peccata
893 5040 947 5088 et
976 5033 1207 5088 crimina
1240 5034 1453 5090 homini
1504 5035 1842 5102 auferantur,

246 5130 302 5178 et
349 5139 540 5178 omnes
580 5124 814 5178 virtutes
871 5123 1094 5180 Domini
1131 5125 1503 5180 conferantur.
1555 5127 1702 5182 Inter
1744 5127 1847 5183 ini-

249 5211 326 5268 tia
354 5212 525 5284 igitur
552 5213 932 5269 conversionis
981 5221 1086 5269 tua:
1128 5213 1233 5271 hoc
1283 5231 1483 5270 munus
1531 5216 1770 5287 primum
1802 5217 1846 5273 si

325 5393 442 5468 (30)
480 5393 1119 5468 Al._,_ﬂammagincendiis
1141 5395 1366 5451 voravit.

323 5465 440 5535 (3|)
474 5465 708 5538 Quidam
736 5465 976 5538 codices,
1001 5468 1346 5538 martyrium.

325 5538 445 5608 (32)
481 5538 579 5592 Ms.
615 5537 762 5608 Βὴλ,
794 5537 1100 5594 redolentes.

324 5609 443 5683 (33)
482 5609 608 5683 _Al.,
651 5608 930 5683 prwfecto;
963 5609 1062 5683 al.,
1084 5609 1308 5683 pastori
1332 5627 1352 5676 ;
1377 5611 1476 5677 al.,
1504 5611 1665 5683 prce].
1693 5626 1851 5683 pra:-

253 5681 381 5734 torii
394 5697 414 5745 ;
445 5681 544 5747 al.,
574 5680 816 5751 pratorii
842 5681 1174 5737 discussioni.

1874 4543 1922 4601 D

1951 564 2071 636 ejus
2101 565 2387 636 praemium
2427 582 2590 637 super
2645 573 2716 630 te,
2765 581 2972 622 corona
3011 568 3285 639 martyrii,
3348 567 3554 625 habens

1951 669 2136 708 secum
2201 653 2470 709 virtutum
2518 655 2767 710 omnium
2826 654 2987 710 ﬂores
3047 655 3551 724 immarcescibiles,

1952 749 2166 796 retemze
2203 743 2331 798 vitae
2365 743 2578 814 gaudiis
2609 744 2929 815 profuturos
2958 743 3097 815 (32).
3147 745 3394 800 Audiens
3440 745 3556 801 haec

1951 832 2290 888 Nicostratus
2323 833 2748 905 primiscrinius,
2778 834 2914 889 abiit
2963 834 3030 890 ad
3063 834 3357 892 Claudium
3389 851 3552 891 com-

1952 921 2398 988 mentariensem,
2452 933 2506 977 et
2533 921 2699 992 jussit
2737 923 3021 979 universas
3051 940 3312 995 personas
3341 923 3408 978 ad
3440 923 3552 979 do—

1949 1026 2099 1064 mum
2152 1009 2269 1081 ejus
2314 1011 2604 1078 adducere,
2658 1012 2848 1068 dicens
2894 1029 2905 1067 :
2968 1011 3239 1078 Quoniam
3300 1011 3552 1084 proxima

1949 1100 2187 1156 sessione
2218 1118 2410 1157 omnes
2460 1101 2792 1158 discutiendi
2826 1111 2975 1170 sunt,
3023 1104 3149 1157 volo
3174 1111 3237 1157 ut
3276 1119 3401 1158 cum
3440 1103 3552 1158 illis

1949 1189 2280 1246 Christianis
2309 1189 2403 1262 qui
2449 1190 2594 1261 apud
2636 1206 2722 1245 me
2770 1202 2923 1255 sunt,
2961 1199 3156 1262 praesto
3197 1191 3333 1259 sint,
3384 1208 3451 1248 ne
3480 1191 3555 1246 ali

1948 1291 2055 1348 qua
2118 1277 2471 1348 praefectoriae
2512 1278 2664 1349 (33)
2733 1278 3063 1334 discussioni
3126 1280 3312 1335 deesse
3379 1279 3553 1351 possit

1948 1381 2200 1436 persona.

2020 1452 2107 1508 30.
2155 1453 2328 1524 Igitur
2372 1471 2496 1510 cum
2549 1471 2742 1510 omnes
2793 1455 2862 1511 ad
2913 1455 3140 1512 domum
3188 1457 3551 1528 primiscrinii
3608 1495 3610 1502 ι

1950 1541 2196 1612 perducti
2249 1550 2476 1612 starent,
2517 1553 2833 1601 catenarum
2889 1546 3128 1602 nexibus
3185 1549 3382 1616 vincti,
3445 1549 3552 1606 hoc

1950 1630 2114 1686 modo
2143 1648 2236 1687 eos
2266 1634 2352 1688 vir
2381 1635 2479 1690 Dei
2505 1635 2860 1692 Sebastianus
2904 1637 3208 1709 alloquitur
3239 1655 3250 1692 :
3297 1637 3546 1695 Crimina

1947 1723 2221 1780 diabolica
2257 1726 2302 1781 si
2333 1725 2544 1782 divinis
2575 1725 2878 1781 virtutibus
2909 1726 3124 1795 cedant,
3167 1735 3350 1783 reatus
3368 1737 3550 1784 vester

1868 1834 1913 1894 Β
1948 1830 1979 1868 a
2011 1822 2189 1870 morte
2213 1816 2553 1882 excluditur,
2578 1822 2630 1870 et
2660 1830 2692 1868 a
2721 1815 2936 1885 gaudiis
2961 1815 3211 1885 fugitivis
3244 1817 3360 1887 (34)
3395 1834 3547 1874 revo-

1948 1911 2124 1958 catur.
2162 1905 2362 1975 Egerat
2391 1905 2539 1958 enim
2585 1919 2680 1975 per
2736 1919 2868 1958 suos
2923 1905 3186 1959 satellites
3231 1903 3406 1960 hostis
3452 1906 3549 1961 in-

1942 1989 2148 2062 justus,
2220 1997 2278 2049 ut
2333 1994 2550 2048 animos
2591 1993 2834 2048 militum
2885 1993 3090 2052 Christi
3148 1994 3215 2049 ad
3278 1995 3549 2050 virtutum

1947 2081 2166 2136 culmen
2196 2089 2406 2137 erectos
2441 2082 2556 2151 (35)
2598 2089 2889 2149 everteret,
2921 2092 2974 2138 et
3020 2082 3079 2137 in
3114 2082 3232 2153 ipso
3264 2083 3549 2154 perfectio-

1948 2169 2036 2224 nis
2065 2169 2282 2240 fastigio
2328 2169 2554 2239 positos,
2609 2168 2679 2224 ad
2716 2185 2930 2225 omnum
2971 2179 3262 2226 conaretur
3309 2187 3550 2242 mergere

1948 2259 2273 2314 inferorum.
2307 2259 2419 2314 Hac
2446 2259 2513 2314 de
2543 2275 2705 2315 causa
2754 2259 2988 2316 incaluit
3034 2260 3256 2315 animus
3303 2260 3548 2318 hostium

1947 2346 2304 2405 dimicatione
2334 2354 2690 2420 provocatus,
2733 2357 2795 2404 ut
2815 2365 2938 2417 vos,
2975 2365 3112 2421 quos
3136 2347 3252 2420 jam
3308 2349 3550 2406 lucratus

1947 2435 2128 2492 fuerat
2152 2437 2434 2505 inimicus,
2466 2435 2532 2492 de
2555 2435 2674 2508 ejus
2703 2437 3024 2509 captivitate
3055 2438 3331 2506 tollentes,
3363 2447 3548 2496 vestro

1947 2539 2048 2578 vos
2075 2523 2319 2580 Creatori
2351 2525 2662 2580 reddamus.
2688 2525 2954 2580 Diabolus
2982 2525 3130 2578 enim
3161 2542 3263 2581 nec
3289 2526 3548 2582 dominus

1947 2622 2147 2680 vester,
2181 2629 2282 2667 nec
2310 2621 2543 2680 creator,
2577 2628 2678 2667 nec
2703 2621 2856 2683 pater
2877 2628 2993 2666 esse
3018 2611 3378 2682 dignoscitur:
3403 2615 3548 2669 Deus

1947 2709 2041 2756 aut
2051 2717 2136 2756 em
2162 2709 2215 2755 et
2236 2701 2393 2755 Pater
2412 2707 2466 2754 et
2488 2699 2759 2754 Dominus
2775 2707 2828 2754 et
2849 2698 3119 2756 Conditor
3138 2699 3543 2769 comprobatur.

1947 2793 2023 2847 Et
2036 2791 2083 2846 si
2105 2791 2253 2845 hunc
2265 2789 2706 2860 derelinquentes
2733 2787 2802 2843 ad
2825 2788 2981 2843 illum
3003 2787 3216 2856 abistis,
3238 2789 3333 2862 qui
3355 2789 3412 2844 in
3428 2796 3546 2845 tan-

1951 2889 2069 2936 tum
2096 2879 2265 2935 vestri
2291 2879 2507 2934 exstitit
2527 2877 2809 2946 inimicus,
2844 2885 2908 2932 ut
2927 2893 3026 2932 vos
3054 2877 3120 2933 ad
3145 2895 3331 2950 poenas
3360 2896 3546 2952 perpe-

1949 2979 2055 3026 tuae
2083 2969 2278 3025 mortis
2309 2968 2624 3036 adduceret,
2675 2975 2729 3023 et
2758 2968 2826 3024 ad
2856 2967 3022 3023 istum
3056 2967 3313 3024 lethalem
3345 2968 3545 3026 faceret

1946 3061 2181 3116 exitium
2204 3061 2496 3128 devenire;
2527 3070 2733 3135 quanto
2763 3061 2934 3133 magis
2955 3061 3021 3116 ad
3051 3078 3174 3118 eum
3206 3061 3545 3119 redeundum

1947 3151 2132 3222 estqui
2151 3151 2378 3206 unicum
2394 3151 2596 3206 Filium
2612 3167 2772 3206 suum
2788 3151 3025 3223 passioni
3042 3159 3096 3207 et
3109 3150 3272 3206 morti
3293 3151 3542 3220 tradidit,

1946 3247 2007 3293 ut
2029 3255 2128 3294 nos
2152 3255 2183 3294 a
2209 3239 2555 3310 passionibus
2574 3240 2794 3294 aeternis
2816 3247 2913 3294 eta
2939 3249 3110 3296 morte
3131 3249 3394 3312 perpetua
3412 3241 3545 3296 libe-

1945 3336 2089 3382 raret
2111 3328 2138 3383 ‘1'
2167 3327 2304 3384 Cum
2335 3327 2451 3384 haec
2489 3335 2543 3382 et
2574 3327 2660 3382 his
2691 3327 2899 3383 similia
2926 3336 3346 3400 prosequeretur
3373 3328 3430 3385 S.
3453 3329 3543 3385 Se-

1946 3415 2246 3484 bastianus,
2291 3422 2706 3487 prostraverunt
2751 3432 2806 3471 se
2836 3433 2962 3473 cum
2993 3417 3251 3488 lacrymis
3276 3416 3542 3485 universi,

1947 3512 2001 3559 et
2038 3504 2198 3559 ﬂexis
2245 3503 2475 3576 genibus
2512 3510 2795 3576 cmperunt
2841 3503 3022 3559 cordis
3052 3503 3317 3576 gemitum
3348 3502 3545 3560 redde-

1950 3609 2029 3661 re,
2062 3600 2117 3648 et
2146 3608 2201 3648 se
2232 3607 2450 3664 pecasse
2487 3601 2541 3648 et
2586 3592 2753 3664 impie
2809 3593 2983 3664 egisse
3026 3593 3364 3664 paenitentiae
3401 3592 3546 3649 voci-

1952 3684 2055 3740 bus
2084 3683 2412 3739 exclamare.
2447 3681 2774 3739 Fundebant
2825 3697 2956 3754 ergo
2995 3697 3207 3738 amaras
3255 3683 3546 3755 lacrymas,

1951 3783 2004 3831 et
2033 3791 2090 3830 se
2122 3774 2263 3829 velle
2319 3773 2540 3830 Christo
2574 3773 2818 3841 credere,
2875 3772 3155 3829 unanimis
3207 3773 3436 3831 vocibus
3469 3789 3548 3828 re-

1950 3863 2239 3921 sonabant.
2299 3863 2453 3918 Tunc
2510 3863 2572 3917 B.
2633 3862 2987 3918 Sebastianus
3033 3861 3192 3933 jubet
3243 3878 3334 3919 eos
3360 3877 3551 3918 omnes

1950 3968 1982 4008 a
2007 3951 2249 4008 vinculis
2276 3961 2591 4010 catenarum
2621 3951 2858 4007 exsolvi.

2580 4078 2811 4137 CAPUT
2851 4078 2924 4136 X.

2063 4192 2249 4248 Omnes
2287 4207 2322 4245 a
2349 4189 2646 4259 Polycarpo
2675 4187 2745 4242 ad
2776 4186 3089 4257 baptismum
3114 4185 3436 4259 praeparati.

2023 4316 2111 4373 31.
2154 4317 2280 4372 Post
2318 4314 2435 4371 haac
2495 4316 2552 4371 S.
2601 4315 2952 4371 Sebastianus
2984 4313 3121 4370 abiit
3167 4313 3236 4370 ad
3292 4312 3545 4388 Polycar-

1952 4423 2082 4480 pum
2109 4405 2224 4476 (36)
2259 4404 2656 4486 presbyterum,
2712 4404 2805 4460 ubi
2845 4411 2959 4464 erat
3006 4418 3171 4460 causa
3219 4402 3547 4476 persecutio-

1953 4498 2041 4554 nis
2070 4499 2340 4564 occultus,
2372 4504 2423 4552 et
2465 4496 2711 4552 narravit
2745 4496 2793 4551 ei
2825 4495 3011 4551 omnia
3058 4512 3177 4568 quas
3212 4504 3359 4568 gesta
3395 4501 3544 4551 sunt.

1954 4586 2166 4654 Quibus
2192 4585 2395 4641 auditis
2442 4586 2495 4641 S.
2531 4586 2863 4658 Polycarpus
2913 4585 3112 4656 gratias
3140 4584 3250 4656 egit
3313 4585 3443 4654 Deo,
3496 4592 3549 4644 et

1956 4693 2065 4732 una
2092 4692 2217 4732 cum
2257 4692 2320 4730 eo
2356 4675 2506 4730 venit
2544 4675 2611 4730 ad
2641 4674 2865 4729 domum
2911 4674 3202 4729 Nicostrati
3245 4673 3546 4744 primiscrio

1955 4764 2058 4831 nii,
2089 4772 2142 4818 et
2168 4763 2360 4819 videns
2389 4763 2578 4819 turbas
2607 4761 2971 4830 credentium,
3003 4761 3245 4818 salutans
3284 4778 3376 4817 eos
3423 4777 3548 4818 cum

1955 4856 2106 4912 omni
2139 4855 2336 4928 gaudio
2368 4855 2513 4912 dixit
2545 4871 2556 4907 :
2600 4853 2751 4909 Beati
2801 4869 2990 4908 omnes
3038 4869 3157 4918 vos,
3194 4852 3288 4924 qui
3319 4850 3550 4909 audistis

1955 4961 2148 5000 vocem
2179 4944 2401 5000 Domini
2434 4942 2605 4998 nostri
2637 4941 2764 4998 Jesu
2807 4940 3012 4997 Christi
3053 4939 3290 4996 dicentis
3320 4958 3331 4996 :
3375 4964 3393 4987 ι
3433 4938 3551 4995 Ve-

1957 5033 2070 5088 nite
2100 5032 2163 5089 ad
2218 5051 2323 5100 me,
2379 5049 2569 5088 omnes
2597 5031 2689 5104 qui
2724 5029 2981 5086 laboratis
3035 5037 3088 5084 et
3137 5027 3349 5085 onerati
3397 5027 3548 5094 estis,

1957 5129 2010 5177 et
2039 5138 2138 5193 ego
2170 5139 2267 5177 vos
2296 5121 2632 5193 requiescere
2664 5120 2887 5176 faciam.
2928 5119 3127 5175 Tollite
3149 5117 3343 5190 jugum
3366 5131 3549 5170 meum

1957 5227 2119 5283 super
2146 5228 2262 5280 vos,
2287 5218 2340 5266 et
2360 5210 2556 5267 discite
2580 5225 2610 5264 a
2633 5227 2720 5265 me
2750 5210 2879 5283 quia
2911 5209 3064 5266 mitis
3092 5223 3213 5263 sum
3235 5214 3288 5260 et
3321 5202 3552 5260 humilis

2033 5393 2150 5464 (34)
2191 5395 2305 5461 AL,
2337 5393 2407 5448 ad
2433 5393 2629 5464 gaudia
2658 5393 2857 5464 votiva.

2033 5463 2149 5540 (35)
2191 5466 2303 5540 AL,
2333 5484 2368 5540 ᾳ
2405 5463 2665 5540 virtutum
2692 5463 2916 5540 culmine
2943 5464 3102 5540 recte.
3220 5528 3231 5538 ο

1956 5608 1993 5664 b
2033 5527 2150 5607 (36)
2192 5536 2246 5593 S.
2272 5527 2560 5610 Polycarpi
2585 5533 2888 5610 presbyteri
2920 5529 3119 5588 natalis
3149 5528 3331 5602 agitur
3357 5527 3427 5588 23
3459 5529 3555 5586 Fe-

1997 5624 2144 5665 ruar.
