4086 6208
533 330 668 387 1127

1526 327 1621 385 ΑΙ)
1661 325 1895 384 ΟΡΕΒΛ
1933 325 1989 382 S.
2031 324 2369 384 AMBROSII
2406 322 2792 382 APPENDIX.

3707 275 3845 378 1.128

531 453 720 519 corde,
775 459 830 508 et
882 452 1178 508 invenietis
1234 452 1482 526 requiem
1561 453 1851 509 animabus
1911 452 2130 508 vestris.
2162 455 2212 514 A
2245 450 2458 520 stodiae,
2488 449 2770 522 respondit
2803 466 2814 504 :
2850 446 3250 521 Amplitudinis
3274 453 3470 504 vestrm
3495 444 3659 518 jussu
3686 446 3848 506 Chri-

530 544 729 616 Jugum
767 544 912 599 enim
946 559 1128 599 meum
1157 558 1323 599 suave
1374 550 1474 610 est,
1505 548 1560 598 et
1591 559 1730 598 onus
1779 558 1961 598 meum
2013 541 2132 597 leve

535 633 748 704 (Matth.
783 650 864 700 χι,
896 632 964 688 28
992 637 1182 703 seqq.).
1216 657 1233 679 ι
1305 632 1418 690 Vos
1446 633 1629 705 itaque
1688 633 1885 688 fratres
1933 629 2128 698 nostri,

532 737 668 793 quos
698 721 944 776 nondum
971 719 1314 792 baptismatis
1344 721 1490 777 unda
1529 723 1695 777 diluit
1749 723 1888 793 (37),
1922 730 1976 777 et
2005 736 2130 776 con-

534 811 798 867 secrando
836 813 948 866 Deo
1001 811 1372 882 omnipotenti
1422 811 1776 869 charissimos
1806 812 1951 867 ﬁlios
1979 811 2130 878 fecit,

534 917 632 972 pro
663 899 768 956 hoc
817 900 964 973 quod
1019 918 1050 956 a
1105 903 1387 973 proposito
1443 911 1632 958 sancto
1664 917 1920 957 revocare
1951 898 2133 958 conati

532 993 665 1049 estis
690 992 1040 1048 beatissimos
1091 993 1298 1049 milites
1342 993 1572 1061 Christi,
1629 1010 1765 1065 opus
1821 993 1978 1048 vobis
2019 999 2135 1046 erat

531 1083 878 1154 pmnitentia,
906 1091 966 1137 ut
1002 1099 1097 1154 per
1148 1083 1320 1154 ipsam
1351 1082 1420 1138 ad
1462 1083 1861 1155 indulgentiam
1907 1082 2134 1137 venire-

535 1176 624 1231 tis.
679 1175 838 1231 Nunc
879 1183 1082 1243 autem,
1137 1175 1265 1247 quia
1317 1177 1384 1232 ad
1421 1184 1631 1232 tantam
1689 1176 1918 1248 gloriam
1942 1191 2136 1230 acces-

536 1265 706 1334 sistis,
735 1275 794 1322 ut
826 1266 989 1322 etiam
1024 1266 1091 1322 ad
1124 1268 1428 1338 passionem
1472 1285 1503 1324 a
1546 1285 1654 1341 qua
1698 1267 1948 1325 dolenter
1996 1267 2133 1324 aleis

532 1371 790 1412 revocare
822 1356 1097 1425 voluistis,
1153 1357 1218 1411 ad
1259 1358 1431 1429 ipsam
1489 1357 1814 1414 desideretis
1860 1367 2135 1431 gratanter

532 1445 675 1501 velle
705 1461 923 1501 currere
951 1453 1004 1500 et
1040 1446 1275 1502 libenter
1302 1448 1584 1520 amplecti,
1625 1448 1810 1504 sciatis
1859 1465 1956 1504 vos
1985 1456 2039 1504 et
2068 1448 2134 1504 ad

533 1533 936 1606 indulgentiam
971 1537 1310 1607 pervenisse,
1339 1545 1392 1592 et
1436 1537 1503 1594 ad
1551 1538 1787 1610 palmam
1839 1539 2130 1610 attingere.

531 1628 707 1687 Vetus
734 1629 841 1686 hoc
869 1637 950 1685 est
978 1629 1276 1685 artiﬁcium
1303 1629 1533 1688 Christi.
1567 1630 1703 1685 Nam
1736 1629 1921 1701 ipsum
1972 1645 2132 1702 quem

531 1735 630 1776 vas
651 1720 937 1777 electionis
960 1739 1073 1777 suae
1127 1721 1384 1793 dignatus
1415 1729 1497 1776 est
1517 1729 1571 1776 et
1602 1721 1782 1776 voluit
1809 1721 2131 1792 magistrum

2241 543 2444 598 stianas
2490 542 2636 597 intra
2677 540 2902 597 domum
2952 556 3128 596 meam
3181 537 3568 596 custodiendas
3626 540 3850 613 suscepi

2243 649 2520 706 personas,
2552 631 2753 704 quibus
2798 639 2859 687 ut
2890 639 3152 687 terrorem
3197 630 3467 702 passionis
3507 629 3851 698 incuterem,

2243 738 2458 776 reorum
2491 721 2617 776 illos
2647 720 2749 776 feci
2781 719 2978 777 sociari
3011 721 3278 792 personis,
3308 727 3369 776 ut
3387 719 3628 792 jussioni
3651 728 3848 775 vestra

2243 819 2297 866 et
2348 810 2686 882 persuasioni
2734 818 2934 867 nostra:
2977 811 3023 866 si
3055 827 3164 865 non
3191 825 3460 866 consensu
3498 824 3622 877 suo,
3652 810 3848 865 saltem

2242 900 2424 956 alieno
2470 900 2847 974 eXperimento
2885 900 3254 968 consentiant,
3303 907 3356 955 et
3396 906 3647 956 metuant
3679 915 3754 955 ne
3779 899 3847 954 si-

2245 989 2394 1045 milis
2423 1005 2515 1046 eos
2551 1006 2712 1062 poena
2751 989 3064 1046 concludat.
3097 987 3483 1044 Libentissime
3513 987 3691 1059 igitur
3738 986 3850 1046 hac

2243 1069 2472 1134 audie'ns
2519 1078 2808 1152 praefectus
2859 1077 3073 1135 dimisit
3120 1094 3246 1134 eum
3287 1077 3510 1134 dicens:
3545 1078 3753 1150 Magno
3800 1088 3851 1134 te

2243 1184 2411 1224 censu
2436 1185 2467 1223 a
2502 1168 2820 1240 parentibus
2857 1184 3047 1224 eorum
3092 1167 3430 1224 remunerari
3463 1167 3690 1235 faciam,
3725 1185 3848 1225 cum

2244 1274 2339 1330 per
2366 1265 2419 1312 te
2448 1257 2561 1313 illis
2590 1257 2798 1314 fuerint
2829 1258 3135 1315 incolumes
3163 1256 3266 1312 ﬁlii
3295 1257 3562 1314 restituti.

2315 1350 2405 1406 33.
2438 1351 2736 1408 Revertens
2783 1351 2970 1424 itaque
3017 1351 3086 1408 ad
3119 1352 3346 1408 domum
3375 1367 3525 1407 suam
3559 1349 3854 1407 Nicostra-

2243 1450 2334 1499 tus
2399 1442 2805 1514 primiscrinius
2861 1459 2986 1500 cum
3047 1442 3279 1501 Claudio
3335 1441 3849 1510 commentariensi,

2243 1532 2410 1604 erepit
2452 1531 2711 1588 universa
2761 1533 2985 1600 referre,
3018 1542 3071 1589 et
3099 1532 3337 1606 qualiter
3374 1533 3429 1589 S.
3467 1531 3850 1597 Sebastianus,

2243 1638 2368 1678 cum
2419 1621 2491 1678 sit
2539 1622 2749 1679 amicus
2779 1621 3195 1695 imperatorum,
3225 1620 3734 1678 christianissimus
3761 1621 3849 1690 sit,

2245 1719 2298 1768 et
2342 1710 2399 1766 in
2446 1711 2759 1768 eruditione
2807 1712 3000 1768 divina
3048 1713 3340 1786 perfectus,
3374 1720 3428 1768 et
3459 1713 3705 1785 qualiter
3734 1713 3850 1767 ani-

532 1809 788 1882 gentibus
819 1811 968 1879 dare,
1027 1811 1122 1882 qui
1175 1827 1285 1865 non
1329 1811 1508 1866 solum
1563 1809 1811 1866 ﬁdelium
1853 1809 2069 1866 animos
2105 1826 2134 1864 a
2167 1825 2210 1884 Β
2246 1817 2360 1857 mas
2416 1800 2860 1858 Christianorum
2916 1821 3014 1860 8118
3063 1802 3448 1859 ΘΧῙὶοηὸῑίοῐιθ
3512 1811 3850 1870 revocasset.

531 1900 752 1972 pietatis
783 1901 1066 1972 proposito
1113 1901 1425 1966 revocabat,
1483 1901 1578 1958 sed
1624 1903 1791 1956 etiam
1826 1903 2074 1957 nolentes
2101 1917 2133 1954 a

533 1987 754 2045 Christo
811 1989 1093 2045 discedere
1150 1990 1425 2063 lapidibus
1469 1991 1771 2059 obruebat;
1832 1989 1982 2048 hunc
2021 2006 2132 2046 no-

530 2075 616 2132 bis
647 2075 761 2148 ipse
792 2077 1062 2133 Dominus
1081 2080 1390 2151 apostolum
1413 2081 1750 2137 condonavit
1781 2125 1794 2149 ,
1826 2079 2132 2152 tribuitque

531 2165 694 2220 nobis
749 2182 814 2222 ex
869 2167 1032 2223 Saulo
1079 2169 1334 2238 Paulum,
1395 2187 1461 2226 ex
1491 2179 1736 2243 apostata
1763 2171 1894 2226 fecit
1921 2177 2132 2242 aposto-

533 2254 668 2323 lum,
703 2262 757 2310 et
789 2255 940 2310 dedit
989 2258 1249 2313 Ecclesiae
1297 2275 1408 2314 suae
1455 2275 1524 2314 ex
1572 2266 1918 2331 persecutore
1947 2257 2131 2314 docto-

532 2360 669 2400 rem.
704 2344 934 2398 Amator
963 2347 1234 2416 passionis
1289 2347 1468 2404 factus
1499 2355 1580 2406 est
1623 2349 1688 2417 is,
1742 2347 1836 2420 qui
1869 2363 2134 2420 persecu-

530 2432 703 2488 tionis
730 2440 922 2489 auctor
949 2435 1234 2490 exstiterat
1269 2454 1280 2492 :
1336 2446 1389 2492 et
1415 2436 1509 2509 qui
1552 2437 1612 2492 in
1655 2437 1851 2492 alienis
1881 2437 2132 2494 aﬁlictio-

534 2521 700 2577 nibus
735 2521 890 2593 prius
917 2523 1314 2595 gratulabatur,
1367 2525 1422 2580 in
1470 2526 1584 2581 suis
1633 2526 1983 2598 postmodum
2015 2542 2132 2598 per-

534 2612 911 2669 secutionibus
987 2614 1290 2671 laetabatur.
1357 2617 1476 2688 Ipse
1530 2631 1657 2688 ergo
1712 2616 1808 2689 qui
1881 2623 2016 2674 tunc
2073 2617 2132 2673 in

533 2704 783 2776 apostolo
863 2721 960 2760 suo
1035 2703 1296 2761 virtutem
1367 2705 1525 2763 istam
1583 2706 1850 2776 exercuit,
1911 2705 2028 2779 ipse
2079 2714 2134 2763 et

532 2813 691 2854 nunc
745 2797 812 2853 de
871 2798 990 2869 ipso
1048 2796 1350 2854 inferorum
1426 2799 1699 2868 conclavi,
1765 2806 1819 2856 et
1875 2815 1944 2855 ex
2000 2800 2134 2872 ipsis

534 2888 835 2944 draconum
869 2886 1122 2942 faucibus
1165 2887 1476 2944 animarum
1529 2897 1834 2945 vestrarum
1889 2890 2134 2962 captivi—

536 2986 702 3035 tatem
733 2978 957 3048 eripuit,
1003 2986 1056 3033 et
1090 2979 1251 3034 vobis
1309 2996 1458 3036 nunc
1511 2997 1543 3036 a
1584 2980 1824 3036 tenebris
1855 2981 1920 3037 ad
1953 2983 2132 3038 lucem

534 3068 905 3124 remeantibus
966 3077 1183 3124 aeternae
1233 3069 1361 3124 vitae
1411 3069 1606 3142 januas
1662 3071 1938 3143 patefecit.
1993 3072 2132 3140 Quia

533 3173 660 3229 ergo
696 3173 886 3212 omnes
915 3155 1210 3226 daemones,
1265 3158 1358 3230 qui
1415 3167 1544 3215 sunt
1596 3162 1944 3217 tenebrarum
2004 3162 2127 3232 ﬁlii,
2162 3192 2205 3252 Ο

532 3251 954 3320 contristantur,
974 3251 1122 3308 unde
1148 3262 1202 3309 et
1232 3269 1422 3308 omnes
1452 3253 1623 3310 sancti
1655 3255 1856 3326 angeli,
1889 3255 1979 3326 qui
2003 3262 2130 3310 sunt

535 3340 637 3396 ﬁlii
697 3341 854 3407 lucis,
917 3344 1281 3416 gratulantur,
1336 3343 1557 3400 accedat
1603 3345 1981 3418 unusquisque
2039 3361 2128 3401 ve-

532 3440 728 3501 strum,
761 3441 815 3490 et
845 3432 936 3489 det
962 3451 1162 3490 nomen
1211 3451 1393 3506 suum,
1426 3443 1487 3491 ut
1517 3434 1786 3493 hodierno
1828 3435 1917 3492 die
1959 3429 2130 3510 iisque

531 3530 599 3586 ad
630 3546 912 3601 vesperam
945 3539 1296 3601 percurrente
1339 3529 1575 3604 jejunio,
1626 3531 1886 3587 festivum
1926 3531 2127 3604 baptis-

533 3621 696 3676 matis
719 3630 1121 3677 sacramentum
1155 3630 1526 3696 opportunum
1583 3629 1800 3694 tempus
1858 3623 2123 3679 inveniat.

531 3708 747 3765 Justum
783 3718 866 3765 est
910 3711 1080 3779 enim,
1121 3717 1185 3766 ut
1234 3713 1323 3767 lex
1372 3728 1402 3767 a
1450 3711 1670 3767 mortali
1710 3711 1918 3767 mundo
1947 3711 2126 3767 absce-

531 3798 665 3856 dens
712 3799 780 3856 ad
805 3808 1020 3857 nostras
1049 3810 1258 3858 mentes
1287 3800 1625 3859 immortales
1655 3801 1894 3871 accedat,
1935 3809 1996 3858 ut
2033 3803 2127 3876 qui

528 3887 588 3944 in
635 3889 741 3946 isto
772 3891 972 3946 saeculo
1004 3890 1240 3947 volutati
1275 3892 1332 3948 in
1364 3891 1482 3948 luto
1533 3892 1882 3949 tenebrarum
1913 3909 2122 3963 sumus,

530 3995 672 4053 aqua
703 3979 1158 4036 sanctiﬁcationis
1185 3980 1361 4036 abluti
1399 3999 1461 4040 ac
1491 3981 1762 4051 mundati,
1813 3990 1866 4038 et
1903 3981 2126 4038 sinceri-

527 4079 637 4130 tate
664 4071 846 4129 induti
877 4073 1081 4128 alacres
1111 4088 1400 4145 pergamus
1446 4072 1514 4129 ad
1563 4072 1867 4131 Christum.
1920 4073 2046 4130 Haec
2073 4079 2128 4129 et

527 4162 615 4219 his
644 4163 850 4219 similia
875 4169 1238 4236 prosequente
1268 4162 1323 4218 S.
1377 4163 1704 4236 Polycarpo,
1750 4161 1995 4218 universi
2041 4178 2128 4234 ga-

525 4251 631 4309 visi
687 4261 836 4322 sunt,
890 4262 944 4310 et
976 4253 1355 4326 unusquisque
1386 4270 1589 4310 nomen
1641 4271 1801 4311 suum
1835 4253 2127 4310 festinabat

526 4343 845 4416 priusquam
870 4343 1304 4416 interrogaretur
1332 4342 1547 4400 offerre.

1146 4469 1372 4526 CAPUT
1411 4469 1508 4525 XI.

526 4560 801 4633 Baptizati
850 4561 1215 4630 catechumeni,
1264 4579 1474 4632 unaque
1517 4560 1776 4617 Claudius
1824 4579 1938 4618 cum
1976 4561 2124 4635 ﬁliis.
2157 4556 2205 4617 D

601 4673 685 4730 32.
723 4672 969 4746 Cumque
1003 4674 1121 4730 hac
1148 4681 1458 4746 agerentur,
1507 4673 1662 4729 venit
1690 4673 1953 4731 Claudius
1979 4691 2125 4731 com-

529 4764 917 4820 inentariensis
943 4763 1010 4820 ad
1041 4763 1401 4836 primiscrinii
1434 4762 1727 4819 Nicostrati
1757 4764 2007 4829 domum,
2029 4763 2125 4819 ubi

528 4853 634 4910 ista
665 4853 1006 4925 agebantur;
1061 4862 1115 4910 et
1167 4853 1305 4910 dicit
1357 4853 1705 4910 Nicostrate:
1758 4853 2127 4910 Vehementer

530 4943 858 5017 praefectura
883 4951 1156 5000 commota
1182 4951 1284 5010 est,
1316 4944 1462 5017 quod
1484 4961 1743 5017 personas
1772 4961 1990 5000 reorum
2019 4954 2124 5001 tuas

528 5033 728 5091 domus
757 5034 1022 5091 custodias
1079 5034 1222 5090 tradi
1256 5034 1491 5106 jussisti.
1550 5036 1663 5093 Hac
1692 5035 1760 5092 de
1794 5051 1957 5092 causa
2011 5035 2126 5092 suis

527 5131 582 5180 te
619 5124 786 5196 jussit
841 5125 1132 5198 przefectus
1186 5125 1500 5198 aspectibus
1567 5126 1906 5197 praesentari.
1982 5124 2124 5182 Vide

524 5214 679 5286 quasi
720 5213 918 5271 debeas
955 5214 1320 5286 interrogatus
1363 5214 1491 5270 dare
1538 5231 1880 5285 responsum.
1916 5215 2123 5286 Ingres-

523 5319 616 5358 sus
644 5303 834 5376 itaque
873 5304 940 5360 ad
975 5305 1293 5378 praefectum
1323 5303 1686 5372 Nicostratus,
1734 5320 1861 5360 cum
1892 5303 2122 5359 interro-

525 5400 681 5464 gatus
708 5394 923 5462 fuisset,
950 5411 1049 5450 cur
1081 5411 1170 5450 eas
1201 5409 1478 5464 personas,
1527 5409 1664 5466 quas
1709 5393 1944 5450 carceris
1977 5394 2122 5450 clau-

524 5489 634 5538 stra
664 5483 992 5552 retinebant,
1027 5499 1138 5540 suae
1183 5482 1424 5539 voluerit
1457 5481 1655 5539 domus
1684 5482 1988 5557 mancipari
2017 5500 2124 5541 cu-

2243 1898 2296 1946 et
2327 1891 2474 1962 quod
2511 1891 2647 1946 satis
2695 1891 2894 1947 idonea
2921 1892 3135 1949 ratione
3171 1892 3449 1948 docuisset
3482 1893 3645 1947 istam
3669 1891 3848 1946 vitam

2241 1979 2534 2052 fugitivam
2581 1989 2634 2038 et
2680 1981 3062 2054 imaginariam
3111 1997 3248 2049 esse,
3294 1991 3348 2038 et
3395 1982 3478 2038 sic
3500 1981 3640 2037 dum
3674 1981 3852 2042 teneri

2240 2077 2484 2142 putatur,
2516 2070 2740 2127 auferri.
2772 2069 3040 2128 Narrabat
3087 2070 3275 2137 etiam,
3305 2069 3592 2144 quomodo
3625 2070 3854 2126 veniens

2244 2167 2465 2232 repente
2509 2161 2607 2216 lux
2656 2159 2725 2216 de
2768 2160 2907 2217 coelo
2942 2161 3326 2232 perlustrasset
3354 2176 3504 2230 eum,
3536 2167 3598 2216 et
3626 2175 3852 2233 quomoo

2244 2248 2315 2305 do
2342 2265 2571 2306 uxorem
2602 2247 2742 2322 ejus,
2785 2267 2906 2324 quas
2949 2265 3046 2322 per
3087 2266 3184 2307 sex
3226 2266 3402 2308 annos
3443 2257 3604 2306 muta
3649 2249 3855 2319 fuerat,

2243 2339 2376 2396 fecit
2405 2340 2578 2413 loqui.

2313 2434 2402 2491 34.
2472 2434 2611 2493 Cum
2672 2435 2790 2492 haec
2847 2442 3120 2492 narrasset
3182 2435 3524 2492 Nicostratus
3596 2432 3852 2502 Claudio,

2241 2527 2452 2585 corruit
2501 2527 2570 2583 ad
2617 2527 2781 2600 pedes
2825 2527 3120 2586 Nicostrati
3160 2527 3442 2595 Claudius,
3485 2525 3686 2584 dicens
3723 2545 3737 2580 :
3773 2527 3851 2581 Ex

2242 2616 2441 2672 amissa
2481 2616 2716 2689 conjuge
2765 2616 2904 2674 duos
2953 2618 3099 2674 ﬁlios
3145 2616 3341 2686 habeo,
3373 2633 3442 2674 ex
3471 2615 3680 2690 quibus
3713 2633 3856 2672 unus

2243 2705 2512 2778 hydropis
2539 2707 2734 2764 morbo
2762 2707 3045 2780 fatigatur,
3076 2707 3220 2764 alius
3248 2708 3488 2764 diversis
3516 2707 3856 2763 vulneribus

2242 2796 2614 2868 opprimitur;
2665 2814 2800 2870 rogo
2841 2806 2905 2855 ut
2939 2798 3136 2870 jubeas
3159 2814 3250 2856 eos
3278 2798 3514 2854 visitari.
3544 2797 3670 2854 Non
3702 2799 3855 2854 enim

2243 2884 2438 2941 dubito
2483 2885 2630 2959 quod
2670 2887 2785 2956 ille,
2819 2887 2914 2960 qui
2960 2888 3140 2960 potuit
3170 2888 3346 2944 facere
3373 2896 3434 2944 ut
3467 2896 3592 2959 post
3622 2903 3724 2943 sex
3764 2903 3854 2943 an~

2242 2990 2344 3030 nos
2392 2975 2707 3048 loqueretur
2747 2993 2890 3032 uxor
2936 2985 3052 3046 tua,
3087 2977 3273 3045 faciat,
3306 2976 3350 3033 si
3383 2975 3658 3044 voluerit,
3689 2985 3755 3032 ut
3787 2975 3855 3031 ad

2241 3063 2388 3120 ﬁlios
2417 3081 2568 3122 meos
2611 3067 2816 3122 sanitas
2861 3065 3064 3123 redeat.
3099 3067 3171 3124 Et
3197 3065 3316 3124 haec
3342 3066 3530 3123 dicens
3572 3067 3854 3139 proripuit

2241 3169 2297 3208 se
2343 3154 2412 3210 ad
2455 3153 2682 3211 domum
2733 3172 2911 3224 suam,
2942 3164 2997 3212 et
3046 3155 3176 3212 fecit
3217 3155 3361 3212 inter
3399 3170 3599 3211 manus
3648 3155 3852 3216 adduci

2239 3241 2379 3298 duos
2417 3241 2566 3298 ﬁlios
2611 3259 2758 3311 suos,
2791 3251 2845 3298 et
2887 3243 3246 3300 introducens
3291 3260 3385 3299 eos
3418 3243 3564 3299 intra
3594 3242 3849 3301 domum.

2239 3329 2335 3386 ubi
2367 3339 2523 3387 erant
2551 3332 2725 3388 sancti
2757 3333 2878 3400 Dei,
2913 3331 3144 3404 projecit
3171 3348 3262 3390 eos
3300 3339 3428 3389 ante
3467 3331 3638 3404 pedes
3655 3348 3848 3388 eorum

2241 3419 2474 3477 dicens:
2517 3421 2683 3476 Nulla
2735 3419 2955 3491 penitus
3008 3420 3306 3478 dubietatis
3361 3420 3519 3493 signa
3564 3422 3626 3478 in
3681 3422 3849 3478 corde

2241 3524 2362 3566 meo
2391 3518 2775 3566 remanserunt
2806 3528 2818 3566 :
2851 3510 2946 3568 sed
2975 3527 3045 3566 ex
3082 3518 3200 3567 toto
3242 3509 3406 3568 corde
3435 3510 3670 3569 credens
3700 3510 3848 3584 quod

2239 3601 2514 3670 Christus,
2545 3592 2706 3676 quem
2736 3602 2941 3670 colitis,
2987 3602 3102 3675 ipse
3143 3602 3217 3660 sit
3256 3619 3422 3660 verus
3465 3603 3638 3671 Deus,
3668 3602 3848 3659 detuli

2238 3691 2348 3749 huc
2402 3693 2562 3750 vobis
2621 3693 2733 3750 duo
2790 3693 3130 3751 incrementa
3187 3710 3328 3761 mea,
3397 3693 3631 3750 credens
3697 3692 3847 3766 quod

2238 3791 2460 3855 possent
2505 3797 2602 3854 per
2643 3799 2742 3839 vos
2788 3797 2820 3838 a
2865 3781 3061 3839 mortis
3089 3782 3334 3855 periculo
3359 3780 3604 3838 liberari.
3641 3781 3848 3838 Dicunt

2236 3873 2286 3929 ei
2316 3888 2508 3928 omnes
2547 3872 2714 3928 simul
2759 3872 2934 3930 sancti
2965 3872 3065 3929 Dei
3099 3889 3112 3928 :
3143 3871 3347 3928 Omnes
3385 3887 3524 3946 quos
3551 3870 3650 3928 hic
3679 3869 3846 3928 hodie

2237 3961 2532 4019 inﬁrmitas
2561 3963 2748 4036 aliqua
2774 3971 2945 4032 tenet,
2977 3979 3112 4020 mox
3141 3971 3206 4019 ut
3233 3961 3534 4021 Christiani
3561 3960 3699 4019 facti
3732 3961 3844 4018 fue—

2235 4052 2370 4120 rint,
2401 4051 2763 4109 sanabuntur.

2308 4140 2394 4197 35.
2435 4139 2682 4214 Cumque
2711 4140 2972 4198 clamaret
3001 4139 3263 4198 Claudius
3290 4141 3511 4199 credere
3547 4157 3632 4209 se,
3661 4149 3720 4197 et
3749 4141 3839 4197 de-

2235 4228 2473 4286 siderare
2499 4229 2618 4286 fieri
2657 4229 3057 4299 Christianum,
3082 4230 3251 4303 jussit
3299 4231 3356 4287 S.
3389 4231 3734 4303 Polycarpus
3781 4237 3844 4285 ut

2235 4318 2429 4376 darent
2459 4318 2665 4392 singuli
2712 4320 2940 4376 nomina
2975 4336 3091 4377 sua.
3126 4320 3343 4376 Primus
3373 4319 3557 4392 itaque
3583 4320 3841 4376 omnium

2235 4407 2388 4464 dedit
2421 4424 2623 4464 nomen
2657 4424 2818 4464 suum
2848 4407 3267 4482 Tranquillinus
3312 4417 3464 4482 pater
3493 4409 3842 4465 Marcelliani

2235 4505 2289 4552 et
2318 4498 2504 4555 Marci.
2552 4499 2680 4555 Post
2732 4498 2882 4556 hunc
2911 4515 3008 4555 sex
3035 4499 3199 4555 amici
3244 4515 3455 4566 eorum,
3488 4497 3545 4553 id
3578 4507 3687 4567 est,
3721 4497 3843 4555 Ario

2235 4595 2380 4656 ston,
2426 4587 2863 4657 Crescentianus,
2916 4588 3318 4661 Eutychianus,
3362 4587 3634 4656 Urbanus,
3687 4588 3840 4643 Vita.

2237 4677 2325 4746 lis,
2366 4685 2420 4732 et
2473 4677 2694 4742 Justus;
2727 4685 2850 4749 post
2886 4675 2987 4733 hos
3027 4677 3369 4734 Nicostratus
3398 4674 3838 4750 primiscrinius,

2235 4773 2288 4822 et
2319 4764 2598 4822 Castorius
2627 4764 2793 4821 frater
2830 4763 2966 4836 ejus,
3001 4775 3054 4823 et
3084 4765 3346 4822 Claudius
3374 4765 3838 4822 commentarieu-

2234 4855 2328 4912 sis.
2379 4855 2509 4910 Post
2555 4854 2655 4910 hos
2711 4855 2814 4911 ﬁlii
2867 4855 3104 4914 Claudii.
3152 4855 3528 4914 Felicissimus
3566 4865 3624 4913 et
3657 4858 3838 4914 Felix.

2233 4945 2362 5002 Post
2411 4944 2514 5000 hos
2570 4945 2772 5002 Marcia
2824 4955 2998 5004 mater
3041 4946 3378 5003 Marcelliani
3417 4954 3471 5002 et
3507 4947 3680 5004 Marci
3709 4964 3840 5004 cum

2234 5034 2504 5091 uxoribus
2532 5051 2718 5091 eorum
2751 5043 2806 5091 et
2848 5036 2980 5092 ﬁliis
3013 5053 3024 5092 :
3060 5035 3227 5092 simul
3257 5044 3439 5093 autem
3477 5044 3534 5092 et
3561 5036 3840 5110 Sympho-

2235 5142 2356 5182 rosa
2382 5142 2526 5182 uxor
2569 5125 2808 5195 Claudii,
2837 5135 2891 5183 et
2917 5127 3025 5182 Zoe
3052 5142 3196 5183 uxor
3222 5126 3542 5183 Nicostrati.
3574 5126 3710 5184 Post
3739 5127 3841 5185 hos

2233 5215 2416 5271 omnis
2446 5215 2656 5271 familia
2688 5232 2808 5289 quas
2855 5223 2970 5272 erat
2997 5215 3055 5271 in
3098 5215 3263 5273 domo
3289 5215 3607 5284 Nicostrati,
3635 5217 3840 5275 anime

2232 5305 2459 5377 triginta
2513 5312 2567 5360 et
2619 5312 2730 5360 tres
2776 5303 3076 5376 promiscui
3123 5322 3290 5362 sexus
3317 5307 3600 5374 etaetatis,
3631 5304 3842 5364 dehinc

2233 5412 2423 5452 omnes
2469 5393 2562 5468 qui
2613 5395 2787 5452 vincti
2836 5395 3054 5455 fuerant
3100 5414 3164 5456 ac
3209 5396 3278 5455 de
3309 5398 3544 5457 carceris
3577 5399 3842 5471 squalore

2231 5484 2478 5556 adducti,
2505 5485 2703 5544 animas
2732 5486 2991 5545 sedecim.

601 5701 717 5774 (37)
759 5702 921 5759 Multi
972 5703 1190 5761 codices
1246 5707 1480 5763 nondum
1532 5704 1781 5777 mittunt,
1832 5708 1983 5778 quasi
2043 5705 2109 5766 ad
2167 5705 2346 5781 lapsos
2375 5705 2447 5765 sit
2475 5704 2668 5767 oratio.
