4086 6208
260 343 396 403 1129

1531 341 1720 398 ACTA
1757 341 1814 396 S.
1855 339 2287 396 SEBASTIANI.

3428 330 3562 399 Il30

327 473 414 529 36.
450 471 620 543 Igitur
659 488 850 528 omnes
881 469 972 526 isti
1003 485 1201 538 vam,
1233 485 1265 524 a
1293 467 1348 524 S.
1389 467 1696 540 Polycarpo
1732 483 1868 539 pre-
1890 466 1941 524 A
1971 467 2256 539 Agrestius
2311 465 2664 523 Chromatius
2713 465 2868 522 urbis
2915 468 3100 524 Romae
3151 468 3443 539 praefectus
3493 471 3567 526 ad

257 566 477 638 sbytero
501 561 792 634 baptizati,
835 567 890 616 et
916 576 947 614 a
975 559 1030 615 S.
1062 558 1384 615 Sebastiano
1413 558 1652 629 suscepti
1683 566 1812 612 sunt
1845 575 1858 624 ;

258 654 586 711 feminarum
619 660 800 707 autem
852 658 1052 706 matres
1100 650 1256 705 factae
1300 656 1430 704 sunt
1472 647 1697 703 Beatrix
1745 646 1860 716 (38)

259 751 310 798 et
337 743 547 798 Lucina
579 741 720 812 (39).
748 739 993 795 Primum
1020 739 1203 810 itaque
1225 737 1441 794 Claudii
1463 738 1628 803 ﬁlios,
1663 734 1864 806 hydro-

259 834 445 906 picum
477 849 648 886 unum
693 841 747 887 et
795 831 1030 885 alterum
1079 829 1404 884 vulneribus
1445 830 1690 900 plenum,
1736 842 1866 880 mox

259 923 357 978 ubi
409 923 466 978 in
515 920 740 977 nomine
785 929 987 977 sanctae
1032 919 1320 975 Trinitatis
1367 918 1635 984 intinxit;
1687 917 1762 971 ita
1799 916 1866 970 de

261 1013 413 1069 fonte
444 1014 560 1069 sani
606 1013 806 1067 elevati
847 1019 996 1078 sunt,
1046 1017 1106 1065 ut
1153 1025 1252 1066 nec
1290 1009 1507 1080 signum
1545 1009 1601 1062 in
1650 1007 1728 1060 eis
1771 1005 1866 1060 ali-

260 1103 418 1176 cujus
450 1103 627 1159 morbi
677 1102 940 1174 praeteriti
977 1101 1346 1157 remansisset.
1389 1100 1513 1155 Post
1555 1097 1654 1153 hos
1683 1105 1865 1152 autem

263 1194 568 1249 infantulos
612 1192 1033 1265 Tranquillinus
1085 1199 1237 1262 pater
1284 1190 1376 1245 SS.
1429 1187 1766 1246 Marcelliani
1814 1193 1868 1240 et

261 1283 449 1348 Marci,
483 1283 578 1355 qui
610 1284 687 1338 ita
715 1283 1007 1354 podagrico
1051 1290 1105 1336 et
1133 1280 1444 1351 chiragrico
1474 1279 1653 1334 fuerat
1678 1276 1867 1332 dolore

265 1371 600 1426 constrictus
633 1370 774 1442 (40),
809 1380 870 1426 ut
898 1371 1042 1426 sicut
1072 1386 1236 1441 supra
1279 1368 1491 1424 dictum
1536 1376 1636 1433 est,
1671 1366 1767 1420 vix
1810 1365 1867 1420 in

265 1461 520 1516 manibus
549 1468 878 1531 portaretur.
914 1461 1072 1514 Hunc
1103 1459 1234 1514 dum
1263 1464 1529 1513 exuerent
1575 1456 1868 1512 indumen-

267 1549 356 1615 tis,
390 1558 443 1605 et
486 1550 581 1604 ille
629 1549 962 1605 intolerabili
1010 1566 1066 1604 se
1113 1547 1319 1604 diceret
1366 1547 1555 1602 dolore
1599 1546 1865 1617 torqueri,

265 1638 565 1710 interrogat
619 1653 743 1692 eum
803 1637 1142 1709 Polycarpus
1209 1635 1518 1708 presbyter,
1591 1632 1783 1689 dicens
1853 1652 1864 1689 :

264 1727 667 1800 Tranquilline,
727 1726 773 1781 si
819 1742 890 1782 ex
929 1733 1046 1782 toto
1092 1726 1256 1782 corde
1302 1725 1480 1781 credis
1519 1723 1866 1794 unigenitum

1971 573 2027 612 se
2057 556 2500 629 Tranquillinum
2533 563 2736 628 patrem
2777 555 3114 612 Marcelliani
3159 565 3214 612 et
3256 559 3424 614 Marci
3455 575 3562 615 ve-

1974 649 2092 703 nire
2117 646 2294 718 jubet.
2337 647 2509 714 Quem
2541 664 2666 703 cum
2698 646 2764 702 de
2792 662 3017 702 suorum
3049 649 3386 717 perquireret
3415 648 3566 704 arbi-

1975 740 2082 794 trio
2111 739 2378 806 ﬁliorum,
2411 738 2827 810 Tranquillinus
2855 736 3172 808 respondit:
3207 737 3289 792 Ad
3319 737 3568 793 referen-

1975 829 2072 884 das
2101 829 2383 886 beneﬁciis
2414 829 2612 885 vestris
2641 829 2842 901 gratias
2870 828 3058 883 nullus
3098 827 3236 881 mihi
3268 827 3378 882 oris
3404 828 3569 884 sufﬁ-

1975 920 2052 975 cit
2103 934 2301 974 sermo.
2353 919 2470 975 Nisi
2515 918 2662 974 enim
2711 926 2993 974 currentes
3045 917 3342 972 sententias
3399 917 3569 974 vestri

1976 1010 2131 1066 frena
2162 1010 2557 1066 moderaminis
2587 1011 2914 1077 tenuissent,
2953 1017 3007 1063 et
3036 1025 3134 1080 ego
3161 1007 3306 1063 ﬁlios
3343 1008 3571 1063 amisis—

1977 1115 2111 1166 sem,
2137 1107 2189 1153 et
2222 1115 2306 1154 me
2338 1105 2544 1170 patrem
2576 1099 2678 1154 ﬁlii
2709 1115 2819 1154 non
2851 1098 3134 1154 haberent.
3169 1097 3564 1169 Congratulan-

1977 1196 2068 1244 tur
2114 1188 2253 1243 mihi
2294 1204 2506 1255 omnes,
2553 1205 2689 1260 quos
2735 1195 2883 1244 tenet
2925 1197 3183 1259 paternus
3220 1188 3467 1256 affectus,
3517 1194 3571 1242 et

1977 1278 2170 1350 pungit
2213 1279 2498 1336 charitatis
2539 1279 2837 1347 stimulus;
2895 1280 3060 1334 etiam
3119 1287 3324 1347 vestra,
3382 1278 3568 1347 credo,

1979 1369 2127 1440 quod
2160 1370 2297 1425 mihi
2327 1370 2666 1442 congaudeat
2698 1369 2990 1446 celsitudo,
3033 1369 3251 1440 quando
3283 1369 3572 1428 morituris

1979 1457 2094 1514 vita
2129 1461 2349 1529 collata,
2394 1469 2448 1516 et
2472 1463 2654 1518 anxiis
2683 1462 2875 1518 laetitia
2914 1462 3151 1529 reddita,
3192 1461 3448 1516 sollicitis
3477 1477 3573 1518 se-

1980 1551 2185 1605 curitas
2217 1551 2473 1606 restituta
2504 1551 2643 1624 (44).

2053 1640 2141 1697 39.
2176 1641 2328 1697 Tunc
2358 1643 2649 1714 praefectus
2668 1643 2947 1700 aestimans
2976 1643 3123 1699 ﬁlios
3143 1643 3262 1715 ejus
3281 1659 3408 1700 suas
3427 1643 3571 1700 velle

1981 1731 2147 1788 idolis
2176 1732 2443 1789 inclinare
2471 1733 2733 1802 cervices,
2765 1735 2876 1788 ait:
2915 1734 3173 1790 Venienti
3204 1751 3331 1806 ergo
3361 1734 3450 1790 die
3483 1733 3572 1790 de-

264 1817 468 1873 Filium
499 1815 599 1872 Dei
630 1815 930 1872 Dominum
964 1815 1147 1870 Jesum
1179 1813 1461 1870 Christum
1504 1811 1608 1868 tibi
1639 1812 1868 1868 salutem
1902 1834 1949 1894 B
1979 1819 2098 1877 bita
2146 1821 2262 1892 (45)
2315 1821 2640 1878 numinibus
2664 1838 2696 1877 a
2722 1821 2858 1877 ﬁliis
2886 1821 2998 1877 tuis
3033 1821 3198 1877 thura
3227 1823 3529 1879 reddantur
3557 1843 3568 1880 :

264 1923 419 1978 posse
461 1906 731 1974 conferre,
774 1912 828 1960 et
865 1903 1124 1959 omnibus
1164 1902 1403 1975 peccatis
1438 1900 1552 1957 tuis
1582 1900 1868 1972 indulgen~

266 1997 402 2054 tiam
431 1995 767 2063 condonare,
797 1995 1020 2068 proprio
1050 2010 1143 2050 ore
1192 1993 1416 2050 edicito.
1452 1992 1870 2063 Tranquillinus

266 2085 594 2157 respondit:
629 2085 746 2156 Ego
793 2083 1195 2155 indulgentiam
1239 2082 1411 2138 solam
1457 2079 1694 2154 peccatis
1736 2080 1872 2134 meis

266 2175 385 2230 dari
417 2182 470 2230 et
513 2173 763 2230 desidero
809 2179 864 2227 et
909 2173 1093 2228 credo.
1139 2171 1432 2239 Caeterum,
1475 2169 1578 2226 etsi
1615 2177 1736 2241 post
1779 2168 1870 2224 ba-

268 2263 540 2336 ptismatis
567 2261 736 2334 hujus
763 2261 1252 2319 sanctiﬁcationem
1285 2260 1344 2316 in
1373 2259 1663 2316 doloribus
1692 2259 1867 2326 fuero,

266 2371 375 2410 non
406 2361 596 2425 potero
641 2352 708 2408 de
759 2352 867 2407 ﬁde
898 2350 1103 2408 Christi
1143 2350 1376 2407 ulterius
1407 2349 1658 2405 dubitare
1693 2367 1703 2404 :
1735 2365 1872 2420 pro-

265 2445 394 2501 bavi
423 2445 572 2499 enim
600 2450 655 2498 et
681 2459 749 2498 ex
777 2449 908 2507 toto
936 2441 1100 2498 corde
1135 2441 1386 2508 credens,
1420 2441 1476 2495 in
1525 2456 1644 2494 mea
1688 2449 1870 2495 mente

267 2533 539 2600 consensi,
573 2532 720 2604 quod
751 2531 926 2586 Filius
967 2531 1066 2586 Dei
1106 2530 1177 2586 sit
1208 2531 1479 2585 Dominus
1507 2529 1662 2584 Jesus
1705 2528 1866 2586 Chri-

267 2633 407 2693 stus,
439 2624 534 2697 qui
579 2630 755 2695 potest
786 2630 839 2676 et
868 2621 1155 2677 animabus
1184 2629 1238 2677 et
1266 2620 1589 2692 corporibus
1637 2621 1868 2676 salutem

266 2715 529 2781 tribuere,
578 2720 631 2767 et
683 2729 714 2767 a
758 2719 933 2766 morte
981 2719 1184 2766 aeterna
1225 2710 1293 2766 ad
1336 2712 1504 2766 vitam
1555 2717 1867 2782 perpetuam

268 2819 546 2860 revocare.
609 2803 736 2858 Hac
785 2819 908 2857 cum
951 2801 1183 2857 dixisset
1232 2817 1364 2856 voce
1415 2817 1629 2872 magna,
1681 2815 1870 2855 omnes

268 2893 442 2950 sancti
479 2910 587 2965 pra:
637 2891 835 2964 gaudio
884 2891 1155 2962 lacrymas
1197 2890 1571 2958 effundebant,
1615 2899 1668 2945 et
1717 2906 1866 2961 roga-

267 2983 401 3040 bant
441 2981 744 3038 Dominum
793 2988 854 3036 ut
897 2980 1026 3036 ﬁdei
1067 2979 1184 3051 ejus
1229 2979 1440 3035 fructus
1470 2979 1865 3035 ostenderetur.

269 3071 504 3128 Sanctus
561 3072 731 3142 igitur
779 3071 1116 3141 Polycarpus
1165 3069 1446 3124 confessor
1489 3077 1544 3123 et
1585 3067 1872 3139 presbyter

270 3180 402 3219 mox
449 3170 509 3217 ut
555 3178 682 3216 eum
729 3160 1044 3216 chrismatis
1077 3158 1193 3230 (41)
1240 3156 1425 3212 linivit
1456 3163 1756 3228 unguento,
1790 3156 1869 3210 in-

269 3253 570 3324 terrogavit
617 3267 742 3304 eum
802 3249 1024 3316 iterum,
1069 3248 1115 3303 si
1156 3247 1400 3304 crederet
1447 3246 1506 3301 in
1552 3247 1764 3301 Patrem
1813 3253 1867 3301 et

268 3341 473 3396 Filium
509 3349 564 3396 et
591 3338 861 3409 Spiritum
893 3346 1141 3393 sanctum
1177 3357 1190 3405 ;
1228 3338 1410 3393 statim
1445 3343 1508 3390 ut
1536 3335 1817 3406 respondit
1851 3354 1861 3392 :

262 3431 458 3498 Credo,
510 3431 762 3484 resoluta:
807 3438 936 3484 sunt
981 3445 1175 3484 manus
1229 3426 1348 3499 ejus
1395 3444 1513 3500 quae
1569 3435 1724 3481 erant
1771 3443 1864 3481 no-

266 3522 435 3588 dosae,
495 3527 549 3574 et
599 3536 774 3590 genua
817 3519 983 3574 simul
1031 3528 1084 3575 et
1133 3519 1334 3590 planta:
1381 3517 1581 3589 pedum
1632 3515 1748 3587 ejus
1789 3516 1868 3571 ita

264 3619 395 3667 sunt
424 3610 731 3666 incolumes
756 3608 1005 3677 redditae,
1036 3617 1097 3665 ut
1135 3626 1198 3665 ac
1225 3607 1272 3663 si
1303 3608 1564 3679 puerulus
1590 3605 1866 3662 renovatis

265 3699 497 3772 pedibus
526 3699 640 3754 suis
675 3699 730 3754 in
783 3699 992 3754 fontem
1039 3697 1392 3755 descenderet
1429 3699 1672 3754 clamans
1701 3704 1754 3751 et
1784 3695 1864 3751 di-

260 3806 389 3847 cens
423 3808 435 3847 :
470 3789 552 3845 Tu
590 3805 647 3844 es
675 3790 820 3846 Deus
866 3805 1011 3846 unus
1052 3797 1106 3845 et
1148 3805 1332 3858 verus,
1377 3804 1537 3861 quem
1567 3787 1734 3842 miser
1762 3784 1864 3842 iste

261 3880 501 3936 mundus
531 3880 764 3952 ignorat.

332 3970 422 4025 37.
465 3970 582 4024 Hoc
634 3970 816 4040 itaque
863 3969 1057 4024 ordine
1105 3986 1204 4024 suo
1251 3968 1546 4040 baptizato,
1592 3967 1860 4035 universi,

260 4066 428 4131 prout
467 4056 833 4128 competebat,
863 4056 1122 4128 baptizati
1154 4065 1302 4125 sunt,
1328 4065 1381 4112 et
1405 4074 1501 4128 per
1528 4055 1647 4111 dies
1674 4055 1860 4112 decem

260 4148 355 4221 qui
391 4147 507 4219 (42)
556 4154 877 4218 supererant
910 4145 1189 4213 dilationi,
1239 4163 1403 4219 quam
1436 4153 1770 4212 meruerant,
1803 4145 1860 4200 in

258 4239 358 4296 Dei
407 4237 666 4293 laudibus
713 4236 1072 4308 perdurantes
1114 4236 1387 4294 ducebant
1420 4238 1536 4294 dies
1582 4247 1636 4293 et
1674 4245 1861 4293 noctes

260 4329 318 4387 in
346 4328 572 4402 hymnis
609 4335 665 4384 et
692 4327 944 4394 canticis,
978 4335 1032 4382 et
1061 4327 1217 4400 quasi
1259 4327 1449 4383 ﬁdeles
1477 4328 1682 4383 milites
1710 4343 1858 4398 para-

257 4419 392 4477 bant
421 4422 638 4477 animos
681 4436 810 4475 suos
860 4417 927 4474 ad
975 4418 1351 4476 dimicandum
1399 4435 1498 4492 pro
1527 4419 1734 4476 Christi
1766 4437 1858 4476 no-

260 4511 408 4568 mine
438 4513 496 4566 in
527 4511 793 4584 martyrio
836 4509 1114 4580 bellaturi,
1170 4510 1246 4565 ita
1273 4516 1334 4565 ut
1363 4519 1417 4566 et
1446 4510 1502 4564 in
1535 4509 1859 4566 mulieribus

258 4611 312 4658 et
340 4601 631 4680 infantulis
660 4617 812 4655 amor
866 4601 1102 4656 ferveret
1148 4599 1420 4671 martyrii,
1454 4606 1506 4654 et
1537 4599 1775 4655 invicem
1802 4617 1857 4656 se
1888 4578 1936 4636 Π

256 4691 325 4747 ad
355 4691 754 4747 confessionem
807 4690 983 4746 sancti
1031 4689 1276 4746 nominis
1322 4697 1515 4746 contra
1560 4688 1894 4745 diabolicas‘

257 4783 400 4839 acies
434 4789 818 4853 praepararent.

857 4887 1085 4946 CAPUT
1127 4887 1248 4943 XII.

254 4977 488 5034 Errores
529 4978 812 5033 Gentilium
859 4995 1035 5032 coram
1071 4976 1376 5033 Clu-amatio
1431 4977 1581 5032 Urbis
1606 4976 1852 5048 prrefecto

675 5066 933 5136 confutati
970 5086 1002 5122 (ι
1042 5067 1435 5137 Tranquillino.

328 5164 418 5221 38.
448 5163 653 5220 Diebus
679 5163 791 5235 (43)
823 5164 993 5236 igitur
1020 5173 1251 5236 acceptae
1281 5163 1565 5219 dilationis
1595 5163 1848 5236 expletis,

329 5347 446 5420 (38)
480 5346 694 5420 Colitur
723 5348 776 5404 S.
811 5349 1034 5405 Beatrix
1059 5351 1130 5406 29
1155 5351 1266 5406 Jul.

330 5419 446 5490 (39)
477 5421 552 5474 De
584 5419 684 5475 hac
713 5421 918 5475 Lucina
948 5431 1132 5478 actum
1166 5422 1230 5478 16
1258 5422 1479 5478 Januar.
1531 5419 1588 5475 in
1633 5419 1764 5477 Vita
1791 5419 1845 5475 S.

252 5491 518 5548 Marcelli.
554 5490 768 5547 Colitur
800 5492 867 5547 30
897 5493 1067 5550 Junii.

355 5561 446 5632 40)
478 5563 592 5629 AL,
623 5569 938 5620 contractus.

355 5633 445 5701 41)
478 5633 590 5698 Al.,
618 5635 737 5690 olei.

328 5703 446 5777 (42)
479 5705 707 5762 Addunt
735 5706 955 5779 quidam
988 5707 1229 5779 codices,
1256 5713 1302 5765 et
1330 5724 1439 5764 sex.

532 5804 772 5863 Panos.
812 5806 989 5865 XVII.

1979 1926 2076 1981 per
2116 1926 2238 1982 qua
2288 1917 2342 1965 et
2376 1919 2438 1965 tu
2478 1911 2611 1968 ﬁliis
2653 1928 2966 1983 perseveres
3007 1912 3322 1980 incolumis,
3372 1921 3426 1968 et
3470 1912 3574 1968 tibi

1980 1997 2083 2053 ﬁlii
2114 1998 2518 2054 condonentur.
2543 2000 2791 2056 Audiens
2821 2000 2938 2057 haec
2965 2001 3382 2073 Tranquillinus
3402 2000 3568 2058 dixit:

1981 2088 2357 2144 Illustrissime
2407 2090 2675 2158 virorum,
2734 2091 3009 2147 examinis
3056 2093 3224 2148 vestri
3275 2092 3472 2148 libram
3525 2093 3570 2148 si

1981 2176 2169 2232 velitis
2198 2193 2325 2250 erga
2352 2194 2439 2233 me
2463 2186 2517 2234 et
2551 2178 2697 2234 ﬁlios
2738 2195 2888 2235 meos
2930 2195 3086 2252 aqua
3129 2180 3281 2235 lance
3325 2196 3570 2252 pensare,

1981 2283 2272 2339 agnoscere
2331 2267 2584 2340 poteritis
2647 2267 2754 2324 hoc
2807 2268 3184 2325 Christianum
3242 2269 3570 2326 vocabulum

1984 2373 2191 2428 magna;
2244 2374 2359 2414 esse
2416 2358 2661 2414 virtutis.
2730 2359 3026 2415 Praefectus
3083 2359 3264 2416 dixit:
3334 2359 3572 2428 Insanis,

1979 2447 2378 2520 Tranquilline.
2439 2449 2854 2522 Tranquillinus
2910 2449 3229 2521 respondit:
3298 2450 3572 2506 Insaniam

1979 2554 2170 2609 passus
2215 2555 2358 2605 sum,
2418 2545 2472 2593 et
2500 2539 2699 2594 animai
2730 2546 2784 2593 et
2813 2539 3089 2609 corporis;
3151 2539 3246 2594 sed
3275 2539 3459 2594 statim
3510 2547 3574 2595 ut

1979 2626 2187 2683 credidi
2233 2625 2474 2694 Christo,
2508 2634 2562 2682 et
2603 2626 2799 2682 animae
2848 2643 2981 2682 meae
3013 2627 3193 2700 recepi
3233 2635 3287 2683 et
3323 2628 3571 2700 corporis

1979 2715 2288 2772 sanitatem.

2051 2815 2139 2871 40.
2172 2815 2468 2872 Praefectus
2497 2815 2643 2872 dixit
2669 2835 2680 2872 :
2735 2818 2872 2889 Ego,
2916 2826 2978 2874 ut
3007 2817 3187 2887 video,
3244 2818 3312 2874 ad
3341 2819 3446 2876 hoc
3476 2819 3572 2876 in—

1979 2905 2168 2963 ducias
2217 2907 2492 2963 sceleratis
2540 2907 2672 2964 ﬁliis
2716 2910 2828 2964 tuis
2868 2909 3083 2964 dedisse
3118 2926 3438 2982 cognoscor,
3507 2919 3571 2967 ut

1979 3012 2091 3051 non
2121 2998 2297 3053 solum
2330 3005 2389 3052 tu
2426 2998 2552 3052 illos
2590 2998 2657 3052 ab
2686 3013 2869 3053 errore
2902 3015 3014 3054 non
3046 2999 3289 3068 tolleres,
3342 3000 3437 3056 sed
3486 3000 3570 3056 illi

1978 3092 2031 3140 te
2075 3088 2190 3143 suis
2243 3086 2524 3142 erroribus
2570 3087 2868 3144 irretirent.
2919 3089 3338 3162 Tranquillinus
3380 3091 3568 3147 dixit:

1979 3177 2080 3232 Per
2110 3178 2335 3249 gloriam
2371 3186 2628 3244 vestram,
2680 3195 2878 3234 nomen
2914 3179 3090 3250 ipsum
3127 3180 3330 3236 erroris
3377 3181 3573 3238 discu-

1976 3266 2098 3334 tite,
2122 3276 2174 3322 et
2201 3266 2384 3322 videte
2415 3283 2536 3339 quas
2565 3283 2728 3338 opera
2759 3267 2960 3323 erroris
2999 3269 3223 3324 nomine
3249 3286 3568 3342 nuncupen-

1975 3365 2085 3413 tur.
2139 3358 2436 3414 Praefectus
2479 3358 2670 3415 dixit:
2724 3359 2807 3414 Tu
2853 3359 2943 3414 dic
2987 3376 3108 3431 quae
3161 3377 3324 3431 opera
3371 3361 3570 3417 erroris

1976 3463 2178 3502 nomen
2229 3447 2521 3518 accipiant.
2607 3447 3023 3520 Tranquillinus
3077 3447 3263 3504 dixit:
3350 3449 3568 3506 Primus

1975 3554 2126 3592 error
2162 3545 2243 3594 est
2270 3539 2416 3594 viam
2447 3539 2577 3594 vitae
2606 3538 2936 3610 relinquere,
2984 3545 3038 3593 et
3066 3555 3162 3610 per
3190 3539 3338 3594 viam
3369 3541 3566 3597 mortis

1976 3635 2250 3699 gratanter
2306 3627 2577 3684 incedere.
2630 3627 2925 3682 Praefectus
2981 3626 3164 3682 dixit:
3213 3629 3284 3682 Et
3325 3645 3446 3700 quae
3485 3636 3569 3684 est

1973 3717 2065 3773 via
2091 3718 2334 3773 mortis?
2382 3717 2799 3789 Tranquillinus
2828 3717 3008 3773 dixit:
3053 3718 3174 3773 Non
3206 3717 3310 3774 tibi
3341 3719 3566 3774 videtur

1972 3808 2066 3863 via
2092 3805 2288 3863 mortis
2316 3823 2453 3873 esse,
2487 3807 2719 3862 mortuis
2749 3806 3073 3862 hominibus
3101 3807 3335 3862 Deitatis
3361 3824 3564 3863 nomen

1972 3897 2274 3969 imponere,
2327 3905 2381 3953 et
2430 3898 2631 3969 ﬁguras
2679 3915 2866 3953 eorum
2921 3914 3018 3970 per
3067 3897 3216 3970 ligna
3256 3906 3310 3953 et
3359 3898 3566 3970 lapides

1971 3986 2198 4043 adorare
2221 3986 2249 4040 ?

2043 4083 2131 4138 41.
2165 4082 2461 4138 Praefectus
2491 4081 2637 4138 dixit
2664 4101 2674 4137 :
2724 4083 2869 4155 Ergo
2898 4099 3009 4138 non
3041 4090 3168 4138 suut
3197 4081 3274 4136 dii
3309 4098 3444 4154 quos
3475 4099 3561 4140 co-

1972 4172 2182 4228 limus?
2242 4171 2660 4242 Tranquillinus
2689 4171 2866 4227 dixit:
2927 4173 2987 4227 In
3034 4179 3250 4226 tantum
3292 4187 3404 4226 non
3433 4181 3563 4228 sunt

1970 4265 2048 4338 dii
2079 4272 2142 4319 ut
2170 4265 2381 4335 legatur
2410 4263 2468 4317 in
2494 4263 2780 4319 codicibus
2811 4263 3049 4335 publicis
3103 4263 3243 4335 (46),
3295 4271 3347 4319 et
3396 4280 3559 4337 quam

1969 4355 2110 4410 male
2140 4354 2252 4409 sint
2286 4353 2423 4421 nati,
2465 4361 2518 4408 et
2548 4371 2711 4427 quam
2743 4354 2964 4427 iniquos
2993 4363 3046 4411 et
3075 4353 3324 4410 crudeles
3352 4362 3406 4410 et
3433 4371 3561 4412 sce-

1970 4445 2168 4500 leratos
2198 4451 2446 4516 parentes
2478 4442 2774 4498 habuerint
2807 4461 2820 4511 ;
2872 4453 2925 4499 et
2954 4461 3117 4516 quam
3149 4444 3338 4517 inique
3386 4453 3440 4500 et
3465 4444 3559 4501 do-

1973 4539 2082 4594 lose
2125 4547 2178 4594 et
2226 4537 2602 4593 fraudulenter
2631 4535 2912 4605 vixerint;
2955 4545 3007 4592 et
3053 4554 3216 4610 quam
3264 4538 3559 4594 miserabi-

1968 4629 2094 4684 liter
2145 4627 2351 4685 mortui
2407 4629 2537 4683 sint.
2605 4627 2887 4700 Numquid
2943 4635 3233 4700 antequam
3291 4627 3559 4685 Saturnus

1968 4717 2318 4775 Cretensibus
2349 4718 2662 4790 imperaret,
2714 4725 2767 4773 et
2806 4717 3048 4772 ﬁliorum
3094 4734 3319 4772 suorum
3368 4735 3559 4775 carnes

1966 4807 2296 4875 comederet,
2348 4809 2493 4863 Deus
2532 4807 2588 4861 in
2619 4806 2773 4862 ccelis
2811 4823 2920 4861 non
2951 4815 3084 4874 erat,
3133 4816 3227 4863 aut
3268 4808 3428 4864 Creta
3458 4809 3557 4864 in-

1965 4899 2088 4954 sula
2125 4897 2360 4952 habebat
2391 4913 2593 4968 regem,
2640 4905 2693 4952 et
2721 4896 2844 4952 coeli
2885 4897 3058 4951 Deum
3093 4913 3203 4951 non
3234 4896 3558 4952 habebant?

1964 4985 2136 5042 Valde
2169 4994 2308 5040 errat
2355 4985 2448 5056 qui
2492 4991 2646 5055 putat
2676 4985 2864 5040 Jovem
2898 4983 3072 5040 ﬁlium
3108 4984 3247 5056 ejus,
3289 4986 3556 5057 imperare

1963 5077 2314 5142 fulminibus,
2350 5075 2780 5132 homuncionem
2814 5075 2870 5130 in
2911 5094 3020 5149 quo
3056 5077 3265 5132 malitia
3295 5083 3347 5129 et
3381 5073 3555 5129 libido

1961 5167 2238 5239 regnabat.
2290 5166 2462 5232 Quem
2496 5182 2605 5220 non
2641 5174 2960 5237 persecutus
2989 5174 3088 5233 est,
3141 5165 3235 5236 qui
3268 5164 3409 5235 patri
3439 5180 3553 5218 non

2033 5348 2149 5419 (43)
2192 5349 2464 5421 Scriptum
2488 5358 2602 5407 erat
2623 5353 2679 5406 in
2699 5349 2974 5408 Rosweidi
3000 5347 3367 5421 autographo:
3393 5348 3549 5404 Liber”

1960 5439 2020 5476 II.
2057 5423 2205 5502 Idam
2236 5419 2566 5478 divisionem
2611 5424 2668 5479 in
2713 5424 2868 5479 nullo
2908 5419 3239 5492 exemplari
3276 5427 3548 5492 repertam

1959 5509 2265 5548 omnsrmus.

2060 5564 2152 5636 44)
2195 5566 2261 5620 ΑΙ
2274 5609 2284 5620 .
2297 5610 2310 5634 ,
2343 5573 2660 5623 constructa.

2059 5633 2151 5708 (ιδ)
2192 5637 2290 5692 Ms.
2325 5640 2379 5694 S.
2412 5638 2576 5708 Gist.,
2608 5638 2725 5694 veni
2750 5654 2869 5708 ergo
2889 5633 3042 5691 hodie
3071 5640 3117 5690 et
3143 5634 3337 5692 debita.

2033 5707 2150 5778 (46)
2193 5710 2304 5776 AL,
2338 5711 2547 5766 vestris.

3198 5804 3267 5863 36
