4086 6208
544 333 676 389 1131

1546 328 1642 384 ΑΙ)
1682 324 1915 386 OPERA
1953 328 2009 384 S.
2048 327 2381 386 AMBROSII
2418 321 2797 384 APPENDIX.

3704 324 3839 382 H32

538 455 832 530 pepercit?
884 457 995 509 Aut
1041 469 1203 525 quam
1266 451 1482 507 sordem
1534 468 1644 508 non
1691 454 1959 522 exercuit,
2024 455 2123 527 qui
2157 456 2311 515 Aest
2340 470 2501 527 quem
2531 451 2737 523 colitis,
2769 449 3075 519 Christum,
3125 465 3287 522 quem
3321 448 3499 505 Judaei
3544 449 3845 508 cruciﬁxe-

536 567 691 607 suam
720 563 1033 621 germanam
1062 545 1273 617 accepit
1303 561 1535 601 uxorem
1562 546 1591 601 Ὺ
1634 548 1696 602 lu
1726 546 1866 614 foro,
1911 547 1967 602 in
2000 547 2129 619 pla-

536 640 660 707 teis,
692 639 751 694 in
780 636 1057 703 domibus,
1095 642 1258 707 atque
1289 634 1346 689 in
1377 635 1528 690 omni
1562 635 1682 691 loco
1714 636 1959 708 quotidie
2002 636 2127 707 legi-

538 747 682 796 mus,
728 726 856 800 quia
882 725 1263 781 sordidissima
1289 725 1434 780 Juno
1465 724 1611 797 quod
1639 733 1691 780 et
1720 743 1875 780 soror
1901 734 1955 780 et
1986 742 2128 782 con—

532 818 638 890 jux
685 816 853 872 fuerit
901 814 1205 886 gloriatur:
1262 821 1315 869 et
1366 814 1509 885 rapti
1566 813 1901 885 Ganymedis
1954 814 2135 869 honor

537 907 891 980 turpissimus
918 913 1080 978 atque
1110 904 1508 960 incestissimus
1541 904 1609 958 ab
1637 903 1791 975 ipsis,
1849 921 1879 959 a
1930 906 2130 978 quibus

536 995 689 1053 Jovis
717 993 938 1061 colitur,
969 1008 1079 1048 non
1110 1001 1359 1064 negatur.
1391 993 1511 1048 Non
1542 1009 1669 1065 ergo
1700 1010 1867 1062 erras,
1894 996 1980 1050 vir
2005 996 2127 1050 sub-

537 1085 850 1152 limissime,
900 1082 994 1155 qui
1033 1084 1168 1139 tales
1200 1083 1357 1149 colis,
1404 1085 1591 1155 quales
1634 1085 1893 1140 Romanae
1933 1084 2130 1156 jubent

538 1175 684 1247 leges
724 1190 824 1245 pro
852 1173 936 1227 sui
986 1171 1115 1227 facti
1176 1171 1437 1244 qualitate
1494 1171 1767 1241 damnari,
1827 1182 1881 1229 et
1935 1175 2130 1230 relicto

538 1266 652 1320 Deo
683 1262 1061 1333 omnipotente
1102 1260 1197 1332 qui
1228 1260 1288 1313 in
1321 1259 1478 1316 caelis
1507 1269 1715 1331 regnat,
1765 1262 1936 1334 lapidi
1967 1264 2127 1333 dicis,

538 1354 684 1409 Deus
715 1367 867 1407 meus
896 1367 953 1405 es
981 1357 1043 1405 tu
1069 1367 1079 1405 :
1113 1356 1170 1405 et
1200 1349 1349 1421 ligno
1379 1349 1546 1406 dicis:
1581 1350 1801 1424 Adjuva
1831 1354 1961 1409 me?

609 1439 697 1497 42.
730 1439 1026 1495 Praefectus
1053 1437 1199 1493 dixit
1223 1457 1234 1494 :
1260 1438 1349 1493 Ex
1374 1455 1482 1511 quo
1512 1440 1755 1510 cmpistis
1785 1440 2129 1512 blasphema-

538 1548 595 1588 re
622 1530 772 1597 deos,
822 1536 877 1583 et
909 1544 940 1583 a
967 1528 1185 1585 cultura
1214 1544 1403 1583 eorum
1434 1528 1708 1597 recedere,
1738 1546 1808 1584 ex
1840 1546 1905 1585 eo
1933 1529 2129 1585 diver-

535 1620 611 1678 sis
640 1619 756 1692 (47)
794 1617 1045 1675 cladibus
1072 1620 1352 1675 Romanus
1385 1618 1535 1673 orbis
1561 1619 1912 1691 opprimitur.
1945 1620 2128 1676 Tran—

535 1708 806 1782 quillinus
835 1706 1120 1778 respondit
1146 1724 1156 1760 :
1189 1709 1313 1762 Non
1342 1714 1424 1761 est
1452 1722 1666 1762 verum.
1696 1707 1833 1762 Nam
1864 1708 1911 1762 si
1942 1724 2125 1763 recen-

533 1816 651 1855 seas
681 1796 910 1853 decadas
946 1798 1093 1868 stylo
1122 1795 1271 1851 Livii
1325 1796 1442 1867 (48)
1494 1795 1751 1867 digestas,
1800 1798 1919 1854 illic
1958 1800 2125 1855 inve—
2156 1814 2202 1873 Β
2236 1796 2341 1868 lige
2390 1796 2678 1852 veritatem
2730 1814 2741 1850 :

532 1887 653 1942 nies
680 1885 804 1939 Jovi
834 1884 999 1940 thura
1028 1891 1317 1955 ponentes,
1339 1901 1448 1939 una
1478 1885 1566 1940 die
1596 1887 1795 1959 viginti
1816 1888 1923 1944 tria
1952 1889 2127 1945 millia

529 1973 763 2032 Romani
810 1973 1085 2029 exercitus
1125 1972 1358 2045 juvenes
1402 1975 1685 2032 cecidisse.
1739 1978 1844 2033 Sed
1904 1987 1957 2034 et
1985 1980 2126 2036 illud

529 2080 642 2122 non
674 2080 730 2119 es
758 2062 1071 2131 immemor,
1103 2063 1251 2135 quod
1280 2064 1626 2122 Senonenses
1659 2066 1802 2123 Galli
1829 2069 1994 2125 etiam
2027 2071 2123 2128 Ca-

527 2154 787 2229 pitolium
827 2162 1236 2225 occupaverunt
1292 2154 1408 2227 (49)
1459 2165 1512 2213 et
1559 2173 1781 2213 omnem
1820 2160 2122 2216 Romanam

528 2259 753 2299 manum
783 2243 899 2298 suis
925 2241 1187 2298 ludibriis
1216 2242 1600 2315 subjugarunt.
1642 2245 1901 2302 Diversas
1929 2247 2119 2317 fames,

531 2340 586 2389 et
609 2331 1005 2388 inenarrabiles
1021 2340 1221 2403 pestes,
1244 2332 1491 2390 diversas
1503 2335 2123 2407 captivitates,diversas

527 2422 823 2481 effusiones
852 2422 1137 2493 sanguinis
1166 2424 1445 2480 Romanus
1463 2425 1613 2482 orbis
1632 2443 1821 2499 passus
1841 2437 1941 2496 est,
1972 2437 2121 2485 ante-

530 2529 697 2587 quam
724 2528 896 2568 unum
929 2512 1173 2569 colerent
1202 2511 1456 2570 homines
1485 2516 1682 2571 Deum.
1710 2517 1870 2574 Nunc
1894 2534 2026 2574 vero
2052 2535 2122 2575 ex

527 2625 637 2684 quo
671 2608 973 2666 invisibilis
1008 2616 1063 2665 et
1100 2625 1266 2665 verus
1294 2611 1440 2666 Deus
1475 2610 1642 2683 coepit
1688 2629 1721 2668 a
1765 2614 2120 2672 credentibus

526 2699 655 2768 coli,
688 2708 847 2756 aucta
881 2698 997 2771 (50)
1030 2715 1163 2770 pace
1191 2699 1431 2755 exsultat
1463 2700 1768 2757 Romanum
1801 2702 2117 2775 imperium.

525 2786 632 2845 Sed
673 2786 820 2862 quod
866 2786 1021 2860 pejus
1059 2795 1161 2855 est,
1207 2789 1371 2856 Deus,
1424 2789 1520 2860 qui
1566 2788 1671 2847 hoc
1709 2799 1950 2862 praestat,
2007 2810 2119 2849 non

526 2879 912 2951 cognoscitur;
937 2877 1032 2935 sed
1064 2887 1327 2936 creaturae
1356 2878 1476 2950 ejus
1503 2881 1822 2951 ascribitur,
1847 2883 2120 2957 quidquid

525 2983 557 3023 a
585 2968 838 3025 Creatore
868 2975 1176 3039 przestatur.
1588 2992 1593 2996 ·

595 3056 685 3112 43.
725 3058 1021 3113 Praefectus
1066 3056 1242 3112 dixit:
1304 3056 1362 3114 Si
1407 3056 1502 3114 ille
1558 3059 1822 3116 colendus
1869 3070 1967 3130 est,
2024 3063 2119 3137 qui

526 3143 786 3236 humanis
812 3144 1357 3236 commodisialiquid
1388 3154 1629 3218 praestat,
1679 3149 1868 3205 nullus
1899 3151 2005 3207 nisi
2036 3152 2116 3207 sol
2150 3172 2199 3236 ρ

525 3231 823 3289 habebitur
851 3233 1005 3302 deus,
1049 3235 1144 3307 qui
1180 3245 1403 3307 aspectu
1440 3253 1539 3291 suo
1572 3243 1730 3292 terrae
1764 3237 1973 3294 viscera
2015 3257 2121 3295 ve-

525 3330 692 3396 getat,
722 3330 783 3378 ut
811 3323 1023 3379 semina
1052 3335 1302 3397 suscepta
1329 3326 1618 3398 parturiat,
1655 3334 1708 3382 et
1748 3328 1995 3399 genuinae
2025 3346 2124 3384 so-

522 3414 668 3471 bolis
691 3431 857 3487 grana
886 3415 943 3471 in
976 3416 1160 3471 culmo
1189 3415 1463 3484 restituat,
1514 3424 1678 3489 atque
1709 3419 1984 3474 universis
2028 3436 2123 3474 sa—

520 3502 655 3559 lutis
699 3510 898 3559 nostrae
928 3504 1286 3572 utilitatibus,
1327 3512 1381 3559 et
1424 3505 1610 3561 lumen
1661 3514 1714 3562 et
1757 3507 2123 3562 restauratio-

523 3605 651 3645 nem
677 3591 882 3661 pariter
912 3592 1120 3647 tribuat
1157 3600 1211 3646 et
1240 3593 1508 3663 vigorem.
1556 3594 1983 3666 Tranquillinus
2025 3612 2124 3651 re-

522 3676 775 3747 spondit:
824 3678 896 3731 Et
928 3678 985 3732 in
1018 3678 1125 3732 hoc
1149 3695 1302 3733 error
1332 3688 1415 3735 est
1446 3679 1721 3736 infinitus.
1770 3682 1903 3737 Nam
1935 3684 1980 3737 si
2013 3684 2123 3739 ho-

526 3764 617 3822 die
644 3781 739 3837 per
766 3781 988 3821 servum
1021 3782 1182 3822 suum
1213 3767 1488 3840 quispiam
1518 3769 1823 3840 clientibus
1864 3770 1977 3827 suis
2012 3775 2124 3829 tri-

525 3853 661 3910 buat
691 3853 840 3927 quod
861 3862 1105 3927 rogatur,
1137 3855 1355 3913 inﬁnita
1385 3857 1627 3913 stultitia
1654 3865 1756 3927 est,
1778 3859 1824 3914 si
1846 3861 2125 3931 neglectus

529 3942 624 3998 ille
654 3942 751 4015 qui
779 3944 1055 4015 prastitit,
1106 3961 1295 4001 servus
1336 3962 1432 4018 per
1461 3962 1625 4019 quem
1657 3948 1971 4018 praestiterit
2013 3950 2125 4006 ho-

526 4039 775 4090 noretur.
824 4034 896 4088 Et
924 4040 985 4089 ut
1024 4031 1264 4106 aliquam
1293 4032 1461 4106 hujus
1498 4034 1632 4092 dicti
1660 4038 2122 4110 comparationem

526 4121 849 4192 exhibeam;
904 4123 1159 4196 nunquid
1197 4140 1324 4180 cum
1355 4141 1524 4182 naves
1562 4127 1827 4183 Romanis
1864 4127 2125 4184 alimenta

526 4210 807 4281 deferunt,
840 4211 1079 4269 navibus
1110 4214 1296 4285 potius
1325 4230 1488 4288 quam
1518 4214 1739 4288 regibus
1767 4216 1952 4288 gratiae
1988 4218 2121 4273 refe-

527 4309 728 4358 runtur
747 4301 776 4356 ?
824 4301 879 4357 Si
910 4318 1037 4374 ergo
1066 4318 1179 4359 non
1213 4302 1621 4375 navigantibus,
1668 4304 1759 4360 sed
1791 4305 2123 4378 imperanti-

525 4388 651 4457 bus,
704 4390 957 4447 homines
1001 4393 1148 4464 quod
1175 4401 1528 4450 annonantur
1564 4393 1868 4464 ascribunt,
1917 4406 2121 4468 quanto

528 4478 700 4549 magis
742 4480 847 4535 soli
888 4482 1002 4536 Deo
1041 4481 1263 4552 agendae
1291 4491 1419 4539 sunt
1451 4484 1661 4555 gratiae,
1709 4485 1868 4557 cujus
1898 4495 2041 4543 nutu
2068 4496 2122 4543 et

526 4568 646 4625 haec
686 4568 947 4626 omnibus
986 4570 1177 4627 usibus
1215 4572 1419 4629 nostris
1462 4575 1734 4634 elementa
1782 4577 2120 4649 deserviunt,

526 4664 581 4715 et
606 4658 687 4714 sol
717 4658 832 4731 ipse
864 4659 1111 4732 quotidie
1139 4670 1298 4718 terrae
1343 4660 1591 4735 marique
1623 4665 1830 4735 pariter
1874 4674 1928 4723 et
1964 4668 2125 4724 clau-

527 4745 681 4804 ditur
714 4748 773 4804 iu
814 4748 925 4805 ﬁne
966 4747 1098 4819 diei,
1154 4756 1208 4805 et
1255 4749 1314 4805 in
1358 4749 1469 4806 diei
1514 4751 1716 4810 iterum
1766 4757 2123 4814 renovatione

525 4837 770 4911 aperitur
787 4837 816 4895 ?
874 4898 887 4915 ,

1111 4930 1340 4989 CAPUT
1379 4933 1527 4990 XIII.

812 5018 966 5078 Verbi
1000 5019 1303 5075 incarnatio
1347 5021 1545 5078 Gentili
1580 5021 1837 5093 exposita.

595 5104 686 5167 44.
725 5109 1024 5168 Praefectus
1051 5106 1239 5168 dixit:
1293 5110 1352 5168 Si
1382 5127 1512 5184 ergo
1542 5128 1687 5169 unus
1724 5120 1780 5168 et
1815 5108 2120 5167 invisibilis

593 5317 711 5390 (47)
754 5319 964 5376 Usitata
993 5316 1052 5373 in
1083 5317 1429 5376 Christianos
1458 5316 1739 5390 calumnia
1766 5316 1995 5390 avariis
2007 5318 2113 5390 PP.

517 5388 821 5463 confutata,
853 5392 1156 5463 praesertim
1186 5391 1357 5463 Paulo
1388 5389 1584 5463 Qrosio
1612 5395 1665 5443 et
1694 5388 1749 5463 _S.
1780 5388 2111 5463 Augustino.

591 5459 872 5543 (ζιξλᾼιζ
905 5460 1052 5529 libri,
1081 5461 1361 5529 mendose.
1386 5459 1665 5533 Scriptum
1697 5460 1755 5516 in
1786 5459 2114 5534 quibusdam

515 5532 829 5674 erﬁtljlllltla
852 5619 986 5660 mss.
1017 5620 1225 5660 omnes.
1257 5601 1573 5732 Legendum
1605 5604 1810 5676 potius,
1843 5622 2113 5677 oppugna-

515 5679 742 5732 verunt;
789 5690 916 5730 nam
966 5674 1096 5732 inde
1128 5674 1302 5732 pretio
1371 5674 1578 5732 educti.
1631 5692 1763 5732 mox
1792 5684 1846 5732 et
1890 5678 2036 5732 uulsi
2082 5693 2113 5732 a

511 5679 742 5739 verunt;
789 5690 916 5730 nam
966 5674 1096 5732 inde
1125 5674 1302 5748 pretio
1330 5674 1578 5743 deducti,
1606 5674 1763 5733 mox
1792 5684 1846 5733 et
1872 5674 2036 5750 pulsi
2082 5693 2113 5733 a

2205 3448 2214 3456 .
2233 3406 2457 3478 spondit
2512 3424 2524 3461 :

2236 551 2385 611 runt,
2419 559 2529 597 non
2558 540 2741 598 colitis
2766 540 2795 595 ?
2823 538 3241 613 Tranquillinus
3285 538 3432 594 dixit
3464 556 3477 593 :
3511 539 3683 596 Recte
3724 540 3847 598 hac

2238 632 2564 704 inquireres,
2616 630 2661 685 si
2700 630 2920 686 credere
2957 628 3280 685 destinares.
3331 628 3642 685 Incredulis
3690 632 3847 687 enim

2238 738 2400 777 omne
2431 721 2578 793 quod
2609 722 2809 775 nolunt
2852 735 3055 775 vanum
3105 717 3347 773 videtur.
3396 718 3577 774 Seisel
3603 720 3759 776 enim
3786 720 3847 775 in

2239 828 2474 884 praeceps
2504 812 2757 867 voluntas
2806 811 3121 866 mortalium
3169 809 3457 889 declinans
3499 810 3645 883 (51),
3678 828 3847 868 omne

2239 900 2384 973 quod
2437 903 2710 973 vituperat
2765 899 3065 971 vituperari
3108 898 3382 955 desiderat
3422 917 3436 966 ;
3505 906 3562 954 et
3612 901 3742 956 vult
3786 910 3847 958 ut

2239 989 2491 1045 laudetur
2510 989 2577 1044 ab
2598 987 2858 1044 omnibus
2878 1004 3040 1044 omne
3067 988 3215 1061 quod
3243 988 3451 1044 laudat.
3482 988 3593 1044 Sed
3623 991 3849 1061 sapiens

2239 1096 2336 1152 pro
2365 1081 2558 1135 merito
2604 1096 2705 1135 suo
2750 1080 3058 1151 cuicunque
3094 1078 3205 1145 rei;
3243 1087 3337 1134 aut
3374 1079 3849 1151 vituperationem

2238 1188 2391 1226 suam
2423 1170 2739 1241 impendere
2771 1171 2889 1241 (52)
2917 1170 3117 1226 nititur
3145 1178 3241 1225 aut
3265 1170 3504 1226 laudem.
3540 1171 3848 1228 Praefectus

2238 1260 2385 1317 dixit
2417 1278 2428 1315 :
2457 1260 2573 1331 Ego
2602 1266 2654 1315 te
2682 1259 2750 1315 de
2779 1258 3006 1316 Christo
3054 1266 3239 1314 vestro
3269 1258 3573 1330 interrogo.
3606 1260 3668 1315 Si
3698 1260 3849 1316 enim

2238 1366 2269 1405 a
2298 1349 2455 1405 vobis
2483 1349 2588 1405 hoc
2625 1348 2827 1405 colitur
2872 1346 3021 1420 quod
3068 1346 3189 1403 istis
3230 1348 3405 1403 oculis
3450 1365 3566 1405 non
3596 1349 3843 1421 videtur,

2239 1440 2517 1498 Christum
2550 1455 2662 1494 non
2708 1437 2891 1494 colitis
2937 1437 3034 1509 qui
3068 1447 3124 1494 et
3172 1437 3326 1494 visus
3354 1445 3456 1507 est,
3486 1448 3544 1496 et
3592 1440 3842 1510 auditus,

2237 1536 2292 1584 et
2334 1528 2719 1599 interrogatus,
2760 1534 2815 1583 et
2855 1526 3042 1582 omnia
3087 1543 3209 1600 quae
3253 1526 3506 1584 humanae
3556 1530 3846 1602 fragilitati

2235 1625 2555 1690 competunt
2601 1619 2658 1673 in
2705 1617 2823 1689 ejus
2868 1618 3130 1689 leguntur
3178 1618 3427 1688 passione
3479 1621 3767 1692 completa
3819 1622 3846 1677 ?

2236 1707 2651 1780 Tranquillinus
2678 1706 2825 1762 dixit
2877 1725 2888 1761 :
2940 1704 3090 1761 Audi
3129 1706 3559 1764 similitudinem
3596 1716 3651 1764 et
3681 1709 3845 1765 intel-

2795 1795 2964 1853 Verbi
3013 1795 3211 1868 gratia,
3259 1795 3304 1851 si
3353 1795 3523 1852 hodie
3568 1799 3840 1856 annulum

2237 1895 2395 1943 tuum
2424 1888 2716 1945 habentem
2745 1903 3015 1959 gemmam
3047 1887 3337 1959 pretiosam
3380 1888 3575 1944 videas
3612 1889 3671 1945 in
3696 1890 3844 1947 cloa-

2236 1993 2320 2045 ca,
2370 1987 2464 2034 aut
2532 1978 2590 2033 in
2646 1977 3002 2051 sterquilinio
3062 1978 3393 2046 volutatum,
3459 1987 3513 2034 et
3573 1978 3645 2036 ad
3696 1980 3844 2041 hunc

2236 2067 2539 2123 eruendum
2572 2067 2757 2123 mittas
2787 2083 2974 2123 servos
3003 2076 3128 2123 tuos
3161 2086 3174 2134 ;
3212 2067 3295 2123 illi
3326 2076 3510 2124 autem
3544 2086 3651 2127 nec
3679 2071 3840 2127 illum

2236 2156 2515 2228 potuerint
2546 2155 2798 2225 liberare,
2851 2155 2946 2212 sed
2994 2162 3047 2211 et
3093 2154 3300 2228 seipsos
3345 2156 3402 2212 in
3450 2157 3667 2231 aliquo,
3716 2160 3842 2216 dum

2236 2241 2394 2299 illum
2444 2250 2714 2300 conantur
2741 2242 2973 2316 eripere,
3006 2243 3308 2316 polluerint
3336 2262 3350 2312 ;
3399 2252 3593 2317 postea
3624 2264 3761 2304 vero
3788 2259 3845 2305 tu

2235 2333 2367 2406 ipse,
2397 2331 2675 2405 deponens
2722 2333 2822 2389 has
2864 2333 3064 2389 sericas
3095 2349 3229 2405 quas
3259 2332 3488 2390 indutus
3532 2351 3596 2391 es
3640 2345 3839 2404 vestes,

2235 2422 2431 2479 induas
2450 2432 2503 2479 te
2523 2422 2779 2479 servilem
2811 2422 3059 2480 tunicam
3079 2430 3134 2478 et
3153 2421 3493 2480 descendam
3511 2423 3576 2479 in
3597 2425 3839 2482 cloacam

2233 2512 2421 2569 mittas
2466 2528 2660 2568 manus
2688 2519 2810 2568 tuas
2857 2511 2916 2567 in
2952 2512 3307 2580 stercoribus,
3354 2519 3408 2568 et
3443 2513 3727 2570 annulum
3754 2532 3844 2573 au-

2232 2616 2385 2657 reum
2418 2601 2584 2658 simul
2614 2600 2725 2658 tuis
2751 2600 3007 2657 manibus
3034 2609 3391 2674 repraesentes
3436 2610 3493 2659 et
3538 2620 3839 2676 gemmam,

2231 2705 2341 2762 prae
2381 2690 2580 2763 gaudio
2626 2706 2819 2747 omnes
2858 2690 3067 2747 amicos
3107 2700 3233 2748 tuos
3280 2692 3487 2750 invitas
3515 2693 3591 2750 ad
3628 2698 3842 2769 epulas,

2231 2786 2285 2834 et
2324 2781 2527 2837 lmtaris
2576 2797 2741 2853 super
2780 2781 3051 2837 annulum
3095 2790 3151 2837 et
3193 2799 3486 2856 gemmam,
3530 2785 3687 2859 quod
3732 2788 3846 2845 sint

2230 2868 2298 2924 de
2346 2869 2536 2925 nimiis
2582 2870 2930 2943 squaloribus
2977 2870 3227 2927 liberata.
3276 2872 3578 2929 Praefectus
3628 2874 3783 2932 dixit
3825 2896 3839 2934 :

2232 2957 2384 3014 Hanc
2427 2958 2860 3030 propositionem
2902 2958 2971 3014 ad
3003 2957 3163 3030 cujus
3207 2959 3643 3019 similitudinem
3693 2974 3837 3022 attu-

2231 3046 2394 3102 listi?
2431 3047 2849 3119 Tranquillinus
2876 3048 3159 3120 respondit
3187 3067 3199 3104 :
3234 3050 3305 3105 Ut
3348 3052 3709 3110 ostenderem
3739 3054 3839 3111 tibi

2230 3153 2403 3192 unum
2463 3136 2806 3192 invisibilem
2875 3138 3047 3193 Deum
3121 3155 3222 3194 nos
3272 3140 3471 3197 colere.
3525 3142 3832 3200 Praefectus

2233 3227 2377 3283 dixit
2409 3246 2421 3283 :
2468 3228 2539 3283 Et
2576 3227 2719 3300 quod
2755 3234 2837 3281 est
2872 3242 3067 3282 aurum
3108 3228 3137 3283 ?
3175 3237 3270 3283 aut
3308 3245 3428 3301 quae
3474 3240 3561 3287 est
3599 3249 3837 3305 gemma,

2234 3333 2353 3390 quae
2400 3317 2458 3371 in
2488 3316 2840 3387 sterquilinio
2868 3316 3220 3387 volutabatur
3247 3317 3276 3372 ?
3304 3316 3733 3390 Tranquillinus
3756 3338 3833 3378 re-

2580 3409 2815 3473 Aurum,
2861 3421 3061 3477 corpus
3116 3406 3420 3462 humanum
3463 3417 3569 3476 est,
3628 3426 3841 3482 gemma

2233 3512 2363 3551 vero
2414 3496 2599 3550 anima
2644 3504 2744 3563 est,
2788 3511 2910 3566 quae
2959 3494 3017 3549 in
3064 3495 3184 3567 ipso
3212 3512 3437 3568 corpore
3488 3499 3711 3556 inclusa
3740 3510 3836 3558 est.

2235 3587 2446 3659 Corpus
2497 3602 2629 3641 vero
2677 3592 2733 3641 et
2787 3584 2973 3640 anima
3033 3601 3208 3641 unum
3256 3585 3538 3643 hominem
3604 3590 3837 3660 faciunt,

2233 3675 2512 3749 quomodo
2540 3691 2735 3731 aurum
2791 3683 2848 3730 et
2890 3690 3105 3745 gemma
3148 3691 3321 3731 unum
3358 3677 3635 3733 annulum
3663 3679 3838 3736 facere

2233 3766 2683 3838 comprobantur.
2741 3765 2847 3822 Sed
2899 3765 3259 3838 quantumvis
3302 3766 3576 3838 pretiosus
3621 3768 3728 3825 tibi
3772 3771 3837 3826 sit

2233 3856 2492 3923 annulus,
2520 3854 2681 3927 longe
2707 3853 2840 3910 satis
2868 3852 3036 3911 homo
3069 3853 3362 3925 pretiosior
3395 3862 3481 3911 est
3506 3859 3832 3930 centuplum

2232 3954 2287 4003 et
2313 3944 2513 4002 charus
2543 3944 2782 4002 Christo.
2812 3944 2894 3999 'l‘u
2924 3943 3125 4000 misisti
3173 3960 3361 4001 servos
3390 3953 3536 4016 tuos,
3568 3955 3634 4003 ut
3660 3963 3833 4004 annu-

2234 4036 2348 4090 lum
2392 4034 2460 4091 de
2505 4033 2762 4091 sordibus
2807 4033 3102 4107 eriperent,
3146 4040 3202 4089 et
3247 4034 3402 4090 nulla
3446 4036 3666 4092 ratione
3712 4054 3834 4094 eum

2231 4139 2421 4180 eruere
2464 4129 2782 4195 potuerunt.
2812 4122 2964 4178 Misit
2991 4129 3045 4177 et
3082 4120 3376 4194 prophetas
3414 4140 3544 4180 suos
3586 4127 3739 4183 Deus
3773 4125 3836 4182 de

2231 4213 2370 4269 caelo
2415 4212 2647 4284 loquens
2690 4210 2759 4267 ad
2793 4227 2904 4280 eos,
2939 4218 3003 4266 ut
3040 4210 3345 4267 humanum
3387 4227 3560 4283 genus
3588 4229 3622 4268 a
3646 4214 3836 4271 sordi-

2230 4301 2333 4358 bus
2376 4300 2541 4373 hujus
2582 4300 2773 4358 mundi
2816 4300 3053 4373 eriperet
3097 4300 3215 4373 (53)
3268 4318 3283 4358 :
3329 4310 3384 4358 et
3422 4302 3581 4359 nulla
3623 4306 3835 4362 ratione

2231 4390 2460 4447 omnino
2487 4389 2595 4447 hoc
2644 4390 2819 4447 facere
2846 4389 2933 4445 vel
2982 4390 3243 4447 instantia
3270 4397 3593 4463 potuerunt.
3635 4393 3723 4449 Tu
3750 4392 3834 4449 deo

2231 4479 2460 4551 posuisti
2491 4495 2682 4548 aureas
2707 4485 2905 4546 vestes,
2942 4485 2998 4534 et
3025 4479 3215 4535 servili
3245 4479 3576 4537 indumento
3606 4481 3834 4539 indutus

2232 4569 2564 4627 descendisti
2614 4569 2671 4625 in
2713 4570 2974 4637 cloacam,
3020 4577 3075 4626 et
3119 4586 3313 4625 manus
3361 4580 3485 4627 tuas
3526 4573 3739 4630 misisti
3776 4574 3831 4629 in

2233 4658 2507 4728 sordibus,
2540 4667 2601 4715 ut
2641 4659 2911 4714 annulum
2939 4659 3007 4716 de
3033 4657 3290 4715 sordibus
3327 4658 3596 4717 liberares
3630 4679 3645 4717 :
3678 4661 3833 4718 exuit

2231 4756 2283 4804 et
2322 4764 2380 4804 se
2409 4748 2660 4820 majestas
2704 4749 3028 4807 Divinitatis
3075 4767 3185 4807 suae
3227 4749 3540 4821 splendore,
3596 4769 3716 4809 non
3763 4764 3834 4810 ta-

2231 4852 2357 4892 men
2387 4852 2621 4909 superna
2646 4838 2961 4910 relinquens
2989 4856 3003 4906 ;
3034 4847 3089 4894 et
3118 4837 3302 4893 induit
3330 4854 3389 4894 se
3429 4840 3629 4896 servili
3658 4843 3834 4898 nostri

2229 4928 2475 5000 corporis
2504 4927 2848 4997 indumento,
2870 4938 2925 4985 et
2954 4928 3065 4984 huc
3094 4928 3152 4984 in
3178 4928 3421 4986 cloacam
3440 4928 3615 5002 hujus
3636 4930 3833 4988 mundi

2229 5021 2368 5077 caalo
2422 5020 2774 5089 descendens,
2834 5020 2987 5078 misit
3046 5037 3240 5078 manus
3280 5038 3407 5078 suas
3462 5021 3523 5078 in
3574 5024 3835 5081 sordibus

2229 5110 2545 5182 passionum
2577 5118 2888 5168 nostrarum
2916 5129 2932 5179 ;
2982 5119 3037 5168 et
3078 5110 3410 5184 passionem,
3450 5126 3577 5186 qua
3619 5112 3834 5171 meritis

2227 5317 2481 5375 Camillo.

2323 5390 2416 5533 50g
2441 5390 2557 5459 AL,
2583 5392 2716 5449 αιια.

2323 5462 2387 5533 51
2447 5462 2562 5532 AL,
2595 5464 2716 5533 laps.

2323 5462 2415 5535 .5!)
2447 5462 2562 5535 AL,
2595 5464 2766 5535 lapsa.

2322 5532 2416 5675 52g
2447 5534 2561 5602 Al.,
2593 5532 2897 5616 eipendere.

2322 5604 2390 5661 53
2444 5605 2558 5674 AL,
2594 5613 2871 5675 eriperent.

2322 5604 2414 5675 53)
2444 5605 2558 5674 AL,
2594 5604 2871 5679 eriperent.
