4086 6208
249 411 382 480 M33

252 653 348 692 nos
376 654 602 693 suorum
634 638 877 693 reddidit
907 637 1229 709 digitorum.
1277 641 1410 697 Nam
1462 643 1558 716 qui
1608 660 1705 716 per
1756 646 1856 702 in-

247 725 625 782 credulitatem
684 726 1079 783 volutabamur
1130 727 1188 783 in
1237 732 1589 802 squaloribus
1635 735 1853 803 mundi,

248 831 340 886 per
370 814 531 870 ﬁdem
564 814 736 871 abluti
769 832 799 871 a
828 815 1110 885 sordibus,
1128 816 1339 872 divinis
1368 835 1561 874 sumus
1578 820 1852 899 manibus,

246 912 306 959 ut
330 904 424 958 ille
451 912 581 959 tuus
614 906 874 972 annulus,
924 905 1189 961 restituti.
1242 906 1508 980 Nunquid
1557 909 1705 964 servi
1749 911 1854 979 tui,

247 996 339 1070 qui
372 1004 424 1050 te
446 1003 787 1061 negaverunt
818 996 1118 1043 dominum
1144 1014 1331 1057 annm.
1380 999 1510 1054 dum
1558 1008 1612 1055 te
1643 1000 1699 1055 in
1748 1002 1857 1058 ha-

245 1084 364 1138 bitu
390 1080 579 1135 servili
609 1078 961 1149 respicerent,
1001 1091 1120 1131 non
1173 1081 1476 1146 potuerunt
1520 1086 1586 1128 ut
1630 1090 1856 1150 τοιιαηεε

248 1169 425 1226 occidi
451 1169 479 1224 7
507 1169 587 1223 Ita
614 1174 668 1222 et
697 1166 791 1238 qui
828 1174 1030 1236 negant
1056 1154 1338 1221 Christum
1368 1161 1670 1218 Dominum
1699 1176 1859 1217 suum

249 1273 347 1331 pro
376 1256 483 1313 hoc
513 1254 659 1328 quod
684 1255 1045 1325 semetipsum
1076 1268 1107 1307 a
1140 1250 1427 1321 majestate
1455 1248 1790 1316 exinanivit,
1809 1257 1863 1305 et

252 1342 480 1397 formam
521 1339 668 1396 servi
706 1339 967 1410 suscepit,
1002 1337 1322 1391 nullatenus
1358 1338 1622 1404 poterunt
1666 1338 1861 1399 aeterni

252 1429 395 1501 ignis
424 1444 611 1500 pmnas
640 1426 890 1483 evadere.
926 1425 1055 1481 Ideo
1084 1422 1324 1495 denique
1348 1420 1511 1476 nobis
1539 1420 1633 1492 qui
1653 1420 1710 1474 in
1734 1436 1861 1475 eum

250 1517 547 1582 credimus,
579 1514 773 1570 ieterni
804 1512 978 1568 fontis
1016 1510 1165 1566 unda
1212 1509 1496 1577 subvenit,
1531 1516 1594 1563 ut
1624 1516 1865 1565 mternus

254 1606 395 1677 ignis
426 1604 494 1660 ab
522 1612 729 1659 aeterno
760 1604 912 1659 fonte
941 1601 1220 1667 vincatur,
1249 1607 1304 1655 et
1328 1597 1633 1655 inﬁdelitas
1661 1614 1693 1654 a
1718 1598 1866 1655 ﬁde-

256 1694 408 1749 litate
438 1699 746 1765 superetur.

325 1789 414 1844 45.
447 1789 744 1845 Praefectus
772 1788 917 1845 dixit
950 1806 961 1844 :
1006 1789 1077 1845 Ut
1104 1789 1290 1857 video,
1319 1803 1433 1844 non
1461 1795 1524 1843 ut
1555 1787 1703 1843 ﬁlios
1739 1794 1867 1842 tuos

1532 400 1719 487 ACTA
1756 429 1811 487 s.
1851 410 2285 491 SEBASTIANl.

249 550 450 606 nostris
499 549 821 617 debebatur,
853 550 910 605 in
942 551 1236 624 semetipso
1284 554 1608 627 suscipiens,
1665 558 1851 628 gloriae
1884 563 1932 621 A

3422 429 3556 507 ltiti.

2542 562 2771 621 CAPUT
2808 552 2960 626 xiv.

2144 649 2481 706 Chromatius
2517 652 2671 709 Urbis
2693 654 2975 725 prie/hctus
3002 659 3376 721 catechixatur.

2035 738 2124 795 47.
2155 739 2283 795 Post
2312 740 2431 797 haec
2461 744 2635 800 mittit
2665 752 2718 799 et
2741 745 2940 804 adduci
2966 764 3089 804 eum
3122 750 3189 805 ad
3218 768 3274 808 se
3303 760 3561 830 prazcepit

1966 844 2062 899 per
2090 838 2307 887 noctem
2336 834 2570 902 occulte,
2601 843 2655 891 et
2684 836 2917 894 offerens
2953 839 3002 893 ei
3035 840 3315 898 inﬁnitum
3345 847 3561 916 pondus

1965 917 2084 972 auri
2114 918 2331 975 dicebat
2365 939 2376 976 :
2422 922 2659 980 Ostende
2690 924 2828 980 mihi
2859 928 3321 988 medicamentum
3351 950 3421 990 ex
3451 953 3559 1009 quo

1965 1008 2297 1078 recuperasti
2328 1011 2582 1067 salutem.
2637 1013 2740 1070 Cui
2780 1014 3199 1089 Tranquillinus
3236 1021 3314 1078 ait
3349 1040 3359 1078 :
3409 1008 3561 1082 Scias

1964 1098 2224 1189 glandem
2279 1100 2413 1155 iram
2456 1111 2510 1159 et
2552 1103 2794 1161 furorem
2836 1108 2936 1162 Dei
2984 1125 3237 1181 passuros
3284 1129 3418 1182 esse,
3464 1117 3561 1189 qui

1969 1181 2191 1261 ετδνιατη
2261 1187 2384 1261 eius
2442 1192 2528 1246 vel
2592 1194 3018 1253 venundandam
3082 1181 3409 1259 existimant
3469 1181 3559 1261 vel

1969 1251 2473 1348 emendam'_U"“"
2490 1280 2544 1350 ’ἦ
2568 1282 2655 1350 ξιίιι
2674 1251 3035 1397 alpodagrico

1969 1338 2129 1395 crede
2168 1338 2451 1397 Christum
2485 1340 2690 1396 Filium
2770 1352 2844 1397 er.
2882 1374 3197 1397 kI:L___L-
3242 1378 3273 1397 μ
3348 1388 3383 1397 κ.
3448 1382 3459 1392 .
3541 1391 3553 1397 -

1969 1338 2131 1448 ῗῗθὲίῗ
2166 1338 2451 1448 9’3???
2483 1338 3303 1448 fl'l‘iﬂPelif‘ﬁheraberis,
3336 1388 3389 1436 et
3416 1382 3560 1439 sicut

1971 1427 2136 1483 hodie
2165 1444 2252 1484 me
2282 1428 2459 1497 vides,
2482 1428 2559 1484 ita
2577 1430 2764 1485 salvus
2794 1428 2922 1485 eris.
2955 1427 3491 1527 Νθῐὶἱρὄιζῖζξς

1971 1516 2274 1585 deferebar,
2323 1525 2377 1573 et
2421 1517 2679 1575 undecim
2721 1534 2894 1574 annos
2940 1535 3038 1591 per
3066 1536 3256 1575 omnes
3282 1487 3575 1592 {Exié‘t'é’i‘éi

1973 1621 2272 1661 nervorum
2303 1606 2359 1660 in
2399 1622 2627 1679 corpore
2664 1623 2787 1663 meo
2816 1607 3070 1665 dolorum
3103 1608 3263 1665 nodis
3291 1609 3567 1677 astrictus,

1976 1693 2073 1747 vix
2101 1693 2186 1748 ori
2215 1710 2338 1749 meo
2388 1694 2545 1765 panis
2585 1695 2781 1751 alienis
2811 1696 3066 1753 manibus
3094 1697 3414 1755 tradebatur
3442 1718 3453 1755 :
3508 1700 3571 1755 il-
3592 1730 3605 1741 -

1976 1785 2083 1842 lico
2109 1792 2174 1842 ut
2211 1786 2493 1843 Christum
2534 1801 2727 1841 verum
2754 1787 2928 1842 Deum
2960 1803 3076 1843 esse
3112 1787 3344 1856 credidi,
3380 1787 3573 1844 salutis

256 1878 323 1935 ab
352 1877 456 1933 hac
484 1878 791 1934 intentione
820 1878 1042 1934 tolleres
1072 1878 1383 1950 poposcisse
1412 1876 1662 1947 probaris
1684 1876 1862 1932 indu-
1895 1885 1942 1945 Β
1974 1891 2108 1930 meaa
2139 1874 2337 1947 gaudia
2365 1874 2565 1945 recepi,
2613 1880 2669 1929 et
2696 1890 2819 1929 sum
2849 1873 3164 1944 incolumis,
3215 1876 3345 1947 quia
3378 1892 3571 1932 verum

260 1967 393 2031 cias,
426 1966 522 2022 sed
544 1975 607 2022 ut
635 1966 732 2021 has
760 1966 935 2021 aniles
962 1965 1175 2021 fabulas
1222 1965 1292 2021 ad
1335 1973 1521 2021 nostra
1566 1964 1867 2021 trlbunalia

268 2055 565 2112 meditatus
613 2054 731 2127 (54)
780 2054 1020 2111 aﬂerres.
1071 2053 1487 2127 Tranquillinus
1526 2052 1710 2109 dixit:
1744 2053 1865 2109 Non

267 2143 583 2200 mediantur
610 2142 874 2214 discipuli
900 2141 1108 2199 Christi
1141 2142 1275 2215 quid
1306 2141 1365 2197 in
1394 2148 1695 2213 conspectu
1717 2140 1865 2212 judi-

268 2248 393 2291 cum
425 2236 845 2304 prosequantur.
900 2230 991 2286 Sic
1042 2230 1190 2287 enim
1241 2229 1577 2302 praemonuit
1624 2230 1861 2286 dicens:

265 2320 497 2389 Quando
522 2319 884 2391 potestatibus
912 2318 1079 2390 hujus
1110 2319 1305 2375 mundi
1327 2335 1426 2374 vos
1452 2334 1615 2375 causa
1635 2319 1742 2374 mei
1765 2334 1865 2374 no-

265 2409 433 2466 minis
471 2407 710 2475 tradent,
764 2407 937 2462 nolite
982 2407 1222 2478 cogitare
1269 2407 1548 2479 quomodo
1594 2414 1691 2462 aut
1730 2407 1865 2479 quid

266 2497 569 2570 loquamini
596 2514 609 2563 ;
641 2493 865 2551 dabitur
881 2496 1029 2551 enim
1052 2496 1213 2552 vobis
1227 2496 1503 2552 divinitus
1523 2495 1580 2550 in
1608 2496 1703 2550 illa
1731 2495 1868 2550 hora

268 2586 402 2659 quid
434 2584 740 2656 loquamini
790 2584 913 2639 Non
934 2584 1082 2639 enim
1110 2601 1210 2640 vos
1247 2585 1380 2640 estis
1413 2584 1510 2658 qui
1542 2582 1861 2656 loquimini,

264 2675 358 2732 sed
389 2674 628 2746 Spiritus
656 2672 775 2739 Dei,
807 2673 904 2745 qui
938 2673 1186 2745 loquitur
1224 2673 1283 2729 in
1332 2673 1489 2729 vobis
1539 2674 1752 2743 (Matth.
1803 2688 1863 2741 x,

268 2768 381 2839 19).
428 2768 552 2823 Non
583 2783 711 2838 ergo
742 2765 1063 2822 meditando
1089 2783 1208 2839 ego,
1240 2767 1334 2823 sed
1368 2766 1640 2824 credendo
1674 2766 1864 2823 inveni

268 2858 580 2915 Creatorem
609 2873 815 2925 meum,
846 2864 900 2911 et
926 2858 1022 2929 qui
1050 2874 1196 2914 eram
1230 2858 1525 2931 podagrico
1571 2867 1627 2914 et
1669 2858 1865 2915 chira-

268 2950 417 3021 grico
449 2949 639 3005 dolore
668 2956 984 3005 contractus
1011 2956 1065 3005 et
1094 2957 1378 3023 quassatus
1409 2951 1550 3021 (55),
1584 2948 1771 3005 statim
1804 2959 1865 3005 ut

268 3041 488 3100 Christo
534 3039 767 3107 credidi,
800 3057 863 3096 ac
888 3039 935 3095 si
967 3039 1231 3111 parvulus
1274 3038 1526 3095 omnium
1582 3038 1866 3093 membro-

267 3149 389 3188 rum
420 3148 664 3188 meorum
697 3131 878 3202 recepi
907 3131 1218 3186 sanitatem.
1274 3129 1500 3186 Constat
1546 3145 1674 3202 ergo
1720 3130 1865 3202 apud

269 3221 517 3277 animum
550 3237 755 3287 meum,
798 3220 977 3291 ipsum
1009 3235 1095 3274 me
1125 3234 1334 3275 creasse
1362 3219 1458 3291 qui
1487 3236 1574 3275 me
1603 3235 1865 3275 renovare
1898 3244 1941 3303 ρ

264 3308 522 3380 dignatus
551 3315 654 3374 est,
684 3316 739 3363 et
765 3306 911 3363 sicut
939 3306 1093 3362 dedit
1123 3307 1580 3363 restaurationem
1622 3310 1864 3380 corpori,

261 3398 340 3454 ita
369 3415 587 3471 quoque
617 3398 816 3453 animae
846 3404 969 3468 post
992 3396 1155 3453 istam
1180 3397 1354 3451 vitam
1400 3396 1528 3453 dare
1587 3398 1861 3475 promisit,

258 3487 305 3543 si
336 3494 522 3541 tamen
553 3501 666 3540 non
691 3486 895 3542 dubius
925 3501 1026 3541 nec
1054 3485 1287 3542 timidus
1318 3485 1609 3542 hominum
1644 3487 1864 3542 terrori-

259 3576 364 3632 bus
402 3574 660 3647 frangar;
705 3575 801 3631 sed
834 3574 891 3631 in
922 3573 1040 3648 ejus
1079 3574 1324 3631 nominis
1359 3576 1703 3632 confessione
1732 3593 1868 3648 per-

259 3662 466 3719 durans
493 3662 658 3719 ﬁdem
692 3663 984 3737 integram,
1017 3679 1180 3738 quam
1214 3680 1300 3720 me
1328 3665 1474 3721 Deus
1518 3664 1651 3721 fecit
1694 3664 1864 3722 inve-

258 3750 400 3820 nire,
433 3769 774 3809 conservem.

326 3848 416 3906 46.
477 3849 775 3907 Ρῐωῐθοωε
829 3850 979 3908 dixit
1029 3867 1043 3906 :
1103 3851 1328 3925 Ignoras
1357 3896 1373 3922 ,
1434 3852 1814 3927 Tranquilline
1844 3899 1860 3924 ,

257 3945 462 4008 quanta
490 3937 985 3994 invictissimorum
1018 3938 1333 4013 principum
1354 3957 1481 4013 erga
1522 3941 1864 3999 Christianos

259 4021 341 4077 ira
369 4022 648 4090 desaeviat,
681 4032 737 4079 et
764 4024 889 4079 ideo
920 4027 1075 4097 quasi
1107 4043 1336 4083 securus
1379 4028 1527 4099 quod
1563 4028 1667 4084 tibi
1699 4029 1864 4085 vide-

257 4117 351 4166 tur
380 4110 500 4166 sine
547 4110 744 4165 timore
794 4113 1159 4183 prosequeris.
1208 4114 1624 4186 Tranquillinus
1669 4115 1858 4172 dixit:

258 4198 476 4256 Stultus
506 4199 673 4254 timor
702 4208 804 4266 est,
837 4216 947 4272 quo
983 4200 1109 4271 plus
1146 4202 1373 4258 timetur
1418 4203 1660 4260 humana
1706 4204 1865 4267 indi-

257 4289 448 4360 gnatio
477 4304 639 4361 quam
671 4287 884 4344 divina.
920 4288 1185 4362 Nunquid
1232 4290 1279 4346 si
1326 4290 1383 4346 in
1427 4292 1610 4349 medio
1663 4309 1860 4349 canum

259 4376 583 4433 latrantium
615 4377 957 4443 venerimus,
988 4385 1042 4434 et
1069 4394 1213 4434 vano
1240 4378 1427 4435 furore
1456 4396 1557 4437 nos
1596 4381 1863 4454 cmperint

259 4468 376 4523 suis
407 4467 680 4525 morsibus
722 4476 1036 4538 attrectare,
1085 4477 1316 4542 possunt
1362 4470 1524 4527 nobis
1563 4469 1631 4527 de
1675 4472 1861 4528 animo

1974 1964 2152 2019 Deum
2182 1964 2509 2019 salvatorem
2542 1978 2726 2018 meum
2756 1963 2977 2035 agnovi.

2044 2049 2135 2106 48.
2178 2050 2332 2107 Tunc
2359 2050 2650 2122 praefectus
2694 2051 2909 2107 dimisit
2937 2068 3062 2107 eum
3095 2051 3284 2108 dicens
3313 2070 3325 2107 :
3377 2050 3576 2109 Adduc

1974 2140 2043 2197 ad
2073 2155 2160 2196 me
2190 2140 2284 2212 qui
2314 2147 2367 2194 te
2395 2138 2771 2196 Christianum
2813 2140 2966 2208 fecit,
3013 2147 3075 2195 ut
3104 2140 3151 2196 si
3182 2141 3319 2197 mihi
3357 2142 3576 2213 promi-

1974 2233 2108 2288 serit
2159 2232 2472 2301 sanitatem,
2524 2232 2729 2305 possim
2779 2240 2834 2288 et
2871 2247 2970 2305 ego
3023 2232 3143 2288 ﬁeri
3201 2232 3571 2290 Christianus.

1975 2321 2171 2378 Statim
2212 2329 2394 2377 autem
2439 2321 2857 2394 Tranquillinus
2904 2321 3135 2378 veniens
3189 2321 3258 2379 ad
3309 2321 3365 2377 S.
3414 2323 3575 2395 Poly-

1973 2427 2199 2482 carpam
2247 2410 2625 2483 presbyterum
2671 2409 2919 2466 narravit
2951 2411 3003 2465 ei
3041 2410 3229 2466 omnia
3278 2428 3398 2484 quas
3429 2420 3577 2485 gesta

1975 2501 2063 2556 vel
2091 2501 2242 2557 dicta
2268 2509 2432 2566 sunt;
2466 2508 2520 2556 et
2548 2498 2755 2555 ducens
2784 2516 2909 2555 eum
2936 2499 3083 2557 intra
3120 2500 3347 2556 domum
3380 2503 3577 2559 occul-

1973 2596 2047 2656 te,
2081 2588 2321 2660 praefecti
2351 2604 2477 2643 eum
2506 2586 2818 2659 aspectibus
2856 2591 3229 2659 praesentavit.
3267 2588 3370 2646 Cui
3421 2607 3575 2661 prae—

1974 2678 2152 2734 fectus
2197 2678 2321 2733 ait:
2379 2676 2532 2733 Licet
2579 2678 2762 2748 gravis
2812 2677 3219 2733 animadversio
3258 2679 3571 2751 principum

1974 2764 2305 2823 Christianis
2335 2766 2536 2822 infesta
2578 2766 2670 2834 sit,
2721 2773 2907 2821 tamen
2937 2782 3032 2838 spe
3066 2766 3450 2840 recuperandae
3478 2784 3577 2824 sa-

1975 2856 2110 2912 lutis
2164 2855 2385 2911 afferam
2443 2857 2602 2912 vobis
2653 2856 2926 2929 quidquid
2973 2858 3117 2914 illud
3156 2865 3239 2914 est
3282 2875 3459 2933 usque
3506 2859 3577 2915 ad

1973 2944 2272 3002 dimidium
2302 2944 2574 3001 bonorum
2620 2946 2944 3017 patrimonii
2990 2948 3120 3016 mei,
3152 2948 3201 3005 si
3228 2948 3297 3004 ab
3332 2948 3436 3007 hac
3464 2966 3576 3005 no-

1973 3033 2209 3091 dositate
2260 3034 2714 3107 condylomatum
2746 3037 2864 3108 (57)
2917 3037 3022 3092 mei
3079 3037 3287 3093 fuerint
3330 3038 3576 3095 membra

1973 3126 2220 3199 corporis
2266 3127 2525 3184 resoluta.
2576 3128 2731 3184 Tunc
2785 3128 2841 3184 S.
2889 3129 3229 3203 Polycarpus
3282 3129 3574 3187 subridens

1972 3214 2052 3270 ait
2086 3233 2097 3269 :
2140 3216 2340 3273 Potens
2386 3225 2469 3273 est
2515 3218 2789 3273 Dominus
2830 3218 2986 3274 Jesus
3032 3218 3289 3277 Christus
3330 3227 3393 3275 ut
3420 3219 3574 3291 igno-

1976 3310 2171 3364 rantiae
2229 3316 2338 3364 tuae
2389 3309 2589 3381 januas
2647 3310 2765 3382 (58)
2825 3309 3053 3382 aperiat,
3093 3318 3147 3365 et
3179 3310 3433 3367 ostendat
3468 3311 3573 3366 tibi

1976 3396 2121 3468 quod
2170 3397 2285 3469 ipse
2323 3398 2397 3454 sit
2437 3399 2684 3470 corporis
2732 3397 2814 3454 tui
2847 3405 3197 3455 restaurator.
3232 3400 3368 3454 Nam
3400 3414 3576 3471 pecu-

1974 3486 2125 3540 niam
2156 3486 2273 3541 sive
2305 3487 2401 3558 qui
2429 3486 2691 3554 aﬂ‘erunt,
2723 3486 2840 3542 sive
2874 3485 2970 3558 qui
3006 3486 3245 3542 oblatam
3274 3486 3576 3558 accipiunt,

1974 3590 2087 3631 non
2115 3577 2292 3632 solum
2322 3576 2534 3631 nullam
2558 3575 2875 3631 dolentibus
2900 3576 3197 3634 conferunt
3220 3576 3573 3641 medicinam,

1974 3665 2069 3721 sed
2100 3666 2267 3721 etiam
2298 3666 2405 3738 ipsi
2434 3665 2541 3722 sibi
2571 3666 2935 3723 insanabilem
2968 3665 3225 3721 morbum
3262 3675 3572 3723 assumunt.

1973 3754 2121 3811 Dicit
2161 3755 2210 3810 ei
2241 3756 2533 3828 praefectus
2561 3773 2574 3812 :
2619 3756 2723 3813 Dic
2753 3770 2883 3827 ergo
2912 3754 3053 3812 mihi
3083 3754 3217 3829 quid
3246 3754 3465 3825 faciam,
3513 3765 3577 3813 ut

1972 3844 2236 3916 consequi
2278 3845 2490 3900 valeam
2520 3844 2668 3917 quod
2697 3860 2875 3916 spero.
2908 3844 3057 3900 Dicit
3098 3844 3149 3899 ei
3191 3844 3528 3917 Polycarpus
3557 3863 3569 3900 :

1972 3931 2030 3987 Si
2084 3932 2385 3989 credideris
2444 3948 2515 3987 ex
2573 3939 2691 3988 toto
2741 3932 2905 3990 corde
2966 3940 3084 4000 tuo,
3139 3931 3285 3989 sicut
3337 3932 3574 3989 credidit

1973 4019 2411 4092 Tranquillinus,
2443 4020 2631 4076 salvus
2650 4020 2779 4076 eris.
2832 4019 2981 4076 Dicit
3008 4018 3060 4074 ei
3089 4019 3379 4090 pmfectus
3406 4036 3419 4074 :
3453 4019 3572 4087 Quo

1972 4110 2165 4166 ordine
2208 4110 2430 4167 credere
2477 4108 2704 4164 debeam
2754 4108 3009 4163 intimato
3034 4108 3061 4164 ?
3112 4108 3266 4165 Tunc
3306 4108 3363 4163 S.
3395 4107 3573 4178 Poly-

1971 4218 2166 4273 carpus
2213 4200 2573 4257 catechizavit
2607 4214 2756 4266 eum,
2804 4205 2859 4254 et
2911 4197 3119 4253 indixit
3156 4197 3206 4251 ei
3244 4204 3306 4252 ut
3335 4210 3431 4268 per
3458 4196 3570 4253 tri-

1972 4291 2145 4347 duum
2170 4287 2474 4361 jejunaret.
2526 4288 2598 4344 Et
2626 4303 2937 4345 convocans
2965 4286 3034 4342 ad
3080 4302 3137 4342 se
3184 4286 3241 4343 S.
3286 4285 3571 4342 Sebastia-

1971 4398 2128 4452 num,
2151 4381 2330 4438 tribus
2356 4380 2552 4437 diebus
2579 4388 2633 4437 et
2652 4380 2833 4438 tribus
2857 4378 3115 4436 noctibus
3138 4376 3415 4450 jejunavit
3442 4393 3568 4435 cum

1970 4487 2034 4527 eo
2076 4488 2088 4525 :
2148 4480 2202 4527 et
2250 4486 2377 4527 cum
2427 4469 2689 4543 lacrymis
2735 4469 2940 4542 pariter
2987 4467 3237 4535 orabant,
3293 4473 3355 4522 ut
3404 4465 3568 4522 ﬁdem

256 4557 454 4613 tollere
487 4555 593 4613 hoc
638 4558 786 4630 quod
838 4575 938 4615 nos
985 4559 1238 4616 homines
1280 4576 1471 4616 sumus
1502 4561 1855 4618 rationabiles
1888 4598 1936 4657 D
1970 4560 2214 4615 nominis
2242 4559 2327 4615 sui
2374 4558 2434 4615 in
2472 4560 2705 4616 salutem
2753 4556 2997 4614 volentis
3037 4556 3258 4614 credere
3297 4556 3569 4613 Dominus

255 4644 397 4717 (56),
428 4662 554 4701 cum
583 4646 696 4701 sint
726 4646 811 4701 illi
841 4664 1026 4717 canes,
1060 4658 1115 4706 et
1144 4648 1575 4717 irrationabiles,
1617 4658 1670 4705 et
1702 4650 1860 4706 insa-
1889 4644 1934 4657 ”
1966 4648 2285 4707 declararet.

255 4733 315 4788 ni
333 4734 361 4790 7
389 4734 471 4788 Ita
499 4734 596 4805 qui
627 4734 789 4790 nobis
817 4744 966 4793 recte
997 4738 1349 4794 credentibus
1387 4738 1718 4806 irascuntur,
1748 4755 1860 4795 saa-

254 4821 375 4879 vire
405 4823 626 4895 quidem
670 4835 917 4897 possunt,
968 4835 1022 4883 et
1061 4828 1265 4883 inferre
1312 4828 1501 4901 iniqua
1546 4829 1854 4902 supplicia;

252 4931 537 4988 nunquam
588 4924 770 4973 tamen
805 4919 872 4975 de
911 4920 1075 4975 corde
1112 4929 1300 4976 nostro
1337 4921 1443 4978 hoc
1469 4922 1682 4977 auferre
1712 4932 1859 4994 pote-

251 5015 406 5073 runt,
438 5007 587 5079 quod
615 5010 917 5065 Dominum
949 5010 1133 5066 Jesum
1165 5011 1447 5068 Christum
1477 5020 1531 5069 et
1558 5020 1858 5068 creatorem

252 5111 372 5152 esse
402 5097 703 5164 credimus,
734 5108 789 5153 et
817 5097 1219 5170 redemptorem
1253 5109 1500 5157 nostrum
1548 5119 1611 5159 ac
1655 5111 1861 5159 restau-

251 5194 493 5243 ratorem
524 5204 641 5243 esse
670 5189 992 5259 gaudemus.
1027 5189 1166 5245 Tum
1195 5191 1485 5264 praefectus
1525 5190 1691 5264 jussit
1732 5207 1855 5246 eum

251 5272 428 5346 recipi
456 5289 487 5329 a
515 5273 962 5345 Commentariis,
991 5275 1181 5334 dicens
1215 5294 1228 5335 :
1268 5279 1527 5337 Proxima
1556 5288 1608 5337 te
1638 5279 1857 5336 audiam

252 5377 517 5420 883810118.

356 5541 449 5615 54)
479 5542 595 5614 AL,
627 5542 927 5604 meditatas.

358 5619 452 5689 55)
486 5620 599 5685 Al.,
639 5635 882 5689 quassas.

360 5689 452 5759 56)
484 5689 742 5758 Quidam,
772 5692 1079 5747 rationales.

337 5767 453 5838 (57)
488 5764 819 5844 meamea,
853 5780 935 5828 est
966 5771 1026 5828 in
1050 5767 1306 5843 condylis
1333 5766 1449 5827 sive
1481 5764 1732 5826 articulis
1758 5767 1856 5825 di-

2558 4737 2786 4796 CAPUT
2823 4737 2950 4795 XV.

2361 4828 2656 4885 Chromatii
2681 4826 2959 4896 confracta
2986 4825 3152 4881 idola.

2034 4915 2124 4974 49.
2166 4916 2341 4988 Igitur
2372 4933 2499 4972 cum
2528 4916 2647 4972 dies
2674 4915 2859 4982 tertia,
2896 4930 3016 4986 quae
3045 4914 3345 4970 constituta
3366 4913 3562 4980 fuerat,

1965 5007 2297 5075 advenisset,
2343 5006 2415 5063 ad
2442 5007 2669 5062 domum
2703 5004 3029 5061 sustinentis
3058 5003 3301 5075 praefecti
3332 5003 3566 5060 veniunt

1966 5098 2169 5169 pariter
2210 5104 2587 5170 properantes.
2637 5095 2746 5163 Qui
2795 5092 3028 5166 ingressi
3073 5092 3340 5148 dixerunt
3383 5109 3396 5147 :
3448 5092 3564 5146 Pax

1964 5188 2093 5244 ﬁdei
2124 5196 2251 5244 tuae.
2289 5188 2364 5244 At
2406 5187 2501 5243 ille
2546 5185 2873 5243 resalutavit
2920 5200 3011 5240 eos
3049 5181 3470 5249 ofﬁciosissime,
3508 5189 3563 5238 et

1965 5278 2219 5335 hortatur
2273 5294 2365 5333 eos
2418 5276 2605 5332 sedere
2651 5274 2815 5347 juxta
2847 5290 2924 5343 se,
2982 5280 3037 5327 et
3084 5271 3276 5327 dixit:
3334 5270 3423 5324 Ex
3468 5284 3563 5325 ore

1964 5368 2334 5442 Tranquillini
2382 5368 2521 5424 ratio
2570 5382 2784 5439 egressa
2832 5363 3122 5421 oculorum
3172 5374 3420 5415 meorum
3466 5373 3563 5413 as-

1964 5550 2199 5624 gitorum
2244 5549 2406 5606 tuber
2451 5548 2568 5624 sive
2593 5543 2978 5624 inﬂammatio
3013 5560 3025 5598 :
3068 5557 3198 5600 mss.
3262 5538 3559 5608 habebant,

1962 5615 2448 5693 Eondologmatum;
2478 5620 2724 5693 quidam,
2756 5615 2977 5672 doloris.

2034 5694 2151 5766 (58)
2194 5695 2306 5762 AL,
2349 5694 2557 5750 Valvas.
