4086 6208
536 400 675 461 1135

1539 390 1635 445 AD
1675 388 1909 445 OPERA
1946 385 2001 441 S.
2039 380 2371 442 AMBROSII
2413 372 2791 437 APPENDIX.

3695 370 3839 428 H36

536 526 776 585 sartione
802 522 1129 579 declaratur.
1162 518 1340 576 Video
1385 511 1533 570 enim
1580 512 1729 568 hunc
1774 510 2122 567 sanissimum
2154 510 2204 569 A
2237 507 2388 564 teris.
2420 504 2772 563 Chromatius
2800 502 2946 558 dixit
2978 520 2990 557 :
3043 500 3231 557 Indica
3268 514 3397 571 ergo
3425 497 3571 554 mihi
3605 498 3737 571 quis
3768 499 3843 553 sit

537 633 700 691 quem
728 611 1020 686 podagrico
1046 616 1101 666 et
1134 606 1440 680 chiragrico
1469 605 1716 662 videram
1761 601 1949 658 dolore
1980 616 2126 656 con-

537 715 792 766 tractum.
840 704 891 760 A
921 719 1058 776 quos
1104 715 1273 773 genus
1304 694 1692 754 medicamenti
1745 692 1893 750 unde
1934 691 2127 746 fuisset

538 797 779 853 salvatus
822 792 1127 867 inquirens,
1177 789 1285 844 tale
1316 787 1383 843 ab
1411 804 1473 843 eo
1531 785 1708 857 recepi
1756 797 2077 855 responsum
2113 798 2123 834 :

536 886 681 943 Dum
710 882 873 939 ﬁdem
917 896 1093 937 meam
1126 878 1181 933 in
1217 876 1382 933 idolis
1418 891 1695 948 ponerem,
1728 872 1925 928 debilis
1956 877 2009 925 et
2034 869 2131 923 ni-

538 975 652 1031 mia
680 989 801 1029 sum
829 969 1150 1026 inﬁrmitate
1178 974 1489 1023 contractus
1512 983 1524 1020 :
1550 972 1604 1019 at
1631 963 1726 1019 ubi
1757 978 1929 1017 unum
1955 962 2127 1016 Deum

540 1064 600 1121 in
630 1062 785 1122 oculis
814 1060 986 1117 didici
1013 1056 1325 1115 ostensione
1355 1055 1818 1119 Christianorum,
1864 1047 2131 1119 abnegavi

541 1154 803 1211 universa
831 1168 955 1225 quae
983 1149 1101 1205 sine
1130 1162 1292 1203 causa
1321 1146 1620 1209 colueram,
1650 1137 2125 1225 et‘tradidi

543 1243 714 1302 animi
768 1212 875 1297 mei
923 1237 1143 1296 Christo
1185 1236 1325 1308 (59).
1374 1236 1499 1290 Mm:
1551 1221 1726 1308 --εςοω
1768 1213 1829 1259 ιιι
1863 1212 2128 1308 unum‘et

765 1295 949 1388 ﬁcium,
975 1329 1031 1385 in
1060 1295 1206 1375 cm...)
1245 1295 1467 1392 regnare
1506 1295 1787 1351 confessus
1814 1313 1959 1362 sum,
2008 1304 2129 1392 sta:

543 1383 1060 1483 έὶἔιᾌξυζζςῗιῃιθὴι
1092 1399 1188 1455 per
1215 1383 1473 1442 undecim
1503 1401 1677 1442 annos
1704 1387 2015 1454 amiseram,
2059 1385 2126 1441 ad

534 1473 867 1529 diii‘reversa
895 1479 977 1528 est
1014 1473 1238 1540 sanitas,
1289 1481 1343 1530 et
1381 1475 1562 1530 omnis
1591 1492 1623 1530 a
1652 1492 1737 1530 me
1768 1485 1848 1531 est
1878 1476 2128 1547 protinus

533 1562 831 1623 inﬁrmitas
880 1572 1144 1637 separata.
1202 1565 1329 1621 Haec
1374 1565 1563 1621 audivi
1606 1566 1850 1634 auribus,
1898 1566 2125 1637 probavi

534 1656 732 1726 oculis,
791 1655 959 1713 corde
1017 1654 1261 1723 credidi;
1321 1664 1566 1727 superest
1616 1668 1677 1712 ut
1727 1655 1872 1728 quod
1920 1655 2127 1711 fecistis

534 1744 921 1819 Tranquillino
951 1751 1005 1799 et
1034 1743 1173 1798 mihi
1204 1742 1439 1812 faciatis,
1472 1751 1533 1799 ut
1563 1745 1768 1816 possim
1799 1746 1908 1800 mei
1939 1761 2126 1817 corpo-

533 1834 612 1891 ris
639 1835 881 1905 recipere
909 1832 1221 1888 sanitatem.

604 1921 695 1978 50.
731 1922 1067 1992 Polycarpus
1114 1919 1400 1993 presbyter
1445 1920 1631 1977 dixit:
1680 1922 1736 1978 Si
1785 1930 2130 1981 transeuntes

532 2009 751 2065 dolores
795 2008 980 2065 anima
1024 2007 1272 2065 hominis
1318 2024 1431 2064 non
1476 2010 1686 2079 suﬁ‘ert,
1736 2012 1870 2084 quid
1918 2012 1985 2068 de
2016 2014 2129 2071 illis

532 2099 820 2158 doloribus
857 2107 1045 2157 actura
1073 2106 1175 2168 est,
1216 2099 1418 2173 quibus
1446 2101 1634 2157 nullus
1662 2118 1903 2175 unquam
1944 2105 2129 2160 evenit

530 2191 681 2261 ﬁnis,
712 2191 866 2247 nulla
908 2190 1072 2247 datur
1100 2190 1330 2247 omnino
1364 2193 1684 2251 successio?
1729 2194 1864 2249 Nam
1894 2196 1985 2251 isti
2017 2196 2127 2251 do-

531 2282 677 2339 lores
706 2282 932 2338 illorum
963 2281 1219 2338 dolorum
1250 2282 1545 2355 imaginem
1578 2292 1819 2356 portant,
1860 2294 1915 2342 et
1941 2302 2126 2359 quan-

533 2380 654 2429 tum
697 2371 869 2428 distat
923 2371 1070 2427 inter
1117 2372 1301 2443 ignem
1347 2373 1543 2428 vivum
1582 2383 1636 2429 et
1666 2374 1938 2445 picturam
1985 2376 2121 2449 ejus,

530 2469 749 2519 tantum
778 2461 948 2519 distat
993 2460 1139 2517 inter
1179 2461 1395 2518 dolores
1423 2479 1560 2536 quos
1588 2480 1736 2522 nunc
1764 2465 1971 2537 patitur
1994 2485 2125 2524 cor—

529 2566 656 2624 pus,
686 2560 741 2609 et
762 2551 891 2608 illos
915 2567 1052 2624 quos
1080 2551 1265 2607 anima
1290 2568 1514 2624 passura
1540 2562 1640 2622 est,
1673 2554 1719 2610 si
1750 2554 1937 2627 ignara
1969 2556 2125 2614 Crea-

529 2641 670 2698 toris
694 2641 780 2699 sui
807 2643 1093 2715 praesentis
1120 2643 1249 2699 vitae
1279 2642 1595 2714 impleverit
1624 2660 1824 2700 munus
1857 2644 2125 2719 (60).Age

529 2748 658 2805 ergo
688 2732 978 2791 nobiscum
1009 2733 1162 2806 prius
1206 2733 1274 2791 de
1308 2734 1593 2791 doloribus
1636 2736 1777 2804 illis,
1816 2745 1870 2793 et
1911 2746 2027 2794 esto
2058 2738 2125 2796 de

530 2823 630 2879 illa
654 2840 815 2897 pcena
839 2824 1135 2893 sollicitus,
1159 2841 1279 2899 quae
1301 2822 1465 2881 habet
1490 2824 1673 2898 ignem
1695 2843 1907 2899 semper
1934 2828 2124 2885 arden-

528 2922 663 2982 tem,
685 2921 739 2970 et
767 2930 1011 2971 vermem
1040 2929 1253 2986 semper
1281 2914 1552 2971 edentem.

596 3006 688 3063 51.
746 3006 901 3063 Tunc
964 3006 1317 3064 Chromatius
1373 3007 1528 3063 urbis
1579 3009 1765 3065 Romae
1815 3011 2123 3082 praefectus,

530 3110 659 3151 cum
693 3095 864 3151 unico
910 3094 1028 3150 ﬁlio
1070 3111 1169 3150 suo
1217 3094 1492 3165 Tiburtio,
1544 3095 1697 3153 dedit
1734 3114 1935 3155 nomen
1963 3117 2124 3157 suum

2239 617 2381 657 unus
2408 607 2463 654 et
2488 613 2651 653 verus
2688 596 2851 651 Deus.
2895 593 2951 650 S.
3001 591 3354 649 Sebastianus
3390 587 3684 661 respondit
3720 607 3734 645 :
3784 588 3843 644 Si

2240 706 2457 746 servum
2486 694 2643 743 tuum
2670 686 2738 742 ad
2768 682 3125 741 hauriendam
3173 697 3368 755 aquam
3411 679 3651 746 miseris,
3706 677 3843 734 dum

2242 780 2309 837 ad
2339 780 2543 835 fontem
2587 776 2821 844 venerit,
2868 774 3066 846 aspicit
3104 773 3258 845 prius
3304 787 3374 827 ne
3420 768 3612 826 sordes
3638 768 3846 840 aliqua

2242 872 2392 927 intus
2422 870 2623 924 lateant
2647 867 2703 923 in
2733 867 2942 937 lagena,
2975 872 3030 920 et
3056 879 3166 919 non
3196 870 3277 918 est
3322 876 3485 916 ausus
3534 874 3744 931 aquam
3790 858 3846 912 in

2243 979 2338 1017 vas
2368 960 2606 1026 mittere,
2636 957 2746 1013 nisi
2777 954 3101 1010 mundatum
3131 969 3163 998 α
3190 950 3447 1002 sordibus
3465 948 3711 1015 viderit;
3749 963 3849 1003 nos

2243 1050 2347 1107 tibi
2378 1034 2651 1103 τιτυιηοάο
2691 1031 2994 1102 poterimus
3039 1031 3251 1088 tradere
3304 1032 3512 1088 fontem
3561 1032 3847 1102 veritatis,

2240 1120 2348 1176 nisi
2405 1120 2558 1192 prius
2613 1130 2666 1176 te
2716 1120 2784 1176 ab
2840 1121 3098 1177 omnibus
3154 1121 3431 1177 idolorum
3480 1121 3757 1178 sordibus
3799 1133 3849 1180 et

2240 1210 2588 1283 squaloribus
2617 1210 2811 1266 feceris
2839 1211 3083 1266 alienum
3104 1211 3133 1267 ?
3164 1210 3515 1268 Chromatius
3545 1211 3708 1266 dixit
3738 1231 3752 1267 :
3782 1213 3848 1269 Et

2240 1318 2350 1374 quo
2390 1301 2582 1357 ordine
2631 1300 2845 1357 alienus
2882 1300 3023 1358 eﬁici
3070 1309 3261 1374 potero
3290 1300 3357 1357 ab
3385 1301 3522 1357 his?
3571 1301 3630 1357 8.
3687 1302 3848 1359 Seba-

2240 1393 2454 1447 stianus
2482 1391 2654 1447 dixit:
2692 1394 2772 1448 Da
2800 1390 2961 1448 nobis
2988 1400 3310 1464 potestatem
3350 1400 3410 1447 ut
3448 1392 3641 1447 omnia
3674 1392 3844 1461 idola,

2240 1498 2361 1553 quae
2391 1481 2447 1535 in
2482 1480 2646 1536 domo
2694 1481 3093 1550 invenerimus,
3138 1481 3353 1554 lapidea
3396 1482 3843 1555 confringamus,

2239 1570 2419 1642 lignea
2446 1569 2823 1641 incendamus,
2851 1588 3014 1628 aurea
3041 1581 3097 1627 et
3132 1580 3385 1644 argentea
3409 1573 3497 1628 vel
3539 1588 3687 1628 aerea
3721 1589 3844 1629 con-

2241 1666 2452 1735 ﬂemus,
2483 1676 2536 1723 et
2566 1668 2741 1740 pretia
2769 1685 2958 1725 eorum
2987 1668 3271 1741 egentibus
3300 1668 3641 1726 dividamus.
3676 1669 3844 1727 Chro-

2239 1756 2441 1812 matius
2484 1757 2678 1815 dixit:
2728 1758 2800 1813 Et
2841 1760 2967 1816 cum
3017 1759 3134 1816 haec
3189 1759 3451 1829 feceritis,
3507 1760 3649 1815 mihi
3706 1756 3845 1832 quid

2153 1845 2200 1905 B
2234 1850 2447 1909 fructus
2491 1854 2759 1910 accedet?
2813 1854 2869 1910 S.
2928 1855 3280 1912 Sebastianus
3325 1854 3516 1911 dixit:
3571 1854 3838 1911 Omnium

2239 1958 2537 1998 nervorum
2589 1943 2705 2015 (62)
2763 1951 3008 2013 tuorum,
3065 1961 3300 2018 quorum
3356 1944 3671 2001 nodositate
3711 1961 3841 2000 cou-

2236 2032 2542 2105 stringeris,
2576 2035 2761 2090 statim
2812 2034 3164 2107 consequeris
3210 2034 3532 2103 sanitatem;
3586 2042 3642 2090 et
3690 2033 3843 2107 quasi

2237 2124 2331 2196 qui
2361 2141 2643 2198 nunquam
2671 2125 2934 2195 dolueris,
2986 2126 3064 2182 ita
3105 2125 3336 2198 pedibus
3363 2127 3476 2182 tuis
3504 2142 3739 2182 currere
3766 2127 3843 2182 in-

2233 2213 2425 2285 cipies,
2456 2223 2511 2270 et
2534 2231 2826 2286 agnoscere
2864 2215 3012 2289 quod
3055 2215 3312 2272 inimicos
3340 2223 3453 2270 tua:
3482 2214 3687 2270 salutis
3716 2212 3843 2270 deos

2234 2301 2497 2360 dilexeris
2536 2304 2689 2377 (63);
2726 2314 2883 2362 tuum
2915 2322 3047 2362 vero
3080 2313 3357 2378 parentem
3388 2302 3543 2360 hunc
3572 2320 3721 2373 esse,
3753 2291 3841 2377 qni

2232 2399 2308 2461 te,
2335 2393 2520 2449 statim
2550 2402 2612 2450 ut
2641 2394 2760 2467 ejus
2789 2395 3045 2452 notitiam
3075 2403 3239 2469 atque
3282 2395 3565 2451 culturam
3613 2395 3839 2454 invene-

2233 2483 2330 2551 ris,
2362 2491 2634 2540 restaurat
2661 2491 2715 2540 et
2746 2486 2939 2542 salvat.

2304 2572 2393 2628 53.
2451 2573 2802 2631 Chromatius
2855 2575 3057 2632 dixit:
3115 2575 3297 2633 Nolite
3350 2577 3735 2651 vosmetipsos
3778 2577 3844 2634 ad

2234 2660 2377 2718 hanc
2424 2661 2686 2733 injuriam
2717 2663 3034 2736 deponere:
3093 2665 3188 2722 sed
3233 2665 3405 2722 servis
3460 2667 3604 2724 meis
3656 2669 3845 2741 praci-

2234 2751 2413 2823 piam;
2444 2760 2498 2807 et
2544 2753 2648 2824 ipsi
2692 2754 2952 2817 universa
2987 2754 3357 2828 confringant.
3392 2755 3450 2813 8.
3482 2755 3846 2815 Sebastianus

2233 2838 2422 2897 dixit:
2474 2841 2644 2897 Dubii
2689 2851 2742 2899 et
2782 2843 2967 2900 timidi
3007 2852 3061 2901 et
3101 2845 3351 2902 inﬁdeles
3380 2846 3425 2902 si
3464 2862 3527 2904 ea
3557 2847 3842 2920 confrege-

2234 2930 2619 2994 rint,inveniet
2643 2932 2896 2989 diabolus
2924 2950 3021 3005 per
3041 2951 3424 3008 quamcunque
3444 2937 3841 3009 negligentiam

2234 3036 2425 3077 eorum
2453 3024 2797 3079 occasionem
2827 3024 3063 3081 laedendi
3111 3041 3223 3094 eos,
3269 3033 3326 3082 et
3375 3026 3566 3082 statim
3612 3035 3677 3081 ut
3727 3027 3841 3084 tesi

2235 3110 2466 3181 fuerint,
2497 3112 2683 3170 dicent
2727 3114 3000 3184 inﬁdeles,
3046 3127 3332 3190 propterea
3378 3134 3470 3173 eos
3513 3117 3681 3174 lassos
3728 3135 3841 3176 esse

527 3184 718 3282 dicens
751 3202 763 3241 :
822 3186 885 3242 In
916 3184 1023 3282 hoc
1050 3184 1118 3241 de
1133 3185 1251 3282 ﬁde
1296 3204 1417 3243 mea
1451 3198 1642 3282 certos
1661 3207 1760 3282 vos
1788 3207 1904 3248 esse
1929 3209 2124 3251 conve-
2154 3222 2198 3282 ρ
2235 3202 2363 3274 quia
2394 3203 2541 3259 idola
2569 3205 2973 3277 confregerunt.
3008 3184 3125 3264 Nisi
3149 3184 3305 3264 enim
3335 3208 3569 3264 loricam
3601 3208 3832 3277 habens,

526 3274 636 3344 nit,
687 3275 746 3331 in
781 3290 889 3349 qua
928 3275 1093 3331 etiam
1124 3275 1300 3332 ﬁlium
1351 3294 1535 3335 meum
1585 3279 1962 3338 Christianum
2006 3284 2125 3343 ﬁeri

528 3381 746 3423 mecum
778 3372 998 3439 exopto.
1051 3366 1106 3423 S.
1138 3366 1492 3425 Sebastianus
1519 3369 1668 3425 dixit
1695 3389 1707 3426 :
1744 3371 1886 3428 Vide
1916 3389 1985 3427 ne
2014 3375 2129 3430 sola

528 3456 942 3528 recuperatione
990 3456 1072 3512 tui
1112 3458 1360 3529 corporis
1406 3457 1605 3516 ductus
1651 3469 1705 3516 te
1751 3460 2127 3518 Christianum

526 3542 648 3599 ﬁeri
676 3537 879 3615 speres,
911 3543 1006 3600 sed
1037 3545 1210 3616 magis
1239 3563 1332 3617 spe
1361 3547 1491 3602 vitae
1520 3555 1740 3603 aeternae
1768 3549 1937 3606 facias
1979 3568 2127 3608 men-

526 3637 638 3686 tem
665 3638 816 3686 tuam
865 3647 1059 3702 puram
1104 3632 1173 3688 ad
1202 3633 1499 3689 videndam
1548 3635 1817 3692 rationem
1853 3639 2122 3696 veritatis.

524 3719 644 3777 Nisi
676 3720 822 3777 enim
854 3722 1145 3793 agnoveris
1180 3722 1277 3796 qui
1303 3723 1378 3779 sit
1399 3723 1624 3780 Creator
1651 3732 1799 3793 tuus,
1836 3744 1946 3783 non
1976 3737 2124 3800 pote-

526 3809 605 3866 ris
623 3808 875 3866 invenire
895 3810 1127 3867 salutem
1150 3826 1314 3884 quam
1336 3812 1555 3885 quaeris.
1576 3812 1929 3870 Chromatius
1948 3814 2122 3872 dixit:

523 3899 671 3971 Ergo
700 3905 755 3955 et
782 3898 1019 3955 rusticos
1047 3907 1101 3956 et
1131 3900 1574 3973 simplicissimos
1612 3903 1866 3960 homines
1904 3921 2016 3960 non
2046 3906 2125 3961 vi-

524 3987 719 4046 demus
746 4003 862 4044 esse
893 3987 1260 4059 Christianos,
1292 3991 1371 4047 ita
1400 3999 1463 4047 ut
1486 3991 1633 4047 inter
1664 3994 1817 4073 mille
1847 3994 1999 4050 viros
2027 3994 2121 4050 vix

524 4078 779 4136 invenias
807 4095 979 4135 unum
1004 4080 1098 4152 qui
1121 4080 1294 4153 possit
1313 4082 1402 4137 vel
1422 4097 1739 4138 sermonum
1771 4083 2123 4157 disciplinam

523 4169 774 4243 adipisci.
808 4169 1073 4243 Nunquid
1102 4170 1161 4227 hi
1183 4188 1373 4228 omnes
1401 4173 1470 4228 ad
1500 4173 1661 4230 istam
1701 4174 2122 4248 inquisitionem

522 4264 791 4336 attingere
824 4270 1124 4336 potuerunt
1151 4264 1284 4321 dum
1324 4264 1518 4321 ﬁerent
1565 4265 1916 4323 Christiani?
1946 4268 2000 4324 S.
2033 4270 2123 4325 Se-

526 4354 812 4411 bastianus
855 4353 972 4411 ait:
1014 4354 1131 4412 Hoc
1157 4371 1478 4428 responsum
1525 4363 1682 4413 tuum
1722 4366 1923 4415 nostra:
1954 4358 2123 4431 partis

523 4441 708 4498 ﬁrmat
731 4442 849 4514 (61)
879 4443 1255 4501 assertionem.
1277 4445 1413 4501 Nam
1440 4446 1508 4502 ab
1529 4446 1742 4518 origine
1772 4446 1965 4502 mundi
1995 4464 2120 4502 cum

523 4531 785 4587 ruricolis
817 4538 873 4587 et
898 4531 1212 4602 pastoribus
1239 4534 1429 4589 ovium
1447 4537 1593 4591 Deus
1614 4535 1809 4592 habuit
1829 4536 2117 4605 rationem,

523 4625 579 4675 et
601 4616 764 4691 juxta
791 4617 960 4673 ﬁnem
991 4619 1184 4674 mundi
1215 4621 1442 4677 veniens
1480 4639 1589 4677 non
1620 4624 1783 4695 elegit
1810 4625 2120 4696 grammati-

523 4726 617 4768 cos
643 4716 697 4765 et
723 4716 986 4776 oratores,
1017 4709 1112 4766 sed
1141 4719 1451 4782 peccatores
1481 4721 1535 4769 et
1568 4712 1869 4785 simplices,
1903 4723 1956 4772 et
1987 4715 2120 4789 ipsis

524 4798 757 4856 tradidit
788 4798 1041 4855 notitiam
1073 4815 1249 4856 suam.

592 4889 685 4948 52.
726 4887 1078 4947 Chromatius
1104 4889 1292 4946 dixit:
1342 4889 1454 4967 Cur
1499 4907 1627 4964 ergo
1667 4908 1755 4949 me
1799 4891 1939 4951 dicis
1968 4894 2121 4967 prius

521 4977 722 5039 debere
750 4995 1045 5053 agnoscere
1083 4979 1208 5054 quis
1251 4981 1323 5037 sit
1349 4966 1569 5040 creator
1595 5001 1771 5055 meus,
1819 4966 1985 5058 quem
2011 4986 2119 5043 nisi

527 5071 847 5145 agnoverim
894 5071 1124 5128 salutem
1165 5070 1417 5128 invenire
1461 5089 1573 5129 non
1616 5074 1821 5145 possim
1846 5074 1874 5129 ?
1928 5074 1984 5131 8.
2017 5075 2121 5131 Se-

519 5163 805 5224 bastianus
846 5165 993 5223 dixit
1027 5184 1039 5223 :
1087 5165 1233 5235 Quia
1271 5167 1475 5223 multos
1504 5166 1633 5223 deos
1661 5174 1717 5222 et
1764 5168 1966 5224 multas
1994 5168 2122 5225 deas

521 5255 766 5313 coluisti.
815 5256 933 5314 Nisi
977 5272 1106 5330 ergo
1152 5257 1255 5313 hos
1284 5274 1316 5313 a
1357 5256 1520 5315 corde
1558 5264 1655 5312 tuo
1698 5257 2019 5327 excluseris,
2067 5266 2121 5314 et
2166 5294 2169 5295 ν

522 5331 793 5418 imagines
830 5360 1020 5404 eorum
1069 5347 1425 5418 confregeris,
1479 5354 1533 5403 et
1577 5349 1899 5420 cognoveris
1946 5366 2118 5405 unum

521 5443 576 5493 et
603 5444 797 5494 verum
824 5437 1023 5506 Deum,
1053 5434 1228 5492 vitam
1257 5442 1312 5492 et
1336 5435 1567 5493 salutem
1597 5436 1846 5494 invenire
1876 5454 1988 5494 non
2011 5455 2121 5512 po-

595 5598 715 5671 (59)
756 5598 873 5671 AL,
903 5598 1156 5671 Animam
1184 5615 1353 5657 meam
1380 5615 1446 5656 ea:
1467 5597 1570 5671 ﬁde
1602 5599 1833 5656 Christo.

595 5598 689 5670 (59
756 5598 873 5666 Al.,
903 5598 1156 5654 Animam
1184 5615 1353 5657 meam
1380 5615 1446 5656 ea:
1467 5598 1570 5671 ﬁde
1602 5599 1831 5656 Christo.

594 5598 717 5811 ἔδοξ
758 5670 874 5738 AL,
911 5670 1183 5728 Creatoris
1214 5673 1299 5729 sui
1329 5671 1584 5746 spreverit
1618 5688 1831 5730 munus.

620 5738 685 5796 61
751 5740 867 5810 AL,
897 5742 1159 5811 Amr-mat.

620 5738 715 5811 61)
751 5740 867 5810 AL,
897 5742 1159 5814 Amr-mat.

2238 3309 2349 3349 non
2377 3294 2611 3366 eripitur
2631 3295 2833 3352 ictibus
2861 3297 3203 3369 sagittarum.
3230 3298 3396 3354 Galea
3423 3300 3579 3354 enim
3600 3308 3657 3356 et
3681 3311 3839 3357 scuto

2238 3392 2291 3441 et
2320 3386 2474 3442 hasta
2500 3388 2677 3443 utitur
2705 3389 2865 3446 docta
2891 3406 3083 3446 manus
3113 3390 3172 3444 in
3202 3390 3412 3462 praelia,
3454 3399 3517 3447 ut
3547 3408 3622 3448 ex
3656 3392 3837 3449 muni.

2238 3478 2386 3533 mine
2417 3495 2693 3534 armorum
2742 3485 2796 3534 et
2837 3478 3047 3550 impetu
3090 3479 3325 3535 feriendi
3377 3491 3623 3537 assumat
3674 3481 3837 3538 auda-

2235 3567 2397 3637 ciam,
2426 3576 2482 3625 et
2512 3577 2662 3642 terga
2689 3585 2801 3625 non
2830 3575 3029 3626 vertat.
3077 3569 3346 3626 Similiter
3375 3578 3429 3625 et
3458 3570 3671 3626 milites
3716 3570 3835 3638 Dei,

2236 3659 2332 3731 qui
2360 3666 2514 3715 scuto
2543 3658 2672 3715 ﬁdei
2702 3660 3052 3729 muniuntur,
3095 3666 3148 3715 et
3189 3659 3359 3715 lorica
3386 3658 3653 3731 tegminis
3682 3658 3835 3716 Chri-

2236 3751 2306 3805 sti
2351 3758 2730 3821 proteguntur,
2789 3749 3052 3807 habentes
3099 3750 3306 3821 galeam
3350 3748 3479 3805 ﬁdei
3516 3756 3573 3805 et
3616 3750 3830 3816 salutis,

2235 3838 2369 3912 ipsis
2397 3847 2479 3894 est
2505 3846 2687 3894 tutum
2717 3838 2860 3894 inire
2888 3846 3184 3895 certamen.
3227 3838 3481 3911 Pugnant
3504 3839 3657 3894 enim
3690 3856 3830 3895 acer-

2234 3928 2374 3984 rime
2419 3935 2474 3984 et
2519 3928 2737 3984 fortiter
2769 3929 3025 3997 vincunt,
3075 3927 3204 4000 quia
3251 3936 3441 3984 contra
3488 3924 3828 3984 invisibilem

2233 4020 2447 4076 hostem
2477 4019 2566 4076 die
2596 4027 2870 4091 noctuque
2910 4018 3330 4090 infatigabiliter
3373 4018 3737 4090 praliantur;
3780 4025 3830 4074 et

2233 4115 2362 4165 sunt
2392 4108 2520 4165 tecti
2552 4108 2609 4164 in
2639 4109 2899 4165 omnibus
2946 4107 3228 4177 membris,
3260 4106 3369 4164 ﬁde
3397 4106 3588 4180 potius
3631 4107 3829 4165 armati

2232 4215 2396 4272 quam
2425 4199 2589 4256 ferro.
2621 4198 2973 4256 Chromatius
3003 4197 3181 4255 dixit:
3218 4198 3339 4254 Fiat
3364 4199 3625 4255 voluntas
3652 4198 3755 4256 Dei
3778 4206 3829 4255 et

2231 4297 2430 4346 vestra.
2462 4290 2615 4346 Tunc
2643 4289 2697 4346 S.
2727 4291 3062 4363 Polycarpus
3089 4289 3375 4363 presbyter
3398 4289 3535 4346 etB.
3558 4289 3830 4347 Sebastia~

2231 4397 2336 4436 nus
2377 4381 2769 4454 praecingentes
2795 4397 2851 4436 se
2880 4390 3205 4450 oraverunt;
3250 4388 3306 4437 et
3348 4390 3473 4454 post
3519 4381 3827 4440 orationem

2229 4472 2466 4546 amplius
2481 4488 2641 4546 quam
2664 4471 2898 4530 ducenta
2914 4470 3189 4528 idolorum
3210 4472 3366 4546 signa
3388 4473 3824 4548 confringentes,

2150 4590 2198 4647 D
2233 4571 2515 4634 coeperunt
2541 4563 2739 4635 gratias
2766 4578 2922 4634 agere
2950 4564 3063 4619 Deo
3091 4579 3212 4619 suo.

2818 4692 3046 4751 CAPUT
3074 4688 3226 4749 XVI.

2228 4783 2595 4841 Instrunwntis
2620 4784 2923 4855 astrologia
2940 4783 3251 4853 judiciariw
3275 4781 3566 4853 confracti:
3602 4790 3829 4842 sanatur

2849 4873 3207 4930 Chromatius.

2297 4983 2386 5041 54.
2416 4983 2544 5040 Post
2573 4982 2691 5040 haec
2709 4992 3052 5040 accesserunt
3081 4983 3151 5039 ad
3177 4982 3559 5041 Chromatium
3579 4984 3832 5042 dicentes

2229 5076 2278 5133 ei
2304 5096 2314 5133 :
2359 5075 2848 5149 Confringentibus
2877 5076 3039 5132 nobis
3067 5076 3215 5133 idola
3242 5084 3305 5131 tu
3332 5075 3576 5134 debuisti
3628 5079 3829 5135 sanita-

2227 5174 2339 5223 tem
2369 5167 2629 5240 recipere,
2659 5168 2767 5222 nisi
2798 5167 2940 5223 forte
2974 5166 3160 5239 aliqua
3188 5166 3291 5222 tibi
3338 5166 3400 5223 in
3435 5168 3627 5224 animo
3672 5170 3834 5242 signa

2231 5256 2573 5313 inﬁdelitatis
2628 5257 3110 5329 derelinquuntur.
3170 5257 3285 5312 Hoc
3337 5256 3491 5313 enim
3527 5258 3679 5329 apud
3730 5276 3833 5315 nos

2228 5354 2441 5404 certum
2463 5347 2720 5419 gerimus,
2753 5346 2900 5421 quod
2947 5353 3041 5402 aut
3081 5352 3163 5403 est
3207 5346 3442 5420 aliquid,
3491 5347 3645 5420 quod
3691 5365 3833 5405 non-

2229 5437 2360 5495 dum
2392 5446 2472 5494 est
2497 5438 2763 5506 fractum;
2796 5445 2891 5494 aut
2918 5436 2966 5494 si
2997 5438 3185 5495 omnia
3212 5438 3389 5496 fracta
3413 5446 3563 5507 sunt,
3597 5437 3738 5511 quid
3773 5440 3831 5495 in

2328 5601 2419 5669 62)
2457 5601 2571 5669 AL,
2598 5600 2969 5658 membrorum.

2328 5601 2395 5658 62
2457 5601 2571 5669 AL,
2598 5601 2969 5658 membrorum.

2302 5601 2419 5745 €63i
2451 5672 2565 5740 AL,
2595 5674 2832 5730 colendos
2865 5673 3104 5731 duxeris.
