4086 6208
526 254 661 312 1139

1544 255 1639 308 ΑΙ)
1680 252 1916 311 OPERA
1953 252 2009 310 S.
2051 252 2387 312 AMBROSII
2426 253 2808 311 APPENDIX.

3695 253 3836 310 ιιιο

520 377 649 435 bani
680 385 731 433 et
766 376 981 433 accensi
1018 383 1147 431 ante
1174 376 1400 448 januam
1446 376 1689 433 cubiculi
1723 386 2117 449 praeparentur,
2149 382 2199 440 A
2234 379 2397 436 nibus
2445 380 2716 451 peccatis;
2749 388 2804 435 at
2849 379 2947 435 ille
2988 380 3068 436 ait
3099 399 3110 436 :
3146 382 3255 437 Ista
3284 382 3440 454 prius
3464 380 3708 436 debuisti
3739 379 3839 434 in-

521 472 583 519 ut
624 463 757 519 dum
808 463 1147 520 destructum
1195 466 1263 521 ab
1314 466 1393 522 eis
1450 466 1638 536 fuerit,
1688 475 1742 522 et
1785 476 1939 539 pater
1967 485 2121 525 meus

521 570 634 609 non
664 553 929 624 receperit
957 553 1269 621 sanitatem,
1315 556 1479 611 ambo
1514 556 1568 611 in
1609 556 1841 629 singulis
1886 559 2121 615 clibanis

523 641 846 699 ardentibus
892 642 1300 715 demergantur.
1342 646 1591 701 Audiens
1629 645 1745 702 haec
1790 654 1942 718 pater
1978 646 2119 719 ejus,

523 732 851 805 prohibebat
894 732 1036 788 ﬁeri.
1083 733 1267 790 Sancti
1302 752 1434 791 vero
1488 752 1597 791 non
1638 737 1816 791 solum
1854 753 1966 792 non
1996 753 2121 793 me-

522 824 752 878 tuebant
811 823 1144 895 promissum
1192 824 1452 894 exitium,
1511 842 1703 882 verum
1759 825 1924 882 etiam
1979 844 2121 884 con-

523 920 729 969 stanter
757 913 1049 984 praeparari
1078 914 1325 971 clibanos
1354 914 1737 974 hortabantur.

591 1001 842 1059 59.Tunc
870 1011 1217 1059 accesserunt
1238 1004 1306 1059 ad
1327 1004 1586 1061 universa
1615 1006 1764 1063 idola
1795 1007 2123 1079 crystallina

523 1098 576 1146 et
601 1090 927 1159 holovitrea,
960 1100 1014 1147 et
1061 1108 1224 1149 omne
1253 1108 1391 1164 opus
1420 1093 1560 1149 illud
1601 1096 1984 1154 mechanicum
2026 1115 2038 1152 :
2069 1104 2124 1152 et

523 1182 731 1250 subito,
762 1181 894 1238 dum
944 1191 1259 1239 sanctorum
1300 1186 1556 1242 manibus
1584 1186 1985 1259 frangerentur,
2016 1204 2124 1259 ap-

523 1271 707 1343 paruit
736 1278 860 1326 ante
906 1273 1096 1328 oculos
1148 1272 1459 1330 Chromatii
1484 1274 1731 1345 juvenis,
1762 1276 1921 1348 cujus
1958 1276 2123 1332 facies

522 1360 778 1416 ﬂammeo
806 1360 1052 1417 radiabat
1072 1370 1315 1433 aspectu,
1344 1372 1400 1419 et
1424 1364 1570 1421 dixit
1600 1365 1673 1421 ei:
1708 1367 1860 1423 Misit
1887 1382 1974 1422 me
2002 1368 2122 1423 Do-

524 1450 709 1506 minus
739 1467 893 1506 meus
938 1452 1093 1508 Jesus
1122 1453 1397 1524 Christus,
1438 1455 1528 1511 cui
1566 1456 1872 1524 credidisti,
1903 1465 1965 1513 ut
1994 1474 2124 1512 om—

526 1540 684 1596 nium
715 1542 1089 1598 membrorum
1143 1552 1367 1600 tuorum
1425 1545 1656 1618 recipias
1699 1547 2006 1603 sanitatem.
2039 1545 2125 1602 Ad

523 1630 666 1688 hanc
694 1647 885 1688 vocem
926 1632 1250 1689 sanissimus
1280 1632 1529 1689 redditus
1559 1635 1724 1706 coepit
1752 1649 1974 1691 currere
2002 1644 2127 1705 post

2230 469 2445 542 quirere
2489 479 2784 541 antequam
2815 469 2913 525 has
2942 470 3097 525 aulas
3130 470 3271 542 regis
3300 469 3418 541 (74)
3448 470 3717 526 οωιοιτιῐῐι
3752 470 3840 524 in-

2228 564 2449 613 trarem.
2497 560 2656 614 Nunc
2701 565 2881 615 autem
2914 557 3203 613 reinduam
3235 575 3319 613 me
3351 574 3465 613 non
3504 556 3840 629 baptizatus,

2230 655 2292 701 ut
2320 647 2578 703 omnibus
2625 649 2798 719 prius,
2830 647 3032 720 quibus
3073 664 3198 703 sum
3246 648 3440 714 iratus,
3476 647 3838 717 indulgeam;

2230 735 2488 791 omnibus
2528 735 2871 793 debitoribus
2922 736 3060 791 meis
3098 736 3464 809 chirographa
3502 736 3791 792 restituam
3822 754 3838 801 ;

2230 823 2277 879 si
2306 824 2395 879 cui
2423 823 2632 897 aliquid
2665 824 2932 880 violenter
2960 824 3186 892 abstuli,
3211 825 3488 896 integrum
3511 822 3671 878 reddi
3705 839 3840 894 prae-

2230 914 2429 985 cipiam
2464 932 2475 970 :
2510 915 2631 971 duae
2677 913 2815 970 mihi
2861 923 2983 986 post
3029 915 3222 970 uxoris
3259 915 3475 971 obitum
3505 913 3841 970 concubinas

2231 1010 2381 1071 sunt,
2409 1012 2463 1060 et
2492 1003 2613 1060 istis
2642 1003 2824 1060 dotem
2847 1011 2902 1059 et
2916 1004 3143 1061 maritos
3162 1004 3395 1073 tradam,
3416 1004 3486 1060 ab
3505 994 3843 1060 omni'nexu

2231 1090 2440 1160 servili,
2471 1091 2732 1165 ingenuo,
2756 1092 2993 1165 privato,
3024 1093 3113 1149 vel
3156 1093 3381 1165 publico
3411 1100 3640 1149 actuum
3695 1108 3843 1148 meo-

2232 1198 2354 1237 rum
2384 1184 2664 1239 exsolvam
2702 1203 2713 1240 :
2746 1191 2801 1240 et
2832 1184 2909 1240 ita
2938 1184 3160 1240 demum
3193 1185 3506 1256 promittam
3552 1185 3840 1239 renuntia-

2230 1280 2418 1327 turum
2466 1288 2551 1329 me
2580 1272 2837 1329 omnibus
2882 1272 3119 1344 peccatis
3161 1272 3452 1329 diabolicis
3478 1280 3536 1328 et
3580 1273 3840 1343 volupta-

2232 1364 2381 1420 tibus
2424 1364 2637 1420 mundi.
2686 1364 2835 1421 Dicit
2878 1366 2929 1421 ei
2969 1365 3308 1437 Polycarpus
3336 1365 3628 1437 presbyter
3661 1383 3676 1419 :
3712 1364 3841 1419 Beao

2232 1453 2426 1509 tiorem
2463 1461 2516 1509 te
2566 1453 2803 1509 ccelestis
2848 1453 2998 1509 unda
3053 1452 3368 1526 perfundet,
3422 1470 3553 1509 cum
3601 1468 3667 1508 ea
3720 1468 3839 1525 qua

2234 1544 2461 1600 arbitrio
2488 1551 2585 1600 tuo
2612 1543 2753 1601 dicis
2780 1552 2834 1601 te
2868 1560 2984 1601 esse
3013 1545 3313 1612 facturum,
3335 1552 3452 1601 tota
3479 1544 3837 1601 festinatione

2234 1633 2640 1704 compleveris:
2675 1649 2802 1689 nam
2852 1641 2906 1689 et
2951 1634 3381 1707 quadragesimae
3437 1640 3658 1705 tempus
3715 1632 3837 1688 ideo

517 1719 801 1791 juvenem,
840 1731 903 1778 ut
958 1722 1122 1794 pedes
1168 1721 1287 1793 ejus
1333 1723 1690 1779 oscularetur.
1732 1724 1808 1779 At
1837 1723 1931 1778 ille
1973 1722 2121 1778 dixit
2154 1734 2200 1794 Β
2231 1721 2575 1794 baptizandis
2621 1722 2953 1795 injungitur,
2983 1731 3047 1778 ut
3101 1731 3184 1779 tot
3221 1722 3416 1779 diebus
3462 1722 3584 1793 (75)
3618 1722 3724 1794 ipsi
3754 1721 3836 1777 di-

523 1812 574 1866 ei
600 1829 610 1867 :
632 1811 772 1867 Vide
794 1827 862 1865 ne
882 1812 1170 1883 contingas
1195 1827 1302 1879 me,
1344 1810 1473 1883 quia
1501 1811 1748 1867 nondum
1775 1811 2121 1885 baptismatis

523 1898 887 1956 sanctiﬁcatio
916 1906 969 1954 te
1002 1916 1033 1954 a
1067 1899 1418 1972 squaloribus
1466 1899 1646 1956 abluit
1691 1900 1991 1957 idolorum.
2026 1901 2121 1959 Vi-

523 1986 658 2042 dens
687 1986 805 2043 haec
831 1986 1116 2042 Tiburtius
1163 1987 1314 2044 filius
1344 1987 1485 2060 ejus,
1513 1988 1833 2045 advolvitur
1862 1990 1931 2047 ad
1959 1990 2123 2063 pedes

524 2074 582 2131 S.
644 2074 956 2147 Polycarpi.
1020 2077 1139 2147 Ipse
1188 2083 1372 2132 autem
1423 2076 1776 2135 Chromatius
1829 2079 2123 2152 prmfectus

524 2163 860 2235 astringebat
888 2164 1103 2236 plantas
1133 2164 1189 2221 S.
1213 2165 1542 2234 Sebastiani,
1574 2176 1628 2223 et
1657 2168 1818 2223 ambo
1847 2185 1958 2225 una
1986 2184 2122 2225 voce

525 2257 837 2314 clamabant
865 2275 877 2311 :
912 2257 1088 2313 Verus
1118 2260 1265 2315 Deus
1294 2267 1375 2314 est
1407 2259 1681 2327 Christus,
1719 2276 1883 2316 verus
1907 2270 1961 2316 et
1992 2278 2122 2316 om-

525 2345 781 2415 nipotens
820 2345 1141 2415 unigenitus
1203 2347 1379 2402 Filius
1430 2348 1552 2415 Dei,
1604 2364 1765 2420 quem
1810 2350 2122 2422 praedicatis

526 2430 660 2488 boni
689 2432 931 2488 ministri
962 2433 1098 2507 ejus.

1093 2583 1320 2641 CAPUT
1370 2584 1550 2642 XVII.

853 2691 1148 2747 Chromatii
1161 2698 1211 2746 et
1236 2692 1464 2749 Tiburtii
1492 2693 1798 2766 baptismus.

600 2824 690 2881 60.
727 2825 882 2882 Tunc
910 2826 973 2882 B.
1007 2827 1360 2885 Sebastianus
1388 2828 1535 2886 dixit
1562 2830 1884 2889 Chromatio
1914 2849 1926 2888 :
1968 2832 2122 2892 Sicut

527 2913 645 2985 ipse
692 2916 837 2971 nosti
871 2958 886 2983 ,
943 2916 1317 2988 principatum
1367 2920 1560 2989 primae
1598 2919 1845 2977 cohortis
1873 2938 1993 2994 ago,
2026 2924 2120 2980 sed

525 3010 713 3059 utrum
760 3005 833 3059 sit
873 3006 1074 3060 militia
1132 3006 1249 3076 (73)
1303 3005 1567 3077 hominis,
1609 3008 1821 3066 nescire
1851 3011 1986 3067 olim
2015 3013 2121 3070 de-

2230 1818 2384 1869 scant
2412 1811 2824 1868 renuntiaturos
2852 1828 2909 1867 se
2938 1828 3054 1868 esse
3080 1812 3340 1868 omnibus
3367 1811 3583 1868 artibus
3611 1809 3829 1866 inimici

2231 1911 2285 1959 et
2335 1900 2527 1957 mundi
2574 1903 2941 1971 commerciis,
2982 1903 3029 1960 si
3073 1902 3171 1976 qui
3210 1902 3497 1959 verissime
3544 1902 3687 1958 efﬁci
3732 1919 3830 1957 vo-

2231 1992 2355 2048 lunt
2386 1991 2707 2049 Christiani.

2302 2088 2389 2144 62.
2422 2088 2581 2145 Tunc
2609 2089 2893 2146 Tiburtius
2914 2089 3141 2162 juvenis
3170 2090 3615 2163 sapientissimus
3644 2090 3827 2146 dixit:

2231 2177 2411 2244 Pater,
2442 2176 2487 2232 si
2518 2176 2617 2231 tibi
2651 2193 2749 2249 pro
2780 2179 3164 2235 renuntiandis
3206 2181 3441 2251 negotiis
3471 2187 3694 2251 tempus
3722 2179 3827 2236 ila-

2233 2266 2390 2337 gitas,
2422 2282 2520 2338 ego
2549 2266 2643 2338 qui
2670 2267 2854 2324 adhuc
2886 2277 3239 2342 suscepturus
3268 2286 3415 2326 eram
3447 2270 3671 2342 negotia
3701 2270 3830 2339 fori,

2230 2360 2333 2415 soli
2363 2359 2726 2432 susceptionis
2749 2361 3022 2417 voluntati
3052 2364 3310 2419 renuntio
3341 2380 3354 2419 :
3388 2369 3445 2417 et
3473 2364 3571 2436 qui
3612 2363 3834 2420 futurus

2231 2465 2376 2505 eram
2409 2448 2707 2506 advocatus
2752 2448 2821 2506 ad
2850 2450 3086 2521 agendas
3116 2468 3306 2507 causas
3334 2452 3683 2520 mortalium,
3721 2470 3833 2510 sus-

2232 2536 2433 2609 cipiam
2465 2537 2960 2608 Christianitatem,
2991 2540 3061 2596 ad
3090 2540 3324 2613 agendas
3353 2543 3604 2597 actiones
3629 2543 3835 2614 angeli-

2230 2641 2340 2695 cas,
2371 2643 2499 2682 cum
2542 2644 2686 2683 unus
2720 2644 2835 2683 esse
2865 2644 3079 2701 coepero
3116 2646 3187 2685 ex
3228 2647 3420 2686 eorum
3449 2647 3712 2696 numero,
3742 2632 3838 2704 qui

2231 2722 2490 2771 aeternam
2542 2715 2712 2771 vitam
2760 2716 3059 2788 accipiunt,
3094 2725 3150 2773 et
3197 2718 3514 2775 efﬁciuntur
3562 2720 3837 2776 causidici

2230 2805 2557 2863 sanctitatis.
2607 2806 2762 2863 Tunc
2805 2807 3147 2878 amplexatus
3190 2818 3272 2865 est
3310 2824 3436 2864 eum
3467 2809 3529 2863 Β.
3565 2808 3841 2864 Sebastia-

2232 2910 2380 2950 nus:
2422 2910 2583 2966 quem
2633 2911 2759 2951 cum
2815 2895 3141 2967 baptizasset
3184 2898 3240 2953 S.
3298 2898 3663 2969 Polycarpus,
3724 2898 3839 2969 ipse

2229 2993 2383 3056 pater
2414 2983 2780 3056 susceptionis
2808 2983 2924 3056 ejus
2955 2992 3036 3041 est
3066 2985 3262 3042 factus.

524 3091 698 3158 crevi,
748 3108 850 3147 nec
879 3094 1099 3148 vellem.
1150 3094 1234 3150 Ad
1270 3093 1377 3152 hoc
1416 3103 1629 3153 tantum
1675 3099 1778 3155 sub
1825 3100 2115 3175 chlamyde

2302 3081 2389 3138 63.
2425 3081 2599 3153 Igitur
2626 3082 2758 3138 dum
2786 3082 2944 3155 pauci
2974 3082 3273 3140 admodum
3304 3083 3566 3139 transacti
3598 3083 3837 3141 fuissent

525 3178 693 3235 latere
723 3179 901 3248 volui,
933 3186 996 3235 ut
1031 3182 1348 3238 nutantium
1408 3184 1623 3241 animos
1654 3186 2007 3256 instruerem,
2064 3198 2119 3246 et

522 3266 838 3324 dubitantes
856 3278 1167 3327 constantes
1194 3270 1489 3342 efﬁcerem,
1511 3290 1579 3330 ne
1600 3276 1918 3347 passionum
1948 3278 2119 3335 dolo-

524 3358 679 3416 ribus
732 3361 1006 3429 cederent,
1054 3378 1190 3436 quos
1239 3362 1376 3421 ﬁdes
1423 3364 1625 3424 fecerat
1674 3366 1985 3425 bellatores.
2036 3369 2119 3425 Tu

526 3461 710 3510 autem
760 3454 1111 3527 amplissima:
1163 3456 1451 3528 potestatis
1502 3457 1711 3530 apicem
1763 3477 1974 3532 gerens,
2004 3478 2115 3517 non

521 3551 675 3612 potes
721 3543 1074 3613 temetipsum
1106 3560 1209 3601 nec
1250 3561 1283 3599 a
1338 3546 1670 3617 spectaculis
1699 3549 1911 3616 tollere,
1941 3565 2117 3622 neque

516 3631 836 3703 judicandis
864 3635 1102 3705 negotiis
1124 3635 1429 3693 absentare.
1473 3637 1754 3694 Simulans
1775 3639 1944 3709 igitur
1964 3642 2117 3713 aegri-

520 3718 793 3788 tudinem,
842 3720 950 3776 tibi
995 3721 1099 3792 ipsi
1155 3724 1374 3793 postula
1417 3741 1808 3795 successorem,
1852 3735 1914 3783 ut
1943 3730 2117 3799 possis

520 3807 662 3864 liber
707 3807 775 3863 ad
825 3808 1279 3880 occupationibus
1331 3812 1546 3881 mundi,
1578 3812 1780 3871 futura
1809 3816 1938 3872 vitae
1966 3817 2115 3874 rudi-

520 3906 708 3955 menta
733 3898 1031 3971 suscipere,
1055 3907 1118 3955 ut
1138 3902 1378 3959 secunda
1408 3903 1700 3962 nativitate
1729 3904 1927 3963 iterum
1954 3916 2117 3964 natus

516 3988 737 4045 aeternis
774 3987 1029 4045 eﬂ‘iciaris
1059 3991 1381 4062 parentibus
1428 3994 1627 4067 proles.
1672 3994 1881 4053 Eodem
1930 3996 2115 4071 itaque

514 4076 606 4135 die
645 4078 821 4136 mittit
865 4078 934 4135 ad
979 4080 1184 4137 amicos
1228 4097 1357 4138 suos
1406 4084 1464 4139 in
1501 4084 1708 4156 palatio
1760 4086 1987 4157 positos,
2017 4102 2114 4158 per

516 4182 655 4238 quos
681 4167 1080 4225 testimonialia
1110 4169 1315 4243 scripta
1343 4172 1669 4245 suscipiens,
1687 4174 2010 4232 tirocinium
2031 4175 2112 4232 di-

513 4255 659 4312 vina
689 4257 906 4313 militiai
930 4266 1222 4331 antequam
1254 4259 1623 4333 baptizaretur
1649 4264 1878 4336 accepit.

582 4347 671 4403 61.
705 4348 850 4415 Quid
883 4367 1203 4421 memorem,
1225 4369 1388 4426 quam
1416 4353 1750 4425 plenissima;
1766 4354 1896 4412 ﬁdei
1916 4355 2106 4427 fuerit,

2228 3168 2365 3236 dies,
2389 3169 2649 3226 omnibus
2669 3170 2773 3225 rite
2794 3170 3197 3228 abrenuntiatis
3227 3187 3259 3228 a
3284 3172 3608 3229 Chromatio
3637 3173 3831 3230 mundi

2226 3257 2483 3330 negotiis,
2506 3259 2746 3331 suscepit
2767 3258 3119 3317 Chromatius
3138 3262 3277 3318 sacri
3304 3260 3658 3333 baptismatis
3678 3263 3832 3318 novi-

2226 3355 2395 3404 tatem
2430 3366 2441 3404 :
2475 3355 2531 3404 et
2572 3365 2699 3405 cum
2747 3349 2938 3405 eodem
2986 3364 3056 3405 ex
3098 3349 3314 3406 familia
3358 3350 3480 3422 ejus
3526 3352 3832 3423 promiscui

2226 3451 2391 3493 sexus
2420 3437 2573 3492 mille
2602 3435 3013 3509 quadringentae
3045 3437 3264 3505 animae,
3296 3455 3434 3511 quos
3464 3456 3663 3496 omnes
3683 3441 3833 3513 prius

2226 3526 2682 3582 manumissionis
2710 3526 2883 3598 gratia
2909 3543 2943 3582 a
2977 3526 3263 3584 servitutis
3307 3529 3452 3585 nodo
3482 3530 3754 3598 exsolvit,
3781 3539 3833 3587 et

2225 3613 2386 3671 donis
2413 3615 2640 3686 optimis
2668 3613 2953 3684 instruxit,
2982 3614 3172 3671 dicens
3218 3616 3323 3673 hoc
3357 3636 3368 3672 :
3402 3617 3490 3674 Illi
3523 3618 3625 3690 qui
3655 3620 3831 3675 Deum

2224 3703 2501 3776 incipiunt
2528 3702 2728 3760 habere
2769 3710 2999 3776 patrem,
3032 3704 3178 3761 servi
3213 3704 3457 3763 hominis
3482 3722 3601 3762 non
3628 3705 3833 3764 debent

2224 3808 2359 3850 8888.

2786 3948 3016 4009 CAPUT
3042 3950 3248 4011 XVIII.

2226 4056 2583 4124 Chromatius,
2607 4056 2931 4131 prafectura
2974 4058 3131 4116 Urbis
3156 4058 3421 4129 abdicata,
3437 4064 3829 4135 persecutionis

2646 4153 2873 4219 tempore
2905 4147 3237 4205 Christianos
3264 4150 3386 4207 alit.

2286 4270 2375 4327 64.
2450 4271 2583 4326 Erat
2647 4278 2829 4327 autem
2903 4288 3043 4345 papa
3115 4274 3268 4332 urbis
3333 4278 3522 4335 Roma
3596 4283 3828 4339 nomine

2217 4361 2379 4418 Caius
2415 4362 2553 4435 (76),
2598 4362 2687 4419 vir
2741 4380 2947 4436 magnae
2997 4365 3302 4437 prudentiae
3351 4385 3676 4444 magnaque
3715 4374 3824 4429 vir-

512 4451 787 4526 quamque
809 4440 953 4497 acris
972 4440 1180 4512 ingenii
1198 4450 1392 4498 contra
1418 4442 1727 4499 infidelium
1758 4454 1964 4502 asserta
1981 4462 2110 4502 con-
2138 4451 2186 4510 D
2220 4450 2372 4517 tutis,
2406 4450 2808 4522 imperantibus
2838 4452 3041 4510 Carino
3074 4455 3214 4526 (77),
3248 4440 3598 4515 Diocletiano
3627 4470 3686 4518 et
3715 4463 3825 4519 Ma-

510 4524 764 4582 stiterit?
820 4529 1066 4601 Sequens
1100 4530 1264 4586 lectio
1311 4532 1645 4589 manifestat.
1689 4534 1826 4590 Nam
1856 4534 1915 4591 in
1947 4535 2108 4593 initio

511 4613 752 4686 qualiter
781 4615 854 4671 sit
884 4618 1216 4675 sacrosancti
1244 4620 1417 4676 fontis
1436 4621 1585 4677 unda
1601 4623 1873 4694 perfusus,
1899 4627 2100 4683 mentis

508 4700 627 4774 ejus
655 4702 790 4759 ﬁdes
821 4703 1108 4761 evidenter
1134 4705 1732 4781 enituit.Interrogatus
1755 4711 1801 4767 si
1831 4712 2100 4781 crederet,

506 4791 874 4850 dixit:Credo.
899 4796 1103 4851 Iterum
1125 4795 1514 4871 interrogatus,
1537 4808 1725 4857 utrum
1746 4800 2100 4859 abrenuntia-

503 4893 589 4942 ret
609 4887 867 4944 omnibus
888 4888 1071 4958 idolis,
1091 4889 1403 4962 respondit:
1421 4892 1786 4949 Abrenuntio.
1808 4894 2102 4952 Prosecuta

501 4983 584 5032 est
610 4976 972 5051 interrogatio
1017 4978 1336 5049 sacerdotis,
1369 4988 1558 5038 utrum
1589 4982 1934 5040 renuntiaret
1983 5000 2097 5040 om-

600 5170 688 5242 73)
719 5171 849 5229 Mss.
882 5171 1167 5242 Rebdorf.,
1198 5170 1429 5230 malitia.

598 5242 687 5314 74)
720 5244 834 5311 AL,
866 5244 1032 5314 regni.

598 5314 686 5384 75)
718 5315 833 5380 AL,
866 5316 986 5371 totis
1016 5317 1216 5374 diebus.

595 5386 683 5456 76)
721 5386 936 5461 Colitur
965 5387 1019 5443 S.
1035 5388 1213 5461 Caius
1238 5405 1376 5461 papa
1403 5389 1473 5445 22
1500 5388 1701 5460 April.;
1735 5391 1879 5448 sedit
1907 5408 1938 5447 a
1966 5407 2095 5447 con-

490 5457 679 5535 sulatu
716 5456 841 5535 Cari
869 5475 924 5535 u_
939 5467 993 5535 et
1023 5456 1358 5535 Carini‘,_an.
1410 5456 1605 5535 chron.
1648 5462 1997 5535 283,_Ausque
2021 5461 2091 5517 ad

488 5529 837 5658 cplnsulaégréi
892 5529 1223 5588 Diocletiani
1283 5548 1359 5601 vr,
1407 5539 1463 5589 et
1518 5529 1826 5591 Constantii
1884 5529 1943 5604 1i,
1994 5550 2085 5590 an.

488 5613 517 5653 c
563 5614 685 5654 ron.
830 5643 842 5655 .

486 5613 685 5654 CIII'OD.
717 5613 842 5655 290.

2216 4539 2487 4597 ximiano.
2529 4539 2636 4596 Sed
2672 4540 3051 4599 Diocletianus
3083 4544 3142 4599 in
3172 4545 3315 4601 Urbe
3342 4555 3458 4602 erat
3484 4564 3617 4606 cum
3649 4552 3825 4609 Maxi-

2215 4628 2401 4684 miano
2433 4646 2444 4684 :
2479 4628 2711 4687 Carinus
2739 4638 2920 4686 autem
2967 4639 3083 4688 erat
3123 4649 3250 4690 cum
3293 4635 3445 4691 omni
3475 4640 3737 4697 exercitu
3766 4643 3823 4698 in

2212 4716 2459 4788 partibus
2506 4717 2810 4775 Galliarum
2858 4719 3070 4791 positus
3104 4729 3195 4778 :et
3249 4721 3367 4795 ejus
3408 4724 3624 4783 intuitu
3674 4729 3824 4787 lenta

2212 4809 2519 4879 persecutio
2535 4808 2867 4867 Diocletiani
2881 4810 3029 4868 circa
3043 4812 3387 4872 Christianos
3406 4832 3523 4872 esse
3538 4830 3786 4892 coeperat
3803 4841 3817 4887 ;

2212 4900 2341 4972 quia
2382 4900 2617 4957 Carinus
2666 4900 2784 4972 (78)
2834 4900 3069 4959 habebat
3118 4905 3334 4978 aliquos
3387 4904 3620 4977 amicos,
3680 4927 3821 4985 quos

2208 4985 2376 5059 hujus
2399 4986 2551 5044 tituli
2578 4988 2848 5061 professio
2876 4988 3189 5050 decorabat.

2285 5179 2403 5252 (77)
2422 5180 2653 5238 Carinus
2673 5179 2774 5237 sub
2790 5180 2953 5237 ﬁnem
2969 5182 3101 5239 anni
3119 5185 3223 5244 282
3245 5186 3424 5245 Cesar
3434 5200 3655 5249 creatus
3674 5194 3814 5252 Caro

2206 5259 2357 5330 patre
2393 5252 2455 5330 _in
2502 5252 2854 5330 expeditione
2897 5254 3118 5330 Persica
3153 5258 3269 5316 ictu
3298 5261 3574 5330 fulminis,
3606 5264 3813 5323 Nume-

2205 5322 2360 5415 riano
2386 5322 2721 5415 fratrfolép‘ri.
2756 5323 3496 5415 socerijraude.egrstincti‘s,
3528 5322 3649 5415 ipse
3678 5322 3813 5410 quo-

2204 5409 2308 5465 que
2335 5410 2481 5450 anno
2511 5394 2990 5463 285,Diocletiani
3023 5415 3083 5467 n,
3115 5400 3183 5457 ab
3214 5399 3319 5459 hoc
3344 5394 3527 5461 victus
3547 5394 3811 5465 inter‘em-

2201 5472 2433 5536 ptusque
2463 5473 2564 5521 est.

2553 5510 2787 5621 fortasse
2809 5540 3050 5621 respeait
3065 5542 3338 5621 Vopiscus
3354 5544 3419 5603 de
3441 5563 3505 5604 eo
3528 5550 3803 5621 scribens,
3830 5529 3837 5537 δ

2199 5606 2327 5665 odio
2357 5615 2557 5666 nostra:
2585 5608 2869 5684 religionis
2896 5606 2915 5670 Ξ
2948 5606 3411 5690 Αηιίοοέοριὶηιοε
3438 5606 3677 5694 quosque
3696 5606 3804 5680 ire:
