4086 6208
513 290 652 348 1143

1533 288 1628 341 ΑΙ)
1669 286 1903 342 OPERA
1942 284 1997 340 S.
2027 282 2358 340 AMBROSII
2396 279 2776 339 APPENDIX.

3671 276 3806 334 1144

500 430 708 496 patrem
740 402 956 485 eorum,
984 416 1114 474 fecit
1143 416 1571 490 presbyterium.
1604 416 1659 473 S.
1713 415 2093 472 Sebastianum
2124 416 2175 476 A
2207 413 2425 469 fortiter
2453 413 2510 469 in
2550 412 2747 468 timore
2775 409 3023 479 Domini,
3048 408 3308 481 perduxit
3354 424 3449 464 eos
3492 407 3563 464 ad
3614 424 3813 481 papam

500 519 706 577 autem,
740 508 836 581 qui
860 508 927 563 ad
957 507 1261 563 multorum
1286 506 1589 578 profectum
1609 504 1711 563 sub
1741 505 1918 576 specie
1950 504 2093 560 mili-

500 601 591 657 tiae
620 598 841 665 latebat,
874 598 1220 654 defensorem
1252 596 1513 653 Ecclesiae
1567 595 1835 665 instituit,
1868 604 2095 652 caeteros

501 707 633 747 vero
660 688 1024 745 subdiaconos
1055 685 1207 742 fecit.

572 790 661 846 69.
694 786 797 843 Sed
826 786 957 859 quia
982 793 1135 841 tutus
1189 782 1376 839 nullus
1418 779 1659 836 inveniri
1690 787 1899 851 poterat
1944 778 2097 834 locus

502 879 568 935 ad
600 876 862 934 latebram
894 872 1295 933 confovendam
1350 871 1488 943 (88),
1522 871 1879 925 morabantur
1907 884 2098 925 omnes

502 968 647 1043 apud
670 968 954 1026 Castulum
983 962 1275 1038 quemdam
1295 960 1672 1019 Christianum
1694 959 1958 1015 zetarium
1976 957 2093 1029 (89)

501 1058 692 1131 palatii
718 1075 729 1112 :
763 1056 859 1130 qui
889 1055 1146 1112 Castulus
1174 1050 1378 1107 ibidem
1402 1050 1459 1105 in
1481 1048 1705 1121 palatio,
1739 1048 1797 1103 in
1826 1046 2097 1120 superiori

502 1151 624 1205 loco
653 1156 707 1203 et
746 1144 902 1201 valde
957 1140 1228 1199 altissimo
1271 1138 1672 1195 commanebat.
1730 1138 1858 1194 ldeo
1914 1146 2097 1193 autem

504 1239 623 1295 haec
646 1245 773 1307 apta
804 1233 1016 1289 mansio
1046 1226 1404 1302 probabatur,
1432 1230 1561 1302 quia
1588 1237 1643 1285 et
1698 1227 1813 1301 ipse
1841 1227 2099 1285 Castulus

503 1345 629 1385 cum
686 1325 799 1381 suis
857 1321 1117 1378 omnibus
1177 1319 1672 1378 christianissimus
1700 1326 1849 1386 erat;
1900 1325 1953 1374 et
2008 1320 2098 1374 lex

504 1418 631 1475 data
655 1415 722 1472 de
742 1412 1027 1471 sacriﬁciis
1046 1427 1173 1468 cum
1203 1409 1409 1483 ubique
1432 1408 1518 1466 sui
1549 1409 1765 1465 fervore
1790 1408 2097 1477 desaeviret,

504 1508 563 1564 in
595 1506 709 1563 illis
738 1505 831 1578 qui
860 1504 1065 1577 palatio
1080 1500 1454 1569 adhaerebant,
1488 1500 1618 1573 quia
1647 1516 1748 1556 nec
1771 1499 2012 1571 suspicio
2032 1499 2099 1556 de

505 1598 584 1655 eis
612 1613 729 1654 esse
755 1603 989 1669 poterat,
1021 1593 1322 1651 celabatur.
1353 1592 1530 1647 Erant
1558 1607 1707 1662 ergo,
1739 1597 1801 1645 ut
1829 1588 2096 1657 diximus,

505 1704 696 1745 omnes
724 1687 783 1743 hi
811 1692 1087 1742 morantes
1111 1698 1237 1740 cum
1269 1688 1457 1737 sancto
1480 1696 1615 1753 papa
1648 1679 1778 1737 Caio
1802 1678 1945 1751 apud
1976 1678 2101 1736 Cas-

2205 502 2399 561 Caium
2430 509 2485 559 et
2513 501 2661 558 dixit
2695 519 2706 557 :
2741 499 3092 557 Venerabilis
3134 515 3271 572 papa
3312 514 3375 555 ac
3424 498 3637 554 divinae
3682 498 3817 570 legis

2202 593 2449 660 antistes,
2479 607 2604 647 ecce
2630 606 2769 664 quos
2797 605 2893 661 per
2920 604 3008 644 me
3040 588 3206 644 hodie
3238 589 3481 644 lucratus
3519 595 3607 643 est
3660 587 3816 645 Chri-

2203 698 2339 758 stus,
2372 689 2429 745 in
2461 688 2662 763 quibus
2690 687 2825 743 ﬁdes
2872 704 3010 755 mea,
3045 688 3197 743 velut
3245 686 3540 743 arbuscula
3569 687 3813 756 novella,

2207 780 2448 853 primum
2481 779 2733 852 prorupit
2764 779 2822 834 in
2851 778 3117 835 fructum.
3141 777 3294 832 Tunc
3324 776 3380 831 S.
3408 774 3575 832 Caius
3606 774 3815 845 episco-

2210 887 2312 943 pus
2335 869 2637 941 baptizavit
2664 885 2775 936 eos,
2810 868 2916 923 hoc
2944 877 3046 934 est,
3083 863 3343 938 juvenem
3392 880 3522 922 cum
3556 862 3815 937 parenti-

2214 957 2316 1015 bus
2344 959 2479 1029 suis,
2513 960 2627 1016 Deo
2656 956 2855 1031 gratias
2884 955 3204 1013 referentes.

2814 1090 3043 1150 CAPUT
3085 1088 3214 1147 XX.

2388 1194 2484 1249 SS.
2526 1194 2677 1261 Zoes,
2717 1192 3083 1264 Tranquillini
3110 1197 3158 1247 et
3184 1189 3419 1246 aliorum
3446 1189 3644 1246 cades.

2281 1317 2366 1375 73.
2399 1317 2606 1373 Verum
2638 1315 2766 1389 quia
2794 1317 3033 1374 multum
3064 1323 3146 1373 est
3174 1315 3220 1372 si
3265 1315 3508 1372 velimus
3545 1330 3613 1370 ea
3640 1330 3822 1386 prose-

2208 1410 2304 1484 qui
2333 1428 2454 1484 quze
2483 1418 2537 1466 et
2565 1419 2769 1485 quanta
2795 1426 2892 1483 per
2919 1426 3013 1466 eos
3042 1409 3235 1466 fecerit
3263 1408 3545 1477 Christus,
3580 1408 3823 1481 qualiter

2209 1503 2586 1576 unusquisque
2611 1502 2681 1558 ad
2711 1502 2948 1575 palmam
2991 1500 3247 1574 martyrii
3288 1500 3527 1569 venerit,
3559 1508 3823 1556 tantum-

2210 1592 2372 1648 modo
2401 1593 2762 1665 explicemus.
2796 1592 3119 1649 Beatissima
3147 1594 3254 1648 Zoe
3300 1592 3358 1647 in
3411 1592 3816 1663 Apostolorum

2210 1683 2407 1750 natale,
2458 1681 2590 1738 dum
2632 1682 2703 1738 ad
2749 1682 3163 1740 Confessionem
3204 1680 3321 1753 (91)
3376 1679 3526 1735 Petri
3582 1680 3821 1753 apostoli

505 1779 686 1834 tulum
715 1777 1001 1841 zetarium,
1037 1773 1095 1829 in
1125 1772 1259 1845 ipsis
1281 1770 1661 1844 superioribus
1691 1769 1909 1842 palatii,
1940 1777 1995 1825 et
2009 1768 2099 1824 die
2130 1777 2178 1839 Β
2208 1777 2406 1838 oraret,
2432 1769 2499 1826 ab
2521 1770 2915 1828 insidiantibus
2943 1769 3167 1843 paganis
3189 1777 3453 1838 arctatur,
3486 1768 3819 1843 duciturque

505 1878 782 1941 noctuque
811 1864 1104 1939 gemitibus
1122 1880 1185 1919 ac
1204 1862 1444 1929 fletibus,
1472 1869 1525 1917 et
1551 1860 1780 1933 jejuniis
1800 1868 1962 1934 atque
1984 1877 2100 1916 ora-

508 1955 755 2013 tionibus
815 1954 1089 2024 occupati,
1115 1952 1416 2009 exorabant
1472 1952 1800 2018 Dominum,
1833 1959 1894 2008 ut
1948 1950 2103 2023 digni

508 2043 844 2099 haberentur
873 2042 1165 2099 tolerantia
1202 2042 1565 2100 confessionis
1594 2041 1730 2114 ejus,
1765 2041 1823 2097 in
1873 2056 2104 2097 numero

507 2143 823 2192 sanctorum
853 2140 1159 2206 martyrum
1189 2132 1408 2189 sociari.

579 2222 667 2280 70.
710 2222 1097 2280 Ascendebant
1118 2229 1301 2277 autem
1360 2220 1427 2277 ad
1456 2237 1548 2277 eos
1590 2220 1803 2276 occulte
1860 2218 2105 2291 religiosi

508 2314 617 2369 viri
647 2322 701 2369 et
730 2314 999 2385 religiosae
1022 2312 1263 2379 feminae,
1306 2318 1359 2365 et
1388 2327 1419 2366 a
1452 2311 1666 2366 Sanctis
1694 2310 1939 2365 diversas
1996 2310 2104 2366 sibi

509 2402 805 2460 sanitatum
837 2402 1037 2474 gratias
1072 2400 1462 2472 impetrabant.
1516 2398 1909 2456 Corroboratos
1938 2416 2105 2455 nam-

510 2509 615 2567 que
649 2509 788 2550 verae
820 2491 949 2547 ﬁdei
976 2489 1236 2546 ﬁrmitate
1271 2497 1324 2545 et
1345 2488 1579 2545 solidato
1605 2488 1964 2545 fundamento
1982 2490 2107 2544 vir-

515 2590 721 2651 tutum,
776 2581 1076 2638 sanitatum
1143 2579 1316 2653 gratia
1351 2578 1798 2653 prosequebatur.
1858 2579 1996 2635 Nam
2052 2588 2106 2637 et

515 2689 792 2731 caecorum
823 2672 969 2729 oculi
1024 2669 1485 2727 illuminabantur
1516 2685 1705 2725 eorum
1754 2670 2027 2743 precibus,
2053 2679 2107 2729 et

515 2762 850 2819 sanabantur
880 2761 1110 2830 inﬁrmi,
1166 2767 1221 2817 et
1244 2776 1314 2817 ex
1350 2759 1583 2817 obsessis
1612 2760 1935 2835 corporibus
2002 2762 2107 2819 daa-

511 2869 702 2910 mones
733 2851 1098 2924 pellebantur.

592 2944 679 3001 71.
712 2945 925 3001 Interea
944 2943 1076 2999 dum
1107 2940 1225 2997 haec
1250 2948 1510 3010 aguntur,
1538 2938 1811 2995 transiens
1828 2939 1889 2995 Β.
1916 2939 2109 2995 Tibur-

516 3033 629 3089 tius
660 3033 903 3089 occurrit
935 3028 1151 3086 homini
1185 3027 1282 3100 qui
1301 3028 1369 3084 de
1394 3030 1508 3084 alto
1556 3030 1758 3101 lapsus,
1791 3035 1846 3084 et
1872 3037 2036 3101 caput
2059 3030 2108 3086 ei

2213 1860 2281 1916 ad
2311 1870 2602 1933 patronum
2630 1863 2871 1936 regionis
2898 1861 3251 1918 Naumachiaa
3296 1860 3439 1932 (92),
3472 1868 3531 1916 et
3564 1862 3818 1933 compel-

2215 1952 2349 2009 litur
2376 1953 2566 2009 Martis
2595 1955 2908 2010 statunculo
2934 1953 3074 2026 (93),
3101 1952 3249 2026 quod
3275 1953 3390 2009 illic
3419 1953 3622 2022 stabat,
3642 1953 3823 2010 thuris

2217 2049 2395 2114 guttas
2451 2043 2764 2100 incendere.
2816 2043 2953 2099 Tum
3004 2044 3100 2099 illa
3145 2042 3472 2115 respondit:
3532 2043 3821 2100 Mulierem

2214 2133 2377 2190 Marti
2407 2133 2715 2190 sacriﬁcare
2762 2133 3117 2205 compellitis,
3170 2141 3231 2188 ut
3258 2133 3563 2190 ostendatis
3594 2134 3820 2191 Martem

2147 2296 2180 2309 υ
2215 2230 2458 2278 vestrum
2492 2220 2820 2279 mulieribus
2849 2221 3113 2279 delectari
3145 2221 3173 2278 ?
3210 2221 3315 2278 Sed
3352 2222 3449 2277 ille
3477 2222 3822 2295 impudicis-

2216 2314 2368 2370 simae
2400 2314 2603 2372 Veneri
2653 2314 2835 2388 potuit
2893 2314 3158 2387 pudorem
3217 2313 3449 2386 eripere,
3508 2313 3654 2371 mihi
3693 2331 3824 2371 vero

2216 2413 2482 2477 tropaeum
2509 2403 2638 2459 ﬁdei
2660 2405 2717 2459 in
2746 2404 2926 2460 fronte
2963 2403 3205 2477 portanti
3235 2419 3345 2459 non
3362 2404 3569 2476 poterit
3601 2421 3822 2477 prava-

2218 2495 2348 2551 lere.
2379 2494 2500 2550 Non
2530 2495 2677 2550 enim
2702 2511 2800 2567 ego
2824 2498 2959 2550 meis
2990 2503 3182 2550 contra
3201 2509 3324 2550 eum
3357 2492 3578 2549 viribus
3608 2495 3821 2561 luctor;

2218 2583 2312 2640 sed
2341 2582 2399 2640 in
2436 2585 2661 2641 Domini
2702 2585 2811 2641 mei
2850 2585 2978 2640 Iesu
3013 2583 3220 2642 Christi
3269 2583 3475 2640 virtute
3512 2583 3822 2653 conﬁdens,

2218 2681 2271 2730 et
2300 2691 2401 2731 vos
2456 2681 2510 2729 et
2565 2674 2724 2730 illum
2782 2673 2987 2747 pariter
3044 2674 3275 2731 ridendo
3306 2681 3622 2731 contemno.
3672 2675 3824 2731 Tunc

2218 2772 2482 2838 patronus
2510 2763 2751 2837 regionis
2774 2765 2925 2821 misit
2955 2780 3072 2821 eam
3105 2764 3164 2819 in
3194 2763 3499 2820 custodiam
3529 2763 3825 2822 obscuris-

2220 2853 2437 2921 simam,
2466 2860 2522 2909 et
2550 2870 2647 2927 per
2674 2853 2920 2929 quinque
2970 2853 3090 2910 dies
3144 2852 3276 2910 fecit
3324 2869 3443 2909 eam
3470 2870 3603 2910 .nec
3632 2854 3825 2911 lumen

2221 2944 2431 3013 videre,
2466 2961 2567 3002 nec
2596 2945 2782 3002 cibum
2812 2961 2913 3003 nec
2940 2951 3131 3017 potum
3172 2943 3439 3016 accipere.
3487 2942 3683 3000 Solum
3714 2962 3827 3001 vox

2224 3034 2341 3107 ejus
2369 3036 2463 3109 qui
2488 3052 2607 3092 eam
2655 3036 2773 3092 illic
2822 3036 3121 3092 incluserat
3177 3035 3503 3091 audiebatur
3539 3035 3821 3092 dicentis:

518 3122 706 3178 omnia
736 3121 982 3178 membra
1009 3126 1379 3192 quassaverat,
1411 3117 1489 3174 ita
1509 3128 1571 3174 ut
1595 3118 1663 3175 de
1687 3119 1803 3174 sola
1831 3120 2111 3192 sepultura
2146 3141 2188 3202 ο
2220 3116 2558 3183 Ibimorieris
2587 3126 2750 3194 fame,
2782 3133 2835 3181 et
2888 3124 3004 3194 siti,
3058 3134 3113 3183 et
3162 3125 3428 3194 caecitate,
3463 3126 3576 3182 nisi
3607 3134 3662 3183 te
3693 3125 3824 3182 liba-

516 3213 635 3286 ejus
662 3220 883 3285 agerent
909 3211 988 3281 hi,
1021 3227 1255 3285 quorum
1299 3209 1450 3267 ﬁlius
1487 3226 1601 3267 esse
1666 3211 2107 3285 dignoscebatur.

516 3306 672 3363 Tunc
703 3302 841 3361 dicit
866 3302 946 3359 eis
966 3300 1226 3358 ﬂentibus
1250 3318 1261 3356 :
1307 3300 1614 3357 Permittite
1666 3318 1752 3357 me
1780 3311 2110 3375 praecantare

519 3394 636 3469 (90)
671 3395 742 3463 ei,
802 3393 1037 3449 forsitan
1085 3390 1436 3465 recuperabit
1483 3391 1798 3448 sanitatem.
1858 3392 2111 3466 Cumque

518 3503 705 3543 omnes
736 3483 1015 3541 dedissent
1062 3482 1322 3556 spatium,
1381 3482 1607 3539 accessit
1663 3481 1829 3554 juxta
1879 3499 2026 3549 eum,
2057 3491 2110 3540 et

516 3575 707 3632 dicens
736 3590 899 3646 supra
926 3575 1156 3629 vulnera
1187 3571 1306 3644 ejus
1334 3572 1481 3628 lente
1520 3571 1825 3629 orationem
1854 3572 2107 3628 Domini-

517 3680 636 3722 cam
666 3671 720 3720 et
746 3662 1089 3734 symbolum,
1121 3662 1197 3719 ita
1226 3661 1459 3718 solidata
1479 3670 1608 3717 sunt
1635 3677 1757 3715 ossa
1776 3658 1915 3731 ejus,
1947 3670 2001 3718 et
2023 3679 2107 3718 ca-

456 3762 463 3771 ’
517 3761 616 3826 put
645 3760 700 3809 et
726 3752 913 3809 omnia
939 3751 1172 3820 viscera,
1193 3760 1255 3809 ut
1281 3751 1437 3825 quasi
1466 3750 1610 3807 nihil
1630 3750 1680 3806 ei
1708 3751 1999 3821 evenisset,
2031 3751 2109 3808 ita

516 3843 693 3901 factus
721 3839 794 3898 sit
824 3838 1139 3896 incolumis.

590 3942 677 4001 72.
710 3942 840 3998 Haec
867 3942 1052 4014 itaque
1081 3955 1207 3997 cum
1238 3939 1479 4006 fecisset,
1512 3937 1795 4013 coepitira.
1827 3939 2111 4001 Tenebant

516 4044 698 4094 autem
730 4036 890 4092 illum
932 4041 1184 4109 parentes
1211 4030 1331 4104 ejus
1356 4030 1635 4088 dicentes:
1690 4030 1831 4089 Veni
1861 4040 1916 4089 et
1971 4034 2109 4093 habe

516 4145 641 4186 eum
672 4143 895 4185 servum
949 4136 1004 4183 et
1059 4122 1245 4182 omnia
1273 4123 1420 4180 bona
1466 4129 1654 4178 nostra
1680 4122 1785 4179 tibi
1839 4123 2109 4184 tradimus

515 4234 644 4275 cum
692 4234 779 4285 eo,
841 4215 974 4289 quia
1016 4215 1196 4288 ipsum
1235 4211 1489 4277 unicum,
1533 4228 1696 4285 quem
1754 4211 2108 4284 habebamus,

517 4307 678 4365 nobis
718 4306 832 4380 jam
880 4316 1161 4364 mortuum
1202 4304 1493 4362 reddidisti
1542 4304 1757 4361 vivum.
1802 4305 1950 4362 Dicit
1991 4308 2108 4365 eis:

517 4396 575 4452 Si
603 4412 667 4451 ea
706 4412 826 4468 quae
881 4395 1041 4453 vobis
1096 4395 1294 4452 dixero
1340 4394 1599 4459 feceritis,
1635 4393 1820 4467 magni
1877 4396 2111 4487 pendam

2222 3226 2398 3275 turam
2431 3217 2809 3290 repromiseris
2841 3216 2971 3274 diis.

2294 3307 2379 3364 74.
2412 3308 2516 3365 Sed
2550 3325 2674 3364 cum
2707 3306 3128 3379 pertransissent
3160 3323 3258 3363 sex
3283 3306 3400 3364 dies
3427 3318 3825 3381 suggesserunt

2222 3398 2289 3456 de
2316 3416 2378 3457 ea
2407 3400 2662 3472 praefecto
2692 3399 2943 3455 saevienti
2978 3418 2990 3455 :
3025 3398 3122 3473 qui
3147 3397 3314 3471 jussit
3359 3416 3480 3456 eam
3507 3416 3541 3456 a
3589 3401 3742 3457 collo
3779 3408 3830 3457 et

2225 3491 2442 3565 capillis
2486 3492 2546 3548 in
2576 3491 2829 3548 arborem
2885 3493 3160 3549 excelsam
3216 3491 3479 3565 suspendi
3534 3500 3592 3549 et
3647 3492 3836 3550 subter

2222 3582 2439 3639 fumum
2473 3599 2541 3639 ex
2570 3582 2923 3656 sterquilinio
2977 3581 3250 3639 adhiberi.
3290 3582 3488 3639 Statim
3525 3591 3719 3639 autem
3775 3598 3836 3645 ut

2223 3690 2483 3746 suspensa
2533 3683 2632 3741 est,
2674 3673 2731 3729 in
2763 3672 3110 3731 confessione
3155 3672 3380 3730 Domini
3421 3673 3612 3729 emisit
3655 3674 3837 3746 spiri-

2219 3773 2340 3821 tum
2402 3763 2541 3837 (94).
2588 3764 2676 3820 Illi
2728 3771 2914 3819 autem
2963 3762 3271 3821 auferentes
3317 3779 3519 3835 corpus
3545 3763 3668 3835 ejus
3699 3779 3834 3820 saxo

2220 3858 2529 3930 ligaverunt
2554 3862 2608 3910 et
2641 3853 2853 3911 Tiberis
2892 3854 3051 3911 alveo
3084 3854 3494 3922 immerserunt,
3533 3852 3828 3909 dicentes:

2217 3949 2296 4004 Ne
2346 3944 2649 4005 Christiani
2704 3960 2903 4018 corpus
2972 3944 3090 4017 ejus
3144 3944 3364 4013 tollant,
3397 3949 3451 3999 et
3476 3942 3690 4001 faciant
3727 3941 3831 4000 sibi

2220 4035 2378 4093 illam
2410 4036 2590 4092 deam.

2296 4126 2382 4184 75.
2416 4126 2593 4197 Igitur
2619 4124 2892 4182 celebrato
2921 4122 3190 4197 martyrio
3218 4122 3355 4195 ejus,
3390 4124 3549 4180 venit
3578 4125 3640 4180 in
3667 4139 3831 4180 som-
3885 4124 3901 4136 ’

2222 4216 2310 4272 nis
2338 4216 2401 4272 Β.
2433 4214 2772 4283 Sebastiano,
2802 4222 2855 4270 et
2883 4213 3131 4271 narravit
3156 4214 3207 4270 ei
3227 4213 3465 4287 qualiter
3490 4214 3827 4287 martyrium

2223 4305 2447 4362 Domini
2477 4304 2823 4377 suscepisset.
2851 4303 3011 4372 Quod
3055 4320 3183 4361 cum
3226 4311 3499 4359 narrasset
3547 4302 3605 4360 S.
3653 4302 3832 4360 Seba-

2224 4395 2455 4464 stianus,
2511 4392 2788 4468 proripuit
2843 4408 2897 4450 se
2954 4392 3008 4449 S.
3069 4392 3512 4466 Tranquilliuus,
3579 4391 3824 4449 dicens:

519 4484 825 4541 mercedem
855 4485 1108 4543 sanitatis
1138 4483 1328 4556 hujus.
1354 4484 1562 4540 Dicunt
1608 4483 1659 4540 ei
1688 4492 1941 4556 parentes
1960 4479 2109 4559 ejus:
2142 4505 2190 4564 ι)
2226 4484 2467 4541 Feminae
2494 4483 2562 4541 ad
2594 4498 2852 4541 coronam
2883 4481 3223 4555 praecedunt,
3252 4489 3314 4538 ut
3342 4479 3478 4553 quid
3516 4480 3772 4538 vivimus
3803 4481 3829 4538 ?

518 4574 891 4646 Nosmetipsos
943 4574 989 4630 si
1046 4590 1232 4630 servos
1261 4573 1460 4630 habere
1525 4571 1788 4644 digneris,
1841 4576 2114 4635 contraire

520 4678 634 4720 non
663 4678 952 4734 possumus
976 4680 987 4720 :
1022 4663 1157 4737 quin
1187 4662 1300 4719 imo
1328 4670 1383 4718 et
1411 4669 1684 4735 optamus,
1739 4663 1786 4719 si
1816 4663 1930 4737 ipse
1952 4664 2116 4737 judi-

520 4752 731 4810 caveris
755 4752 1008 4824 dignum.
1037 4752 1193 4809 Tunc
1220 4750 1637 4825 apprehendans
1683 4768 1878 4810 manus
1897 4770 2110 4827 eorum,

521 4843 823 4915 segregavit
852 4857 944 4897 eos
969 4858 1000 4897 a
1025 4842 1222 4912 turbis,
1268 4851 1323 4900 et
1385 4842 1655 4901 indicavit
1716 4844 1794 4900 eis
1850 4846 2112 4903 virtutem

523 4933 766 4990 nominis
795 4931 1019 4991 Christi.
1075 4934 1148 4991 Et
1175 4932 1370 4991 videns
1417 4934 1664 4992 animum
1694 4950 1882 4992 eorum
1939 4936 2115 4994 ﬁxum

596 5096 715 5167 (88)
731 5096 846 5153 Ms.
873 5094 1023 5167 ΒΨ,
1055 5094 1423 5167 contuendum.

598 5165 720 5240 (89)
752 5166 897 5235 Quid
948 5165 1077 5241 aeta
1124 5165 1236 5221 sint
1286 5171 1570 5241 aut_zwt¢e,
1600 5167 1835 5241 _quibus
1881 5168 2116 5225 zetarius

523 5237 765 5311 praetrat,
799 5254 964 5311 supra
991 5238 1201 5294 dictum
1231 5246 1312 5311 est
1339 5237 1407 5311 ad
1436 5254 1555 5310 cap.
1594 5238 1647 5295 3.

620 5312 713 5378 90)
743 5309 1203 5376 Al.,'incantare;
1236 5310 1336 5378 al.,
1367 5309 1668 5368 decantare.

620 5312 689 5369 90
743 5312 861 5376 AL,
887 5312 1203 5375 incantare;
1236 5312 1336 5378 al.,
1367 5312 1668 5368 decantare.

596 5312 715 5454 (91)
747 5381 1031 5454 Confessio
1060 5388 1142 5438 est
1191 5397 1317 5454 pars
1347 5383 1591 5454 ecclesia
1642 5382 1739 5439 ubi
1795 5389 2113 5441 sanctorum

524 5452 766 5526 corpora,
784 5453 1095 5526 quiescunt,
1118 5452 1320 5511 ac'fere
1344 5452 1447 5510 sub
1478 5454 1673 5526 majori
1700 5456 1880 5512 altari.

556 5470 621 5509 or
696 5470 756 5510 ra
822 5470 1095 5523 arescunt,
1118 5470 1184 5511 ac
1206 5470 1320 5510 rere
1344 5470 1447 5510 suo
1478 5470 1673 5526 majori
1700 5470 1880 5512 altari.

556 5595 567 5605 υ
596 5470 715 5606 (8;)
745 5470 938 5607 Fifures
970 5526 1198 5609 fuerunt
1212 5526 1277 5607 _in
1298 5526 1441 5609 Urbe
1486 5527 1846 5609 IVaymachiw,
1904 5526 2114 5609 Diocle-

526 5597 666 5651 tiani
692 5597 914 5669 regione
942 5613 1089 5669 nona
1112 5616 1126 5664 ;
1150 5598 1273 5653 aliae
1293 5597 1457 5654 tertia
1476 5597 1726 5665 decima;
1751 5597 1873 5654 duas
1902 5597 2117 5655 decima

525 5675 718 5739 quarta
748 5676 899 5726 trans
929 5668 1191 5728 Tiberim.
1225 5670 1297 5730 Et
1316 5669 1589 5729 Baronius
1616 5686 1709 5730 an.
1760 5668 1886 5740 286,
1916 5686 1972 5726 n.
2026 5671 2113 5742 13,

2224 4576 2343 4647 Ipse
2408 4589 2625 4649 quoque
2707 4572 3040 4629 descendens
3124 4571 3517 4644 Apostolorum
3586 4568 3833 4627 natalitii

2224 4673 2419 4721 octavo
2478 4663 2590 4733 die,
2652 4662 2722 4719 ad
2775 4662 2839 4719 Β.
2896 4661 3053 4718 Pauli
3092 4660 3508 4719 Confessionem
3538 4661 3829 4718 accessit:

2224 4753 2589 4811 nihilominus
2615 4760 2671 4809 et
2699 4753 2815 4825 ipse
2839 4767 3124 4826 perpessus
3154 4750 3385 4815 insidias
3417 4758 3609 4807 tentus
3639 4757 3751 4818 est,
3781 4757 3833 4806 et

2222 4861 2253 4900 a
2281 4844 2485 4916 populo
2513 4841 2785 4916 lapidatus
2814 4849 3065 4898 mortuus
3104 4848 3184 4897 est
3213 4840 3356 4913 (95),
3385 4847 3439 4896 et
3475 4856 3682 4913 corpus
3710 4838 3832 4912 ejus

2223 4934 2484 4993 Tiberino
2514 4932 2716 5007 gurgiti
2746 4933 3121 5006 mancipatum
3154 4937 3259 4988 est-

2223 5099 2329 5156 hoc
2354 5097 2773 5174 transTiberim
2802 5103 3028 5174 gestum
3041 5102 3246 5174 censet,
3308 5100 3363 5151 et
3405 5109 3546 5174 noua
3598 5109 3831 5174 munera

2224 5178 2345 5226 tunc
2400 5170 2551 5225 certis
2611 5170 2756 5235 locis,
2804 5165 2957 5224 certis
3009 5166 3305 5223 hominibus
3355 5165 3428 5222 ad
3480 5165 3831 5234 inquirendos

2227 5242 2557 5299 Christianos
2589 5241 2874 5305 distincta;
2929 5240 3106 5310 sicque
3158 5245 3218 5294 ut
3267 5238 3363 5292 uni
3400 5237 3571 5310 Urbis
3598 5236 3831 5310 regioni

2217 5316 2400 5385 plures
2449 5320 2612 5369 essent
2647 5311 2884 5385 prceIecti
2931 5306 3174 5385 patroni,
3197 5310 3307 5385 qui
3360 5308 3564 5381 singuli
3588 5306 3649 5363 in
3671 5306 3832 5379 parte

2223 5382 2323 5441 sibi
2353 5382 2659 5441 concredita
2684 5382 3017 5442 Christianos
3055 5382 3404 5453 inquirerent.

2292 5456 2416 5529 (93)
2448 5457 2569 5529 ᾼι..
2602 5456 2867 5529 staticulo,
2898 5464 2959 5512 ut
2988 5470 3169 5528 supra.

2321 5527 2416 5587 94)
2457 5527 2670 5586 Colitur
2696 5528 2732 5587 5
2758 5527 2868 5584 Jul.

2322 5599 2414 5657 95)
2447 5599 2480 5656 6
2505 5600 2616 5657 Jul.
