4068 6186
235 351 365 411 1145

1500 340 1687 399 ACTA
1725 340 1779 395 8.
1825 338 2254 400 8ΕΒΑ8ΤΙΑΝΙ.

3384 342 3522 399 1146

300 476 385 534 76.
416 475 555 532 Item
601 472 944 529 Nicostratus
991 474 1044 524 et
1093 466 1357 525 Claudius
1399 481 1509 522 una
1552 482 1677 522 cum
1731 464 1827 523 Ca-
1854 472 1906 533 Α
1937 465 2052 520 lum
2077 463 2281 520 divinas
2310 463 2534 519 virtutis
2567 469 2667 531 est,
2696 469 3030 519 sectatorum
3070 463 3330 520 videlicet
3359 463 3532 520 Chri—

228 565 394 625 storio
423 571 478 619 et
502 560 799 621 Victorino
844 568 898 616 et
936 556 1362 630 Sympboriano,
1412 555 1543 613 dum
1599 571 1829 628 corpora

228 658 556 714 Sanctorum
600 668 698 725 per
735 666 831 707 ora
863 646 1121 704 Tiberina
1164 645 1529 718 requirerent,
1574 662 1605 701 a
1650 661 1826 717 perse-

226 747 508 807 cutoribus
539 744 680 801 tenti
726 750 874 809 sunt,
924 748 978 795 et
1026 739 1094 794 ad
1131 736 1293 795 Urbis
1338 737 1657 810 praefectum
1709 754 1826 810 per-

225 837 396 896 ducti.
440 837 574 892 Erat
609 833 784 907 judex
825 830 1121 898 Fabianus,
1156 829 1250 905 qui
1280 844 1373 884 eos
1402 828 1727 884 hortabatur
1757 829 1825 885 ad

225 925 668 990 sacriﬁcandum,
698 929 755 979 et
783 937 881 993 per
908 919 1095 977 decem
1124 918 1243 975 dies
1272 918 1441 974 minis
1468 934 1560 974 eos
1588 925 1641 973 et
1673 918 1825 974 blan-

223 1018 379 1075 ditiis
429 1031 593 1086 agens
639 1013 699 1068 in
747 1010 905 1067 nullo
951 1011 1171 1082 penitus
1218 1008 1400 1081 potuit
1453 1023 1820 1065 commovere.

224 1108 378 1165 Tunc
423 1107 556 1164 fecit
590 1103 661 1161 de
705 1103 775 1159 iis
814 1102 1217 1175 suggestionem
1254 1099 1696 1171 imperatoribus,
1727 1099 1824 1171 qui

217 1198 499 1271 jusserunt
528 1211 620 1251 eos
648 1210 822 1267 usque
858 1192 1025 1248 tertio
1057 1189 1323 1263 torqueri.
1374 1189 1621 1263 Cumque
1671 1190 1825 1246 nulla

224 1289 433 1346 ratione
461 1287 752 1344 tormentis
793 1282 1064 1357 compulsi
1099 1280 1373 1348 cederent,
1417 1280 1585 1353 jussit
1628 1297 1720 1337 eos
1764 1281 1823 1337 in

223 1378 404 1435 medio
432 1376 570 1432 mari
594 1374 907 1448 praecipites
933 1370 1073 1428 dari.
1107 1369 1401 1430 Immensis
1429 1369 1599 1442 igitur
1628 1369 1822 1426 arctati

220 1464 577 1541 ponderibus,
608 1463 786 1537 pelagi
827 1461 1089 1521 ﬂuctibus
1135 1459 1249 1517 dati
1297 1468 1445 1528 sunt,
1497 1467 1551 1516 et
1599 1458 1660 1515 in
1702 1459 1823 1516 loco

220 1557 432 1614 mundo
462 1555 607 1612 inter
652 1570 823 1628 aquas
869 1567 1128 1609 coronam
1175 1549 1429 1622 martyrii
1474 1550 1823 1606 celebrarunt

223 1650 362 1723 (96).
396 1648 808 1706 Insidiabantur
831 1646 1016 1719 itaque
1047 1643 1297 1700 inﬁdeles
1325 1642 1602 1711 ﬁdelibus,
1635 1650 1689 1699 et
1719 1640 1822 1698 ini-

219 1757 330 1814 quo
381 1739 566 1795 furore
610 1736 800 1793 vexati
846 1734 1214 1793 christianum
1266 1749 1377 1790 non
1424 1740 1676 1806 poterant
1722 1747 1823 1789 nec

217 1847 424 1888 nomen
452 1829 665 1888 audire.

818 1963 1045 2022 CAPUT
1074 1962 1228 2019 XXI.

670 2074 726 2130 S.
767 2072 998 2131 Tiburtii
1026 2070 1369 2143 martyrium.

288 2193 380 2249 77.
417 2177 631 2265 Interea
662 2189 796 2247 dum
826 2192 882 2247 S.
916 2189 1050 2248 Caio
1078 2187 1335 2261 episcopo
1376 2186 1600 2260 quidam
1646 2202 1702 2243 se
1747 2186 1818 2243 si-

211 2284 427 2341 mulata
452 2282 563 2339 ﬁde
591 2281 875 2346 sociasset,
916 2279 1104 2336 dicens
1145 2294 1203 2335 se
1239 2294 1354 2334 esse
1398 2276 1813 2346 Christianum;

208 2390 382 2448 porro
412 2372 504 2429 hic
531 2378 776 2444 apostata
818 2369 1122 2436 exstiterat,
1172 2374 1227 2423 et
1273 2374 1389 2423 erat
1436 2366 1819 2423 fraudulentus

208 2464 267 2521 in
305 2463 460 2519 omni
510 2476 783 2529 sermone,
827 2465 881 2516 et
927 2459 1162 2515 callidus
1201 2458 1260 2514 in
1304 2457 1458 2514 omni
1500 2459 1814 2516 commisso.

207 2553 364 2622 Quid
382 2553 556 2609 multa
570 2552 598 2608 ?
623 2551 756 2608 dum
785 2567 817 2606 a
846 2549 1168 2606 B.Tiburtio
1184 2549 1308 2605 viro
1329 2547 1817 2605 scholasticissimo

205 2652 260 2701 et
302 2641 486 2699 nobili
506 2648 560 2697 et
586 2647 775 2697 sancto
820 2639 1137 2712 frequenter
1168 2645 1507 2711 argueretur,
1541 2636 1688 2710 quod
1732 2653 1817 2693 ca-

202 2732 383 2807 pillos
411 2747 575 2803 super
602 2730 814 2802 apicem
832 2729 1031 2786 frontis
1051 2728 1288 2785 tonsoris
1308 2735 1422 2783 arte
1442 2733 1815 2800 componeret,

202 2830 259 2880 et
290 2820 446 2895 quod
474 2820 693 2876 assidue
722 2827 1034 2892 pasceretur
1071 2818 1186 2890 (97)
1223 2826 1277 2873 et
1308 2815 1547 2872 ludendo
1584 2815 1816 2887 prande-

199 2920 293 2970 ret
323 2930 339 2979 ;
370 2921 425 2968 et
444 2909 592 2984 quod
609 2908 867 2966 licentius
886 2909 1217 2965 feminarum
1240 2922 1296 2962 se
1315 2906 1627 2978 aspectibus
1643 2904 1815 2974 daret,

198 3011 257 3060 et
312 3000 464 3075 quod
495 3016 526 3055 a
548 2998 778 3072 jejuniis
823 3015 880 3054 se
909 3008 963 3054 et
990 2995 1335 3052 orationibus
1377 2997 1616 3063 tolleret,
1672 2993 1818 3066 quod

199 3107 415 3150 somno
442 3088 664 3145 deditus
697 3104 810 3144 non
839 3088 1126 3143 interesset
1156 3085 1389 3158 pervigil
1423 3084 1539 3158 (98)
1575 3085 1631 3139 in
1661 3083 1819 3156 hym-

1936 558 2027 624 sti,
2060 557 2155 631 qui
2187 573 2313 613 vere
2337 555 2711 630 philosophati
2750 562 2899 621 sunt,
2938 554 3035 627 qui
3066 570 3193 609 vere
3227 553 3532 611 Christiani

1930 647 2069 703 dicti
2099 654 2248 715 sunt,
2278 644 2372 719 qui
2403 646 2471 702 ad
2516 644 2840 701 obterendas
2870 642 3132 699 libidines
3175 643 3397 698 fortiter
3436 643 3534 699 di-

1934 739 2228 795 micarunt.
2288 736 2566 803 Credisne,
2622 736 2711 790 vir
2767 734 3160 801 illustrissime,
3212 733 3362 791 hunc
3416 750 3531 791 esse

1935 826 2331 893 Christianum,
2369 827 2462 899 qui
2493 828 2551 881 in
2582 824 2858 881 lenocinio
2899 824 2984 880 sui
3013 822 3290 879 moliendo
3333 823 3415 894 (2)
3447 839 3530 878 ca-

1933 916 2065 989 pitis
2093 916 2338 972 ﬁmbrias
2370 915 2449 986 (3)
2490 931 2554 971 co
2615 914 2807 982 mittit,
2858 912 2953 986 qui
3002 920 3279 969 tonsorem
3323 910 3527 983 diligit,

1932 1007 2027 1079 qui
2059 1007 2307 1078 scapulas
2328 1005 2568 1061 molliter
2596 1005 2775 1076 gestit,
2802 1002 2897 1076 qui
2923 1003 3136 1058 ﬂuxum
3170 1000 3251 1073 (4)
3283 1017 3527 1073 gressum

1933 1095 2185 1168 improbo
2214 1094 2341 1151 nisu
2364 1093 2648 1161 distendit,
2696 1093 2793 1165 qui
2836 1093 2986 1148 viros
3015 1091 3354 1163 negligenter
3392 1089 3526 1163 agit,

1932 1185 2166 1242 feminas
2194 1184 2514 1258 diligentius
2543 1185 2790 1239 intuetur
2818 1182 2846 1237 ‘i
2884 1182 3176 1253 Nunquam
3207 1181 3344 1235 tales
3372 1180 3529 1238 Chri-

1932 1283 2047 1332 stus
2087 1274 2287 1331 habere
2333 1273 2590 1346 dignatus
2627 1282 2709 1329 est
2756 1290 2962 1330 servos.
3011 1274 3216 1330 Verum
3264 1271 3527 1345 quoniam

1932 1381 2018 1419 me
2038 1364 2131 1420 hic
2158 1381 2215 1421 se
2243 1364 2587 1421 imitaturum
2618 1364 2870 1431 asseruit,
2894 1363 2987 1420 hic
3019 1363 3078 1417 in
3106 1370 3205 1419 tuo
3233 1368 3529 1431 conspectu

1932 1455 2189 1528 probabis
2236 1472 2362 1511 eum
2419 1471 2535 1511 esse
2593 1453 2908 1510 mentitum.
2971 1452 3073 1509 Hic
3128 1451 3277 1508 enim
3345 1449 3527 1523 qualis

1931 1563 2145 1619 semper
2173 1545 2358 1613 fuerit,
2393 1561 2541 1603 nunc
2575 1545 2860 1602 evidenter
2887 1543 3157 1600 ostendet.

2005 1637 2091 1694 79.
2131 1635 2405 1692 Fabianus
2444 1634 2589 1691 dixit
2624 1654 2634 1691 :
2669 1633 2987 1691 Consultius
3035 1632 3219 1700 facies,
3268 1630 3314 1687 si
3363 1628 3531 1686 saluti

1930 1734 2040 1782 tuae
2067 1725 2339 1790 consulas,
2369 1732 2424 1779 et
2453 1724 2766 1796 principum
2798 1722 3016 1777 decreta
3044 1737 3153 1775 non
3184 1727 3525 1777 contemnas.

1846 1840 1894 1900 Β
1931 1816 1986 1872 8.
2010 1815 2296 1871 Tiburtius
2315 1815 2461 1871 dixit
2497 1831 2508 1869 :
2544 1814 2657 1885 Ego
2681 1812 2845 1868 saluti
2868 1828 2998 1867 meae
3021 1810 3219 1865 melius
3245 1825 3359 1864 non
3386 1824 3530 1863 con-

1930 1906 2074 1973 sulo,
2105 1920 2266 1977 quam
2298 1911 2359 1958 ut
2392 1904 2522 1960 deos
2552 1902 2787 1976 deasque
2815 1909 3184 1967 contemnam,
3219 1913 3393 1953 unum
3426 1898 3532 1951 Do-

1931 1998 2145 2054 minum
2176 1996 2358 2052 Iesum
2384 1995 2664 2052 Christum
2695 1996 2870 2050 Deum
2897 2007 3081 2046 meum
3106 2006 3223 2045 esse
3244 1986 3529 2045 conﬁtear.

1931 2089 2240 2162 Torquatus
2294 2087 2439 2143 dixit
2501 2104 2513 2143 :
2571 2086 2692 2141 Non
2772 2083 2949 2138 solum
3018 2083 3132 2152 ipse
3188 2076 3535 2136 Christianus

1929 2179 2170 2238 crudelis
2225 2184 2327 2244 est,
2388 2191 2577 2231 verum
2641 2172 2803 2230 etiam
2864 2171 3054 2227 multis
3110 2166 3420 2242 persuadet,
3481 2173 3535 2221 et

1930 2270 2154 2343 decipit,
2186 2286 2248 2326 ac
2276 2269 2435 2325 docet
2473 2281 2663 2323 omnes
2699 2262 2829 2319 deos
2874 2260 3150 2316 daemones
3196 2270 3311 2312 esse
3343 2273 3356 2322 ;
3417 2254 3532 2328 ipse

1929 2369 2109 2418 autem
2140 2376 2267 2419 cum
2293 2357 2458 2417 sociis
2486 2356 2619 2426 suis,
2657 2371 2782 2412 cum
2801 2352 3003 2427 quibus
3022 2348 3259 2421 magicas
3278 2354 3426 2403 artes
3448 2346 3529 2418 (5)

1930 2457 2168 2519 exercet,
2215 2449 2305 2506 die
2350 2456 2626 2520 noctuque
2683 2440 3152 2500 incantationibus
3211 2443 3529 2508 occupatur.

1930 2539 2303 2597 S.'Tiburtius
2328 2536 2475 2594 dixit
2510 2555 2520 2593 :
2564 2536 2756 2591 Falsus
2796 2531 2952 2586 testis
3001 2545 3114 2584 non
3143 2526 3250 2582 erit
3278 2524 3533 2597 impuni-

1930 2638 2040 2686 tus.
2090 2630 2161 2684 Et
2197 2628 2274 2683 ait
2306 2625 2483 2698 judici
2520 2642 2530 2679 :
2566 2625 2693 2690 Iste,
2735 2635 2897 2692 quem
2936 2616 3112 2684 vides,
3155 2613 3528 2670 illustrissime

1930 2719 2039 2788 vir,
2088 2717 2314 2773 malitiae
2360 2730 2472 2771 suae
2518 2713 2668 2769 curis
2712 2715 3021 2765 exaestuans
3067 2704 3135 2760 ad
3188 2702 3330 2758 nihil
3376 2701 3530 2757 aliud

1931 2806 2261 2866 Christianis
2292 2814 2380 2861 est
2404 2803 2649 2875 junctus,
2699 2797 2807 2854 nisi
2854 2804 2916 2852 ut
2959 2794 3223 2866 cogitaret
3254 2788 3531 2865 quomodo

1930 2915 1987 2955 se
2032 2897 2194 2954 nobis
2232 2895 2388 2968 quasi
2436 2892 2814 2951 Christianum
2850 2885 3208 2952 ostenderet;
3254 2880 3530 2956 quomodo

1931 2989 2059 3045 aliis
2106 3004 2162 3043 se
2207 2984 2593 3043 ﬁdelissimum
2642 2981 2990 3036 mentiretur.
3044 2971 3529 3048 Reprehendebam

1934 3083 2014 3153 (6)
2042 3089 2228 3137 tamen
2253 3078 2313 3133 in
2357 3094 2421 3134 eo
2463 3074 2791 3149 Cyclopeam
2824 3070 3170 3137 edacitatem,
3200 3075 3255 3123 et
3289 3078 3530 3121 mersum

206 3183 310 3241 nis
331 3180 427 3236 Dei
446 3179 776 3237 ducentibus
796 3184 1011 3244 noctes;
1045 3155 1176 3233 dum
1205 3193 1303 3249 pro
1334 3155 1442 3245 his,
1468 3155 1530 3232 ut
1549 3155 1816 3242 diximus,
1856 3200 1899 3261 α
1930 3170 2063 3225 vino
2092 3168 2354 3242 pudorem
2389 3166 2495 3239 (7),
2527 3172 2580 3219 et
2610 3163 2877 3260 sepultam
2897 3158 3096 3259 “divini
3129 3155 3372 3256 nominis
3409 3169 3529 3209 san-

207 3289 243 3330 a
268 3272 345 3329 B.
379 3269 631 3326 Tiburtio
659 3267 842 3326 acrius
868 3275 1205 3341 argueretur,
1233 3266 1459 3323 simulat
1487 3282 1544 3322 se
1581 3263 1819 3338 aequani-

206 3360 391 3418 miter
435 3366 749 3415 monentem
794 3357 1082 3428 accipere:
1139 3363 1191 3411 et
1236 3356 1346 3429 egit
1393 3361 1507 3410 arte
1550 3365 1823 3427 quatenus

206 3456 470 3508 orantem
514 3448 569 3505 S.
604 3446 917 3505 Tiburtium
973 3445 1499 3518 comprehenderent
1548 3443 1819 3500 inﬁdeles.

205 3542 279 3600 In
316 3555 424 3613 qua
449 3536 938 3611 comprehensione
981 3536 1222 3609 seipsum
1270 3535 1446 3592 teneri
1485 3535 1638 3603 fecit,
1669 3541 1724 3590 et
1753 3532 1821 3589 si-

207 3629 340 3687 mul
369 3627 437 3685 ad
466 3627 818 3685 secretarium
840 3625 1062 3699 perduci
1081 3625 1289 3697 judicis
1315 3624 1611 3682 saevientis.
1631 3626 1703 3681 At
1726 3622 1820 3679 ubi

205 3718 525 3780 introducti
553 3724 701 3786 sunt,
742 3717 1016 3775 Fabianus
1054 3716 1343 3788 praefectus
1380 3715 1527 3773 dixit
1573 3714 1641 3771 ad
1693 3729 1820 3769 eum

207 3808 317 3883 qui
347 3825 404 3864 se
432 3817 547 3864 arte
569 3806 868 3864 tradiderat
897 3824 908 3862 :
944 3806 1077 3875 Quis
1105 3806 1348 3865 diceris?
1371 3807 1445 3862 At
1473 3806 1570 3861 ille
1598 3820 1820 3877 respon-

207 3897 306 3954 dit
339 3914 351 3952 :
386 3896 693 3969 Torquatus
719 3898 858 3969 (99).
891 3896 1164 3953 Fabianus
1197 3895 1344 3952 dixit
1375 3914 1387 3952 :
1418 3895 1563 3964 Quid
1602 3895 1818 3968 proﬁte-

206 3983 347 4041 ris?
376 3985 683 4057 Torquatus
720 3985 866 4041 dixit
901 4004 912 4041 :
959 3986 1307 4042 Christianus
1352 4002 1495 4041 sum.
1544 3986 1819 4041 Fabianus

204 4070 399 4131 dixit:
434 4072 655 4144 Ignoras
675 4073 819 4145 quod
837 4071 1121 4143 jusserunt
1142 4073 1497 4129 invictissimi
1519 4073 1815 4145 principes,

201 4170 280 4221 ut
321 4160 416 4235 qui
464 4158 770 4217 sacriﬁcare
803 4160 911 4216 diis
940 4161 1223 4217 noluerint
1253 4162 1486 4218 diversis
1532 4161 1819 4233 suppliciis

201 4249 614 4310 macerentur?
642 4250 949 4323 Torquatus
978 4248 1160 4305 dixit:
1216 4249 1321 4306 Hic
1365 4249 1623 4322 magister
1665 4265 1819 4306 meus

198 4348 321 4410 est,
351 4348 405 4397 et
433 4340 550 4413 ipse
580 4355 668 4396 me
698 4354 913 4412 semper
951 4337 1176 4396 docuit:
1233 4339 1381 4413 quod
1431 4339 1582 4396 hunc
1626 4338 1818 4396 videro

200 4431 419 4497 facere,
450 4445 669 4487 necesse
697 4436 781 4486 est
807 4436 869 4485 ut
893 4427 1111 4484 faciam.

293 4521 380 4578 78.
412 4520 687 4577 Fabianus
730 4535 1027 4576 conversus
1064 4518 1135 4575 ad
1172 4518 1229 4575 8.
1270 4517 1584 4574 Tiburtium
1619 4517 1765 4574 dixit
1798 4536 1810 4575 :

1929 3260 2196 3318 ctitatem.
2232 3256 2436 3312 Ebrius
2483 3252 2790 3326 patiebatur
2819 3250 2992 3316 sitim,
3040 3254 3095 3303 et
3138 3245 3373 3301 esuriem
3419 3258 3531 3297 vo-

1931 3364 2086 3404 mens
2119 3364 2131 3403 :
2162 3362 2263 3403 nec
2291 3352 2353 3400 ut
2383 3342 2752 3407 Christianus,
2784 3337 2877 3395 sed
2906 3344 2969 3392 ut
2990 3333 3339 3390 Antonianus
3358 3328 3528 3404 quod-

1931 3438 2055 3495 dam
2101 3437 2195 3493 ille
2241 3435 2478 3492 conviva
2521 3429 2906 3495 manducabat,
2952 3423 3195 3489 bibebat,
3247 3418 3526 3486 vomebat,

1932 3536 1986 3584 et
2033 3543 2181 3582 nunc
2239 3522 2583 3582 Christianos
2647 3518 2847 3591 arguit,
2896 3513 3239 3573 Christianos
3288 3515 3527 3576 accusat,

1932 3616 1991 3672 in
2010 3632 2111 3672 nos
2140 3614 2330 3670 mitem
2346 3611 2590 3685 judicem
2614 3608 2828 3674 incitat,
2846 3603 3089 3678 gladium
3112 3598 3322 3657 nolenti
3348 3596 3529 3670 judici

1934 3705 2181 3780 porrigit,
2215 3712 2269 3760 et
2316 3710 2377 3758 ut
2426 3698 2715 3757 daemoniis
2748 3695 2989 3753 cervices
3031 3698 3244 3748 nostras
3283 3687 3531 3745 incline-

1930 3779 2053 3852 mus
2080 3795 2350 3851 hortatur.
2384 3790 2653 3848 Videmus
2684 3795 2877 3843 votum
2899 3792 3079 3848 tuum,
3108 3779 3363 3836 videmus
3392 3792 3531 3833 cru-

1928 3894 2056 3942 enta
2102 3884 2369 3949 consilia;
2417 3888 2471 3935 et
2507 3880 2765 3935 scelerata
2812 3881 2929 3931 arte
2973 3870 3269 3926 verborum
3318 3880 3530 3921 venena

1926 3973 2280 4047 tuiipectoris
2324 3972 2626 4027 intuemur.
2665 3967 2965 4036 Accingere
2993 3976 3162 4026 nunc,
3194 3953 3524 4047 crudelissi-

1927 4080 2015 4120 me
2044 4040 2144 4135 ’(8)
2183 4081 2193 4119 :
2240 4070 2392 4117 utere
2437 4055 2715 4114 carniﬁcis
2765 4053 2947 4109 oﬂicio
2999 4069 3010 4105 :
3062 4046 3286 4103 vindica
3330 4040 3432 4097 tibi
3465 4046 3520 4135 et

1927 4151 2101 4224 ipsius
2126 4128 2347 4222 judicis
2391 4163 2583 4203 vocem
2629 4163 2643 4213 ;
2704 4143 2919 4214 applica
2968 4138 3205 4203 aculeos,
3256 4128 3527 4224 suspende

1928 4219 2291 4308 Christianos,
2345 4237 2564 4304 damna,
2638 4239 2878 4306 percute,
2957 4223 3209 4292 incende,
3268 4219 3530 4277 universa

1927 4342 2202 4391 tormenta
2245 4330 2469 4395 adhibe,
2516 4329 2656 4385 bene
2694 4342 2795 4381 nos
2843 4319 3120 4393 accepisti.
3171 4316 3230 4375 Si
3260 4313 3522 4372 exsilium

1928 4425 2175 4491 minaris,
2222 4423 2329 4479 hoc
2364 4414 2885 4494 philosophantibus
2916 4419 3065 4468 totus
3107 4417 3191 4466 est
3235 4403 3478 4462 mundus
3509 4422 3523 4472 ;

1924 4518 1971 4575 si
2001 4515 2357 4590 supplicium,
2389 4511 2675 4568 evadimus
2696 4504 2892 4561 mundi
2920 4516 3193 4561 carcerem
3223 4518 3237 4568 ;
3266 4498 3314 4556 si
3346 4497 3525 4569 ignes,

196 4608 442 4667 Audisti
473 4609 609 4683 quid
636 4610 946 4682 Torquatus
983 4608 1235 4664 asserat?
1282 4607 1416 4681 quid
1468 4607 1537 4665 ad
1581 4607 1687 4664 ista
1735 4624 1817 4664 re-
1845 4566 1895 4625 Β
1927 4566 2136 4680 [θείοῖέ
2173 4566 2371 4661 horum
2412 4602 2472 4658 in
2519 4596 2917 4672 cupiditatibus
2945 4566 3247 4649 vincimus.
3279 4566 3525 4645 Decerne

194 4699 499 4775 spondes?
553 4700 609 4756 S.
659 4699 945 4756 Tiburtius
990 4698 1183 4755 dixit:
1236 4699 1544 4773 Torquatus
1586 4698 1686 4756 diu
1734 4705 1815 4755 est

195 4791 366 4871 quod
416 4807 474 4849 se
520 4790 897 4849 Christianum
928 4807 1044 4847 esse
1080 4790 1380 4858 mentitur;
1432 4790 1611 4847 virtus
1664 4790 1813 4847 enim

192 4881 462 4942 nominis
490 4880 664 4954 ipsius
691 4882 867 4939 sancti
897 4879 1135 4953 graviter
1155 4880 1262 4937 fert
1285 4888 1338 4935 et
1369 4881 1615 4950 moleste,
1647 4896 1812 4937 suum

192 4989 421 5034 nomen
449 4990 563 5030 non
592 4990 624 5029 a
650 4973 763 5029 suis
787 4972 1126 5030 amatoribus
1175 4973 1255 5045 (1)
1300 4973 1575 5046 usurpari.
1608 4975 1813 5031 Revera

188 5066 388 5133 enim,
439 5066 528 5122 vir
573 5066 966 5136 illustrissime,
1010 5066 1116 5124 hoc
1155 5065 1531 5124 Christianum
1578 5065 1813 5124 vocabu-

313 5280 406 5338 96)
441 5282 471 5336 7
500 5280 611 5336 Jul.

311 5352 404 5423 97)
438 5352 538 5408 Ms.
572 5352 721 5421 Bip.,
750 5357 983 5423 potaret.

309 5424 404 5494 98)
436 5424 550 5491 AL,
572 5423 874 5494 pervigiles.

282 5492 402 5567 (99)
437 5492 814 5567 Metaphrast.,
850 5494 1166 5566 Curtuatus,
1212 5511 1281 5552 ne
1330 5495 1472 5554 forte
1522 5495 1809 5571 legendum

197 5568 540 5627 Turcuatus.

317 5638 368 5706 1)
391 5638 506 5706 AL,
535 5636 795 5693 moribus.

315 5707 371 5780 2)
396 5708 512 5780 AL,
543 5708 849 5768 mollienda.

1922 4678 2194 4772 quidquid
2223 4694 2377 4763 libet,
2412 4690 2595 4748 omnis
2611 4687 2771 4744 nobis
2791 4685 2922 4742 vilis
2949 4688 3031 4739 est
3057 4696 3237 4755 pmna,
3262 4678 3359 4736 ubi
3388 4692 3527 4751 pura

1921 4804 2106 4845 comes
2135 4793 2216 4843 est
2244 4780 2601 4841 conscientia.

1991 4886 2081 4944 80.
2131 4883 2406 4943 Fabianus
2434 4881 2725 4955 praefectus
2753 4876 2901 4935 dixit
2931 4873 2943 4932 Ξ
2974 4873 3223 4932 Restitue
3252 4879 3305 4927 te
3338 4868 3525 4941 generi

1919 4985 2039 5045 tuo,
2069 4985 2124 5033 et
2166 4975 2274 5031 hoc
2318 4979 2435 5029 esto
2468 4967 2614 5045 quod
2662 4977 2721 5039 te
2760 4977 2955 5024 natura
2999 4962 3254 5022 dictavit.
3303 4959 3518 5018 Nobilis

1919 5066 2069 5123 enim
2096 5072 2257 5121 natus
2292 5061 2361 5119 ad
2390 5067 2598 5117 tantam
2646 5057 2940 5114 devolutus
2980 5070 3037 5109 es
3074 5053 3286 5119 faecem,
3313 5059 3376 5106 ut
3427 5063 3520 5102 ve-

2017 5282 2073 5350 3)
2100 5281 2215 5348 AL,
2243 5277 2409 5350 ﬁbras
2437 5268 2630 5329 omittit
2658 5285 2679 5334 ;
2717 5266 2815 5337 al.,
2847 5266 3013 5340 ﬁbras
3040 5261 3256 5319 amittit.

2016 5352 2074 5422 4)
2109 5354 2224 5421 AL,
2258 5352 2476 5422 ﬂexum.

2000 5420 2073 5496 ’5)
2106 5424 2222 5492 ΑΙ.,
2258 5420 2452 5478 clades.

1990 5426 2072 5574 i9)
2106 5497 2222 5574 Al»
2253 5493 2452 5574 τερνειιι

2015 5488 2072 5564 6)
2106 5488 2222 5564 AL,
2253 5488 2723 5564 reprehendebant.

1990 5501 2049 5574 (6
2106 5501 2222 5564 AL,
2253 5501 2723 5568 reprehendebant.

1990 5501 2072 5640 (7)
2105 5567 2219 5636 AL,
2248 5566 2552 5621 immensum
2579 5575 2692 5617 υιηι
2709 5552 3006 5628 pudorem;
3034 5549 3321 5629 Brechtus,
3351 5562 3519 5609 emer.

1813 5672 1817 5677 ο
1917 5656 2035 5711 sum
2062 5639 2182 5695 vino
2207 5646 2471 5711 putorem.

1992 5710 2074 5785 (8)
2100 5704 2227 5781 AL;
2247 5704 2696 5767 christianissime.
