4086 6208
580 315 712 373 1147

564 443 634 499 lis
665 445 745 517 (9)
777 453 830 501 et
872 443 1206 517 supplicium
1257 443 1423 499 simul
1471 449 1525 500 et
1570 441 1854 498 infamiam
1895 440 2078 497 subire
2107 450 2161 496 et
2187 441 2235 499 A

562 527 915 590 mortemQS.
967 531 1253 588 Tiburtius
1300 531 1448 588 dixit
1505 549 1515 587 :
1560 532 1604 588 Ο
1669 531 2152 603 prudentissimum

561 622 829 691 virorum,
878 629 932 676 et
979 621 1240 678 Romanis
1273 620 1516 692 judicem
1558 619 1919 677 constitutum
1970 620 1981 674 l
2031 618 2158 690 quia

561 710 900 767 meretricem
952 711 1244 779 Venerem,
1274 720 1328 766 et
1365 711 1635 766 incestum
1673 710 1884 777 Jovem,
1923 717 1977 764 et
2022 709 2156 763 Mer-

559 800 774 855 curium
824 800 1094 867 fallacem,
1141 808 1194 855 et
1240 801 1535 856 Saturnum
1586 799 1828 855 ﬁliorum
1859 800 2156 855 occisorem

559 890 738 945 colere
781 890 931 956 nolo,
976 889 1258 945 infamiam
1299 888 1675 962 generositatis
1715 888 1825 959 (10)
1879 888 2099 944 incurro
2141 905 2153 943 :

560 983 613 1032 et
641 977 769 1049 quia
798 995 970 1032 unum
999 988 1053 1034 et
1083 995 1272 1033 verum
1306 981 1501 1046 Deum,
1535 977 1625 1048 qui
1661 977 1717 1031 in
1748 977 1901 1032 caelis
1947 982 2155 1048 regnat,

561 1065 728 1120 adoro
767 1074 820 1121 et
866 1083 1118 1136 veneror,
1163 1067 1455 1139 suppliciis
1501 1083 1587 1122 me
1630 1065 2010 1122 macerandum
2044 1082 2158 1120 esse

563 1155 792 1210 minaris
822 1156 849 1212 ?
886 1157 1004 1211 Non
1035 1157 1332 1212 annuimus
1357 1164 1464 1211 IllZB
1493 1155 1832 1227 persuasioni
1863 1172 1877 1221 ;
1920 1171 2030 1209 non
2062 1170 2156 1209 ne-

563 1259 753 1312 gamus
799 1244 915 1313 (11)
961 1245 1240 1303 Christum
1278 1245 1477 1300 Filium
1529 1244 1626 1302 Dei
1669 1243 1736 1299 ad
1776 1243 1882 1299 hoc
1917 1244 1984 1298 de
2021 1242 2158 1299 C(BIO

562 1328 908 1385 descendisse
936 1332 1003 1386 ad
1054 1339 1247 1401 terras,
1279 1340 1340 1388 ut
1369 1350 1400 1388 a
1427 1333 1589 1389 terris
1634 1332 1799 1388 homo
1845 1333 1913 1389 ad
1958 1333 2156 1388 caelum

563 1428 744 1492 posset
773 1421 1106 1490 ascendere;
1158 1421 1283 1478 ideo
1325 1422 1456 1479 istas
1501 1439 1689 1478 omnes
1733 1439 1900 1477 vanas
1932 1422 2154 1494 efﬁgies,

562 1526 698 1582 quas
744 1510 928 1566 colitis
974 1511 1092 1567 sine
1139 1528 1321 1580 causa,
1369 1514 1690 1584 proculcans
1733 1511 1961 1584 pedibus
1998 1513 2154 1580 meis,

563 1602 675 1656 Deo
705 1617 790 1656 me
822 1601 1189 1672 omnipotenti
1221 1601 1452 1672 subjeci.

630 1690 719 1746 81.
752 1691 906 1747 Tunc
945 1691 1215 1746 Fabianus
1256 1690 1422 1760 jussit
1468 1697 1592 1744 ante
1635 1689 1796 1760 pedes
1824 1690 1941 1761 ejus
1970 1688 2154 1746 carbo-

563 1796 658 1834 nes
687 1781 940 1836 ardentes
991 1778 1195 1833 effundi
1225 1796 1237 1844 ;
1271 1785 1323 1832 et
1361 1778 1438 1832 ait
1467 1777 1534 1832 ad
1581 1795 1711 1836 eum

561 1883 733 1921 unum
773 1884 800 1922 e
837 1867 1074 1934 duobus,
1105 1873 1198 1920 aut
1229 1866 1391 1921 thura
1426 1865 1484 1920 in
1526 1866 1645 1922 istis
1691 1867 2024 1923 carbonibus
2047 1870 2156 1926 ad—

552 1952 681 2022 jice,
715 1960 809 2008 aut
835 1953 1068 2024 pedibus
1105 1970 1268 2025 super
1307 1971 1399 2010 eos
1441 1955 1605 2010 nudis
1648 1955 1858 2012 incede.
1906 1956 2060 2014 Tunc
2090 1958 2152 2013 Β.

557 2039 840 2098 Tiburtius
886 2042 1091 2098 faciens
1139 2043 1354 2116 signum
1403 2044 1602 2112 crucis,
1647 2052 1964 2101 constanter
2009 2045 2157 2101 nuda

556 2147 718 2204 super
759 2149 851 2189 eos
894 2133 1169 2205 ingressus
1220 2142 1298 2191 est
1348 2135 1556 2207 planta,
1601 2142 1657 2190 et
1695 2135 1860 2208 coepit
1899 2136 2155 2208 praafecto

555 2219 736 2276 dicere
796 2238 808 2276 :
862 2223 1086 2294 Depone
1136 2223 1516 2279 inﬁdelitatem
1571 2233 1626 2279 et
1680 2223 1828 2279 disce
1879 2226 2007 2296 quia
2063 2225 2156 2282 hic

557 2310 706 2364 solus
731 2317 813 2366 est
839 2313 1004 2378 Deus,
1035 2328 1196 2384 quem
1242 2312 1571 2368 confitemur
1600 2312 1866 2368 creaturis
1896 2313 2154 2370 omnibus

557 2400 853 2456 dominari.
886 2401 1042 2457 Mitte
1089 2409 1170 2470 tu,
1221 2403 1265 2457 si
1313 2408 1488 2472 potes,
1533 2400 1591 2455 in
1629 2401 1853 2456 nomine
1882 2402 2033 2458 Jovis
2063 2403 2152 2459 dei

556 2488 639 2543 tui
688 2505 881 2544 manus
930 2490 986 2545 in
1031 2490 1263 2546 calidam
1312 2507 1552 2563 aquam;
1595 2498 1650 2546 et
1681 2489 1725 2544 si
1761 2495 1957 2561 'potest
1999 2492 2153 2548 Jovis

555 2584 704 2646 tuus,
738 2577 909 2636 faciat
947 2586 1000 2635 te
1037 2597 1148 2636 non
1189 2581 1392 2636 sentire
1424 2580 1694 2635 fervorem
1735 2580 1967 2637 ardoris.
2015 2582 2150 2638 Nam

555 2665 696 2721 mihi
727 2667 783 2722 in
816 2667 1039 2724 nomine
1072 2668 1298 2724 Domini
1339 2668 1445 2724 mei
1494 2668 1622 2723 Jesu
1659 2667 1864 2725 Christi
1908 2668 2149 2737 videtur,

555 2753 702 2827 quod
757 2773 920 2828 super
967 2773 1151 2812 roseos
1209 2757 1369 2812 ﬂores
1424 2756 1664 2829 gradior,
1721 2757 1850 2830 quia
1905 2766 2152 2814 creatura

553 2844 830 2902 Creatoris
858 2846 942 2901 sui
972 2846 1275 2902 famulatur
1299 2846 1551 2918 imperio.

622 2934 710 2990 82.
745 2935 1018 2991 Fabianus
1059 2935 1204 2991 dixit
1245 2953 1256 2990 :
1309 2938 1443 3004 Quis
1481 2938 1696 3010 ignorat
1741 2940 2009 3014 magicam
2053 2955 2150 2994 vos

553 3021 805 3079 docuisse
850 3023 1130 3080 Christum
1181 3033 1422 3081 vestrum
1454 3027 1483 3082 ?
1521 3028 1576 3084 S.
1625 3028 1910 3085 Tiburtius
1948 3027 2093 3083 dixit
2133 3047 2144 3084 :

551 3113 897 3182 Obmutesce,
931 3115 1151 3185 infelix,
1182 3124 1236 3171 et
1259 3118 1373 3172 noli
1404 3117 1629 3176 auribus
1664 3121 1799 3178 meis
1829 3121 1971 3178 hanc
2005 3120 2146 3191 inju-

549 3201 686 3258 riam
738 3203 935 3270 facere,
971 3212 1033 3260 ut
1085 3205 1307 3262 audiam
1353 3215 1408 3262 te
1460 3208 1652 3265 rabido
1691 3227 1783 3266 ore
1833 3212 2142 3278 latrantem,

548 3291 875 3348 melliﬁuum
925 3311 1126 3351 nomen
1165 3295 1282 3367 ejus
1327 3305 1574 3355 sanctum
1638 3301 1942 3356 nominare.
1993 3302 2148 3359 Tunc

548 3382 718 3440 iratus
756 3386 1032 3444 Fabianus
1073 3388 1305 3446 dictavit
1351 3391 1678 3447 sententiam
1727 3393 1956 3448 dicens:
1999 3394 2146 3450 Blas-

546 3473 833 3544 phemator
860 3475 1106 3542 deorum,
1131 3485 1184 3532 et
1216 3495 1341 3534 reus
1363 3479 1631 3534 atrocium
1665 3479 2014 3550 injuriarum,
2039 3483 2146 3554 gla-

546 3560 639 3615 dio
686 3562 1176 3619 animadvertatur.
1224 3568 1435 3622 Ductus
1477 3576 1558 3620 est
1613 3576 1793 3624 autem
1854 3570 1943 3624 via
1989 3570 2146 3625 Lavi-

546 3663 681 3702 cana
709 3652 874 3705 tertio
905 3653 1168 3707 milliario
1200 3655 1266 3709 ab
1315 3655 1476 3722 Urbe,
1529 3663 1582 3710 et
1632 3656 1918 3712 effundens
1945 3659 2143 3714 oratio-

547 3749 672 3790 nem
703 3737 769 3792 ad
800 3739 1122 3807 Dominum,
1165 3756 1276 3795 uno
1324 3741 1438 3796 ictu
1471 3742 1637 3812 gladii
1669 3744 1984 3800 verberatus
2012 3745 2146 3802 abs-

544 3825 710 3881 cessit
756 3827 895 3900 (12).
948 3828 1020 3884 Et
1068 3830 1124 3884 in
1175 3831 1362 3887 eodem
1411 3831 1531 3887 loco
1575 3849 1605 3888 a
1636 3843 1860 3906 parente
1907 3836 2142 3908 quodam

545 3911 860 3971 Christiano
888 3917 1134 3988 sepultus
1163 3926 1245 3974 est
1278 3936 1289 3974 :
1325 3919 1382 3974 in
1435 3936 1546 3991 quo
1593 3922 1712 3977 loco
1743 3925 1915 3978 multa
1944 3923 2143 3980 beneﬁ-

542 4000 628 4059 cia
672 4020 888 4077 semper
932 4007 1190 4078 praestitit
1238 4007 1491 4065 Christus
1533 4012 1603 4068 ad
1647 4011 1863 4068 laudem
1901 4013 2145 4070 nominis

542 4095 630 4152 sui
659 4111 830 4169 usque
860 4095 918 4153 in
949 4106 1272 4171 prasentem
1307 4099 1474 4156 diem.

1123 4235 1350 4294 CAPUT
1380 4236 1559 4292 XXII.

747 4334 843 4390 SS.
879 4333 1108 4402 Castuli,
1141 4335 1498 4403 Marcelliani,
1530 4335 1724 4403 Marci,
1753 4335 1932 4391 caedes.

612 4445 702 4502 83.
744 4447 872 4504 Post
912 4447 1030 4504 haec
1075 4457 1255 4505 autem
1297 4450 1602 4526 Torquatus
1633 4450 1744 4523 egit
1789 4457 1851 4506 ut
1889 4449 2180 4508 Castulus.

1609 319 1705 372 AD
1746 316 1980 372 OI’EIlA
2019 313 2076 371 S.
2119 312 2454 370 AMBROSII
2491 311 2871 369 APPENDIX.

2178 3160 2226 3223 C

3740 311 3880 369 1148

2346 438 2433 494 84.
2467 437 2745 493 Tenentur
2773 444 2894 509 post
2930 435 3046 493 haec
3082 433 3464 492 Marcellianus
3508 442 3565 492 et
3618 436 3877 504 Marcus;

2270 535 2322 583 et
2351 525 2512 582 ambo
2541 527 2690 598 ligati
2733 525 2801 580 ad
2839 525 3085 598 stipitem
3116 525 3303 581 clavos
3333 524 3389 579 in
3416 523 3654 596 pedibus
3688 535 3879 582 acutos

2270 624 2596 688 acceperunt
2625 634 2637 682 ;
2672 616 2874 688 quibus
2903 615 3120 672 dicebat
3143 614 3527 670 insanissimus
3560 614 3875 672 Fabianus:

2270 707 2483 762 Tandiu
2512 706 2640 761 ﬁxis
2671 706 2885 762 stabitis
2915 706 3134 777 plantis,
3169 721 3454 777 quousque
3483 703 3593 759 diis
3619 704 3875 760 debitum

2271 795 2605 852 redhibeatis
2653 796 2916 852 ofﬁcium.
2975 796 3128 851 Tunc
3178 794 3338 849 ambo
3395 794 3594 848 fratres
3649 793 3710 849 in
3770 812 3877 850 uno

2271 887 2420 957 ligno
2457 884 2663 942 conﬁxi
2708 884 3011 956 psallebant
3053 884 3341 940 dicentes:
3386 883 3524 938 Ecce
3567 899 3739 954 quam
3774 882 3878 937 bo-

2272 991 2403 1029 num
2435 981 2488 1028 et
2515 991 2675 1046 quam
2701 973 3010 1044 jucundum
3055 973 3302 1030 habitare
3353 975 3544 1029 fratres
3586 975 3646 1029 in
3680 992 3874 1030 unum.

2271 1065 2418 1122 Dicit
2458 1066 2537 1121 eis
2586 1065 2895 1122 Fabianus:
2955 1065 3208 1122 Infelices
3257 1073 3310 1120 et
3353 1065 3563 1132 miseri,
3613 1065 3875 1137 deponite

2271 1158 2565 1214 amentiam
2610 1165 2867 1224 vestram,
2917 1166 2971 1213 et
3020 1156 3247 1212 liberate
3279 1155 3644 1227 vosmetipsos
3677 1173 3712 1211 a
3745 1174 3876 1213 cru-

2271 1244 2508 1301 ciatibus
2537 1245 2958 1300 imminentibus
2988 1261 3150 1316 super
3182 1261 3296 1299 vos.
3339 1243 3439 1301 Cui
3478 1243 3876 1315 respondentes

2271 1333 2433 1389 ambo
2461 1333 2725 1389 dixerunt
2751 1352 2761 1389 :
2790 1336 3082 1407 Nunquam
3109 1343 3223 1389 tam
3251 1333 3387 1388 bene
3406 1333 3615 1404 epulati
3645 1351 3869 1389 sumus:

2271 1423 2436 1479 modo
2461 1424 2726 1496 coepimus
2767 1441 2882 1480 esse
2911 1423 3011 1479 ﬁxi
3047 1423 3102 1478 in
3139 1439 3324 1478 amore
3369 1422 3598 1479 Christi.
3646 1424 3871 1480 Utinam

2271 1531 2370 1570 nos
2399 1515 2480 1571 sic
2507 1531 2623 1570 esse
2653 1515 2796 1570 sicut
2825 1531 3014 1570 sumus
3056 1514 3248 1570 tandiu
3279 1514 3588 1586 permittas,
3623 1515 3868 1586 quandiu

2269 1605 2432 1676 hujus
2463 1605 2702 1676 tegimur
2729 1604 2974 1676 corporis
3000 1604 3327 1660 indumento
3353 1606 3363 1658 l
3400 1603 3652 1677 Cumque
3685 1613 3872 1660 trans-

2268 1695 2396 1750 isset
2455 1711 2565 1749 una
2604 1695 2721 1750 dies
2764 1701 2818 1750 et
2864 1711 2974 1750 una
3021 1711 3154 1762 nox,
3203 1700 3256 1749 et
3303 1693 3387 1748 illi
3436 1694 3493 1748 in
3542 1694 3778 1764 psalmis
3822 1705 3873 1750 et

1773 1797 1783 1834 :
1841 1779 1996 1850 Elige
2050 1779 2153 1834 tibi
2184 1804 2230 1863 Β
2269 1784 2492 1856 hymnis
2521 1792 2950 1856 perseverarent,
2977 1783 3144 1856 jussit
3174 1799 3266 1839 eos
3293 1783 3482 1838 ambos
3512 1784 3609 1840 ubi
3649 1785 3870 1841 stabant

2267 1874 2471 1930 lanceis
2506 1891 2601 1946 per
2649 1874 2816 1929 latera
2868 1872 3190 1930 verberari:
3238 1882 3292 1928 et
3339 1872 3416 1926 ita
3469 1889 3566 1945 per
3611 1874 3867 1946 martyrii

2266 1964 2492 2033 gloriam
2533 1963 2600 2018 ad
2641 1962 2851 2018 siderea
2895 1979 3061 2034 regna
3109 1963 3484 2033 migraverunt
3535 1961 3679 2034 (14),
3728 1965 3868 2020 Item

2265 2053 2462 2124 sepulti
2493 2061 2622 2109 sunt
2651 2061 2704 2108 et
2735 2054 2838 2125 ipsi
2873 2053 2929 2108 in
2957 2052 3048 2108 via
3077 2053 3276 2124 Appia,
3323 2052 3593 2108 milliario
3622 2054 3866 2110 secundo

2263 2142 2331 2197 ab
2360 2142 2522 2207 Urbe,
2546 2142 2603 2196 in
2631 2144 2752 2199 loco
2775 2141 2871 2214 qui
2896 2149 3122 2198 vocatur
3145 2141 3229 2196 Ad
3254 2141 3483 2209 Arenas,
3506 2143 3639 2215 quia
3662 2151 3864 2214 cryptae

2263 2248 2549 2286 arenarum
2577 2231 2695 2288 illic
2720 2239 2897 2298 erant,
2928 2248 2996 2288 ex
3025 2230 3224 2304 quibus
3264 2231 3426 2288 Urbis
3459 2234 3668 2289 muenia
3698 2241 3864 2289 strue-

2261 2327 2463 2383 bantur
2494 2328 2610 2401 (15)
2623 2371 2635 2384 .

2830 2442 3059 2500 CAPUT
3085 2443 3288 2500 XXIII.

2546 2542 2602 2598 S.
2635 2541 2931 2597 Sebastiani
2961 2543 3253 2613 gloriosum
3291 2549 3578 2600 certamen.

2329 2653 2418 2712 85.
2451 2655 2548 2711 His
2578 2655 2653 2710 ita
2679 2656 2863 2729 gestis,
2894 2656 2956 2712 Β.
2989 2655 3340 2712 Sebastianus
3367 2656 3437 2712 ab
3460 2656 3864 2715 insidiantibus

2259 2753 2565 2802 conventus
2599 2752 2680 2800 est
2715 2762 2726 2800 :
2778 2754 2831 2801 et
2860 2745 3008 2818 quia,
3040 2754 3101 2801 ut
3127 2745 3393 2812 diximus,
3428 2745 3730 2801 videbatur
3765 2748 3864 2802 sub

2260 2833 2550 2906 chlamyde
2584 2834 2771 2902 latere,
2805 2851 2929 2890 cum
2962 2835 3122 2890 miles
3147 2843 3285 2891 esset
3315 2834 3679 2906 dignissimus
3711 2836 3866 2891 Chri-

2260 2924 2350 2991 sti,
2402 2921 2668 2994 suggessit
2702 2923 2770 2978 de
2797 2940 2860 2979 eo
2890 2923 3180 2995 praefectus
3220 2923 3567 2979 Diocletiano
3615 2925 3868 2996 impera-

2260 3019 2385 3076 tori.
2419 3020 2595 3088 Quem
2625 3020 3002 3078 Diocletianus
3043 3021 3111 3077 ad
3153 3037 3210 3076 se
3238 3037 3572 3088 convocans,
3597 3021 3716 3076 ait:
3754 3023 3865 3095 Ego

2257 3115 2311 3164 te
2343 3110 2486 3166 inter
2516 3113 2723 3183 primos
2752 3111 2941 3183 palatii
2962 3111 3066 3166 mei
3089 3127 3302 3184 semper
3332 3109 3524 3178 habui,
3559 3119 3613 3166 et
3645 3119 3712 3166 tu
3745 3128 3864 3167 con-

2260 3205 2342 3252 tra
2380 3199 2610 3256 salutem
2661 3216 2835 3255 meam
2886 3199 2944 3254 in
2992 3198 3254 3271 injuriam
3310 3197 3535 3254 deorum
3599 3199 3864 3256 hactenus

2258 3289 2485 3345 latuisti.
2520 3291 2574 3345 S.
2609 3291 2957 3348 Sebastianus
2988 3292 3160 3348 dixit:
3193 3293 3296 3347 Pro
3326 3293 3499 3348 salute
3530 3299 3629 3346 tua
3650 3309 3863 3366 semper

2257 3377 2536 3435 Christum
2568 3381 2735 3449 colui,
2783 3390 2836 3436 et
2875 3397 2972 3452 pro
3010 3388 3158 3436 statu
3192 3381 3419 3436 Romani
3473 3379 3626 3436 orbis
3675 3382 3859 3450 illum,

2256 3468 2350 3540 qui
2382 3469 2437 3523 in
2468 3470 2619 3526 cmlis
2645 3479 2745 3538 est,
2779 3486 2992 3542 semper
3029 3470 3275 3538 adoravi,
3321 3469 3687 3527 considerans
3720 3489 3751 3526 a
3783 3475 3864 3527 la-

2256 3556 2478 3627 pidibus
2506 3559 2776 3614 auxilium
2810 3567 2991 3630 petere
3020 3559 3197 3613 insani
3227 3558 3420 3630 capitis
3452 3575 3568 3614 esse
3609 3568 3667 3614 et
3710 3561 3854 3616 vani.

2256 3645 2410 3702 Tunc
2442 3645 2613 3702 iratus
2643 3647 3018 3702 Diocletianus
3040 3647 3204 3718 jussit
3233 3663 3357 3701 eum
3380 3647 3508 3702 duci
3531 3647 3591 3701 in
3618 3648 3858 3703 medium

2255 3750 2532 3806 campum,
2580 3745 2634 3791 et
2686 3736 2841 3808 ligari
2894 3738 3048 3808 quasi
3097 3737 3312 3807 signum
3366 3735 3430 3790 ad
3477 3737 3766 3806 sagittam,
3813 3745 3860 3790 et

2249 3820 2415 3892 jussit
2445 3833 2506 3878 ut
2533 3824 2800 3896 sagittarii
2839 3841 2964 3880 eum
2998 3824 3225 3896 ﬁgerent
3258 3825 3398 3895 (16).
3458 3824 3617 3880 Tunc
3652 3840 3858 3896 posue-

2255 3920 2385 3967 runt
2411 3929 2533 3968 eum
2569 3914 2772 3968 milites
2803 3915 2858 3968 in
2881 3913 3062 3969 medio
3087 3930 3301 3986 campo,
3330 3923 3384 3969 et
3408 3913 3541 3968 hinc
3576 3914 3713 3970 inde
3734 3931 3853 3970 eum

2254 4001 2331 4056 ita
2360 4003 2575 4074 sagittis
2605 4004 2982 4076 repleverunt,
3016 4011 3077 4058 ut
3106 4003 3261 4076 quasi
3307 4002 3548 4059 hericius
3600 4004 3681 4059 ita
3729 4013 3857 4059 esset

2254 4090 2501 4148 hirsutus
2531 4093 2648 4163 (17)
2682 4092 2885 4148 ictibus
2915 4092 3257 4163 sagittarum.

2321 4183 2410 4238 86.
2443 4183 2805 4239 }Estimantes
2833 4191 3015 4238 autem
3049 4183 3208 4238 illum
3237 4199 3351 4239 esse
3379 4192 3668 4239 mortuum
3698 4184 3853 4241 abie-

2253 4280 2401 4328 runt.
2434 4272 2586 4328 Tunc
2616 4272 2807 4329 relicta
2836 4273 3097 4345 martyris
3135 4272 3345 4330 Castuli
3375 4273 3590 4341 zetarii,
3633 4275 3854 4331 nomine

2250 4363 2403 4418 Irene
2435 4362 2576 4434 (18),
2606 4361 2742 4418 abiit
2789 4370 2969 4427 nocte,
3019 4370 3080 4418 ut
3124 4379 3322 4434 corpus
3369 4361 3487 4434 ejus
3535 4363 3768 4419 tolleret
3806 4371 3852 4419 et

2249 4452 2521 4524 sepeliret.
2558 4453 2629 4507 Et
2673 4451 2965 4508 inveniens
3013 4469 3137 4507 eum
3187 4452 3467 4507 viventem
3511 4452 3758 4508 adduxit
3794 4453 3852 4508 ad

539 4535 775 4591 zetarius
804 4537 1016 4608 palatii,
1049 4537 1246 4608 hospes
1277 4538 1628 4608 Sanctorum,
1657 4540 2140 4610 comprehendere-
2172 4530 2221 4589 D
2252 4539 2479 4596 domum
2510 4557 2665 4596 suam
2696 4540 2755 4595 in
2785 4541 2931 4596 scala
2958 4540 3174 4596 excelsa
3207 4540 3322 4611 (19)
3365 4538 3459 4593 ubi
3502 4539 3768 4595 manebat
3792 4539 3851 4595 ad

539 4630 631 4678 tur
665 4641 676 4679 :
717 4624 811 4696 qui
844 4641 968 4680 cum
1003 4625 1195 4680 fuisset
1223 4633 1486 4694 arctatus,
1533 4636 1587 4682 et
1631 4627 1723 4684 hic
1752 4628 1915 4684 tertio
1944 4646 2139 4701 appen-

539 4730 653 4781 sns,
685 4713 854 4770 tertio
881 4713 1124 4779 auditus,
1173 4715 1229 4768 in
1261 4713 1603 4771 confessione
1635 4717 1856 4772 Domini
1887 4735 2138 4790 perseve-

538 4819 688 4871 rans,
733 4803 934 4859 missus
981 4811 1062 4858 est
1108 4803 1168 4860 in
1207 4804 1446 4873 foveam,
1490 4813 1544 4861 et
1586 4807 1813 4863 dimissa
1856 4816 1937 4864 est
1979 4825 2142 4882 super

539 4909 663 4948 eum
701 4909 878 4950 massa
923 4895 1189 4964 arenaria,
1231 4903 1285 4951 et
1329 4895 1446 4968 ipse
1489 4914 1614 4953 cum
1658 4900 1839 4970 palma
1886 4901 2139 4974 martyrii

539 4982 801 5054 migravit
835 4983 951 5057 (13)
985 4983 1054 5040 ad
1082 4986 1403 5044 Dominum.

636 5154 694 5222 9)
726 5155 841 5224 AL,
874 5154 1068 5226 possis.

639 5226 727 5297 10)
761 5223 893 5295 ΑΙ.,“
906 5223 1379 5297 ingenerositatem.

639 5297 728 5369 11)
761 5298 878 5368 Al.,
909 5315 1017 5352 non
1045 5297 1348 5366 abnuimus,
1398 5315 1504 5355 non
1541 5299 1843 5369 renitimur,
1890 5315 1997 5354 non
2036 5316 2138 5355 ne-

533 5385 737 5438 gamus.

611 5440 729 5509 (I2)
765 5439 980 5516 Colitur
1009 5440 1386 5516 S._Tiburtius
1419 5442 1481 5497 11
1516 5445 1682 5516 Aug,
1724 5460 1833 5516 quo
1877 5444 1966 5500 die
1994 5450 2049 5499 et
2077 5443 2132 5500 S.

537 5509 1114 5587 Cbro_ma_tii_parentis
1152 5511 1272 5585 ejus
1298 5514 1565 5570 memoria
1593 5509 1792 5587 agitur.

608 5581 726 5651 (l3)
761 5582 829 5636 26
856 5581 1060 5639 Martii.

611 5650 730 5722 (14)
766 5651 830 5707 18
857 5652 1028 5709 Junii.

2249 4631 2538 4702 palatium,
2569 4637 2624 4685 et
2654 4629 2731 4684 ibi
2762 4629 2906 4685 intra
2936 4645 3137 4700 paucos
3166 4627 3284 4684 dies
3313 4627 3544 4683 salutem
3570 4629 3850 4702 integerri-

2249 4734 2395 4773 mam
2425 4717 2770 4789 recuperavit
2797 4717 2854 4772 in
2885 4717 3145 4772 omnibus
3182 4715 3466 4771 membris.

2319 4807 2408 4862 87.
2445 4804 2688 4877 Cumque
2721 4821 2910 4861 omnes
2940 4803 3241 4861 Christiani
3286 4804 3352 4860 ad
3397 4819 3522 4859 eum
3577 4804 3853 4860 conveni-

2249 4902 2391 4964 rent,
2422 4894 2785 4950 hortabantur
2821 4911 2944 4949 eum
2984 4893 3295 4950 abscedere.
3338 4893 3436 4949 Ille
3483 4901 3673 4949 autem
3727 4910 3851 4949 ora«

2247 4985 2398 5041 tione
2439 4985 2584 5042 facta
2621 4983 2927 5052 descendit,
2960 4991 3013 5040 et
3041 4991 3191 5039 stans
3223 4998 3388 5055 super
3419 4981 3625 5056 gradus
3654 4983 3852 5039 Helio—

2350 5157 2439 5224 15)
2473 5157 2561 5213 Al.
2573 5199 2588 5224 ,
2619 5155 3038 5211 instruebantur.

2350 5157 2415 5214 15
2473 5157 2588 5224 Al.,
2619 5157 3038 5211 instruebantur.

2319 5157 2584 5302 (16)Α1.,
2614 5233 2908 5302 sumerent;
2953 5227 3050 5294 al.,
3086 5232 3337 5291 suerent;
3383 5223 3479 5294 al.,
3521 5233 3850 5288 ἀτενεῖ-δικ

2245 5297 2343 5367 al.,
2375 5297 2432 5353 in
2461 5317 2578 5354 eum
2599 5297 2858 5366 jacerent.

2348 5373 2434 5440 17)
2463 5372 2575 5436 ΑΙ.,
2608 5370 2848 5430 insutus:
2885 5371 2980 5436 al.,
3011 5368 3224 5424 insitus.

2348 5377 2434 5440 17)
2463 5377 2575 5436 Αι.,
2608 5377 2848 5430 insutus:
2885 5377 2980 5436 al.,
3011 5377 3224 5424 insitus.

2319 5377 2436 5514 118)
2488 5441 2721 5514 Plurimi
2761 5441 2997 5509 codices,
3046 5442 3277 5508 Hirene,
3331 5440 3562 5507 Raban.,
3609 5441 3854 5502 Herem;

2245 5513 2340 5582 al.,
2374 5515 2618 5579 Harena;
2653 5513 2746 5580 al.,
2780 5515 3005 5568 /Erena.

2318 5586 2430 5656 (19)
2463 5585 2576 5653 AL,
2604 5584 2834 5640 insulam
2865 5586 3139 5641 excelsam.
