4086 6208
204 308 354 366 1149

200 431 391 505 gabali
464 429 607 503 (20),

201 521 426 594 Iniquis
456 518 907 592 subreptionibus
942 518 1157 574 animos
1200 518 1418 590 imperii
1461 519 1630 575 vestri
1660 526 1811 574 tem—

201 610 431 684 plorum
477 608 764 681 pontiﬁces
805 606 1080 676 obsident,
1131 616 1481 679 suggerentes
1525 608 1592 663 de
1639 608 1812 666 Chri-

200 700 408 757 stianis
451 699 586 754 falsa
620 704 950 765 commenta,
997 697 1241 753 dicentes
1279 714 1372 754 eos
1410 696 1647 770 reipubl.
1696 714 1810 755 esse

200 788 593 855 adversarios;
644 803 882 860 quorum
938 786 1284 843 orationibus
1333 786 1451 860 ipsa
1503 787 1813 859 respublica

205 878 544 935 melioratur
586 883 640 931 et
674 875 909 943 crescit;
965 876 1061 948 qui
1110 892 1209 948 pro
1254 875 1487 947 imperio
1531 885 1715 932 vestro
1758 885 1813 934 et

200 985 306 1041 pro
356 968 538 1023 salute
580 965 814 1022 Romani
864 964 1141 1021 exercitus
1188 981 1344 1021 orare
1403 980 1515 1020 non
1561 972 1801 1024 cessant.

201 1056 349 1115 Cum
392 1056 512 1112 haec
556 1064 611 1110 et
653 1054 783 1110 talia
813 1054 1044 1122 diceret,
1087 1052 1467 1109 Diocletianus
1492 1053 1605 1110 ait:
1658 1055 1813 1110 Tune

202 1163 263 1203 es
293 1144 672 1212 Sebastianus,
716 1160 879 1217 quem
923 1159 1022 1199 nos
1058 1142 1269 1198 dudum
1315 1144 1527 1214 sagittis
1562 1142 1815 1215 jussera—

206 1252 339 1291 mus
386 1233 677 1291 interﬁci?
724 1232 779 1289 S.
813 1232 1165 1289 Sebastianus
1207 1232 1388 1288 dixit:
1440 1232 1527 1288 Ad
1576 1232 1680 1289 hoc
1727 1249 1814 1289 me

204 1325 493 1380 Dominus
522 1338 678 1378 meus
705 1323 861 1378 Iesus
896 1320 1150 1379 Christus
1191 1320 1515 1377 resuscitare
1557 1322 1816 1395 dignatus

208 1420 315 1481 est,
353 1421 417 1469 ut
446 1412 773 1468 conveniam
804 1421 857 1466 et
884 1417 1160 1467 contester
1187 1427 1287 1465 vos
1312 1427 1495 1466 coram
1526 1412 1680 1466 omni
1706 1429 1817 1485 po-

208 1500 370 1573 pulo,
432 1499 640 1570 injuste
688 1498 903 1570 judicio
960 1498 1400 1569 persecutionem
1460 1506 1699 1554 vestram
1756 1499 1816 1555 in

210 1588 429 1647 Christi
458 1587 695 1643 famulos
722 1586 1002 1643 ebullisse.

281 1677 378 1734 88.
421 1677 575 1732 Tunc
598 1675 766 1748 jussit
796 1692 923 1732 eum
953 1676 1013 1731 in
1039 1673 1408 1747 hippodromo
1455 1675 1573 1748 (21)
1623 1675 1816 1748 palatii

1119 303 1216 361 DE
1252 302 1599 362 VITIORUM
1640 304 2156 373 VIRTUTUMQUE
2202 305 2613 365 CONFLICTU.

691 428 1043 486 venientibus
1121 428 1546 501 imperatoribus
1616 429 1763 485 dixit
1791 449 1803 487 :
1839 435 1889 494 Α
1916 430 1979 485 Β.
2012 429 2377 486 Sebastianus
2395 430 2649 503 apparuit
2672 446 2727 485 in
2749 432 2958 487 somnis
2978 432 3034 488 S.
3057 431 3279 489 Lucinae
3305 432 3521 490 cuidam

3386 309 3524 368 1150

1920 532 2186 579 matrona;
2204 524 2654 596 religiosissimis,
2678 524 2867 581 dicens
2901 541 2912 578 :
2944 525 3006 580 In
3036 526 3221 582 cloaca
3251 524 3368 593 illa,
3399 541 3521 597 quae

1920 622 2002 671 est
2036 613 2199 685 juxta
2242 613 2473 682 circum,
2518 613 2767 669 invenies
2812 630 3011 685 corpus
3050 630 3227 670 meum
3282 613 3526 686 pendens

1920 703 1978 758 in
2010 701 2247 775 gompho
2279 703 2420 772 (24).
2452 703 2566 759 Hoc
2607 711 2669 757 tu
2696 702 2829 757 dum
2863 700 3137 759 levaveris
3164 702 3428 774 perduces
3454 702 3526 760 ad

1920 791 2267 848 catacumbas
2306 791 2422 862 (25)
2473 800 2526 847 et
2572 791 2803 864 sepelies
2840 790 2896 846 in
2936 790 3101 848 initio
3130 799 3337 863 cryptae
3361 790 3527 862 juxta

1920 880 2150 952 vestigia
2185 880 2596 952 Apostolorum.

1991 970 2080 1026 89.
2126 971 2280 1027 Tunc
2320 972 2381 1027 Β.
2414 971 2623 1027 Lucina
2670 972 2787 1043 ipsa
2833 988 2929 1044 per
2967 987 3024 1027 se
3052 986 3179 1027 cum
3209 968 3385 1025 servis
3412 968 3528 1025 suis

1922 1059 2105 1115 medio
2156 1058 2333 1116 noctis
2385 1060 2543 1127 abiit,
2590 1070 2645 1117 et
2689 1062 2876 1116 levans
2921 1076 3047 1115 eum
3097 1058 3283 1130 posuit
3328 1058 3387 1112 in
3438 1074 3527 1129 pa-

1923 1166 2067 1205 vone
2114 1149 2231 1220 (26)
2290 1167 2411 1219 suo,
2470 1159 2523 1207 et
2583 1151 2846 1223 perduxit
2910 1150 2977 1207 ad
3027 1152 3209 1207 locum
3262 1148 3359 1206 ubi
3414 1148 3529 1222 ipse

1923 1238 2309 1310 imperaverat,
2340 1246 2394 1295 et
2425 1256 2552 1295 cum
2582 1240 2740 1296 omni
2772 1239 3065 1311 diligentia
3104 1237 3377 1311 sepelivit.
3407 1238 3531 1309 Ipsa

1928 1335 2109 1383 autem
2160 1337 2348 1384 sancta
2389 1328 2599 1385 Lucina
2641 1345 2750 1401 pax
2799 1345 2918 1384 xxx
2958 1328 3077 1385 dies
3113 1343 3146 1383 a
3190 1328 3311 1383 loco
3340 1332 3529 1382 sancto

1926 1417 2045 1490 ipso
2074 1434 2187 1474 non
2216 1418 2489 1476 discessit.

1994 1507 2086 1564 90.
2142 1508 2271 1563 Post
2321 1507 2633 1580 aliquantos
2678 1515 2861 1563 autem
2910 1524 3084 1564 annos
3132 1523 3230 1579 per
3267 1504 3530 1563 Ecclesiae

1927 1605 2009 1652 est
2055 1596 2270 1653 reddita
2300 1614 2311 1651 :
2343 1612 2463 1669 quae
2506 1597 2694 1653 statim
2743 1605 2805 1653 ut
2846 1596 3089 1654 Ecclesia
3116 1595 3344 1669 gloriam
3377 1593 3530 1668 pacis

1924 1686 2158 1757 accepit,
2209 1685 2437 1741 domum
2493 1702 2647 1740 suam
2704 1685 2835 1740 fecit
2890 1685 3174 1741 ecclesiam
3230 1684 3370 1757 (27).
3428 1682 3532 1740 Cui

209 1766 369 1836 duci,
418 1772 622 1822 ettam
654 1765 751 1821 diu
780 1764 1032 1836 fustigari
1084 1764 1225 1835 (22),
1284 1763 1531 1836 quandiu
1560 1764 1816 1837 spiritum

1931 1793 2117 1832 omnes
2162 1792 2291 1833 suas
2347 1792 2477 1847 opes
2504 1775 2573 1831 ad
2615 1775 3057 1831 Christianorum
3091 1778 3334 1849 requiem
3365 1775 3532 1831 relin-

208 1855 525 1913 exhalaret.
578 1854 731 1910 Tunc
761 1853 1009 1907 tulerunt
1047 1868 1246 1924 corpus
1283 1851 1401 1923 ejus
1430 1862 1609 1920 nocte,
1659 1862 1713 1909 et
1761 1854 1819 1909 in

209 1946 463 2002 cloacam
521 1941 818 1998 Maximam
878 1940 995 2010 (23)
1054 1940 1324 1996 miserunt
1387 1940 1665 1997 dicentes:
1741 1943 1820 1997 Ne

212 2035 361 2092 forte
403 2032 707 2092 Christiani
737 2047 863 2087 eum
901 2030 1008 2087 sibi
1043 2038 1347 2103 martyrem
1378 2030 1605 2088 faciant.
1664 2032 1821 2091 Tunc

458 2230 888 2314 Ubinhifuerint
917 2229 1115 2314 gradus
1141 2228 1493 2314 Heliogabali,
1530 2228 1821 2314 sive‘Ela-

216 2299 441 2378 gabali;
480 2303 673 2378 colligi
696 2299 1119 2378 ex_Lam'pr_idio
1148 2307 1346 2378 potest,
1371 2299 1493 2378 _qui
1536 2300 1594 2378 in
1633 2300 1820 2378 Apto-

216 2320 437 2378 gaoan;
488 2320 673 2429 COlllgl
702 2320 770 2357 ex
801 2320 1119 2371 Lampridio
1148 2320 1346 2370 pOIeSI,
1399 2320 1493 2372 qui
1536 2320 1594 2354 in
1633 2320 1820 2356 Anio-

216 2377 357 2432 nino
394 2375 621 2446 Helioga
662 2374 748 2446 alo
781 2373 856 2428 ita
885 2372 1113 2446 scribit:
1145 2372 1546 2446 Helioga‘balum
1574 2372 1630 2425 in
1662 2374 1823 2446 Pala-

219 2450 335 2503 tino
392 2443 589 2513 monte,
645 2444 814 2514 juxta
867 2444 1002 2497 mdes
1055 2443 1433 2513 imperatorias
1478 2444 1818 2511 consecravit,

219 2521 371 2597 eique
404 2519 653 2597 {emplum
683 2514 921 2597 fecit"?
970 2515 1027 2597 id
1067 2531 1224 2597 agep's
1251 2531 1315 2595 ne
1343 2514 1460 2594 quis
1489 2515 1668 2594 Romae

217 2584 329 2646 nisi
390 2584 770 2658 Heliogabalus
816 2587 1113 2658 coleretur.»
1163 2585 1339 2658 Hujus
1397 2584 1661 2641 nimirum
1733 2584 1822 2642 dei

218 2659 482 2718 sacerdos
511 2656 687 2714 fuerat
714 2657 1029 2713 Antoninus
1058 2656 1178 2711 ille.

294 2732 424 2803 (21)
446 2729 653 2803 Aliqui
674 2729 909 2803 codices,
933 2726 1224 2803 epidromio
1246 2745 1259 2795 ;
1292 2725 1537 2801 quidam,
1560 2728 1823 2801 hypodro-

220 2799 330 2860 mio
357 2821 370 2865 ;
402 2799 527 2867 alii,
557 2799 725 2865 recte,
754 2799 1140 2871 hippodromio.

294 2875 424 2943 (22)
467 2873 724 2928 Rabanus
750 2870 951 2938 et’alii,
983 2870 1209 2941 fatigari
1228 2870 1389 2943 ;_al.,
1420 2870 1650 2943 fustibus
1670 2870 1820 2927 credi.

299 2941 433 3017 (23'),
470 2946 548 3000 De
578 2943 780 3017 cloacis
809 2943 977 3017 Urbis
1012 2944 1170 3017 plane
1213 2941 1553 3017 admirandis
1599 2943 1825 3017 consule

221 3013 536 3074 Baronium
581 3015 637 3069 in
681 3015 864 3070 Notat.
914 3013 982 3069 ad
1014 3013 1314 3083 iMarlyrol.
1362 3013 1430 3069 26
1468 3014 1646 3084 Aug.;
1698 3013 1825 3069 An-

222 3088 420 3145 dream
469 3087 751 3153 Fulvium,
791 3085 1114 3154 Antiquitat.
1153 3086 1379 3157 Roman.
1423 3083 1519 3139 lib.
1573 3101 1654 3152 iii,
1702 3090 1820 3157 cap.

225 3161 333 3225 30;
366 3158 636 3222 Plinium,
664 3157 763 3211 lib.
792 3172 992 3219 xxxvr,
1024 3171 1141 3226 cap.
1178 3156 1264 3211 15.

302 3230 428 3299 (24)
468 3228 738 3283 Brechtus
775 3236 829 3283 et
857 3226 1101 3299 plerique
1131 3226 1369 3293 codices,
1413 3227 1473 3280 in
1498 3242 1652 3283 unco.
1703 3227 1826 3284 Un-

228 3318 358 3358 cum
390 3298 543 3355 hunc
572 3314 688 3354 esse
715 3300 838 3353 vult
866 3298 1157 3370 Baronius,
1186 3300 1657 3370 quoacgcloacam
1689 3314 1824 3369 per-

228 3380 474 3428 tractum
506 3379 621 3425 erat
654 3369 913 3440 martyris
941 3385 1159 3440 corpus,
1204 3369 1266 3423 ut
1296 3369 1413 3425 fieri
1440 3369 1664 3440 solitum
1693 3370 1826 3440 plu-

232 3443 391 3499 ribus
433 3448 681 3495 veterum
732 3439 1063 3512 testimoniis
1110 3440 1321 3511 probat.
1372 3439 1721 3512 Lampridius
1768 3441 1824 3495 in

232 3512 578 3572 Commodo:
636 3510 896 3579 Carnifex
925 3527 1057 3564 unco
1089 3510 1356 3578 trahatur,
1396 3510 1642 3579 carnifex
1666 3528 1828 3566 sena-

234 3591 319 3639 tus
347 3600 494 3638 more
524 3581 794 3651 majorum
820 3599 952 3636 unco
974 3584 1241 3637 trahatur.
1266 3584 1339 3638 Et
1363 3582 1422 3637 in
1453 3582 1822 3653 Heliogabalo:

232 3656 343 3711 Per
369 3656 573 3725 plateas
604 3659 800 3708 tractus
828 3660 902 3708 est
930 3654 1314 3721 sordidissime,
1353 3671 1451 3725 per
1486 3656 1691 3709 cloacas
1716 3655 1829 3708 du—

232 3733 367 3793 ctus,
414 3731 461 3779 el
499 3725 555 3778 in
594 3725 821 3781 Tiberim
844 3725 1132 3797 submissus
1160 3732 1251 3780 est.
1302 3728 1373 3780 At
1400 3742 1524 3781 cum
1559 3725 1829 3797 impactus

232 3804 379 3853 esset
408 3797 622 3877 corpori
654 3813 852 3877 uncus,
884 3796 978 3869 qui
1007 3813 1258 3877 expunco
1288 3797 1603 3877 pendebat?
1632 3796 1715 3877 an.
1731 3813 1828 3851 un—

232 3884 333 3925 cus
358 3867 651 3940 multiplex
681 3867 741 3924 in
771 3867 913 3937 uno,
952 3868 1128 3924 veluti
1164 3867 1332 3942 quoe
1362 3869 1544 3940 puteis
1585 3868 1828 3940 profun-

233 4034 2337 4050 ——-——————-——-——c—u—_—

1928 1882 2123 1939 quens,
2153 1866 2287 1923 fecit
2332 1865 2506 1938 ipsam
2554 1865 2856 1921 Ecclesium
2899 1864 3167 1920 haeredem
3203 1865 3258 1920 in
3288 1864 3531 1931 Christo,

1928 1955 2026 2027 qui
2056 1972 2182 2011 cum
2209 1956 2322 2009 Deo
2348 1956 2506 2009 Patre
2534 1963 2588 2009 et
2612 1952 2824 2025 Spiritu
2854 1962 3041 2010 sancto
3067 1953 3293 2025 aequalis
3318 1952 3461 2007 vivit
3481 1958 3535 2008 et

1930 2050 2120 2116 regnat
2140 2043 2198 2098 in
2218 2042 2432 2098 unitate
2450 2042 2680 2097 virtutis
2698 2042 2755 2097 in
2773 2041 3532 2098 saeculasaaculorum.Amen.

1930 2233 2179 2291 dioribus
2225 2248 2346 2305 quae
2388 2230 2698 2305 inciderent
2726 2230 3016 2305 extrahere
3032 2247 3163 2305 _mo_s
3200 2238 3310 2305 est;
3356 2230 3534 2303 sicqui

1930 2323 2090 2361 muro
2137 2302 2383 2359 fortassis
2432 2304 2567 2358 dens
2612 2320 2757 2358 unus
2805 2302 3056 2358 inﬁxus?
3101 2302 3407 2370 Veriorem,
3456 2302 3536 2357 ine

1934 2377 2200 2444 fallimur,
2230 2375 2521 2431 lectionem
2554 2374 2777 2447 quidam
2809 2374 3029 2430 codices
3072 2381 3534 2447 cominonstrant,

1931 2450 1989 2503 in
2021 2448 2222 2520 quibus
2258 2448 2482 2519 gumpho
2528 2445 2587 2502 et
2625 2447 2827 2518 gonpho
2871 2447 3164 2520 scriptum.
3213 2445 3530 2520 Legendum

1931 2520 1989 2574 in
2035 2516 2274 2590 gomphol
2329 2516 2428 2573 Est
2482 2516 2688 2597 γόμφός,
2723 2516 2929 2597 ίριαυαε
2977 2516 3064 2573 vel
3110 2516 3391 2587 junctum.
3449 2516 3532 2571 Ita

1931 2600 2132 2669 Satius,
2160 2616 2215 2655 iv
2245 2600 2383 2655 Silv.
2419 2596 2499 2655 de
2520 2597 2613 2653 via
2640 2596 2955 2654 Domitiana
2987 2614 2999 2652 :

2180 2712 2325 2761 Tunc
2352 2711 2662 2759 umbonibus
2700 2712 2820 2758 hinc
2846 2720 2898 2759 et
2922 2710 3040 2758 hinc
3065 2708 3278 2766 coactis,

2185 2774 2251 2823 Et
2277 2774 2474 2823 crebris
2504 2774 2601 2822 iter
2620 2774 2835 2834 alligare
2864 2773 3123 2834 gomphis,

1932 2869 2198 2928 connexis
2228 2868 2514 2941 nimirum,
2546 2885 2614 2923 ne
2632 2868 3082 2941 distorqueantur
3110 2876 3164 2924 et
3191 2866 3267 2941 ab
3287 2864 3529 2941 invicem

1933 2943 2290 3008 divellantur,
2349 2940 2642 3011 lapidibus.
2704 2938 3077 2995 Tert—ullianus
3132 2944 3188 2995 in
3241 2938 3525 3011 Apolog.:

1938 3014 2172 3071 Cervices
2213 3010 2459 3083 ponimus
2517 3019 2636 3067 ante
2688 3013 2983 3082 plumbum,
3044 3017 3092 3065 et
3138 3010 3423 3083 glutinum,
3486 3013 3534 3063 et

1933 3086 2199 3164 gomphos.
2254 3083 2918 3164 Franciscus_Zepliyrus
2970 3083 3386 3164 Paraphrarstes“
3419 3096 3528 3163 ma:

1857 3148 1901 3209 C
1931 3148 2082 3227 iores
2124 3157 2300 3211 clavos
2344 3154 2547 3212 reddit.
2592 3148 2802 3227 Eadem
2828 3148 3126 3227 voxinfra'
3150 3154 3210 3209 in
3237 3153 3292 3208 S.
3327 3150 3532 3227 Thyrsi

1933 3224 2227 3299 martyrio.
2263 3227 2364 3283 Hic
2394 3243 2522 3298 ergo
2556 3226 2805 3282 eminens
2835 3226 3047 3308 uspiam
3077 3242 3105 3280 e
3132 3241 3290 3279 muro
3320 3224 3530 3304 clavus,

1933 3298 2174 3378 aliudve
2209 3298 2604 3378 ferramentum
2632 3377 2635 3378 ν
2660 3297 2946 3378 firmandis
2995 3296 3273 3370 lapidibus
3313 3293 3532 3350 adhibi-

1931 3379 2051 3425 tum
2084 3369 2305 3425 videtur
2333 3369 2530 3424 debere
2560 3368 2817 3439 intelligi.

2009 3441 2129 3513 (25)
2172 3443 2250 3513 De
2305 3441 2639 3513 catacumbis
2693 3436 2778 3494 vel
2828 3437 3167 3513 catacumbis
3207 3436 3325 3513 legi
3358 3442 3537 3507 potest

1935 3508 2206 3569 Baronius
2236 3512 2292 3567 in
2324 3513 2471 3568 notis
2496 3512 2563 3567 de
2592 3511 2871 3569 Martvrol.
2912 3510 2944 3566 3
2973 3510 3094 3565 Jan.
3127 3516 3180 3564 et
3204 3509 3273 3565 20
3297 3508 3420 3563 Jan.

2009 3584 2125 3651 (26)
2176 3584 2290 3651 AL,
2332 3584 2648 3653 papilione;
2699 3579 2797 3649 aL,
2840 3598 3076 3651 pagane;
3122 3581 3268 3653 Sur.,
3298 3579 3537 3650 pilento;

1935 3656 2123 3726 sicque
2159 3652 2444 3725 legendum
2495 3654 2781 3710 contendit
2818 3653 3140 3726 Monachus.
3190 3652 3270 3726 I_)e
3292 3666 3535 3726 pavone,

1936 3720 2053 3781 sive
2079 3720 2317 3853 ἔαὸὸηθ,
2350 3726 2563 3798 egimus
2621 3726 2687 3782 16
2732 3726 2853 3781 Jan.
2882 3724 2950 3780 ad
2980 3724 3153 3779 vitam
3196 3723 3251 3778 S.
3292 3720 3538 3778 Marcelli

1936 3813 2054 3853 can.
2121 3841 2132 3851 .

1935 3813 2054 3869 οέιΡτ

2162 3868 2240 3923 De
2272 3865 2377 3923 hac
2403 3882 2462 3924 re
2502 3868 2684 3940 agitur
2714 3867 2774 3923 in
2802 3866 2996 3922 eadem
3027 3865 3083 3922 S.
3128 3863 3373 3921 Marcelli
3405 3863 3542 3922 Vita

2343 4039 2894 4047 ———-————————

1688 4238 1930 4304 LIBER
1988 4237 2098 4304 DE

445 4408 1169 4559 VITIORUM
1285 4410 2362 4583 VIRTUTUMQUE
2471 4410 3326 4580 CONFLICTU.

1235 4662 1403 4747 AD
1501 4664 2551 4752 SIMPLICIANUM.

758 5014 985 5073 CAPUT
1024 5018 1320 5078 PRIMUM.

312 5104 632 5175 Apostolica
679 5119 791 5159 vox
839 5105 1041 5161 clamat
1090 5123 1187 5178 per
1224 5109 1438 5179 orbem,
1494 5110 1838 5181 cbarissime,

241 5202 405 5265 atque
435 5191 492 5245 in
522 5192 814 5262 procinctu
844 5191 973 5248 ﬁdei
1012 5195 1229 5266 positis,
1290 5214 1358 5252 ne
1394 5201 1685 5256 securitate
1713 5210 1840 5257 tor-

240 5285 428 5351 peant,
481 5276 658 5334 dicit:
734 5304 751 5326 ε
795 5280 999 5338 Omnes
1041 5284 1136 5357 qui
1177 5285 1265 5356 pie
1310 5286 1507 5343 volunt
1548 5291 1736 5345 vivere
1780 5289 1840 5345 in

243 5368 464 5427 Christo
523 5367 672 5435 Jesu,
728 5370 1163 5440 persecutionem
1224 5375 1505 5445 patientur
1559 5378 1649 5449 (II
1703 5378 1837 5434 Tim.

244 5474 328 5525 iii,
380 5457 491 5528 12).
539 5481 557 5504 ι
621 5456 829 5514 Verum
864 5460 994 5532 quia
1026 5460 1130 5517 hoc
1162 5469 1407 5535 tempore
1449 5465 1841 5523 Christianitas

246 5545 408 5601 etiam
440 5546 497 5601 in
526 5545 644 5603 suis
673 5546 1016 5620 principibus
1040 5549 1156 5621 jam
1186 5551 1443 5625 religiosa
1468 5561 1571 5623 est,
1614 5555 1841 5630 jamque

249 5633 508 5696 ﬁdelibus
534 5635 734 5694 desunt
761 5637 852 5712 pie
882 5638 1204 5700 viventibus
1230 5641 1291 5700 in
1322 5641 1542 5703 Christo
1573 5645 1703 5705 Jesu
1722 5647 1843 5704 vin-

1861 5026 1912 5085 D
1946 5025 2090 5093 cuia,
2122 5023 2367 5093 verbera,
2407 5025 2595 5097 ﬂagra,
2646 5041 2909 5095 carceres,
2958 5026 3205 5101 equulei,
3244 5042 3455 5095 cruces,
3485 5032 3539 5081 et

1948 5112 1993 5169 si
2025 5129 2133 5185 qua
2163 5121 2292 5170 sunt
2325 5114 2433 5171 alia
2460 5113 2679 5171 diversa
2706 5121 3109 5172 tormentorum
3143 5131 3375 5188 genera:
3410 5131 3539 5187 quo-

1949 5200 2114 5257 modo
2141 5218 2332 5257 verum
2369 5202 2474 5258 erit
2519 5201 2691 5275 (dicet
2737 5202 2886 5275 quis)
2918 5204 3064 5276 quod
3094 5220 3188 5276 per
3218 5203 3541 5273 Apostolum

1948 5291 2157 5360 sonuit,
2188 5301 2250 5349 ut
2296 5309 2487 5350 omnes
2525 5293 2613 5366 pie
2668 5293 2920 5349 viventes
2961 5291 3394 5365 persecutionem
3452 5308 3540 5363 pa-

1947 5380 2198 5437 tiantur?
2244 5384 2332 5437 An
2386 5381 2528 5438 forte
2573 5383 2723 5454 pacis
2786 5390 3026 5453 tempore
3078 5395 3240 5435 nemo
3280 5381 3403 5435 vult
3454 5380 3543 5452 pie

1950 5469 2138 5526 vivere
2186 5469 2245 5525 in
2295 5469 2516 5527 Christo
2563 5471 2710 5539 Jesu,
2742 5478 2796 5527 et
2834 5469 2958 5525 ideo
2994 5468 3193 5524 desunt
3230 5468 3380 5525 ista?
3408 5468 3545 5537 Quis

1948 5556 2056 5614 hoc
2117 5558 2282 5616 modo
2338 5560 2426 5615 vel
2483 5559 2759 5632 desipiens
2819 5556 3074 5613 dixerit?
3130 5558 3192 5612 In
3251 5557 3353 5613 hac
3416 5575 3544 5632 ergo

1949 5648 2201 5723 Apostoli
2240 5649 2515 5709 sententia
2558 5665 2668 5706 non
2724 5646 2979 5725 specialis
3024 5645 3410 5725 quorumdam,
3450 5648 3544 5708 sed
