4086 6208
581 311 713 368 1151

1601 308 1698 362 AD
1738 307 1971 362 OPERA
2009 307 2064 365 S.
2108 306 2443 364 AMBROSII
2478 307 2860 366 APPENDIX.

3744 315 3883 372 1152

577 435 845 508 generalis
890 434 1139 488 omnium
1195 433 1506 505 persecutio
1553 433 1716 490 debet
1778 433 2032 505 intelligi.
2095 434 2166 488 Et
2193 438 2242 494 Α
2272 435 2405 504 (Isa.
2440 451 2560 499 xxv,
2599 434 2688 504 l2)
2721 435 2750 490 ‘t
2799 433 2961 501 Quod
3007 434 3053 490 si
3098 433 3192 490 ille
3235 433 3302 490 de
3332 443 3486 492 tanta
3533 436 3891 498 sublimitate

576 525 833 596 quoniam
885 532 1014 580 sunt
1053 522 1215 576 multi
1263 521 1407 577 intra
1448 524 1632 579 sinum
1678 524 1870 580 matris
1912 524 2170 580 Ecclesiae

575 613 888 681 constituti,
923 613 1014 685 qui
1046 611 1133 684 pie
1162 613 1412 669 viventes
1457 613 1516 668 in
1545 613 1786 681 Christo,
1821 614 2171 670 contumeliis

571 705 910 768 afﬁciuntur,
975 719 1037 758 ac
1111 702 1467 758 amarulentis
1533 703 1866 774 opprobriis,
1928 701 2167 773 injuriis,

573 791 1035 863 irrisionibusque
1067 792 1409 848 lacessuntur
1443 811 1454 847 :
1489 791 1664 846 istane
1691 799 1772 846 est
1802 791 1898 846 illa
1939 808 2172 862 genera—

572 883 661 950 lis,
693 881 930 954 inquiet,
969 880 1296 952 persecutio,
1335 897 1494 952 quam
1529 881 1827 952 Apostolus
1870 895 2060 935 omnes
2084 880 2171 951 pie

569 973 821 1028 viventes
879 971 934 1026 in
985 970 1205 1029 Christo
1254 971 1363 1042 pati
1411 970 1748 1044 descripsit?
1797 972 2002 1027 Verum
2061 987 2170 1026 non

571 1062 730 1118 istam
763 1061 924 1118 facile
957 1062 1194 1116 dixerim
1229 1079 1240 1116 :
1274 1078 1397 1116 cum
1429 1061 1541 1116 sint
1581 1061 1804 1132 quidam
1838 1061 1895 1115 in
1929 1059 2171 1115 Ecclesia

568 1155 702 1211 adeo
761 1154 966 1221 devoti,
1027 1152 1229 1222 quibus
1284 1170 1446 1208 nemo
1511 1168 1805 1225 pravorum
1859 1151 2058 1208 audeat
2114 1151 2170 1205 in

567 1245 762 1301 faciem
831 1243 1111 1315 derogare.
1169 1243 1296 1298 Alia
1345 1259 1472 1314 ergo
1539 1259 1607 1297 ex
1664 1240 1914 1314 Apostoli
1988 1241 2172 1298 verbis

568 1332 924 1406 intelligenda
990 1342 1071 1388 est
1135 1333 1444 1405 persecutio
1506 1332 1806 1387 immanior
1875 1341 1928 1388 et
1997 1335 2168 1405 magis

567 1425 760 1492 noxia,
791 1441 953 1497 quam
1003 1440 1114 1478 non
1146 1424 1398 1480 mortalis
1438 1425 1719 1496 intorquet
1760 1425 2046 1492 severitas,
2077 1425 2171 1481 sed

566 1515 831 1570 vitiorum
865 1513 1040 1586 gignit
1069 1512 1391 1569 adversitas.
1416 1515 1557 1570 Dum
1580 1514 1727 1569 enim
1755 1521 1947 1568 contra
1977 1514 2166 1568 humi-

567 1605 796 1673 litatem,
846 1603 1133 1675 superbia;
1184 1612 1376 1661 contra
1406 1605 1627 1660 Domini
1668 1605 1947 1672 timorem,
1982 1603 2163 1662 inanis

567 1697 779 1767 gloria;
828 1703 1020 1751 contra
1049 1712 1232 1750 veram
1285 1694 1628 1764 religionem,
1660 1694 1983 1762 simulatio;
2025 1711 2168 1750 con-

2279 540 2374 595 per
2421 523 2734 595 superbiam
2779 523 2999 591 cecidit,
3045 523 3323 595 quomodo
3368 532 3427 579 tu
3477 525 3546 580 ad
3603 528 3883 586 caelestem

2278 613 2660 669 celsitudinem
2687 613 3054 684 superbiendo
3091 613 3158 669 de
3189 614 3319 669 imis
3346 615 3684 672 conscendes
3703 620 3734 673 ἢ
3791 623 3886 693 qui

2281 701 2525 773 quandiu
2568 701 2659 757 hic
2703 703 2870 770 vivis,
2915 719 2978 758 ea
3011 703 3332 759 conditione
3372 704 3600 772 teneris,
3652 707 3724 762 de
3781 725 3888 781 qua

2280 807 2375 862 per
2404 791 2716 862 Sapientem
2745 792 2986 847 dicitur:
3043 815 3060 838 ι
3092 791 3465 864 Corruptibile
3495 795 3649 850 enim
3685 814 3887 868 corpus

2280 888 2537 952 aggravat
2593 880 2854 946 animam,
2916 890 2968 936 et
3025 890 3215 936 onerat
3267 890 3484 937 terrena
3545 884 3885 944 inbabitatio

2283 978 2520 1025 mentem
2564 971 2737 1026 multa
2769 970 3102 1040 cogitantem
3157 972 3310 1042 (Sap.
3344 989 3423 1040 rx,
3470 973 3585 1040 l5).
3621 997 3640 1020 ι
3705 974 3884 1042 Quam

2281 1059 2626 1115 densissimis
2689 1067 2942 1130 putamus
3003 1060 3060 1114 in
3114 1069 3260 1115 terra
3310 1061 3584 1132 superbiae
3639 1065 3885 1124 tenebris

2281 1149 2456 1203 lutum
2493 1155 2740 1202 nostrum
2775 1148 2987 1203 involvi
3040 1149 3173 1219 (Isa.
3209 1165 3360 1217 LXIV,
3392 1151 3473 1218 8),
3520 1152 3567 1206 si
3610 1155 3801 1224 potuit
3832 1156 3882 1211 in

2280 1238 2418 1296 cozlo
2447 1238 2623 1305 stella,
2671 1254 2792 1310 quae
2823 1254 2981 1294 mane
3017 1238 3316 1308 oriebatur,
3364 1239 3502 1296 lucis
3538 1258 3655 1297 suae
3686 1245 3881 1314 globos

2281 1328 2532 1383 amittere
2583 1329 2718 1397 (Isa.
2754 1344 2870 1396 xrv,
2908 1327 3051 1399 l2)?
3101 1328 3246 1383 Audi
3296 1347 3422 1401 ergo
3465 1332 3653 1401 potius
3703 1334 3881 1392 lucem

2282 1419 2531 1475 veritatis
2569 1419 2879 1474 dicentem:
2939 1444 2957 1465 α
2987 1418 3092 1484 Qui
3137 1419 3384 1490 sequitur
3425 1437 3530 1487 me,
3592 1438 3706 1478 non
3757 1440 3880 1479 am-

2285 1509 2434 1564 bulat
2462 1511 2521 1564 in
2551 1508 2810 1575 tenebris,
2831 1508 2926 1563 sed
2953 1508 3176 1564 habebit
3198 1509 3385 1564 lumen
3411 1510 3539 1566 vita:
3560 1511 3876 1581 (Joan.vm,

2286 1599 2394 1669 12).
2429 1623 2447 1646 ι

2283 1687 2632 1759 praemonuit,
2683 1687 2905 1743 dicens:
2971 1713 2989 1734 ι
3029 1687 3236 1744 Discite
3291 1706 3318 1744 a
3379 1707 3486 1758 me,
3539 1693 3672 1764 quia
3724 1695 3874 1751 mitis

2503 1599 2564 1653 In
2615 1615 2722 1670 quo
2775 1605 2956 1653 autem
3012 1598 3127 1670 ipsa
3183 1609 3323 1655 esset
3381 1603 3680 1673 sequenda,
3746 1604 3875 1660 alibi

565 1797 651 1844 tra
691 1788 1138 1853 submissionem,
1181 1786 1382 1852 elatio;
1429 1794 1619 1840 contra
1668 1786 1960 1841 fraternam
2013 1786 2163 1842 dile-
2195 1797 2240 1856 B
2281 1794 2399 1832 sum
2437 1785 2490 1832 et
2520 1776 2749 1832 humilis
2777 1775 2960 1843 corde,
3010 1786 3065 1832 et
3106 1777 3405 1833 invenietis
3453 1780 3696 1852 requiem
3742 1784 3876 1838 ani-

561 1877 827 1944 ctionem,
854 1875 1065 1930 invidia
1089 1893 1102 1941 ;
1127 1882 1317 1930 contra
1343 1874 1688 1941 charitatem,
1713 1875 1938 1944 odium;
1972 1885 2162 1931 contra

563 1968 874 2024 libertatem
929 1965 1091 2036 justas
1159 1964 1536 2030 correctionis,
1598 1964 1902 2032 detractio;
1968 1975 2160 2022 contra

561 2055 908 2129 patientiam,
948 2054 1059 2120 ira;
1103 2061 1294 2109 contra
1324 2055 1826 2123 mansuetudinem,
1857 2058 2152 2128 asperitas;

560 2155 754 2204 contra
802 2145 1068 2200 humilem
1110 2144 1490 2211 dilectionem,
1523 2151 1744 2211 tumor;
1779 2153 1972 2200 contra
2000 2147 2158 2217 spiri-

560 2238 666 2293 tale
724 2234 1008 2308 gaudium,
1073 2234 1262 2290 saaculi
1324 2233 1584 2300 tristitia;
1661 2243 1853 2290 contra
1930 2235 2158 2292 virtutis

558 2326 910 2391 exercitium,
969 2332 1162 2396 torpor
1216 2324 1303 2378 vel
1365 2323 1625 2394 ignavia;
1685 2333 1878 2380 contra
1940 2325 2153 2380 firmam

558 2412 941 2479 stabilitatem,
1011 2411 1256 2484 inquieta
1305 2413 1574 2484 vagatio;
1647 2420 1840 2468 contra
1893 2414 2154 2472 fiduciam

558 2503 695 2576 spei,
729 2501 1072 2573 desperatio;
1106 2510 1298 2558 contra
1337 2502 1530 2558 mundi
1573 2510 1973 2575 contemptum,
2006 2506 2156 2578 cupi-

557 2592 734 2658 ditas;
785 2599 979 2648 contra
1017 2592 1114 2648 Dei
1147 2608 1411 2660 amorem,
1441 2609 1596 2648 amor
1624 2593 1913 2665 proprius;
1965 2604 2155 2650 contra

557 2683 997 2754 simplicitatem,
1040 2681 1248 2737 furtum
1291 2690 1346 2737 et
1385 2682 1572 2750 fraus;
1615 2690 1807 2739 contra
1842 2684 2152 2750 veritatem,

561 2772 778 2828 fallacia
809 2779 972 2844 atque
1003 2772 1348 2828 mendacium
1374 2791 1388 2840 ;
1425 2781 1618 2829 contra
1647 2789 1840 2846 puram
1872 2773 2152 2844 frugalita-

555 2868 664 2916 tem
729 2877 794 2917 ac
849 2862 1266 2932 parcimoniam,
1324 2863 1532 2918 ventris
1603 2863 1908 2936 ingluvies;
1964 2870 2153 2919 contra

556 2951 900 3006 moderatum
932 2967 1242 3017 mearet-em,
1270 2951 1454 3022 inepta
1475 2952 1666 3007 laetitia
1691 2971 1703 3018 ;
1737 2961 1928 3009 contra
1953 2953 2151 3008 discre-

554 3047 666 3095 tam
697 3040 1148 3108 taciturnitatem,
1178 3043 1591 3114 multiloquium
1617 3061 1630 3110 ;
1665 3053 1855 3100 contra
1882 3043 2149 3099 illibatam

2273 1867 2466 1922 mahus
2495 1867 2692 1922 vestris
2748 1868 2960 1937 (Matth.
2994 1883 3074 1933 ιιι,
3103 1866 3218 1936 29).
3253 1892 3270 1914 ι
3342 1866 3513 1927 Audi.
3551 1878 3734 1925 tumor
3760 1889 3870 1927 su-

2271 1955 2501 2027 perbiae:
2558 1954 2686 2010 audi
2743 1953 2924 2010 adhuc
2976 1953 3246 2010 dicentem
3306 1955 3642 2014 humilitatis
3700 1963 3869 2035 magi.

2270 2055 2444 2101 strum
2470 2065 2480 2100 :
2519 2070 2536 2092 ι
2565 2044 2760 2100 Omnis
2788 2045 2882 2116 qui
2915 2061 2970 2099 se
2991 2045 3218 2111 exaltat,
3247 2046 3676 2116 humiliabitur;
3705 2059 3760 2106 et
3780 2055 3870 2126 qui

2268 2151 2324 2190 se
2357 2132 2636 2202 humiliat,
2660 2133 3170 2205 exaltabitur(Luc.
3203 2154 3322 2204 xrv,
3361 2139 3518 2209 11);.
3563 2148 3864 2198 etiterum:

2281 2248 2298 2270 ι
2329 2224 2502 2294 Super
2533 2238 2694 2295 quem
2737 2223 3037 2295 requiescit
3067 2225 3293 2296 spiritus
3329 2244 3502 2296 meus,
3553 2229 3665 2285 nisi
3706 2249 3867 2304 super

2268 2313 2536 2369 humilem
2569 2321 2623 2368 et
2654 2314 2902 2386 quietum
2944 2322 2998 2370 et
3037 2323 3361 2372 trementem
3390 2333 3676 2376 sermones
3722 2339 3868 2378 meos

2269 2404 2403 2474 (Isa.
2439 2419 2592 2472 LXVI,
2623 2403 2679 2473 2)
2713 2403 2741 2458 ‘l
2770 2427 2787 2449 ι
2834 2402 2983 2459 Audi
3024 2404 3158 2477 quid
3187 2405 3348 2462 etiam
3381 2406 3448 2462 de
3482 2409 3580 2464 illa
3612 2412 3864 2472 veritatis

2267 2493 2388 2548 luce
2423 2492 2571 2549 dicat
2613 2493 2930 2564 Apostolus,
2986 2494 3080 2566 qui
3139 2504 3191 2550 te
3244 2495 3313 2551 ad
3367 2513 3485 2552 eam
3544 2504 3862 2561 sectandam

2266 2583 2484 2638 invitat.
2535 2583 2631 2640 Ait
2659 2584 2839 2638 enim:
2907 2607 2925 2630 ι
2967 2583 3073 2650 Qui
3103 2601 3229 2640 cum
3271 2585 3326 2639 in
3359 2586 3537 2643 forma
3571 2592 3672 2646 Dei
3705 2602 3863 2661 esset,

2263 2689 2375 2729 non
2419 2673 2666 2745 rapinam
2697 2673 2993 2730 arbitratus
3023 2683 3106 2731 est
3145 2691 3259 2730 esse
3303 2692 3358 2731 se
3397 2681 3662 2750 aequalem
3701 2685 3815 2739 Deo
3846 2703 3858 2740 :

2263 2761 2354 2817 sed
2386 2763 2738 2834 semetipsum
2772 2764 3106 2832 exinanivit,
3132 2765 3363 2821 formam
3392 2769 3536 2822 servi
3561 2771 3861 2844 accipiens,

2262 2852 2317 2908 in
2345 2851 2770 2909 similitudinem
2799 2853 3090 2910 hominum
3112 2854 3307 2922 factus,
3331 2864 3385 2912 et
3401 2858 3583 2928 specie
3607 2871 3860 2932 repertus

2261 2948 2322 2996 ut
2355 2940 2541 2997 homo.
2591 2943 2926 2999 Humiliavit
2961 2944 3339 3015 semetipsum,
3386 2945 3561 3002 fa-"tus
3593 2949 3860 3007 ohednens

2259 3049 2431 3106 usque
2461 3032 2528 3088 ad
2561 3041 2816 3101 mortem,
2837 3042 3069 3089 mortem
3095 3043 3277 3091 autem
3307 3037 3486 3093 crucis
3519 3041 3858 3112 (Philipp.u,

555 3129 882 3197 castitatem,
913 3131 1097 3186 carnis
1138 3132 1491 3188 immunditia
1539 3141 1700 3206 atque
1733 3137 1987 3204 luxuria;
2021 3155 2150 3194 con.
2183 3160 2232 3224 C
2261 3122 2397 3222 5'8}
2423 3148 2444 3224 ᾖ
2484 3124 2538 3180 Si
2569 3123 3258 3224 igitur‘t‘j‘lm‘hu’flililate
3287 3143 3343 3181 se
3372 3126 3637 3224 difpf'imif
3667 3129 3862 3187 di‘ina

554 3225 638 3274 tra
669 3219 853 3275 cordis
896 3219 1250 3289 munditiam,
1282 3222 1548 3294 spiritalis
1594 3224 1924 3294 fomicatio;
1957 3238 2149 3284 contra

551 3325 796 3364 amorem
863 3309 1055 3381 patriai
1109 3312 1367 3379 caelestis,
1422 3315 1692 3386 appetitus
1739 3315 1904 3388 hujus
1962 3321 2148 3376 saeculi

548 3415 858 3472 opponens,
897 3408 1069 3456 semet
1111 3404 1370 3475 emergit;
1425 3403 1542 3461 haec
1573 3406 1848 3479 (inquam)
1881 3425 2006 3463 cum
2038 3410 2146 3465 vir-

547 3492 761 3548 tutibus
811 3493 1076 3550 obsistere
1117 3506 1407 3563 conantur,
1439 3498 1570 3569 quid
1617 3500 1766 3554 aliud
1799 3501 1959 3556 nobis
2000 3502 2148 3557 insi-

546 3588 745 3646 nuant,
790 3597 955 3652 quam
1019 3583 1165 3654 quod
1211 3586 1451 3640 crudelis
1495 3586 1756 3642 adversus
1796 3591 2146 3662 conglobatas

545 3667 820 3722 virtutum
869 3669 1011 3724 acies
1045 3671 1132 3741 pie
1161 3671 1470 3728 viventium
1503 3678 1810 3745 persecutio
1840 3679 2097 3736 desaeviat
2118 3683 2145 3738 ?

546 3758 591 3813 Ο
641 3774 804 3829 quam
852 3759 1042 3827 durus,
1076 3778 1108 3815 ο
1151 3778 1311 3840 quam
1357 3781 1573 3821 amarus
1602 3776 1682 3822 est
1711 3785 2031 3840 congressus
2058 3791 2144 3828 su-

546 3847 786 3920 perbiae!
846 3866 966 3922 quae
1027 3838 1248 3923 angelos
1310 3855 1377 3911 de
1425 3857 1562 3911 cmlo
1617 3857 1778 3930 ejecit
1823 3838 1963 3931 (Isa.
2026 3881 2140 3936 xxv,

546 3942 757 4011 12-14),
803 3943 1084 4000 hominem
1131 3948 1382 4017 paradiso
1419 3949 1731 4008 eliminavit
1773 3955 2050 4031 (Genum,
2085 3960 2137 4028 5,

541 4033 597 4100 6,
646 4033 762 4103 23),
813 4033 970 4106 cujus
1008 4039 1285 4094 exercitus
1323 4048 1486 4113 atque
1531 4059 1809 4100 armorum
1851 4049 2142 4106 conﬂictus

541 4121 679 4178 vitia
727 4131 874 4191 sunt,
926 4142 1047 4198 quae
1095 4126 1340 4183 breviter
1385 4131 1779 4202 comprehensa
1835 4138 2136 4209 tetigimus.

543 4211 647 4269 Sed
679 4214 968 4271 videamus
998 4218 1460 4289 quemadmodum
1489 4230 1666 4278 castra
1690 4225 1814 4279 coeli
1853 4235 1907 4282 et
1937 4229 2138 4286 inferni

540 4301 830 4375 dimicent,
865 4321 1017 4362 arma
1044 4307 1250 4364 Christi
1280 4317 1334 4364 et
1362 4310 1569 4367 diaboli
1597 4313 1896 4374 decertent.

1165 4447 1393 4505 CAPUT
1433 4453 1501 4507 ΙΙ.

929 4545 1176 4600 Primum
1205 4549 1452 4618 superbia
1486 4549 1578 4605 tibi
1607 4551 1775 4607 dicit:

609 4656 770 4713 Certe
821 4658 1034 4728 multis,
1093 4661 1205 4716 imo
1261 4679 1397 4734 pene
1452 4667 1711 4724 omnibus
1762 4687 1773 4725 :
1823 4671 2018 4729 Melior
2059 4692 2136 4747 es,

537 4745 727 4814 verbo,
758 4747 1014 4817 scientia,
1049 4748 1353 4807 honoribus
1383 4762 1437 4810 et
1468 4754 1700 4826 divitiis,
1730 4767 1784 4814 et
1809 4773 2006 4820 cuncta
2034 4745 2136 4821 tibi

537 4837 780 4893 carnalia
823 4846 877 4894 et
923 4840 1194 4912 spiritalia
1240 4854 1538 4918 suppetunt
1582 4849 1955 4912 charismata:
1990 4875 2138 4914 cun-

534 4933 652 4982 ctos
681 4943 808 5000 ergo
837 4927 1075 5003 despice,
1107 4933 1365 4991 omnibus
1410 4939 1758 5012 temetipsum
1797 4946 2134 5016 superiorem

533 5017 782 5074 ostende.

847 5117 1140 5174 Humilitas
1168 5138 1233 5177 ea:
1270 5123 1491 5180 adverso
1519 5129 1792 5200 respondet
1827 5148 1838 5186 :

607 5228 884 5287 Memento
913 5230 1044 5304 quia
1072 5241 1215 5289 terra
1243 5251 1299 5291 es
1326 5236 1480 5306 (Gen.
1509 5254 1592 5306 ιιι,
1619 5240 1730 5310 19),
1755 5239 1883 5312 quia
1903 5241 2134 5311 putredo

531 5325 586 5374 et
632 5321 836 5377 vermis
884 5337 941 5376 es
989 5322 1109 5394 (Job
1147 5339 1282 5393 xxv,
1311 5325 1390 5398 6),
1426 5327 1554 5400 quia
1595 5336 1649 5383 et
1697 5330 1742 5383 si
1793 5329 2002 5402 aliquid
2055 5348 2132 5400 es,

538 5409 646 5466 nisi
678 5418 893 5468 tantum
926 5422 978 5469 te
999 5414 1280 5484 humilies,
1307 5426 1575 5489 quantum
1599 5436 1827 5492 magnus
1856 5437 1913 5475 es
1940 5422 2129 5492 (Eccli.

532 5519 615 5572 ιιι,
664 5502 782 5575 20),
812 5503 998 5576 perdis
1026 5506 1253 5563 omnino
1285 5507 1432 5580 quod
1478 5525 1552 5564 es.
1580 5511 1845 5584 Nunquid
1885 5520 1943 5569 tu
1971 5513 2134 5569 altior

535 5608 702 5664 quam
731 5593 945 5664 primus
972 5595 1199 5666 angelus
1230 5597 1446 5667 (Eczeh.
1477 5614 1681 5666 xxvm,
1713 5601 1896 5672 12-16)
1921 5603 1949 5658 ?
1969 5604 2135 5659 Nun-

539 5680 672 5760 quid
719 5691 780 5739 tu
811 5683 1154 5754 splendidior
1183 5686 1242 5742 in
1271 5699 1414 5744 terra
1443 5705 1606 5764 quam
1645 5691 1866 5750 Lucifer
1901 5694 1957 5751 in
1995 5695 2133 5752 coelo

2260 3212 2534 3284 majestas,
2589 3213 2871 3286 superbire
2909 3214 2968 3268 in
3006 3214 3194 3286 aliquo
3236 3230 3351 3271 non
3401 3214 3564 3272 debet
3615 3218 3858 3276 humana

2257 3304 2572 3364 inﬁrmitas.

2867 3403 3096 3461 CAPUT
3136 3405 3228 3460 IlI.

2755 3503 2943 3558 Inanis
2969 3503 3145 3574 gloria
3176 3503 3331 3559 dicit:

2324 3601 2438 3672 Age
2467 3599 2675 3657 bonum
2707 3600 2853 3672 quod
2884 3600 3068 3667 vales;
3122 3601 3349 3657 ostende
3390 3604 3610 3659 cunctis
3640 3603 3848 3662 bonum

2254 3690 2401 3763 quod
2439 3691 2552 3763 agis
2585 3698 2644 3745 ut
2677 3689 2855 3746 bonus
2884 3709 2914 3747 a
2942 3692 3158 3747 cunctis
3186 3691 3407 3760 dicaris,
3441 3699 3503 3748 ut
3532 3706 3767 3752 sanctus
3794 3716 3852 3754 ac

2254 3779 2586 3835 venerabilis
2617 3779 2685 3834 ab
2715 3780 2975 3835 omnibus
3006 3781 3342 3852 praediceris,
3367 3790 3428 3837 ut
3454 3790 3722 3856 tanquam
3759 3789 3850 3843 Dei

2251 3873 2459 3926 electus
2506 3871 2783 3936 noscaris;
2829 3877 2891 3926 ut
2920 3887 3082 3926 nemo
3113 3879 3164 3926 te
3197 3879 3530 3939 contemnat,
3587 3891 3756 3931 nemo
3803 3885 3848 3931 te

2251 3960 2551 4032 despiciat:
2609 3959 2702 4015 sed
2734 3959 2978 4016 universi
3011 3960 3260 4016 debitum
3293 3961 3394 4018 tibi
3425 3962 3699 4019 honorem
3736 3981 3844 4038 per-

2251 4051 2491 4106 solvant.

2649 4147 2833 4202 Timor
2878 4148 3094 4203 Domini
3140 4150 3448 4220 respondet:

2321 4247 2377 4303 Si
2403 4245 2534 4302 boni
2566 4244 2776 4318 aliquid
2803 4245 2938 4316 agis,
2963 4263 3074 4301 non
3103 4263 3202 4318 pro
3232 4250 3588 4319 transitoriis,
3615 4254 3717 4310 sed
3749 4274 3842 4329 pro

2249 4336 2466 4392 aeternis
2507 4333 2563 4390 id
2614 4333 2919 4390 honoribus
2959 4351 3075 4408 age.
3125 4336 3353 4392 Occulta
3402 4339 3549 4412 quod
3591 4344 3735 4415 agis,
3794 4346 3846 4399 in

2247 4433 2514 4501 quantum
2545 4427 2696 4480 vales
2723 4441 2735 4478 :
2796 4424 2941 4496 quod
2972 4423 3018 4480 si
3048 4441 3118 4480 ex
3149 4433 3262 4483 toto
3293 4444 3403 4484 non
3435 4431 3608 4498 vales,
3678 4434 3754 4488 sit
3793 4436 3845 4490 in

2166 4525 2220 4585 D
2251 4518 2436 4574 animo
2455 4516 2770 4572 occultandi
2800 4518 3077 4586 voluntas,
3119 4526 3172 4574 et
3201 4528 3332 4576 tunc
3367 4538 3477 4578 non
3509 4523 3612 4578 tibi
3650 4525 3846 4598 impu-

2248 4607 2458 4664 tabitur
2486 4607 2556 4663 de
2586 4605 2958 4662 ostentatione
2995 4606 3110 4661 ulla
3144 4607 3425 4681 iniquitas.
3469 4613 3607 4668 Nam
3635 4616 3841 4670 crimen

2248 4714 2362 4753 esse
2391 4713 2503 4753 non
2532 4696 2752 4767 poterit,
2799 4695 3097 4769 aliquando
3128 4699 3466 4758 manifestari
3510 4705 3662 4776 quod
3697 4723 3844 4762 sem-

2247 4805 2344 4861 per
2397 4787 2482 4843 vis
2534 4787 2769 4843 celatum
2827 4786 3038 4844 haberi.
3095 4789 3186 4847 Sic
3241 4792 3477 4864 denique
3533 4794 3676 4850 duas
3735 4800 3842 4854 Re—

2245 4876 2547 4948 demptoris
2587 4876 2888 4932 sententias
2926 4875 3031 4933 sibi
3064 4879 3219 4950 quasi
3263 4881 3567 4937 contrarias
3609 4883 3841 4940 videbe-

2245 4969 2321 5026 ris
2345 4968 2694 5041 adimplesse,
2742 4969 2946 5042 quibus
2973 4970 3218 5026 dicitur:
3281 4973 3584 5029 :Faciente
3633 4985 3691 5031 te
3742 4979 3842 5032 ele.

2245 5076 2585 5134 emosynam,
2630 5062 2838 5118 nesciat
2866 5063 3090 5120 sinistra
3117 5072 3212 5120 tua
3241 5065 3375 5137 quid
3405 5067 3571 5123 faciat
3614 5069 3843 5126 dextera

2243 5161 2374 5208 tua:
2430 5151 2525 5207 sed
2575 5152 2648 5209 sit
2691 5154 3044 5227 eleemosyna
3097 5164 3195 5212 tua
3243 5158 3304 5213 in
3356 5159 3728 5220 abscondito;
3787 5173 3837 5219 et

2243 5245 2402 5300 Pater
2448 5251 2593 5314 tuus,
2654 5247 2749 5318 qui
2803 5246 2956 5303 videt
3001 5248 3058 5303 in
3087 5249 3432 5319 abscondito,
3496 5253 3694 5311 reddet
3741 5255 3840 5312 tibi

2247 5336 2460 5407 (Matth.
2492 5354 2567 5404 vr,
2600 5337 2651 5404 3,
2685 5338 2741 5408 4)
2769 5357 2820 5405 ;-
2851 5346 2905 5394 et
2950 5356 2962 5394 :
3011 5364 3028 5387 ι
3061 5339 3299 5396 Videant
3329 5351 3510 5398 vestra
3536 5343 3687 5401 bona
3717 5362 3840 5418 ope-

2243 5443 2324 5492 ra,
2368 5434 2422 5482 et
2462 5427 2772 5499 glorificent
2801 5429 3010 5485 Patrem
3047 5438 3293 5486 vestrum
3337 5431 3433 5504 qui
3478 5432 3533 5487 in
3569 5436 3735 5491 caelis
3764 5445 3844 5492 est

2246 5518 2456 5592 (Matth.
2485 5535 2540 5585 v,
2575 5519 2688 5590 16).
2721 5545 2738 5566 »
2783 5520 2926 5577 Cave
2959 5536 3182 5591 prorsus
3208 5537 3276 5577 ne
3305 5522 3404 5578 tibi
3435 5525 3716 5579 sententia
3748 5527 3843 5581 illa

2243 5608 2556 5677 conveniat,
2616 5627 2722 5683 qua
2777 5610 2843 5668 de
2901 5611 3212 5686 bypocritis
3263 5612 3506 5671 dicitur:
3580 5643 3599 5664 ι
3636 5618 3840 5674 Omnia

2243 5713 2406 5772 opera
2442 5713 2540 5754 sua
2577 5697 2790 5757 faciunt
2837 5710 2897 5761 ut
2935 5701 3321 5763 beatiﬁcentur
3366 5705 3434 5761 ab
3482 5705 3836 5766 hominibus.
