4068 6186
246 358 383 427 1153

1162 361 1259 419 DE
1296 360 1642 422 VITIORUM
1679 360 2187 430 VIRTUTUMQUE
2226 360 2637 421 CONFLICTU.

3393 354 3528 423 ttat

243 496 420 552 Amen
475 492 601 549 dico
651 492 832 561 vobis,
906 500 1228 565 recepeth
1298 491 1607 549 mercedem
1662 507 1837 548 suam
1869 499 1917 558 Α
1950 490 2123 546 stolus
2153 498 2377 547 econtra
2400 491 2479 546 ait
2511 509 2523 547 :
2570 514 2589 538 ι
2633 491 2754 547 Non
2784 500 2866 548 est
2900 498 3164 563 potestas,
3198 491 3307 548 nisi
3336 509 3367 548 a
3393 495 3508 549 Deo
3540 511 3554 561 ;

245 585 458 661 (Matth.
490 601 662 650 χχιιι,
693 584 762 652 5;
795 600 874 651 vr,
924 582 1051 655 16);
1102 608 1121 657 ξ
1180 580 1288 639 hoc
1332 590 1435 651 est,
1492 580 1679 638 laudes
1719 590 1854 637 tan-

240 684 361 734 tum
391 676 460 743 ab
494 674 819 732 hominibus
871 690 1005 746 quas
1049 680 1394 729 amaverunt.
1444 670 1685 727 Attende
1726 687 1853 744 ergo

241 767 347 824 tibi
380 767 441 823 in
471 766 731 823 omnibus
760 779 880 837 qua
935 763 1070 835 agis,
1130 779 1197 817 ne
1250 758 1567 818 cenodoxia
1617 760 1853 816 elatione

248 860 522 933 pulsatus,
548 874 675 915 cum
706 856 795 912 his
822 855 919 928 qui
945 855 1111 912 etiam
1141 854 1207 907 de
1258 851 1650 907 miraculorum
1681 851 1853 924 signis

248 947 649 1020 gloriabantur,
713 942 942 1001 audias:
1009 962 1029 986 α
1081 938 1348 996 Videbam
1396 938 1651 995 Satanam
1709 939 1854 996 sicut

253 1039 446 1110 fulgur
472 1038 539 1093 de
567 1037 706 1094 calo
735 1022 1017 1092 cadentem
1063 1032 1214 1103 (Luc.
1240 1049 1301 1100 χ,
1335 1032 1426 1102 18)
1455 1050 1468 1100 ;
1509 1056 1528 1077 ι
1571 1031 1664 1088 sed
1698 1031 1847 1101 time,

250 1143 382 1185 nam
411 1127 676 1199 scriptum
708 1128 791 1177 est
822 1140 835 1178 :
896 1121 1087 1178 Timor
1139 1119 1365 1177 Domini
1423 1121 1597 1192 gloria
1643 1128 1698 1176 et
1726 1121 1854 1193 glo-

247 1216 432 1278 riatio,
463 1212 655 1268 latitia
704 1218 759 1267 et
809 1226 1014 1267 corona
1059 1209 1470 1267 exsultationis.
1529 1209 1716 1266 Timor
1744 1212 1849 1266 Do-

238 1302 379 1358 mini
409 1300 706 1381 delectabit
730 1317 844 1369 cor,
877 1309 932 1356 et
959 1298 1114 1356 dabit
1158 1298 1411 1354 latitiam
1459 1306 1513 1354 et
1560 1299 1845 1371 gaudium,

240 1404 296 1452 et
325 1393 733 1467 longitudinem
763 1393 1001 1449 dierum.
1043 1416 1062 1439 ‹
1093 1391 1334 1448 Timenti
1382 1393 1681 1448 Dominum
1712 1392 1851 1449 bene

239 1483 349 1539 erit
380 1484 439 1539 in
467 1484 733 1541 extremis
770 1503 782 1540 ε
816 1491 871 1540 et
900 1483 959 1539 in
986 1482 1077 1539 die
1106 1481 1483 1539 defunctionis
1512 1499 1624 1538 sua
1665 1482 1842 1538 bene-

240 1571 456 1629 dicetur
509 1572 683 1641 (Eccli
735 1589 774 1641 ι,
837 1571 952 1643 13).
1006 1597 1026 1623 ι
1102 1571 1175 1626 Et
1222 1570 1413 1627 infra:
1469 1593 1489 1617 ‹
1535 1570 1713 1628 Radix
1750 1588 1849 1628 sa-

240 1661 463 1734 pientia
493 1662 685 1718 timere
714 1661 1037 1732 Dominum,
1071 1669 1125 1718 et
1167 1661 1308 1718 rami
1354 1659 1513 1719 illius
1560 1661 1850 1735 longitudo

241 1750 459 1807 dierum
494 1751 658 1823 (Ibid.
692 1751 808 1824 25).
842 1776 862 1801 ι

860 1888 1088 1947 CAPUT
1126 1888 1222 1947 IV.

744 1988 1024 2047 Simulatio
1073 1989 1303 2062 suggerit
1326 2008 1346 2047 .'

315 2105 458 2177 Quia
487 2106 548 2164 in
577 2106 900 2166 abscondito
929 2108 1075 2166 nihil
1105 2107 1238 2166 boni
1266 2108 1427 2178 facis,
1475 2124 1545 2166 ne
1574 2124 1606 2165 a
1632 2107 1848 2165 cunctis

242 2199 498 2271 cognitus
527 2198 834 2269 detesteris,
874 2198 1022 2272 ﬁnge
1065 2206 1119 2254 te
1172 2197 1332 2267 foris,
1374 2197 1523 2272 quod
1549 2197 1703 2255 intus
1732 2212 1848 2255 esse

246 2304 357 2344 non
388 2288 622 2361 appetis.

590 2388 796 2460 Religio
824 2406 890 2444 ea:
917 2388 1139 2445 adverso
1166 2388 1448 2462 respondet
1476 2404 1488 2443 :

314 2485 669 2561 Nequaquam
725 2487 956 2543 omnino
1012 2487 1069 2544 id
1125 2503 1273 2560 agas,
1319 2485 1414 2543 sed
1448 2486 1623 2557 magis
1665 2492 1848 2559 satage

244 2573 425 2631 bonus
453 2575 596 2644 ﬁeri,
623 2576 772 2649 quod
802 2592 914 2632 non
943 2592 1020 2633 es.
1049 2576 1184 2633 Nam
1218 2575 1451 2649 probum
1482 2575 1769 2632 ostendere
1795 2583 1847 2632 te

246 2662 571 2721 hominibus
598 2666 746 2739 quod
770 2683 882 2722 non
911 2683 988 2735 es,
1022 2665 1158 2741 quid
1186 2664 1338 2721 aliud
1372 2681 1535 2739 quam
1565 2665 1847 2722 damnatio

247 2761 328 2809 est
348 2753 376 2809 ‘l
406 2754 615 2811 Memor
644 2763 762 2812 esto
791 2756 982 2831 utique
1014 2755 1161 2829 quod
1193 2756 1400 2813 dicitur
1433 2775 1445 2812 :
1494 2781 1513 2805 ι
1542 2756 1639 2813 Vae
1666 2755 1846 2825 vobis,

248 2839 451 2897 Scriba
496 2849 551 2898 et
601 2843 863 2901 Pharisai
910 2844 1237 2918 hypocrita,
1273 2843 1369 2918 qui
1398 2844 1676 2900 mundatis
1702 2844 1847 2917 quod

247 2929 457 2987 deforis
484 2938 566 2988 est
594 2933 781 2990 calicis
829 2943 883 2990 et
932 2933 1261 3006 paropsidis,
1316 2934 1457 2989 istus
1485 2941 1667 2989 autem
1699 2932 1849 3005 pleni

246 3020 379 3077 estis
409 3022 600 3094 rapina
628 3031 682 3079 et
710 3023 1089 3080 immunditia.
1126 3024 1395 3080 Pharisae
1437 3040 1597 3092 cace,
1643 3022 1850 3078 munda

249 3112 403 3184 prius
433 3114 579 3186 quod
622 3115 775 3171 intus
803 3123 885 3171 est
911 3114 1100 3171 calicis
1138 3122 1193 3170 et
1221 3114 1550 3187 paropsidis,
1582 3122 1644 3169 ut
1674 3114 1770 3170 ﬁat
1796 3121 1850 3169 et

250 3201 308 3259 id
368 3203 515 3276 quod
567 3204 775 3261 defoais
822 3212 905 3261 est
960 3204 1229 3260 mundum
1281 3206 1493 3276 (Matth.
1545 3221 1709 3273 χχιιι,
1757 3204 1845 3272 25,
1880 3227 1923 3288 C

247 3289 362 3363 26).
396 3316 414 3340 ι
456 3293 702 3366 Itemque
756 3294 899 3349 illud
964 3294 1110 3366 quod
1165 3293 1495 3350 inculcando
1537 3294 1838 3366 repetitur:

256 3403 276 3427 ε
317 3378 412 3438 Vae
465 3382 624 3439 vobis
653 3383 857 3439 Scriba
909 3391 964 3438 et
1014 3382 1274 3439 Pharisai
1330 3382 1655 3455 hypocrita,
1714 3386 1843 3458 quia

239 3472 457 3531 similes
485 3474 619 3531 estis
646 3474 914 3547 sepulcris
948 3473 1236 3543 dealbatis,
1283 3491 1406 3548 qua
1455 3474 1590 3542 foris
1617 3476 1841 3548 quidem

238 3572 509 3637 apparent
538 3564 860 3622 hominibus
889 3566 1155 3638 speciosa,
1187 3566 1339 3623 intus
1368 3582 1501 3623 vero
1521 3567 1683 3639 plena
1715 3574 1844 3623 sunt

239 3653 461 3711 ossibus
487 3662 855 3726 mortuorum,
901 3662 957 3711 et
984 3655 1138 3712 omni
1186 3657 1487 3728 spurcitia:
1546 3658 1627 3713 sic
1664 3664 1717 3713 et
1744 3673 1844 3713 vos

240 3745 380 3802 foris
409 3744 631 3818 quidem
662 3745 863 3821 paretis
894 3744 1217 3804 hominibus
1251 3744 1411 3818 justi,
1462 3746 1612 3803 intus
1660 3754 1841 3803 autem

240 3836 394 3908 pleni
429 3836 562 3893 estis
584 3835 869 3909 hypocrisi
896 3845 950 3894 et
980 3836 1277 3910 iniquitate
1324 3837 1487 3909 (Ibid.
1534 3836 1624 3905 27,
1665 3837 1780 3910 28).
1810 3861 1828 3883 ιι

242 3925 469 3981 Necnon
497 3932 552 3979 et
582 3925 723 3982 illud
753 3926 901 3998 quod
931 3926 999 3982 de
1041 3928 1247 3985 talibus
1284 3927 1551 3998 scriptum
1594 3926 1796 3999 legitur
1827 3944 1838 3982 :

259 4036 280 4060 ι
320 4011 568 4068 Veniunt
596 4013 664 4068 ad
690 4030 790 4071 vos
816 4014 875 4069 in
895 4016 1243 4071 vestimentis
1263 4015 1475 4080 ovium,
1509 4015 1844 4072 intrinsecus

243 4110 428 4160 autem
458 4110 590 4159 sunt
619 4104 737 4176 lupi
765 4118 985 4177 rapaces
1022 4106 1237 4177 (Matth.
1274 4120 1376 4175 vn,
1409 4104 1523 4175 15).
1555 4129 1575 4154 ι

872 4249 1101 4307 CAPUT
1141 4249 1212 4308 V.

819 4349 1003 4405 Elatia
1032 4346 1213 4417 objicit
1243 4364 1262 4403 :

313 4461 505 4533 Qualis
543 4479 601 4520 es
633 4470 717 4531 tu,
756 4469 818 4518 ut
849 4462 1127 4535 prioribus
1173 4460 1535 4534 obtemperes,
1595 4458 1845 4517 deterio-

240 4552 398 4645 ribus
428 4553 782 4645 Afamulatum
841 4552 1103 4645 exhibeas
1123 4552 1169 4645 ⁸1Δ
1194 4552 1268 4607 Te
1308 4550 1481 4645 magis
1518 4566 1682 4645 quam
1715 4550 1841 4645 illos
1870 4586 1919 4645 D

240 4641 399 4699 decet
423 4643 691 4714 imperare
717 4661 728 4698 :
760 4658 888 4698 nam
919 4642 1004 4698 illi
1031 4658 1132 4698 nec
1156 4642 1400 4714 ingenio,
1422 4658 1525 4698 nec
1543 4639 1837 4708 industria,

238 4739 339 4787 aut
366 4731 579 4787 viribus
599 4732 701 4787 tibi
731 4731 1003 4805 coaquari
1036 4739 1284 4803 possunt.
1318 4730 1647 4802 Obtempera
1678 4729 1846 4801 igitur

239 4822 478 4894 imperio
528 4821 648 4891 Dei,
707 4831 760 4879 et
815 4836 928 4878 non
988 4823 1060 4878 sit
1117 4823 1221 4880 tibi
1291 4821 1528 4879 ulterius
1590 4836 1724 4878 cura
1778 4819 1847 4876 de

240 4911 452 4985 aliquo.

528 5010 696 5065 Beata
731 5016 906 5065 autem
936 5009 1216 5065 submissio
1248 5010 1564 5081 respondet:

319 5113 375 5172 Si
404 5117 503 5172 Dei
520 5124 667 5173 recte
687 5115 1182 5189 obtemperandum
1206 5123 1288 5172 est
1318 5115 1573 5188 imperio,
1604 5115 1848 5172 humano

240 5205 402 5263 subdi
433 5221 651 5263 necesse
679 5212 761 5261 est
791 5206 1127 5277 magisterio.
1173 5203 1428 5261 Christus
1466 5220 1702 5278 namque
1743 5206 1848 5260 Do.

238 5296 429 5353 minus
457 5295 594 5351 dicit
627 5314 638 5351 :
684 5320 702 5342 ι
724 5296 832 5363 Qui
862 5312 961 5351 vos
988 5293 1162 5363 audit,
1197 5310 1284 5350 me
1313 5293 1469 5349 audit
1498 5312 1511 5361 ;
1544 5301 1598 5349 et
1627 5293 1721 5365 qui
1752 5311 1851 5351 vos

238 5386 474 5460 spernit,
502 5400 588 5440 me
612 5384 857 5454 spernit:
890 5384 988 5457 qui
1016 5391 1199 5439 autem
1246 5399 1333 5438 me
1362 5382 1591 5455 spernit,
1642 5384 1851 5456 spernit

239 5491 367 5533 eum
384 5475 481 5549 qui
495 5489 582 5530 me
594 5472 749 5529 misit
764 5474 784 5547 (
791 5475 962 5529 Luc.x
969 5473 1081 5545 ,16)
1095 5498 1130 5527 .›
1147 5472 1353 5530 Verum
1367 5472 1444 5529 ita
1454 5471 1600 5545 ﬁeri(
1608 5472 1847 5546 inquies)

242 5573 482 5640 oportet,
512 5562 609 5622 sed
651 5562 699 5619 si
756 5563 884 5620 talis
926 5563 1022 5637 qui
1052 5563 1287 5635 imperat
1326 5572 1486 5633 esset,
1534 5561 1714 5636 qualis
1732 5578 1852 5620 esse

241 5655 470 5715 deberet
499 5672 597 5730 per
625 5671 788 5731 quem
822 5656 969 5712 Deus
998 5654 1251 5727 imperet,
1284 5671 1411 5713 cum
1432 5670 1566 5712 vero
1595 5654 1720 5712 talis
1737 5670 1849 5713 non

245 5745 340 5816 sit,
372 5746 544 5820 igitur
563 5763 677 5804 non
708 5745 940 5805 debetur
967 5745 1018 5802 ei
1047 5743 1381 5803 obedientia.
1405 5744 1676 5805 Caeterum
1704 5743 1848 5819 Apo«

1961 600 2082 658 qua
2109 592 2291 642 autem
2321 594 2470 655 sunt,
2502 603 2534 642 a
2573 587 2686 643 Deo
2729 584 2995 643 ordinata
3046 594 3197 643 sunt.
3243 588 3431 661 Itaque
3459 590 3557 661 qui

1962 675 2167 732 resistit
2212 677 2487 748 potestati,
2555 677 2656 733 Dei
2712 676 3050 733 ordinationi
3108 676 3312 734 resistit
3370 680 3549 745 (Rom.

1962 781 2087 835 χιιι,
2148 766 2197 833 1,
2256 767 2335 839 2).
2393 792 2411 815 ι
2479 766 2656 834 Quare
2702 783 2827 822 cum
2877 765 3154 821 ordinatio
3197 766 3315 823 hac
3358 766 3553 823 divino

1961 852 2034 908 sit
2073 853 2199 925 jure
2249 855 2567 925 constituta,
2618 872 2730 911 non
2786 864 2867 911 est
2906 855 3161 911 humanis
3210 855 3554 912 obscuranda

1962 943 2307 999 commentis.
2337 944 2537 1012 Quales
2570 961 2698 1017 ergo
2727 961 2843 1001 esse
2888 944 3121 1001 debeant
3146 943 3205 1001 hi
3234 945 3329 1018 qui
3369 946 3556 1017 impe-

1964 1038 2106 1101 rant,
2155 1049 2265 1088 non
2307 1043 2389 1090 est
2439 1050 2471 1088 a
2524 1034 2761 1091 subditis
2812 1034 3245 1090 discutiendum.
3290 1034 3553 1107 Sequitur

1960 1123 2109 1179 enim
2162 1123 2305 1179 idem
2359 1125 2659 1197 Apostolus
2708 1144 2720 1181 :
2793 1149 2811 1173 ι
2867 1124 2974 1192 Qui
3023 1132 3205 1181 autem
3273 1123 3556 1193 resistunt,

1962 1210 2067 1283 ipsi
2126 1212 2231 1269 sibi
2278 1213 2686 1271 damnationem
2745 1214 3040 1287 acquirunt
3073 1215 3234 1285 (Ibid.
3300 1214 3381 1285 2).
3423 1238 3441 1260 ι
3486 1214 3561 1269 Et

1960 1302 2184 1374 quidem
2226 1305 2420 1376 primis
2464 1305 2724 1363 Ecclesia
2772 1304 3084 1377 pastoribus
3131 1305 3246 1375 ipse
3285 1303 3556 1360 Dominus

1961 1391 2097 1448 dicit
2130 1411 2142 1449 :
2207 1419 2226 1441 ι
2256 1393 2421 1452 Scitis
2450 1396 2579 1469 quia
2621 1412 2772 1468 reges
2804 1395 3048 1468 gentium
3081 1393 3441 1450 dominantur
3470 1408 3557 1448 eo-

1960 1497 2121 1551 rum,
2176 1491 2229 1540 et
2291 1485 2386 1557 qui
2453 1493 2775 1556 potestatem
2866 1492 3126 1542 exercent
3203 1484 3349 1541 inter
3411 1500 3505 1540 eos
3539 1525 3555 1552 ,

1958 1570 2191 1629 beneﬁci
2231 1584 2499 1632 vocantur
2534 1594 2544 1631 :
2591 1593 2690 1633 vos
2741 1584 2924 1632 autem
2967 1593 3079 1632 non
3113 1575 3212 1645 sic,
3245 1574 3342 1631 sed
3372 1574 3468 1648 qui
3500 1574 3559 1630 in

1959 1661 2117 1718 vobis
2146 1670 2230 1719 est
2274 1663 2469 1736 major,
2500 1665 2606 1721 erit
2631 1667 2883 1722 omnium
2913 1683 3103 1723 servus
3151 1683 3163 1720 :
3207 1665 3351 1722 sicut
3381 1663 3558 1721 Filius

1958 1752 2205 1811 hominis
2239 1771 2350 1811 non
2397 1757 2553 1813 venit
2604 1756 2928 1826 ministrari,
2976 1757 3071 1814 sed
3110 1756 3449 1826 ministrare,
3504 1764 3559 1812 et

1877 1861 1924 1924 Β
1957 1844 2198 1902 animam
2247 1863 2401 1902 suam
2456 1847 2586 1905 dare
2628 1864 2729 1921 pro
2775 1849 2967 1904 multis
3012 1848 3073 1903 in
3120 1846 3557 1919 redemptionem

1960 1933 2171 2005 (Matth.
2203 1951 2302 2005 xx,
2348 1935 2549 2005 23-28;
2610 1938 2741 2008 Luc,
2806 1955 2950 2007 χχιι,
2984 1937 3074 2006 25,
3102 1936 3215 2010 26).
3247 1960 3267 1985 ι
3308 1935 3558 2008 Denique

1956 2022 2086 2096 quia
2134 2040 2248 2080 non
2295 2041 2486 2081 omnes
2533 2027 2669 2082 tales
2708 2026 2927 2083 futuros
2956 2042 3074 2082 esse
3103 2025 3399 2099 expressit,
3427 2022 3556 2080 ideo

1956 2112 2331 2185 subjectorum
2377 2115 2628 2171 omnium
2676 2132 2937 2188 personas
2966 2115 3027 2171 in
3065 2114 3357 2187 discipulis
3411 2129 3559 2170 assu-

1957 2218 2131 2271 mens,
2163 2204 2497 2274 pramonuit
2523 2204 2714 2262 dicens
2747 2224 2759 2262 :
2808 2206 3018 2279 «Super
3039 2204 3357 2262 cathedram
3380 2201 3559 2274 Moysi

1956 2291 2216 2349 sederunt
2246 2293 2449 2351 Scriba
2478 2302 2532 2351 et
2562 2294 2825 2352 Pharisai
2857 2339 2872 2364 ,
2906 2294 3094 2351 omnia
3122 2309 3461 2368 quacunque
3477 2292 3559 2349 di-

1955 2382 2143 2439 xerint
2169 2383 2350 2454 vobis,
2380 2392 2594 2442 servate
2647 2392 2701 2441 et
2734 2384 2936 2442 facite:
2971 2401 3093 2458 qua
3125 2394 3310 2442 autem
3346 2381 3560 2439 faciunt

1956 2474 2130 2530 nolite
2178 2476 2377 2533 facere.
2424 2478 2726 2550 Imponunt
2763 2478 2912 2533 enim
2944 2476 3004 2533 in
3033 2476 3296 2533 humeros
3366 2473 3561 2531 homi-

1956 2581 2092 2621 num
2121 2581 2288 2623 onera
2317 2567 2506 2640 gravia
2534 2575 2588 2625 et
2616 2566 3014 2640 importabilia,
3049 2567 3224 2638 digito
3252 2574 3435 2623 autem
3457 2581 3557 2621 suo

1956 2654 2156 2711 nolunt
2184 2671 2247 2712 ea
2274 2672 2496 2713 movere
2530 2656 2743 2728 (Matth.
2777 2672 2946 2721 χχιιι,
2978 2654 3119 2727 2-4).
3152 2681 3173 2705 ι

2578 2769 2808 2829 CAPUT
2850 2769 2946 2828 VI.

2488 2869 2620 2926 Item
2672 2868 2881 2925 invidia
2934 2865 3111 2923 dicit:

2029 2975 2092 3032 In
2122 2992 2230 3051 quo
2277 2976 2376 3034 illo
2403 2977 2492 3034 vel
2539 2978 2646 3034 isto
2691 2978 2877 3034 minor
2923 2976 3025 3033 es?
3060 2992 3161 3033 cur
3199 2990 3328 3048 ergo
3354 2975 3434 3032 eis
3463 2972 3554 3032 vel

1957 3067 2184 3139 aequalis
2204 3068 2291 3124 vel
2320 3067 2572 3140 superior
2599 3085 2711 3124 non
2741 3085 2798 3125 es
2818 3068 2847 3125 ?
2873 3067 3093 3135 Quanta
3118 3067 3266 3123 vales
3293 3082 3415 3140 qua
3443 3065 3553 3139 ipsi

1956 3174 2069 3214 non
2091 3158 2316 3214 valent?
2346 3159 2467 3214 Non
2497 3174 2627 3231 ergo
2656 3158 2761 3215 tibi
2778 3149 2888 3215 ’aut
2906 3158 3238 3232 superiores,
3261 3165 3356 3215 aut
3382 3158 3549 3215 etiam

1952 3247 2187 3320 aquales
2212 3263 2327 3303 esse
2363 3246 2585 3303 debent.

2245 3346 2433 3404 Verum
2460 3345 2667 3401 dilectio
2689 3344 2938 3415 fraterna
2965 3346 3260 3418 respondet:

2022 3443 2081 3499 Si
2105 3450 2353 3511 cateros,
2385 3460 2418 3499 ο
2448 3442 2637 3511 homo,
2669 3441 2973 3515 virtutibus
3001 3441 3330 3499 antecellere
3354 3450 3409 3499 te
3436 3442 3554 3498 exi.

1953 3531 2163 3601 stimas,
2196 3532 2375 3589 tutius
2402 3531 2462 3587 in
2491 3531 2686 3587 inﬁmo
2706 3547 2870 3605 quam
2896 3531 2955 3586 in
2971 3532 3341 3607 summo‘loco
3360 3539 3551 3589 temet‘

1953 3623 2136 3695 ipsum
2201 3621 2466 3680 servabis.
2524 3622 2752 3693 Semper
2798 3621 2947 3677 enim
3002 3621 3072 3679 de
3130 3622 3242 3677 alto
3285 3621 3439 3695 pejor
3489 3621 3556 3678 ﬁt

1951 3713 2132 3770 ruina.
2164 3713 2323 3782 Quod
2351 3714 2397 3771 si
2441 3712 2567 3780 tibi,
2598 3720 2661 3769 ut
2685 3712 2908 3781 asseris,
2958 3712 3185 3786 quidam
3218 3713 3551 3785 superiores,

1952 3802 2047 3858 alii
2090 3806 2326 3877 aquales
2352 3813 2502 3872 sunt,
2542 3803 2677 3878 quid
2719 3810 2772 3859 te
2811 3803 3011 3859 ladit?
3058 3802 3194 3875 quid
3236 3810 3293 3858 te
3330 3810 3496 3859 nocet
3525 3802 3554 3859 ?

1954 3890 2097 3948 Cave
2126 3909 2369 3964 prorsus,
2400 3910 2469 3949 ne
2499 3892 2632 3948 dum
2663 3891 2789 3947 aliis
2818 3892 3002 3947 locum
3033 3890 3384 3947 celsitudinis
3412 3892 3555 3947 invi-

1954 3980 2069 4049 des,
2102 3982 2260 4036 illum
2292 3980 2528 4036 imiteris
2573 3980 2641 4036 de
2682 3997 2792 4054 quo
2819 3980 3087 4052 scriptum
3120 3988 3203 4035 est
3234 3996 3246 4034 :
3292 3980 3557 4036 «Invidia

1953 4068 2160 4126 diaboli
2206 4086 2355 4126 mors
2399 4058 2657 4126 introivit
2685 4070 2745 4127 in
2774 4070 2963 4127 orbem
2992 4080 3265 4126 terrarum
3300 4069 3456 4141 (Sap.
3490 4085 3552 4138 ιι,

1953 4158 2069 4231 24).
2118 4185 2137 4209 ι
2196 4161 2491 4217 Imitantur
2539 4168 2721 4216 autem
2769 4162 2930 4217 illum
2983 4159 3079 4232 qui
3125 4177 3194 4217 ex
3237 4166 3392 4232 parte
3434 4158 3556 4231 ejus

1954 4257 2102 4305 Sllllt.
2204 4288 2211 4299 .

2559 4346 2787 4405 CAPUT
2824 4344 2945 4403 VII.

2552 4433 2745 4492 Odium
2773 4434 2900 4491 dicit
2931 4450 2944 4488 :

2022 4543 2186 4600 Absit
2212 4550 2274 4599 ut
2301 4552 2363 4601 tu
2392 4543 2549 4599 illum
2589 4544 2809 4616 diligas,
2838 4558 2999 4617 quem
3030 4540 3089 4598 in
3117 4541 3381 4599 omnibus
3409 4556 3546 4599 con-

1954 4633 2184 4689 trarium
2219 4634 2406 4703 habes,
2451 4635 2545 4708 qui
2592 4634 2695 4690 tibi
2733 4633 2977 4705 derogat,
3013 4632 3109 4705 qui
3150 4632 3253 4688 tibi
3287 4632 3546 4701 insultat,

1953 4722 2048 4794 qui
2083 4730 2137 4777 te
2188 4722 2409 4794 injuriis
2438 4722 2747 4791 exacerbat,
2780 4722 2875 4794 qui
2908 4721 3008 4777 tibi
3048 4729 3270 4794 peccata
3292 4728 3391 4777 tua
3417 4721 3541 4776 im—

1954 4825 2226 4890 properat,
2281 4817 2376 4889 qui
2424 4824 2478 4871 te
2507 4815 2692 4884 dictis,
2738 4814 2996 4887 operibus
3034 4822 3196 4889 atque
3227 4814 3551 4871 honoribus

1955 4923 2168 4979 semper
2213 4907 2405 4979 praeire
2452 4905 2693 4962 festinat.
2743 4904 2860 4961 Nisi
2908 4904 3056 4961 enim
3106 4905 3209 4963 tibi
3249 4903 3549 4970 invideret,

1956 5012 2300 5069 nequaquam
2332 5012 2389 5053 se
2418 4993 2520 5053 tibi
2542 4994 2620 5051 ita
2640 4995 2938 5067 praeferret.

2278 5096 2378 5153 Sed
2404 5095 2609 5151 sincera
2638 5094 2872 5151 charitas
2900 5094 3176 5167 respondet
3212 5111 3224 5148 :

2026 5194 2288 5269 Nunquid
2339 5194 2469 5268 quia
2517 5194 2634 5250 hac
2673 5211 2792 5267 qua
2848 5210 3057 5261 narras,
3114 5190 3243 5247 odio
3296 5185 3552 5244 habenda

1958 5293 2088 5342 sunt
2116 5285 2175 5340 in
2202 5283 2448 5352 homine,
2480 5293 2767 5357 propterea
2792 5300 2903 5339 non
2922 5291 3004 5339 est
3032 5278 3266 5336 amanda
3286 5277 3385 5334 Dei
3415 5276 3550 5333 ima-

1960 5395 2025 5450 go
2056 5377 2115 5433 in
2143 5376 2369 5432 homine
2399 5376 2428 5433 ?
2463 5377 2580 5433 Imo
2610 5375 2883 5442 Christus,
2917 5373 3010 5445 qui
3041 5370 3097 5425 in
3143 5384 3305 5425 cruce
3339 5367 3552 5442 positus

1961 5470 2219 5528 inimicos
2264 5488 2393 5528 suos
2421 5470 2640 5540 dilexit,
2668 5478 2722 5525 et
2751 5484 2850 5541 pro
2879 5466 2957 5523 eis
2985 5464 3166 5521 oravit
3197 5464 3351 5536 (Luc.
3380 5479 3549 5534 χχιιι,

1960 5559 2217 5633 34),ιιιιιθ
2243 5561 2425 5619 crucis
2447 5569 2785 5618 tormentum
2815 5554 3117 5626 discipulos
3136 5552 3448 5635 agmonuit,
3468 5551 3573 5609 di-'

1960 5669 2107 5711 cens:
2129 5653 2386 5727 «Diligite
2406 5653 2665 5711 inimicos
2674 5656 2886 5707 vestros
2902 5645 3208 5706 benefacite
3228 5646 3317 5704 his
3336 5645 3433 5721 qui
3451 5662 3549 5705 vos

1961 5743 2221 5816 oderunt,
2251 5752 2305 5801 et
2331 5752 2480 5802 orate
2508 5760 2608 5816 pro
2626 5736 3079 5815 persequentibus
3101 5745 3157 5797 et
3183 5736 3541 5798 calumnian-
