4068 6186
459 325 598 399 1155

1539 319 1636 386 AD
1675 330 1906 386 OPERA
1946 323 2000 386 s.
2043 311 2375 386 AMBROSlI
2403 318 2781 383 APPENDIX.

3620 314 3766 386 1136

461 467 612 524 tibus
642 481 780 520 vos:
825 470 887 517 ut
916 461 1036 516 sitis
1084 459 1186 514 ﬁlii
1235 457 1410 513 Patris
1441 458 1630 524 vestri,
1665 461 1759 533 qui
1807 455 1862 509 in
1902 454 2058 510 caelis
2085 468 2135 527 Α
2167 462 2316 510 creto
2373 453 2595 509 silentio
2644 451 2977 508 detractores
3038 449 3144 506 sibi
3202 450 3615 524 applauderent,
3668 451 3764 527 qui

464 565 547 615 est
579 555 790 624 (Matth.
824 567 880 616 ν,
910 549 1000 615 44,
1031 548 1146 616 45).
1195 572 1213 596 ι
1269 546 1428 614 Quod
1457 555 1580 602 ante
1610 557 1663 605 et
1692 564 1786 621 per
1813 544 2054 600 Salomo-

465 663 588 702 nem
623 644 830 698 dictum
881 638 1078 704 fuerat,
1124 637 1203 693 sic
1249 636 1396 692 enim
1448 637 1692 708 legitur:
1751 660 1768 682 ε
1799 635 1853 690 Si
1886 632 2056 687 esurit

467 733 726 790 inimicus
753 737 901 796 tuus,
927 726 1049 782 ciba
1078 727 1268 780 illum:
1305 726 1347 780 si
1378 727 1514 794 sitit,
1548 727 1616 781 da
1646 726 1831 780 bibere
1855 724 1926 790 ei;
1951 722 2057 778 hoc

467 825 613 878 enim
675 819 900 885 faciens,
951 816 1216 872 carbones
1273 815 1414 884 ignis
1471 814 1846 871 accumulabis
1896 828 2058 883 super

466 917 630 982 caput
674 906 810 978 ejus,
843 915 896 962 et
933 904 1205 961 Dominus
1249 904 1514 959 retribuet
1557 903 1660 957 tibi
1693 902 1835 957 bona
1869 902 2056 970 (Prov.

466 1017 606 1064 xxv,
639 1000 727 1065 21,
765 996 903 1066 22).»
950 993 1091 1050 Huic
1119 993 1403 1048 sententiae
1432 993 1730 1063 Apostolus
1763 1008 1831 1046 ex
1861 988 2061 1061 spiritu

469 1085 697 1153 Christi,
727 1083 885 1155 cuius
913 1099 1131 1138 sensum
1163 1081 1395 1136 habebat
1428 1083 1482 1150 (Ι
1515 1082 1639 1137 Cor.
1674 1098 1735 1148 ιι,
1758 1080 1868 1149 16),
1921 1076 2062 1132 sub-

465 1178 650 1251 jungit
699 1173 887 1230 dicens
922 1191 933 1228 :
998 1196 1016 1216 ι
1063 1171 1185 1226 Noli
1218 1171 1428 1225 vincia
1459 1172 1624 1238 malo,
1678 1168 1771 1224 sed
1813 1167 1973 1222 vince
2003 1166 2062 1221 in

467 1267 615 1323 bono
646 1264 846 1319 malum
881 1262 1053 1332 (Rom.
1076 1259 1305 1330 xu,2i).
1329 1283 1346 1306 ι
1381 1259 1538 1327 Quod
1563 1267 1754 1315 contra
1769 1257 1834 1313 de
1861 1257 1948 1312 his
1969 1255 2064 1328 qui

471 1356 664 1413 fratres
692 1354 869 1410 odisse
898 1359 1218 1418 noscuntur,
1243 1367 1335 1422 per
1351 1351 1614 1405 Joannem
1646 1349 1882 1405 dicitur:
1923 1372 1940 1394 ι
1960 1345 2063 1413 Qui

475 1445 594 1501 odit
625 1445 846 1499 fratrem
881 1459 1063 1509 suum,
1083 1441 1361 1497 homicida
1391 1448 1488 1496 est.
1513 1442 1585 1495 Et
1615 1439 1768 1495 scitis
1790 1437 1937 1511 quod
1952 1454 2065 1492 om-

473 1535 562 1590 nis
619 1532 899 1589 homicida
932 1549 1043 1586 non
1075 1530 1237 1586 habet
1267 1531 1439 1585 vitam
1471 1539 1728 1585 aeternam
1761 1531 1817 1582 in
1857 1543 1912 1582 se
1943 1543 2071 1580 ma-

474 1635 696 1682 nentem
723 1627 779 1698 (I
815 1627 972 1681 Joan.
1005 1641 1088 1690 Ill,
1126 1623 1236 1692 15).
1288 1648 1305 1669 ι·
1354 1622 1424 1675 Et
1455 1637 1669 1674 rursum
1706 1636 1716 1672 :
1768 1642 1784 1663 ι
1815 1615 1919 1682 Qui
1951 1614 2068 1669 odit

474 1716 697 1772 fratrem
717 1732 899 1782 suum,
930 1714 987 1768 in
1018 1711 1256 1767 tenebris
1285 1717 1384 1775 est,
1417 1716 1470 1763 et
1502 1709 1559 1762 in
1593 1706 1834 1763 tenebris
1864 1703 2070 1758 ambu—

476 1807 572 1873 lat,
609 1814 662 1860 et
691 1804 863 1860 nescit
894 1820 1002 1874 quo
1049 1808 1155 1867 eat,
1189 1799 1446 1871 quoniam
1479 1797 1717 1852 tenebra
1761 1794 2065 1893 obczecave:
2101 1833 2148 1893 B
2180 1798 2320 1865 odis,
2352 1806 2406 1852 et
2435 1814 2545 1852 non
2590 1797 2780 1870 diligis
2814 1815 2825 1851 :

481 1903 612 1949 runt
639 1894 828 1948 oculos
857 1890 974 1961 ejus
1000 1891 1055 1960 (Ι
1077 1890 1234 1943 Joan.
1266 1905 1327 1955 ιι,
1370 1887 1481 1958 11).
1526 1911 1544 1934 ι
1598 1890 1692 1952 At,
1733 1883 1938 1954 inquis,
1958 1880 2068 1936 suf-

480 1981 598 2038 ﬁcit
633 1980 770 2035 mihi
811 1978 957 2051 quod
1002 1983 1245 2032 amantes
1295 1992 1379 2030 me
1412 1974 1600 2045 diligo.
1648 1972 1752 2028 Sed
1799 1972 2070 2027 Dominus

480 2078 670 2127 contra
697 2068 773 2123 ait
801 2087 810 2122 :
859 2095 875 2114 ε
905 2067 959 2122 Si
992 2064 1224 2138 diligitis
1249 2081 1341 2119 eos
1370 2063 1463 2134 qui
1502 2080 1594 2117 vos
1623 2061 1882 2133 diligunt,
1906 2075 2069 2133 quam

481 2159 787 2216 mercedem
810 2157 1083 2212 habebitis
1104 2157 1130 2212 Ξ)
1151 2156 1343 2211 Nonne
1365 2162 1418 2210 et
1434 2152 1716 2227 publicani
1737 2152 1842 2208 hoc
1863 2150 2072 2207 faciunt

487 2249 698 2322 (Matth.
724 2247 934 2318 v,li6)?-
952 2246 1094 2313 Quid
1110 2253 1190 2312 tu,
1210 2243 1476 2311 homo,ad
1501 2243 1606 2298 hoc
1625 2243 1822 2298 iterum
1837 2239 2073 2311 objiccre

481 2337 663 2393 vales?
681 2337 837 2394 Certe
868 2359 883 2381 ι
909 2335 1013 2401 Qui
1035 2335 1151 2390 odit
1173 2334 1395 2388 fratrem
1418 2348 1603 2398 suum,
1629 2339 1808 2384 manet
1830 2329 1886 2383 in
1900 2335 2073 2382 morte

489 2427 548 2498 (I
566 2427 722 2481 Joan.
749 2423 982 2494 ιιι,14),ι
1011 2432 1063 2479 et
1080 2422 1174 2494 qui
1197 2421 1404 2493 diligit,
1426 2420 1483 2474 in
1504 2421 1616 2474 Deo
1635 2426 1836 2484 manet,
1860 2425 1912 2472 et
1930 2419 2076 2472 Deus

480 2519 541 2575 in
571 2535 635 2575 eo
658 2518 713 2588 (Ι
729 2518 887 2571 Joan.
921 2532 997 2582 ιν,
1025 2514 1110 2580 15,
1147 2513 1258 2583 16).
1305 2537 1321 2557 ι
1352 2511 1583 2567 Omnem
1615 2528 1741 2583 ergo
1758 2508 2075 2565 amaritudi-

482 2625 606 2665 nem
631 2605 781 2661 fellis
805 2620 1020 2671 evome,
1039 2609 1324 2673 etquoquo
1347 2609 1504 2673 pacto
1521 2597 2078 2667 valueris,charitatis

483 2695 834 2753 dulcedinem
851 2691 1182 2748 sume.Nihil
1206 2691 1352 2745 enim
1372 2691 1466 2744 illa
1479 2688 1870 2752 suavius,nihil
1891 2689 1945 2742 in
1963 2688 2080 2742 vita

484 2786 722 2853 beatius,
752 2784 892 2840 sicut
923 2781 1188 2852 scriptum
1213 2788 1294 2836 est
1319 2799 1329 2836 :
1371 2804 1387 2826 ι
1415 2780 1616 2835 Odium
1646 2777 1934 2834 suscitabit
1954 2793 2079 2832 con-

483 2874 788 2932 tentionem
821 2891 834 2937 ;
877 2887 1067 2926 omnes
1095 2878 1274 2925 autem
1305 2885 1416 2924 non
1452 2866 1845 2924 contendentes
1874 2867 2082 2937 operiet

483 2965 727 3021 amicitia
759 2965 944 3032 (Prov.
975 2979 1032 3028 χ,
1060 2962 1170 3029 12).
1192 2986 1208 3008 ι
1245 2963 1362 3016 Imo
1389 2970 1442 3017 et
1468 2963 1581 3016 Deo
1611 2978 1712 3016 nos
1736 2960 1831 3016 illa
1852 2960 2084 3017 confor—

483 3073 631 3112 mare
660 3053 946 3112 contendit
971 3071 984 3118 ;
1009 3052 1132 3107 ideo
1163 3052 1400 3105 Joannes
1428 3051 1761 3123 evangelista
1796 3051 1901 3106 hoc
1942 3051 2082 3105 afﬁr-

487 3162 643 3200 mans
689 3144 766 3199 ait
801 3159 811 3196 :
858 3167 873 3189 ι
911 3144 1057 3197 Deus
1087 3142 1326 3198 charitas
1354 3151 1434 3197 est
1457 3144 1513 3213 (Ι
1539 3144 1695 3197 Joan.
1730 3159 1804 3209 iv,
1835 3143 1912 3212 7).
1950 3167 1966 3188 ι
2011 3143 2082 3196 Et

483 3234 729 3306 egregius
758 3231 1082 3304 praedicator
1112 3232 1311 3287 Paulus
1351 3249 1361 3286 :
1412 3257 1428 3278 ε
1459 3231 1711 3288 Charitas
1737 3231 1834 3287 Dei
1883 3230 2082 3286 diffusa

479 3334 561 3382 est
578 3325 633 3380 in
660 3324 917 3382 cordibus
940 3324 1143 3379 nostris
1169 3341 1263 3395 per
1284 3323 1550 3394 Spiritum
1577 3332 1851 3392 sanctum,
1874 3323 1964 3395 qui
1990 3323 2080 3379 da-

432 3400 568 3472 ‘tus
597 3423 678 3470 est
708 3414 869 3470 nobis
903 3415 1079 3485 (Rom.
1105 3414 1248 3484 v,5).
1271 3437 1290 3460 ι
1337 3412 1491 3468 Unde
1522 3430 1622 3469 nec
1657 3413 1936 3467 immerito
1957 3412 2080 3468 cha-

481 3511 613 3565 ritas
628 3510 959 3565 delictorum
976 3506 1220 3562 facinora
1237 3513 1415 3576 tegere
1429 3505 1800 3571 dicitur,sicut
1815 3506 2082 3575 scriptum

483 3606 582 3653 est:
622 3622 640 3645 ε
657 3599 925 3654 Universa
948 3597 1150 3652 delicta
1171 3596 1348 3666 operit
1369 3595 1672 3663 charitas(I
1692 3594 1836 3647 Pet-r.
1863 3608 1938 3661 Iv,
1962 3592 2067 3662 8).»

1077 3732 1306 3790 CAPUT
1339 3733 1486 3789 VIII.

1030 3833 1300 3889 Detractio
1357 3833 1485 3888 dicit
1516 3850 1534 3888 :

557 3941 694 4010 Quis
722 3947 901 4014 potest
930 3941 1224 4010 sustinere,
1250 3941 1373 4013 quis
1411 3941 1636 3997 silentio
1666 3948 1866 4013 tegere,
1899 3957 2085 4013 quan-

485 4039 541 4087 ta
571 4030 672 4086 iste
698 4032 784 4086 vel
815 4030 910 4086 ille
941 4047 1109 4103 prava
1161 4030 1479 4100 committit,
1511 4031 1618 4086 nisi
1650 4031 1790 4087 forte
1825 4030 1920 4103 qui
1955 4046 2083 4086 con.

487 4119 655 4176 sentit
676 4119 702 4176 ‘t

841 4217 914 4273 At
933 4217 1085 4288 justa
1110 4217 1370 4288 correptio
1401 4217 1680 4288 respondet
1712 4233 1729 4270 :

557 4321 668 4378 Nec
687 4320 916 4379 tacenda
935 4330 1064 4377 sunt
1085 4321 1226 4376 mala
1248 4321 1509 4394 proximi,
1547 4338 1648 4378 nec
1671 4321 2080 4379 consentienda:

493 4409 589 4466 sed
642 4410 907 4467 charitate
951 4411 1191 4467 fraterna
1248 4410 1536 4482 proximus
1586 4411 1641 4464 in
1679 4409 1874 4465 faciem
1906 4409 2084 4465 redar-

495 4498 739 4572 guendus
790 4510 892 4569 est,
953 4517 1064 4555 non
1103 4509 1285 4556 autem
1336 4500 1649 4556 clanculum
1692 4498 2080 4556 detrahendus.

489 4588 645 4656 Quod
678 4589 722 4643 si
752 4606 782 4644 a
813 4589 1069 4661 quopiam
1093 4586 1374 4660 objicitur,
1425 4587 1630 4645 idcirco
1659 4604 1715 4643 se
1744 4587 1966 4643 fratrem
1997 4605 2084 4644 co-

486 4695 602 4735 ram
634 4680 810 4734 oculis
840 4679 1120 4750 increpare
1150 4680 1318 4746 nolle,
1347 4695 1414 4734 ne
1445 4686 1791 4750 exasperatus
1837 4693 1945 4732 non
1987 4695 2085 4734 so-

487 4770 604 4826 lum
651 4785 763 4825 non
802 4769 1073 4842 proﬁciat,
1107 4770 1201 4826 sed
1234 4771 1404 4842 magis
1451 4787 1521 4827 ex
1562 4771 1904 4842 correptione
1935 4787 2085 4827 scan-

493 4861 678 4918 dalum
711 4870 913 4929 sumat,
947 4865 1190 4918 occurrit
1248 4862 1529 4934 Scriptura
1576 4862 1788 4931 divina,
1835 4871 1890 4918 et
1930 4880 2086 4918 versa

491 4950 615 5006 vice
653 4953 827 5023 magis
858 4952 1252 5008 detractionem
1293 4954 1613 5010 scandalum
1639 4970 1752 5010 esse
1771 4953 2082 5022 denuntiat,

487 5043 678 5100 dicens
711 5060 722 5097 :
790 5067 807 5090 ‹
840 5043 1065 5108 ,Sedens
1103 5045 1366 5102 adversus
1396 5045 1621 5101 fratrem
1653 5053 1809 5100 tuum
1836 5043 2084 5100 detrahe-

486 5133 604 5203 bas,
647 5141 702 5190 et
730 5133 994 5192 adversus
1045 5135 1220 5191 ﬁlium
1273 5136 1464 5191 matris
1503 5143 1608 5191 tua:
1657 5133 1897 5206 ponebas
1934 5149 2082 5188 scan-

492 5225 677 5281 dalum
715 5228 888 5298 (Psal.
924 5244 1079 5296 xux,
1111 5229 1228 5300 20).
1278 5254 1296 5276 ι
1342 5229 1512 5302 Magis
1563 5228 1710 5284 enim
1765 5228 2083 5285 scandalum

488 5316 660 5374 sumit
711 5317 806 5389 qui
838 5318 946 5374 sibi
980 5318 1358 5374 detrahentem
1403 5319 1682 5390 intelligit,
1713 5333 1874 5390 quam
1903 5319 1997 5390 qui
2028 5333 2084 5374 se

492 5413 882 5484 corripientem
932 5415 1127 5471 cernit.
1177 5416 1248 5470 Et
1295 5415 1423 5486 quia
1473 5431 1868 5488 nonnunquam
1913 5414 2084 5470 delin-

491 5502 782 5575 quentium
826 5511 1022 5570 errata,
1074 5512 1135 5558 ut
1172 5503 1370 5576 aptiori
1425 5512 1667 5575 tempore
1717 5505 2083 5578 corrigantur,

495 5591 724 5649 silentio
753 5594 982 5665 tegenda
1010 5602 1158 5661 sunt,
1190 5600 1478 5665 propterea
1509 5592 1880 5665 subjungitur:
1925 5596 2084 5652 «Haec

490 5677 694 5748 fecisti,
725 5690 777 5736 et
807 5683 951 5738 tacui
986 5683 1148 5753 (Ibid.
1171 5683 1286 5754 2i).
1313 5708 1331 5731 ι
1378 5683 1625 5756 Denique
1655 5699 1723 5740 ne
1745 5699 1814 5740 ex
1841 5685 1945 5743 hoc
1973 5683 2081 5741 dis-

2112 4551 2160 4608 D

2163 540 2294 595 dum
2325 558 2538 614 semper
2569 541 2782 599 occulte
2837 539 3100 613 derogare
3159 540 3391 608 malunt,
3459 558 3766 615 numquam

2165 630 2222 685 in
2251 639 2496 700 apertam
2546 634 2946 688 correctionem
3001 631 3322 705 prosiliunt,
3353 631 3533 688 adhuc
3577 632 3768 688 subin-

2166 719 2378 774 fertur:
2427 744 2444 765 ε
2484 719 2830 776 Existimasti
2885 721 3231 793 iniquitatem
3281 720 3428 793 quod
3483 739 3578 777 ero
3606 721 3690 777 tui
3721 723 3766 776 si

2167 807 2318 862 milis
2354 807 2570 878 (Ibid).
2604 832 2622 854 ›
2655 808 2735 864 Ac
2764 811 2808 861 si
2828 809 3033 867 diceret
3064 828 3074 865 :
3111 810 3383 882 lniquitas
3400 818 3482 865 est
3503 812 3765 882 cogitare,

2169 904 2230 950 ut
2269 896 2564 952 detractori
2596 896 2796 951 similis
2826 912 3136 967 appaream,
3166 897 3260 954 sed
3285 898 3352 954 ad
3391 907 3610 972 tempus
3641 901 3770 954 reti-

2170 1002 2319 1053 cens,
2371 986 2556 1042 locum
2614 985 2949 1057 correptioni
2997 993 3184 1057 aptum
3241 998 3488 1061 expecto.
3527 989 3682 1046 Unde
3717 997 3772 1044 et

2170 1075 2422 1146 protinus
2465 1074 2653 1130 subdit
2688 1095 2699 1130 :
2767 1101 2784 1123 σ
2812 1077 3051 1146 Arguam
3082 1083 3156 1142 te,
3215 1084 3270 1131 et
3298 1089 3528 1136 statuam
3579 1089 3773 1138 contra

2173 1165 2364 1222 faciem
2399 1172 2548 1220 tuam
2596 1174 2816 1237 peccata
2863 1176 2957 1222 tua
3000 1166 3216 1237 (Ibid),
3249 1191 3266 1212 -
3309 1168 3482 1223 veluti
3515 1167 3722 1227 diceret
3757 1191 3769 1227 :

2172 1257 2291 1313 Non
2325 1258 2384 1312 in
2415 1258 2654 1325 occulto,
2689 1265 2750 1313 ut
2778 1265 2862 1313 est
2889 1265 2985 1313 tua
3013 1259 3377 1327 consuetudo,
3407 1259 3502 1314 sed
3533 1259 3590 1313 in
3622 1275 3777 1330 aper-

2175 1358 2251 1417 to,
2284 1356 2344 1404 ut
2383 1357 2466 1404 est
2496 1365 2614 1404 mea
2649 1348 2989 1415 sollicitudo,
3021 1358 3210 1421 aptum
3252 1349 3588 1421 corripiendi
3642 1357 3777 1406 tem-

2177 1457 2278 1512 pus
2308 1447 2650 1512 exspectans,
2686 1448 3026 1511 peccatorem
3055 1455 3302 1512 arguam,
3365 1449 3418 1495 et
3465 1439 3582 1510 ejus
3642 1440 3779 1496 deli-

2175 1537 2264 1585 cta
2293 1537 2485 1585 contra
2520 1529 2714 1585 faciem
2747 1529 2900 1584 illius
2956 1538 3214 1586 statuam.
3260 1533 3334 1584 At
3375 1529 3598 1601 inquis:
3656 1530 3779 1585 Non

2177 1619 2291 1687 odi,
2333 1618 2430 1675 sed
2486 1635 2609 1674 amo
2647 1636 2810 1692 quem
2850 1619 2926 1674 ita
2984 1620 3040 1674 in
3098 1618 3423 1677 abscondito
3468 1618 3783 1689 dijudicans

2178 1708 2542 1780 reprehendo.
2603 1709 2707 1764 Sed
2772 1707 3120 1781 respondet:
3207 1710 3326 1765 lmo
3392 1709 3566 1780 magis
3632 1708 3785 1763 hunc

2887 1798 3034 1854 unde
3087 1797 3352 1866 detrahis,
3413 1807 3466 1853 et
3508 1813 3614 1852 non
3645 1814 3786 1854 cor-

2181 1887 2335 1958 ripis.
2382 1888 2556 1954 Quam
2613 1887 2684 1943 sit
2739 1895 2924 1943 autem
2983 1886 3303 1944 detestanda
3352 1886 3619 1943 detractio
3661 1904 3786 1959 pro-

2178 1977 2340 2045 ximi,
2393 1977 2667 2050 plerisque
2715 1978 2772 2033 in
2832 1977 2967 2034 locis
2997 1977 3215 2050 eloquia
3243 1977 3434 2033 divina
3476 1985 3776 2034 testantur.

2181 2067 2336 2123 Unde
2364 2073 2446 2122 est
2475 2066 2616 2122 illud
2652 2084 2663 2122 :
2707 2090 2727 2114 ι
2757 2067 3145 2123 Detrahentem
3172 2066 3435 2123 adversus
3465 2067 3786 2140 proximum

2181 2171 2343 2211 suum
2391 2156 2625 2222 occulte,
2682 2155 2833 2210 hunc
2895 2155 3258 2228 persequebar
3310 2157 3484 2227 (Psal.
3545 2173 3595 2224 c,
3629 2157 3725 2224 5);
3757 2182 3775 2203 ι

2183 2255 2236 2300 et
2265 2243 2406 2300 illud
2442 2261 2453 2298 :
2500 2269 2518 2291 ι
2550 2243 2657 2312 Qui
2683 2245 2926 2300 detrahit
2953 2247 3130 2313 fratri,
3155 2245 3396 2302 detrahit
3415 2254 3469 2302 et
3495 2246 3604 2319 legi
3643 2247 3789 2316 (Jac.

2183 2350 2260 2400 ιν,
2294 2335 2358 2404 ιι)
2389 2352 2402 2401 ;
2435 2358 2454 2381 ι
2497 2350 2712 2389 necnon
2761 2343 2815 2389 et
2845 2336 2985 2391 illud
3030 2337 3263 2407 apostoli
3302 2336 3500 2392 Pauli:
3564 2360 3582 2382 ι
3633 2335 3794 2401 Quod

2185 2423 2230 2478 si
2286 2423 2526 2478 invicem
2568 2424 2834 2480 mordetis
2888 2434 2942 2481 et
2997 2427 3306 2495 comeditis,
3364 2426 3552 2484 videte
3607 2442 3682 2481 ne
3727 2427 3794 2480 ab

2189 2512 2429 2568 invicem
2458 2515 2863 2570 consumamini
2895 2515 3103 2586 (Galat.
3134 2534 3190 2585 ν,
3224 2516 3334 2587 15).
3369 2541 3385 2564 ›

2798 2657 3027 2715 CAPUT
3062 2658 3162 2714 IX.

2836 2759 2932 2813 Ira
2963 2758 3090 2812 dicit
3114 2776 3126 2814 :

2261 2872 2393 2938 Quae
2423 2880 2614 2928 contra
2642 2880 2694 2928 te
2722 2882 2978 2944 aguntur,
3015 2873 3149 2929 talia
3177 2883 3327 2943 sunt,
3352 2881 3416 2930 ut
3467 2876 3802 2947 aequanimi-

2191 2969 2276 3015 ter
2303 2961 2549 3032 profecto
2579 2961 2709 3016 ferri
2766 2978 2878 3016 non
2933 2963 3164 3034 possint,
3226 2963 3339 3019 imo
3366 2966 3648 3035 patienter
3682 2965 3806 3023 haec

2193 3050 2427 3118 tolerare
2449 3061 2728 3122 peccatum
2761 3060 2877 3118 est;
2941 3059 2994 3107 et
3041 3053 3087 3108 si
3119 3068 3229 3108 non
3288 3054 3367 3109 eis
3423 3071 3548 3112 cum
3600 3072 3807 3128 magna

2193 3141 2610 3211 exasperatione
2662 3141 2959 3209 resistitur,
3018 3150 3212 3198 contra
3259 3150 3311 3198 te
3359 3143 3623 3216 deinceps
3681 3145 3805 3200 sine

2191 3246 2450 3285 mensura
2477 3231 2934 3287 cumulabuntur.

2676 3330 2946 3385 Patientia
2982 3330 3258 3401 respondet
3283 3347 3300 3384 :

2262 3425 2318 3480 Si
2346 3426 2526 3496 passio
2554 3424 2935 3498 Redemptoris
2983 3426 3051 3482 ad
3101 3427 3421 3483 memoriam
3470 3427 3800 3496 reducatur,

2192 3513 2334 3568 nihil
2365 3523 2474 3570 tam
2507 3514 2729 3583 durum,
2765 3517 2910 3588 quod
2943 3532 3051 3571 non
3085 3533 3241 3588 aequo
3271 3517 3456 3572 animo
3501 3518 3796 3573 toleratur.

2192 3603 2448 3660 Christus
2478 3620 2714 3676 namque
2746 3604 2833 3675 (ut
2873 3604 2949 3659 ait
2998 3605 3213 3676 Petrus)
3278 3629 3296 3653 ι
3338 3622 3528 3676 passus
3570 3616 3652 3662 est
3697 3622 3801 3678 pro

2192 3692 2372 3762 nobis,
2423 3694 2742 3766 relinquens
2792 3695 2953 3750 nobis
2991 3697 3329 3768 exemplum,
3377 3705 3440 3752 ut
3497 3713 3804 3769 sequamur

2193 3784 2425 3855 vestigia
2456 3783 2574 3856 ejus
2600 3787 2663 3857 (Ι
2688 3787 2801 3841 Pet.
2834 3803 2895 3854 ιι,
2928 3786 3044 3859 21).
3077 3813 3094 3836 ι
3156 3789 3276 3858 Ipse
3308 3788 3471 3844 etiam
3518 3788 3804 3844 Dominus

2193 3873 2353 3929 nobis
2381 3873 2527 3929 dixit
2562 3891 2573 3928 :
2648 3899 2666 3923 ι
2712 3875 2768 3931 Si
2826 3884 3033 3948 patrem
3090 3877 3328 3933 familias
3360 3878 3672 3934 Beelzebub
3699 3895 3799 3934 vo—

2193 3973 2478 4034 caverunt,
2526 3973 2733 4038 quanto
2784 3967 2956 4038 magis
3006 3968 3335 4025 domesticos
3392 3967 3512 4040 ejus
3573 3971 3799 4042 (Matth.

2194 4071 2251 4122 x,
2286 4054 2378 4126 25)
2413 4056 2440 4111 ?
2473 4081 2492 4105 ι
2535 4057 2606 4112 Et
2643 4057 2753 4112 alio
2784 4057 2840 4112 in
2872 4058 2994 4114 loco
3028 4076 3039 4113 :
3084 4082 3102 4105 ι
3131 4058 3186 4114 Si
3218 4076 3304 4115 me
3334 4061 3608 4131 persecuti
3639 4071 3798 4126 sunt,

2194 4153 2247 4201 et
2271 4161 2370 4200 vos
2399 4153 2794 4218 persequentur
2825 4148 3008 4219 (Joan.
3060 4165 3158 4218 xv,
3205 4150 3320 4220 20).
3371 4175 3388 4197 ι
3450 4150 3558 4206 Sed
3586 4159 3802 4224 quanta

2194 4241 2322 4289 sunt
2344 4235 2398 4290 in
2420 4235 2827 4307 comparatione
2844 4237 3158 4309 passionum
3183 4239 3353 4304 illius,
3372 4255 3491 4312 quae
3517 4239 3803 4310 patimur?

2193 4325 2291 4380 Ille
2324 4326 2470 4380 enim
2496 4326 2809 4398 opprobria,
2834 4328 3138 4397 irrisiones,
3167 4329 3551 4397 contumelias,
3582 4329 3798 4400 alapas,

2192 4424 2372 4488 sputa,
2413 4417 2645 4489 ﬂagella,
2677 4417 2922 4490 spineam
2973 4435 3255 4487 coronam,
3287 4435 3618 4491 crucemque
3664 4435 3800 4474 sus—

2192 4507 2362 4562 tinuit
2392 4508 2571 4577 (Joan.
2604 4524 2768 4576 xvm,
2791 4511 2916 4581 xxx)
2941 4529 2954 4578 ;
2979 4517 3032 4566 et
3063 4527 3160 4566 nos
3191 4510 3376 4566 miseri
3419 4511 3512 4582 (ad
3545 4518 3795 4566 nostram

2193 4597 2316 4654 dico
2329 4599 2732 4671 confusionem)
2757 4617 2868 4656 uno
2885 4617 3134 4657 sermone
3155 4601 3466 4673 fatigamur,
3485 4618 3599 4656 uno
3622 4601 3796 4658 verbo

2199 4687 2512 4759 dejicimnr,
2560 4704 2659 4745 nec
2705 4690 3096 4762 perpendimus
3126 4691 3182 4746 id
3211 4692 3356 4763 quod
3387 4690 3595 4747 dicitur
3631 4709 3645 4745 :
3699 4720 3715 4740 ι
3738 4691 3792 4747 Si

2194 4782 2522 4837 commortui
2553 4798 2762 4850 sumus,
2816 4789 2870 4837 et
2898 4780 3258 4838 convivemus
3299 4799 3311 4836 :
3353 4781 3399 4836 si
3429 4783 3787 4848 sustinemus,

2195 4879 2246 4926 et
2275 4873 2732 4943 conregnabimus
2765 4873 2852 4943 (II
2881 4875 3014 4928 Tim.
3048 4891 3107 4941 ιι,
3143 4873 3228 4940 11,
3254 4873 3400 4943 12).»
3446 4873 3791 4945 Quapropter

2192 4962 2522 5018 retundendi
2581 4972 2710 5018 sunt
2766 4962 2859 5018 irae
2915 4962 3150 5030 stimuli,
3200 4970 3255 5017 et
3319 4961 3438 5034 ejus
3494 4962 3790 5019 metuenda

2193 5053 2474 5110 damnatio
2499 5063 2601 5111 est.
2636 5054 2792 5109 Unde
2815 5054 3080 5126 scriptum
3116 5055 3387 5126 legimus:
3436 5079 3454 5100 ‹
3489 5053 3630 5120 Quia
3664 5069 3788 5106 om-

2192 5143 2281 5198 nis
2312 5143 2406 5215 qui
2438 5143 2694 5200 irascitur
2733 5143 2890 5198 fratri
2930 5160 3048 5211 suo,
3083 5159 3208 5199 reus
3237 5144 3341 5198 erit
3380 5142 3596 5214 judicio
3632 5161 3644 5197 :
3699 5141 3788 5214 qui

2193 5242 2373 5290 autem
2407 5233 2612 5288 dixerit
2667 5232 2825 5288 fratri
2863 5251 2962 5289 suo
3007 5251 3156 5301 mea,
3201 5249 3328 5288 reus
3355 5236 3462 5288 erit
3499 5232 3740 5288 concilio
3770 5247 3782 5282 2

2193 5324 2288 5397 qui
2320 5331 2500 5379 autem
2532 5323 2740 5379 dixerit
2795 5323 2964 5394 fatue,
3021 5341 3146 5380 reus
3197 5325 3302 5380 erit
3354 5323 3615 5396 gehennae
3650 5322 3788 5394 ignis

2196 5414 2408 5486 (Matth.
2440 5414 2629 5486 v,22).
2663 5438 2682 5462 ι
2729 5415 2809 5470 Ibi
2827 5422 3010 5470 tamen
3033 5414 3287 5470 innuitur
3318 5413 3788 5478 remedium,cum
3831 5487 3834 5490 Q

2193 5505 2571 5562 subinfertur:
2622 5532 2638 5553 ι
2671 5506 2725 5562 Si
2757 5506 2918 5562 offers
2962 5522 3163 5562 munus
3193 5513 3348 5561 tuum
3381 5503 3450 5560 ad
3491 5505 3683 5572 altare,
3734 5512 3787 5560 et

2193 5595 2268 5650 ibi
2297 5595 2612 5652 recordatus
2650 5596 2820 5652 fueris
2877 5595 3024 5669 quod
3073 5595 3240 5650 frater
3296 5602 3424 5650 tuus
3471 5594 3637 5649 habet
3677 5592 3788 5647 ali—

2192 5685 2326 5758 quid
2354 5685 2645 5744 adversum
2691 5694 2764 5754 te,
2797 5687 3047 5759 relinque
3095 5685 3172 5742 ibi
3210 5701 3410 5742 munus
3453 5691 3612 5741 tuum
3663 5688 3787 5739 ante
