4086 6208
269 297 429 358 1157

1222 298 1316 354 DE
1360 296 1703 356 VlTIORUM
1742 283 2252 366 V’IRTUTUMQUE
2293 298 2704 357 CONFLICTU.

3454 302 3591 364 H58

263 422 480 490 altare,
511 432 563 478 et
592 421 730 476 vade
760 422 913 494 prius
951 421 1297 478 reconciliari
1327 421 1481 477 fratri
1523 430 1638 490 tuo,
1672 431 1725 479 et
1753 431 1884 478 tunc
1912 425 1961 483 A
1995 422 2234 491 hortare,
2269 423 2490 494 increpa
2520 424 2575 478 in
2607 423 2760 478 omni
2807 424 3222 496 longanimitate
3260 433 3314 481 et
3341 425 3595 482 doctrina

264 511 518 567 veniens
549 511 744 568 offeres
767 527 972 568 munus
1001 520 1159 567 tuum
1195 511 1356 582 (Ibid.
1388 510 1476 577 23,
1510 511 1624 583 24).
1656 537 1673 559 ι
1734 511 1814 567 Ac
1840 510 1885 568 si

260 609 470 672 aperte
525 602 848 657 diceretur:
899 602 1009 656 Nec
1063 601 1118 655 in
1176 600 1342 656 corde
1392 601 1611 656 tacitam
1671 617 1884 672 precem

258 690 556 758 eﬁ'undas,
609 689 716 745 nisi
772 691 925 761 prius
975 689 1241 744 offensum
1304 689 1617 760 proximum
1675 689 1883 745 satisfa-

256 779 480 835 ciendo
504 780 572 835 ad
605 779 849 834 lenitatis
880 778 1359 834 mansuetudinem
1387 779 1884 850 perducas.Munus

255 870 431 924 enim
466 876 736 936 nostrum,
771 877 853 923 est
885 868 1065 922 oratio
1097 877 1284 924 nostra
1317 886 1329 933 ;
1384 869 1553 923 altare
1601 884 1730 923 vero
1774 885 1885 924 no-

253 965 478 1025 strum,
526 964 607 1012 est
658 974 772 1013 cor.
819 958 918 1012 Ille
964 966 1144 1013 autem
1203 957 1298 1029 qui
1347 957 1454 1014 hoc
1501 957 1678 1013 facere
1717 958 1882 1030 (quo-

253 1045 384 1101 ties
452 1048 598 1102 inter
652 1046 792 1102 duos
856 1046 940 1102 ira
998 1047 1117 1102 sine
1169 1063 1333 1103 causa
1386 1047 1554 1102 fuerit
1600 1047 1878 1120 excitata)

257 1135 575 1203 studuerit,
610 1135 946 1208 pramissam
978 1135 1391 1192 damnationem
1431 1153 1772 1209 nequaquam
1799 1135 1882 1191 in-

256 1234 483 1281 curret.
539 1225 642 1281 Sed
690 1235 820 1281 sunt
876 1226 1062 1291 multi,
1114 1225 1208 1298 qui
1262 1228 1471 1299 petenti
1526 1227 1630 1283 sibi
1660 1228 1881 1283 veniam

257 1311 482 1369 delicta
548 1330 659 1369 non
709 1313 1024 1370 remittunt.
1067 1314 1277 1372 Contra
1334 1333 1472 1389 quos
1523 1316 1620 1371 illa
1654 1316 1881 1372 Domini

256 1404 550 1458 sententia
606 1403 782 1471 venit,
845 1420 953 1476 qua
1006 1404 1214 1461 dicitur
1267 1422 1280 1459 :
1365 1429 1382 1452 ι
1440 1406 1496 1461 Si
1557 1423 1669 1461 non
1719 1407 1880 1462 remi-

255 1491 464 1546 seritis
493 1492 873 1564 unusquisque
921 1492 1078 1547 fratri
1117 1509 1217 1549 suo
1267 1493 1334 1548 de
1371 1494 1629 1551 cordibus
1659 1497 1875 1564 vestris,

253 1595 374 1635 nec
431 1581 588 1636 Pater
644 1589 829 1637 vester
875 1582 1113 1638 caelestis
1164 1584 1406 1639 remittet
1443 1585 1602 1640 vobis
1657 1595 1880 1658 peccata

253 1678 458 1725 vestra
489 1669 704 1739 (Matth.
740 1688 903 1739 xvm,
938 1671 1054 1739 35).
1085 1695 1103 1718 ι
1148 1672 1314 1727 Plura
1333 1682 1483 1742 sunt,
1516 1673 1722 1746 inquis,
1755 1691 1876 1747 quae

253 1757 323 1812 in
371 1774 462 1813 me
493 1759 794 1827 commisit,
829 1777 916 1814 me
944 1760 1145 1831 saepius
1188 1762 1418 1818 oﬂ‘endit
1452 1780 1462 1818 :
1501 1772 1554 1819 et
1602 1763 1731 1836 quia
1758 1764 1876 1820 sine
1902 1776 1949 1836 Β

251 1863 439 1902 causa
470 1847 728 1918 plurimis
765 1847 1027 1919 juveuior
1075 1850 1289 1904 lacessit
1320 1850 1564 1922 injuriis,
1595 1859 1678 1906 tot
1710 1853 1762 1908 ei
1796 1870 1875 1909 re-

254 1938 497 1992 mittere
527 1938 716 2009 culpas
747 1938 888 1994 mihi
920 1954 1031 1993 non
1059 1941 1338 1994 convenit.
1381 1940 1468 1995 Ad
1490 1941 1608 1997 haec
1637 1958 1749 1997 non
1778 1959 1876 2015 ego

252 2027 364 2084 sed
401 2027 673 2083 Dominus
717 2029 1029 2100 respondet.
1071 2030 1207 2084 Nam
1252 2045 1377 2084 cum
1421 2030 1615 2086 Petrus
1643 2030 1709 2085 ad
1748 2047 1876 2088 eum

252 2116 480 2172 diceret
515 2135 526 2172 :
576 2142 593 2164 ι
624 2116 850 2184 Quoties
880 2118 1128 2188 peccabit
1171 2118 1228 2174 in
1278 2135 1364 2174 me
1411 2119 1578 2174 frater
1617 2135 1792 2186 meus,
1822 2128 1876 2176 et

254 2208 553 2265 dimittam
587 2209 672 2265 illi
703 2211 731 2266 ?
759 2227 933 2284 usque
962 2213 1166 2284 septies
1187 2212 1214 2268 2
1245 2222 1298 2269 et
1325 2213 1598 2270 Dominus
1618 2213 1686 2270 ad
1707 2230 1832 2270 eum
1859 2233 1870 2271 :

254 2299 392 2355 Non
424 2297 552 2355 dico
595 2299 696 2354 tibi
728 2316 899 2371 usque
939 2301 1160 2373 septies,
1215 2301 1311 2358 sed
1349 2319 1522 2375 usque
1569 2303 1874 2375 septuagies

253 2387 476 2459 septies
508 2387 673 2458 (Ibid.
713 2388 802 2455 21,
844 2389 958 2460 22).
994 2415 1013 2438 ι
1081 2389 1257 2457 Quam
1313 2391 1476 2446 multi
1533 2399 1713 2447 autem
1746 2399 1875 2447 sunt

252 2479 358 2551 qui
395 2494 526 2533 suas
558 2476 813 2548 injurias,
844 2477 1001 2533 tarde
1021 2480 1294 2548 relaxant,
1318 2481 1416 2536 Dei
1439 2496 1571 2535 vero
1599 2481 1765 2537 citius
1791 2481 1872 2536 in-

249 2565 548 2637 dulgent?
577 2565 748 2638 ﬁtque
775 2581 1200 2638 nonnunquam,
1234 2577 1296 2624 ut
1325 2569 1610 2624 occasione
1647 2569 1871 2624 Domini

257 2653 513 2727 injurias
556 2653 906 2722 vindicandi,
957 2672 1084 2710 suas
1144 2657 1488 2713 ulciscantur
1541 2658 1687 2713 irati.
1729 2657 1873 2724 Quid

249 2746 516 2817 denique
548 2744 616 2799 de
647 2744 760 2800 illis
788 2744 1086 2802 dicendum
1135 2753 1238 2814 est,
1271 2746 1368 2818 qui
1399 2746 1535 2802 adeo
1573 2746 1872 2803 iracundiae

250 2837 622 2893 obcaecantur
649 2835 885 2904 fervore,
917 2843 978 2890 ut
1002 2851 1174 2908 usque
1203 2835 1273 2891 ad
1307 2836 1474 2891 verba
1511 2846 1872 2908 prorumpant

249 2924 701 2993 maledictionis,
754 2924 862 2980 nisi
915 2925 1060 2998 quod
1107 2926 1405 2996 Apostolus
1451 2927 1575 2981 ait:
1639 2950 1655 2971 ι
1687 2927 1872 2998 Neque

246 3013 530 3070 maledici
588 3028 764 3084 neque
819 3029 1040 3085 rapaces
1093 3029 1320 3084 regnum
1372 3013 1471 3069 Dei
1512 3015 1872 3085 possidebunt

1999 511 2088 573 (II
2117 512 2250 568 Tim.
2285 529 2362 579 ιν,
2383 501 2469 583 2).
2503 535 2521 558 ν
2565 511 2724 578 Quod
2754 511 3017 568 videlicet
3045 514 3354 586 asperitatis
3387 516 3590 570 malum

1997 600 2361 671 perniciosum
2395 609 2497 668 est,
2529 599 2766 656 subditis
2794 610 2974 666 nocet,
3009 603 3300 676 minusque
3331 604 3548 676 proﬁcit
3577 621 3588 659 :

1997 688 2107 743 imo
2163 689 2360 760 saepius
2409 688 2698 760 contingit,
2746 697 2806 743 ut
2863 690 3024 744 etiam
3075 691 3361 747 charitatis
3401 709 3594 748 corre—

1994 779 2238 850 ptionem
2296 778 2606 834 exacerbati
2662 787 2940 850 spernant,
2983 787 3038 836 et
3092 790 3283 837 contra
3335 783 3593 836 salutaria

1994 868 2160 923 verba
2205 867 2573 939 despectionis
2620 868 2875 924 emittant
2912 868 3115 940 jacula.
3161 869 3318 936 Quod
3368 886 3463 941 per
3501 870 3592 924 Sa.

1993 953 2232 1031 pientem
2263 962 2488 1010 cavetur
2537 954 2668 1010 dum
2718 955 2898 1011 dicit:
2950 979 2968 1002 -
2999 955 3105 1022 Qui
3148 955 3327 1027 arguit
3373 955 3592 1011 deriso—
3689 951 3700 961 ’

1993 1057 2127 1109 rem,
2149 1043 2263 1113 ipse
2282 1043 2388 1099 sibi
2413 1043 2541 1098 facit
2563 1042 2822 1114 injuriam
2847 1045 3033 1116 (Prov.
3061 1061 3139 1109 1x,
3164 1045 3276 1114 11).
3301 1068 3320 1090 ι
3354 1045 3593 1101 Econtra

1992 1148 2123 1187 vero
2152 1131 2218 1188 de
2246 1133 2344 1188 illo
2389 1133 2482 1204 qui
2519 1150 2615 1206 per
2663 1134 3091 1206 increpationem
3135 1132 3371 1204 proﬁcit,
3405 1133 3541 1191 dicit
3574 1152 3586 1189 :

2005 1244 2024 1269 ι
2069 1221 2251 1292 Argue
2281 1222 2602 1294 sapientem,
2639 1230 2693 1278 et
2732 1221 2925 1294 diliget
2970 1229 3023 1277 te
3068 1222 3282 1293 (Ibid).
3316 1246 3334 1270 ι
3377 1221 3590 1279 Idcirco

1989 1311 2255 1383 scriptum
2288 1318 2369 1367 est
2403 1330 2414 1366 :
2459 1336 2478 1359 ι
2506 1310 2635 1378 Fili,
2685 1311 2745 1365 in
2775 1310 3197 1366 mansuetudine
3244 1319 3339 1366 tua
3381 1310 3591 1367 honora

1989 1400 2228 1456 animam
2257 1409 2409 1456 tuam
2439 1401 2628 1472 (Eccli.
2663 1418 2720 1467 x,
2754 1400 2847 1472 31)
2882 1418 2939 1468 ;»
2981 1408 3036 1456 et
3054 1401 3350 1472 Apostolus
3373 1400 3587 1472 inquit:

2003 1511 2022 1535 ε
2051 1487 2106 1542 Si
2155 1496 2565 1559 praeoccupatus
2611 1489 2778 1544 fuerit
2827 1489 2993 1544 homo
3032 1488 3090 1544 in
3129 1489 3316 1561 aliquo
3363 1488 3584 1557 delicto,

1986 1591 2085 1630 vos
2127 1577 2222 1649 qui
2275 1576 2590 1648 spirituales
2641 1577 2791 1645 estis,
2848 1577 3106 1632 instruite
3155 1575 3474 1648 hujusmodi
3528 1577 3588 1632 in

1985 1663 2185 1735 spiritu
2215 1665 2458 1720 lenitatis
2507 1666 2714 1736 (Galat.
2747 1682 2828 1730 vr,
2880 1665 2959 1736 1),
2989 1689 3008 1713 ι
3051 1673 3106 1721 et
3134 1665 3278 1721 idem
3308 1667 3588 1737 apostolus

1985 1751 2270 1823 episcopos
2298 1751 2500 1808 docens
2527 1751 2605 1808 ait
2638 1769 2650 1806 :
2698 1775 2717 1800 ε
2768 1753 2838 1807 Ut
2869 1753 3164 1809 ostendant
3190 1770 3246 1809 se
3275 1761 3587 1810 mansuetos

1986 1841 2054 1897 ad
2082 1858 2273 1898 omnes
2305 1842 2394 1914 (ΙΙ
2427 1841 2561 1898 Tim.
2594 1859 2654 1910 ιι,
2687 1840 2803 1912 24).
2839 1864 2858 1888 ι

2618 1973 2846 2031 CAPUT
2870 1973 2969 2030 XI.

2590 2084 2787 2139 Tumor
2808 2083 2936 2138 dicit
2976 2100 2994 2138 .'

2055 2198 2268 2254 Testem
2312 2197 2480 2253 habes
2507 2199 2682 2253 Deum
2716 2197 2772 2252 in
2803 2197 2976 2266 caelis,
3027 2215 3140 2255 non
3184 2199 3288 2255 tibi
3334 2199 3409 2255 sit
3441 2216 3588 2256 cura:

1985 2285 2117 2359 quid
2146 2285 2214 2342 de
2241 2293 2296 2342 te
2329 2286 2676 2358 suspicentur
2707 2285 2960 2343 homines
2995 2286 3053 2342 in
3083 2287 3264 2344 terris.

2310 2392 2411 2449 Sed
2443 2392 2658 2447 humilis
2686 2390 2898 2461 dejectio
2939 2394 3218 2465 respondet
3248 2411 3266 2448 :

2052 2501 2172 2558 Non
2216 2508 2298 2557 est
2342 2501 2523 2557 danda
2567 2501 2784 2558 occasio
2829 2500 3177 2570 detrahendi,
3231 2519 3342 2559 non
3399 2520 3582 2560 susur-

1983 2590 2140 2646 randi
2190 2590 2429 2662 suspicio
2463 2608 2474 2645 :
2509 2589 2603 2645 sed
2657 2590 2702 2644 si
2749 2589 2970 2658 adsunt,
3029 2589 3432 2649 detractoribus
3488 2601 3583 2648 tua

1984 2681 2126 2736 facta
2172 2686 2235 2735 ut
2283 2679 2628 2750 corrigantur
2675 2677 3078 2734 manifestanda
3119 2697 3130 2734 :
3184 2689 3278 2736 aut
3322 2689 3468 2738 certe
3529 2683 3574 2737 si

1981 2771 2200 2838 desunt,
2259 2768 2464 2823 humili
2519 2767 2908 2840 protestatione
2977 2767 3378 2825 dissimulanda
3426 2779 3576 2828 sunt.

1982 2858 2253 2926 Quoniam
2298 2858 2596 2928 Apostolus
2640 2857 2917 2924 admonet,
2978 2858 3189 2913 nullam
3238 2859 3580 2916 occasionem

1981 2951 2110 3006 dare
2157 2949 2471 3006 adversario
2519 2949 2798 3005 maledicti
2845 2949 3017 3022 gratia
3049 2950 3106 3021 (Ι
3153 2950 3286 3006 Tim.
3347 2967 3402 3016 ν,
3463 2948 3577 3020 lli).

1981 3040 2140 3107 Quod
2167 3041 2332 3096 etiam
2381 3041 2438 3093 in
2487 3039 2601 3094 illis
2646 3039 2947 3096 detestatus
2989 3048 3089 3109 est,
3140 3041 3237 3114 qui
3266 3038 3580 3097 Christiano

248 3104 310 3202 (Ι
340 3103 483 3159 Cor.
517 3119 595 3169 vr,
636 3101 786 3202 10)ἱῖ
815 3127 832 3149 ι
859 3101 1038 3202 ‘Quod
1064 3199 1071 3202 μ
1098 3102 1332 3202 Iacobus
1386 3118 1620 3202 quoque.
1647 3111 1869 3200 31305”
1899 3137 1941 3196 α
1979 3101 2204 3186 nomine
2228 3127 2444 3195 censiti,
2467 3128 2526 3181 in
2548 3126 2720 3182 idolio
2739 3101 3231 3194 recumbebant,‘et
3269 3143 3579 3202 quanquam

244 3191 337 3247 lus
391 3189 785 3261 exaggerando
844 3189 1168 3258 detestatur,
1238 3191 1475 3247 dicens:
1544 3215 1561 3238 ι
1597 3191 1864 3264 Linguam

250 3281 461 3336 nullus
494 3279 781 3333 hominum
842 3279 1066 3334 domare
1123 3286 1343 3350 potest:
1397 3280 1704 3352 inquietum
1756 3299 1864 3338 ma-

252 3371 393 3438 lum,
445 3369 606 3440 plena
636 3384 849 3423 veneno
876 3369 1185 3424 mortifero.
1235 3370 1296 3424 In
1331 3368 1447 3440 ipsa
1488 3370 1868 3428 benedicimus

250 3460 445 3516 Deum
476 3465 530 3512 et
569 3458 783 3512 Patrem
831 3475 842 3512 :
877 3465 930 3512 et
950 3457 1007 3512 in
1034 3459 1150 3528 ipsa
1181 3457 1562 3514 maledicimus
1593 3459 1862 3530 homines,

252 3553 349 3625 qui
384 3549 464 3606 ad
493 3550 789 3622 imaginem
818 3557 871 3604 et
885 3549 1316 3606 similitudinem
1338 3551 1436 3605 Dei
1458 3551 1588 3606 facti
1604 3561 1752 3607 sunt.
1780 3553 1867 3608 Ex

255 3641 461 3697 eodem
495 3657 589 3696 ore
642 3641 891 3713 procedit
937 3641 1252 3698 benedictio
1280 3650 1333 3698 et
1381 3642 1713 3699 maledictio.
1745 3643 1866 3698 Non

261 3737 504 3802 oportet,
539 3729 736 3786 fratres
773 3731 903 3798 mei,
948 3729 1066 3786 haec
1113 3729 1191 3786 ita
1237 3730 1379 3787 ﬁeri.
1435 3731 1699 3805 Nunquid
1745 3732 1867 3787 fons

261 3821 332 3876 de
360 3819 554 3875 eodem
600 3821 870 3877 foramine
899 3830 1117 3878 emanat
1154 3821 1317 3879 dulce
1349 3830 1403 3878 et
1447 3839 1694 3879 amarum
1724 3824 1863 3895 (Jac.

261 3925 394 3973 xm,
412 3907 563 3977 8-10)
588 3909 615 3963 ἢ
635 3935 651 3954 ι
684 3909 795 3966 Hac
819 3909 885 3966 de
900 3927 1062 3968 causa
1079 3911 1212 3966 alibi
1234 3911 1400 3968 etiam
1418 3911 1650 3967 dicitur:
1689 3937 1708 3959 ι
1722 3913 1867 3967 Mors

266 4002 323 4049 et
350 3994 468 4048 vita
499 3996 557 4050 in
587 4013 756 4054 manu
784 3998 985 4070 linguae
1022 4001 1209 4070 (Prov.
1241 4016 1406 4068 xvm,
1437 4000 1552 4072 21).
1586 4025 1604 4049 ι

891 4147 1120 4206 CAPUT
1159 4148 1231 4206 X.

804 4258 1081 4331 Asperitas
1135 4256 1261 4316 dicit
1293 4275 1311 4316 .‘

337 4380 749 4459 Numquidnam
778 4386 964 4442 stultis
990 4385 1314 4443 hominibus
1335 4386 1476 4456 istis,
1516 4387 1864 4446 etinsensatis

1980 3220 2084 3292 ipsi
2132 3219 2342 3274 idolum
2391 3236 2490 3291 pro
2533 3219 2713 3276 nihilo
2760 3220 3041 3289 ducentes,
3091 3221 3376 3276 immolata
3423 3220 3580 3293 quasi

1980 3309 2240 3365 innoxios
2283 3308 2435 3364 cibos
2476 3317 2775 3376 sumerent,
2825 3310 3072 3366 inﬁrmas
3120 3318 3303 3365 tamen
3347 3310 3578 3365 fratrum

1979 3397 2344 3454 conscientias
2371 3411 2464 3468 per
2510 3396 2614 3453 hoc
2659 3397 2865 3454 factum
2895 3397 2964 3453 ad
3008 3398 3272 3453 nefandos
3303 3397 3578 3454 idolorum

1981 3487 2121 3542 ritus
2164 3486 2454 3542 trahebant
2484 3487 2534 3558 (ι
2577 3487 2696 3542 Cor.
2751 3504 2872 3554 VIII,
2927 3487 3038 3558 10).
3089 3486 3300 3543 Idcirco
3347 3485 3572 3558 inquit:

1995 3603 2013 3628 ε
2065 3577 2194 3634 Sine
2245 3576 2546 3632 offensione
2602 3584 2773 3633 estote
2829 3576 3031 3634 Iudaeis
3083 3585 3137 3634 et
3192 3575 3467 3649 gentibus,
3522 3581 3576 3630 et

1979 3667 2238 3726 Ecclesiae
2267 3667 2367 3725 Dei
2399 3667 2457 3739 (Ι
2480 3666 2604 3724 Cor.
2637 3683 2695 3735 χ,
2728 3666 2848 3740 32).
2889 3691 2908 3716 ι

2581 3799 2810 3858 CAPUT
2838 3800 2961 3856 XII.

2549 3897 2792 3952 Tristitia
2821 3896 2948 3951 dicit
2973 3913 2984 3951 :

2049 4011 2195 4079 Quid
2223 4011 2391 4067 habes
2415 4013 2563 4068 unde
2593 4011 2847 4084 gaudeas,
2878 4028 3004 4068 cum
3037 4019 3188 4068 tanta
3221 4011 3360 4065 mala
3397 4025 3428 4064 a
3453 4024 3574 4081 pro-

1978 4099 2134 4155 ximo
2163 4100 2433 4156 sustineas
2458 4102 2486 4157 ‘I
2514 4099 2794 4172 Perpende
2823 4116 2931 4172 quo
2959 4098 3133 4154 animi
3181 4113 3413 4154 maerore
3442 4114 3574 4152 om—

1980 4204 2075 4244 nes
2104 4190 2358 4246 intuendi
2391 4189 2523 4258 sint,
2556 4189 2652 4262 qui
2679 4189 2737 4244 in
2767 4195 2922 4244 tanto
2963 4194 3155 4245 contra
3201 4194 3255 4242 te
3300 4185 3574 4242 amaritu—

1979 4276 2127 4333 dinis
2156 4278 2284 4334 felle
2313 4287 2622 4335 versantur.

2255 4387 2355 4443 Sed
2391 4387 2672 4460 spirituale
2692 4387 2947 4460 gaudium
2973 4386 3250 4458 respondet
3281 4401 3300 4444 .'

265 4475 496 4574 Perinde
525 4492 588 4532 ac
617 4475 796 4575 δι’]ιῖίε
832 4475 1168 4575 ῆηίιηεξίίξξυε
1223 4477 1368 4532 lenia
1407 4476 1598 4575 ξ’ξέΪῙξὶι,
1634 4487 1704 4575 ἐἴ
1752 4495 1861 4534 Ποῖ]
1899 4514 1948 4575 D
2053 4492 2339 4551 Geminam
2369 4511 2483 4552 esse
2513 4494 2794 4551 tristitiam
2847 4493 3000 4562 novi,
3045 4493 3158 4548 imo
3205 4493 3340 4549 duas
3387 4491 3571 4550 cordis

264 4564 454 4638 potius
483 4565 803 4638 asperrima,
828 4565 959 4620 dum
993 4565 1346 4638 delinquunt,
1377 4565 1687 4639 objicienda
1717 4576 1865 4639 sunt,

264 4661 326 4710 ut
364 4654 692 4726 dignitatem
715 4662 866 4709 tuam
896 4655 1136 4710 revereri
1169 4653 1385 4711 discant
1414 4656 1442 4711 ?

657 4752 756 4808 Sed
781 4753 1127 4807 mansuetudo
1158 4755 1434 4825 respondet
1458 4772 1475 4809 .·

333 4847 452 4903 Non
509 4856 604 4904 tua
659 4849 717 4903 in
783 4849 1104 4921 hujusmodi
1149 4852 1453 4923 persuasio,
1507 4850 1602 4908 sed
1630 4852 1866 4923 apostoli

267 4935 421 4992 Pauli
453 4937 729 5009 sequenda
759 4947 840 4994 est
867 4941 1181 5011 praeceptio,
1215 4942 1309 5013 qui
1356 4941 1422 4996 de
1462 4941 1566 4996 hoc
1600 4941 1864 4998 dilectum

264 5025 597 5097 discipulum
627 5027 934 5096 admonuit,
958 5029 1148 5085 dicens
1183 5047 1195 5084 :
1241 5056 1258 5077 ε
1289 5030 1573 5086 Seniorem
1596 5047 1663 5086 ne
1691 5032 1864 5087 incre-

265 5116 503 5188 paveris,
531 5116 626 5172 sed
670 5117 964 5174 exhortare
1001 5127 1062 5174 ut
1103 5127 1334 5190 patrem,
1363 5119 1616 5190 juniores
1655 5128 1713 5175 ut
1746 5122 1866 5177 fra-

267 5211 397 5272 tres,
431 5220 569 5259 anus
607 5212 668 5260 ut
706 5213 926 5274 matres,
975 5207 1414 5264 adolescentulas
1455 5216 1517 5264 ut
1559 5225 1773 5265 sorores
1804 5211 1863 5264 in

265 5292 415 5347 omni
443 5291 693 5348 castitate
729 5295 785 5366 (Ι
815 5296 951 5350 Tim.
977 5311 1032 5364 v,
1057 5297 1106 5364 1,
1135 5297 1215 5366 2).
1247 5322 1265 5346 ι
1300 5298 1372 5352 Et
1395 5313 1614 5353 rursum
1643 5317 1653 5354 :
1703 5325 1719 5346 ι
1743 5299 1860 5355 Ser-

265 5397 417 5451 vum,
465 5383 669 5454 inquit,
738 5383 962 5438 Domini
1017 5401 1130 5440 non
1184 5393 1402 5458 oportet
1468 5387 1706 5459 litigare,
1766 5387 1862 5444 sed

265 5480 608 5529 mansuetum
639 5489 754 5529 esse
802 5473 871 5528 ad
919 5490 1130 5543 omnes,
1179 5485 1365 5549 aptum
1419 5477 1487 5534 ad
1526 5478 1856 5548 docendum,

268 5561 583 5633 patientem,
635 5561 879 5620 modeste
946 5566 1310 5638 corrigentem
1363 5584 1456 5625 eos
1498 5569 1590 5642 qui
1641 5569 1860 5628 diversa

270 5653 498 5708 sentium
533 5653 620 5724 (ΙΙ
645 5653 778 5711 Tim.
811 5671 872 5723 ιι,
896 5653 985 5723 24,
1013 5654 1127 5728 25).
1152 5682 1170 5706 ι
1205 5658 1585 5731 Rursumque:
1627 5659 1855 5733 «Argue,

1977 4584 2230 4640 tristitias
2276 4593 2532 4657 expertus
2575 4601 2743 4640 sum:
2794 4599 2959 4639 unam
3009 4583 3219 4639 scilicet
3268 4597 3388 4655 quae
3429 4583 3572 4638 salu-

1976 4681 2086 4729 tem
2118 4682 2374 4746 operatur
2406 4676 2493 4744 (ΙΙ
2520 4675 2646 4730 Cor.
2699 4690 2799 4741 vu,
2851 4672 2964 4744 10),
3017 4672 3243 4727 alteram
3290 4687 3420 4727 vero
3450 4688 3572 4745 quae

1975 4763 2324 4819 machinatur
2355 4764 2650 4837 perniciem
2689 4781 2700 4819 :
2734 4778 2899 4817 unam
2945 4778 3065 4833 quae
3093 4761 3158 4816 ad
3191 4761 3570 4833 paenitentiam

1975 4851 2166 4920 trahit,
2199 4854 2424 4908 alteram
2457 4869 2576 4925 quae
2605 4851 2673 4907 ad
2716 4851 3150 4922 desperationem
3185 4849 3456 4922 perducit.
3491 4850 3573 4904 Tu

1975 4940 2196 5013 quidem
2227 4957 2392 4996 unam
2429 4957 2499 4996 ex
2524 4940 2638 4996 illis
2667 4939 2988 5011 dignoscere
3033 4939 3260 5007 videris,
3293 4939 3388 4995 sed
3419 4939 3571 4993 illam

1973 5046 2092 5103 qua:
2125 5039 2360 5087 mortem
2392 5032 2622 5086 omnino
2651 5039 2925 5103 operatur.
2953 5031 3073 5086 Non
3104 5038 3184 5086 est
3213 5029 3382 5102 igitur
3405 5028 3463 5082 in
3483 5026 3572 5082 his

1973 5137 2093 5193 qua:
2122 5122 2326 5179 suades
2353 5122 2816 5190 contristandum,
2847 5121 2941 5177 sed
2979 5128 3200 5178 econtra
3231 5118 3402 5189 magis
3431 5133 3572 5188 gau-

1971 5209 2211 5266 dendum
2244 5212 2301 5266 in
2330 5212 2417 5268 his
2447 5229 2566 5285 qua:
2597 5211 2832 5268 necdum
2866 5211 3150 5282 intelligis.
3186 5207 3339 5264 Unde
3369 5214 3424 5262 et
3450 5207 3573 5262 Do-

1970 5300 2156 5356 minus
2187 5302 2444 5373 perennis
2473 5303 2632 5358 dator
2660 5301 2844 5374 gaudii
2875 5301 3019 5357 dixit
3044 5318 3055 5354 :
3095 5324 3112 5346 ι
3142 5297 3278 5355 Cum
3301 5296 3570 5368 persecuti

1968 5406 2067 5445 vos
2101 5389 2306 5447 fuerint
2337 5391 2608 5458 homines,
2657 5399 2710 5446 et
2753 5390 2996 5446 dixerint
3044 5401 3206 5442 omne
3245 5387 3448 5441 malum
3478 5385 3570 5442 ad.

1967 5497 2188 5537 versum
2230 5498 2348 5550 vos,
2394 5481 2725 5537 mentientes
2773 5486 2993 5552 propter
3051 5492 3160 5545 me,
3223 5477 3452 5550 gaudete
3509 5476 3569 5531 in

1967 5569 2063 5627 illa
2090 5569 2182 5626 die
2211 5579 2265 5627 et
2291 5573 2560 5629 exsultate
2594 5590 2605 5628 :
2636 5585 2758 5628 ecce
2779 5568 2925 5624 enim
2951 5583 3158 5623 merces
3186 5575 3368 5624 vestra
3395 5563 3571 5622 multa

1965 5667 2045 5718 est
2074 5660 2132 5717 in
2161 5661 2314 5719 caelis
2337 5660 2548 5733 (Matth.
2581 5677 2637 5728 v,
2663 5659 2776 5730 12).
2809 5682 2828 5704 ι
2862 5657 3136 5714 Memento
3156 5650 3565 5730 quiaapostoli,
