4086 6208
462 386 467 391 ,
540 294 676 367 “'59

1532 304 1627 362 AD
1669 302 1906 362 OPERA
1942 302 1998 360 S.
2040 294 2376 359 AMBROSII
2411 296 2794 357 APPENDIX.

3696 278 3832 354 ideo

524 442 725 491 nostra
755 432 1037 506 religionis
1069 431 1333 501 culmina,
1381 430 1534 486 ibant
1577 429 1871 501 gaudentes
1908 447 1939 486 a
1985 445 2115 486 con-
2150 424 2573 497 Acommisisti,
2634 439 2798 497 quam
2849 421 3036 495 gravia
3090 421 3348 489 crimina,
3432 437 3605 495 quam
3669 420 3835 479 innu-

521 533 710 596 spectu
741 521 986 589 concilii,
1027 519 1287 593 quoniam
1320 519 1471 591 digni
1506 518 1681 575 habiti
1728 527 1857 575 sunt
1886 533 1986 591 pro
2014 533 2126 572 no-

521 614 670 669 mine
716 614 841 669 Jesu
895 610 1286 668 contumeliam
1334 609 1445 681 pati
1498 608 1639 680 (Act.
1679 626 1735 674 v,
1780 607 1894 679 41).
1929 607 2125 663 Nullus

520 721 646 776 ergo
703 704 760 758 in
817 701 1209 758 afﬂictionibus
1259 700 1509 755 moeroris
1565 701 1718 757 locus
1770 718 1884 757 esse
1940 700 2119 768 debet,

518 809 643 848 cum
671 792 750 848 eis
779 800 928 849 tanta
958 792 1164 848 laetitiae
1202 791 1567 847 exuberantia
1592 791 1870 849 succedat.

1117 910 1345 968 CAPUT
1378 912 1525 967 XIII.

943 1002 1149 1073 Torpor
1178 1003 1255 1056 vel
1286 1002 1497 1072 ignavia
1528 1000 1655 1056 dicit
1685 1017 1701 1054 :

587 1098 879 1155 Continuus
910 1099 1135 1155 lectioni
1167 1116 1230 1155 ac
1260 1092 1526 1154 diiiturno
1571 1098 1977 1170 Scripturarum
2006 1104 2117 1153 stu-

515 1188 608 1244 dio
653 1206 866 1260 semper
915 1190 1127 1245 insistis
1159 1190 1186 1244 ?
1233 1190 1533 1245 Oculorum
1582 1187 1981 1260 Ophthalmiam
2029 1187 2118 1243 vel

516 1276 905 1349 lippitudinem
966 1278 1236 1334 incurres.
1303 1278 1357 1334 Si
1419 1278 1793 1334 indesinenter
1847 1278 2119 1350 lacrymas

514 1365 725 1434 fundis,
765 1366 946 1437 ipsum
997 1372 1161 1423 etiam
1205 1370 1492 1425 oculorum
1534 1370 1722 1424 lumen
1765 1366 2002 1424 amittes.
2036 1366 2114 1436 Si,

514 1453 799 1524 protelatis
858 1454 1090 1526 vigiliis,
1138 1457 1475 1527 psalmorum
1534 1473 1761 1528 pensum
1827 1456 2113 1528 persolvis,

512 1542 708 1614 capitis
755 1544 1031 1601 insaniam
1082 1545 1313 1604 incides.
1365 1547 1421 1604 Si
1464 1548 1788 1621 quotidiano
1835 1547 2021 1604 labore
2063 1555 2118 1604 te

510 1632 758 1701 conﬁcis,
792 1635 859 1691 ad
891 1652 1029 1707 opus
1058 1636 1310 1709 spiritale
1340 1635 1559 1708 quando
1585 1653 1880 1708 consurges
1909 1637 1938 1692 ?

649 1726 748 1780 Sed
774 1726 1045 1780 industria
1074 1724 1436 1794 indefessaque
1458 1725 1633 1779 virtus
1660 1726 1937 1797 respondet
1965 1743 1983 1781 :

583 1812 727 1879 Quid
753 1813 876 1881 tibi,
905 1831 937 1868 ο
964 1813 1151 1880 homo,
1183 1783 1249 1867 ad
1279 1783 1423 1867 bo‘na
1452 1783 1787 1884 perﬁcienda
1813 1822 1925 1870 tam
1957 1816 2118 1887 longa
2145 1805 2190 1866 B
2225 1799 2330 1854 κη’
2365 1783 2479 1855 13)·

510 1908 818 1971 temporum
852 1900 1112 1972 proponis
1148 1900 1323 1973 spatia
1366 1902 1504 1973 (Jac.
1537 1920 1617 1969 1v,
1675 1903 1764 1974 I3)
1797 1904 1826 1959 ?
1851 1904 2115 1979 Nunquid

510 1989 617 2045 scis
646 1990 691 2045 si
723 1991 961 2047 crastina
991 1991 1153 2046 vivas
1190 1992 1279 2047 die
1306 1993 1334 2049 ?
1368 1992 1478 2049 imo
1509 1994 1672 2048 etiam
1715 1995 1759 2050 si
1814 1994 1899 2050 vel
1943 2011 2111 2052 unam

510 2079 568 2135 in
599 2079 702 2136 hac
728 2080 842 2136 vita
871 2098 1093 2154 peragas
1125 2082 1313 2138 heram
1349 2085 1376 2140 ?
1404 2084 1489 2139 An
1521 2084 1661 2140 forte
1690 2093 1875 2141 mente
1905 2085 2115 2143 excidit

507 2169 657 2242 quod
688 2170 940 2227 Salvator
984 2172 1041 2227 in
1072 2173 1375 2243 Evangelio
1420 2173 1558 2229 dicit
1588 2192 1600 2230 :
1648 2199 1669 2222 ι
1697 2174 1956 2246 Vigilate,
1983 2176 2113 2248 quia

508 2261 737 2317 nescitis
767 2261 910 2317 diem
959 2278 1135 2335 neque
1176 2262 1369 2318 horam
1412 2264 1632 2332 (Matth.
1681 2280 1820 2333 xxv,
1870 2265 1960 2336 13)
2008 2265 2037 2321 Ῡ
2076 2289 2097 2314 ι

505 2351 850 2423 Quapropter
904 2352 1118 2409 discute
1173 2353 1413 2423 torporis
1464 2353 1743 2422 inertiam,
1787 2367 2108 2425 semperque

505 2448 782 2496 memento
827 2441 956 2514 quia
1002 2457 1230 2513 regnum
1282 2442 1548 2497 cmlorum
1590 2459 1701 2498 non
1747 2441 1941 2514 tepidi,
1994 2458 2107 2497 non

504 2528 721 2597 molles,
752 2544 863 2583 non
895 2527 1128 2597 desides,
1157 2528 1252 2586 sed
1282 2529 1536 2599 violenti,
1571 2530 1791 2604 vimque
1823 2530 2104 2599 facientes,

501 2625 565 2674 ut
594 2617 777 2691 inquit
808 2617 1079 2688 Salvator,
1111 2618 1386 2692 diripiunt
1418 2618 1559 2676 illud
1593 2621 1807 2693 (Matth.
1851 2637 1934 2690 χι,
1988 2620 2101 2693 12).

1100 2737 1328 2795 CAPUT
1359 2739 1509 2795 XIV.

925 2828 1188 2899 Evagatio
1234 2828 1467 2899 inquieta
1497 2827 1626 2884 dicit
1658 2846 1675 2883 .'

572 2922 630 2981 Si
675 2927 850 2982 Deum
895 2941 1012 2982 esse
1050 2926 1256 2999 ubique
1299 2927 1498 2995 credis,
1534 2943 1634 2983 cur
1676 2943 1851 2982 unum
1900 2926 2094 2999 singu-

500 3013 690 3069 lariter
739 3016 943 3083 locum,
997 3026 1105 3087 quo
1163 3022 1316 3070 tanta
1366 3016 1507 3071 mala
1561 3022 1965 3089 perpetrantur,
2008 3032 2098 3073 cu-

501 3105 697 3175 stodis,
725 3114 779 3162 et
808 3123 918 3161 non
950 3107 1134 3178 potius
1163 3107 1230 3163 ad
1259 3107 1367 3162 alia
1390 3108 1592 3163 transis
1620 3108 1648 3163 7

922 3196 1198 3252 Stabititas
1225 3214 1347 3252 vero
1375 3198 1652 3269 respondet
1676 3215 1694 3253 :

572 3286 633 3343 Si
659 3285 737 3343 ita
760 3295 862 3356 est,
901 3295 963 3343 ut
990 3288 1204 3357 asseris,
1243 3288 1372 3361 quia
1414 3288 1617 3362 ubique
1662 3303 1776 3345 esse
1817 3288 1991 3345 Deum
2021 3287 2097 3344 fa-

499 3376 651 3445 teris,
678 3394 806 3449 ergo
834 3393 934 3435 nec
963 3376 1065 3434 iste
1096 3379 1249 3435 locus
1294 3377 1630 3435 deserendus
1673 3385 1774 3447 est,
1806 3393 1970 3450 quem
2014 3376 2097 3433 fu-

497 3482 621 3538 gere
656 3467 868 3539 appetis
928 3486 939 3523 :
990 3467 1119 3540 quia
1161 3476 1216 3523 et
1260 3468 1319 3523 in
1368 3467 1487 3540 ipso
1524 3470 1670 3524 Deus
1713 3475 1813 3524 est.
1863 3468 2091 3537 Verum,

495 3554 734 3627 inquies,
765 3557 1047 3611 meliorem
1089 3557 1331 3628 inquiro,
1366 3556 1648 3612 meliorem
1694 3556 1938 3613 invenio.
1988 3556 2094 3614 Sed

494 3642 798 3712 respondeo
834 3660 845 3696 :
881 3643 1147 3714 Nunquid
1177 3644 1482 3711 meliorem,
1522 3651 1617 3698 aut
1649 3645 1843 3700 saltem
1875 3646 2091 3717 qualem

492 3728 746 3784 diabolus
774 3738 827 3784 et
854 3731 1080 3801 angelus
1109 3730 1227 3801 ejus
1256 3739 1419 3803 atque
1464 3731 1633 3787 homo
1679 3732 1942 3804 perdidit,
1994 3734 2092 3790 in-

491 3817 681 3873 venies
724 3818 908 3873 locum
965 3819 993 3875 7
1050 3821 1259 3876 Memor
1312 3827 1428 3877 esto
1476 3819 1657 3893 itaque
1705 3821 1835 3894 quia
1878 3823 2091 3895 primus

490 3908 719 3979 angelus
746 3908 814 3964 de
842 3909 982 3965 coelo
1027 3910 1237 3966 corruit
1287 3909 1389 3982 (sic
1436 3926 1672 3984 namque
1701 3911 1967 3984 scriptum
1998 3913 2090 3968 le-

488 4001 640 4074 gitur
668 4002 818 4074 (Luc.
841 4020 899 4071 χ,
929 4002 1018 4075 18)
1045 4022 1057 4060 ;
1106 4029 1123 4050 ε
1151 4002 1420 4061 Videbam
1443 4004 1698 4062 Satanam
1729 4005 1873 4064 sicut
1902 4006 2089 4081 fulgur

486 4092 555 4149 de
587 4093 726 4150 coelo
755 4092 1063 4162 cadentem,
1096 4118 1116 4143 ι
1158 4102 1214 4151 et
1268 4096 1481 4167 primus
1530 4095 1694 4153 homo
1722 4097 1791 4153 de
1834 4099 2087 4171 paradiso

487 4184 754 4254 expulsus
783 4182 851 4239 ad
881 4200 1181 4239 aerumnam
1212 4184 1382 4255 hujus
1424 4186 1610 4244 saeculi
1654 4187 1879 4243 devenit
1925 4188 2081 4260 (Gen.

487 4287 575 4340 ιιι,
610 4271 726 4343 24).
749 4273 988 4329 Attende
1015 4274 1143 4346 quia
1172 4274 1275 4330 Lot
1301 4275 1568 4331 exercitio
1594 4278 1862 4333 malorum
1890 4277 2084 4351 proba-

483 4367 594 4429 tus,
627 4362 772 4418 inter
801 4362 1110 4420 Sodomitas
1153 4372 1373 4422 sanctus
1401 4365 1508 4420 fuit
1534 4366 1750 4437 (Genes.
1780 4384 1904 4437 χιχ,
1938 4368 2027 4438 10)
2064 4386 2077 4424 :

481 4631 638 4689 dium
670 4630 853 4689 adhuc
890 4634 1115 4689 alteram
1161 4636 1398 4707 speciem
1444 4636 1619 4705 addit,
1651 4636 1783 4693 dum
1814 4636 2077 4709 quosdam

479 4720 646 4776 etiam
671 4720 731 4777 in
766 4738 866 4778 suo
895 4723 1158 4780 exercitio
1205 4733 1610 4796 perseverantes
1640 4741 1672 4781 a
1699 4726 2081 4798 spiritualibus

478 4809 730 4880 retrahit,
780 4810 867 4866 vel
909 4811 1141 4868 terrenis
1184 4814 1419 4886 negotiis
1466 4814 1734 4886 implicat,
1784 4814 1872 4870 vel
1916 4814 2079 4870 rebus

476 4901 769 4958 vilissimis
824 4905 1018 4976 satagit
1067 4920 1331 4977 occupare
1378 4923 1389 4961 :
1432 4913 1624 4962 contra
1662 4905 1873 4962 dictum
1931 4908 2076 4979 Apo-

477 4994 606 5050 stoli
632 5011 814 5067 agens,
844 4996 938 5067 qui
966 4996 1089 5053 ait:
1136 4998 1350 5053 «Nemo
1396 4997 1642 5053 militans
1692 4998 1825 5066 Deo,
1878 4996 2076 5070 impli-

473 5093 561 5141 cat
607 5102 663 5141 se
719 5085 958 5158 negotiis
1014 5086 1387 5156 saecularibus,
1434 5094 1497 5142 ut
1542 5086 1592 5143 ei
1634 5087 1865 5158 placeat,
1896 5087 1986 5144 cui
2015 5102 2073 5143 se

473 5174 732 5247 probavit
765 5178 854 5250 (II
886 5178 1022 5234 Tim.
1057 5195 1118 5246 ιι,
1151 5176 1232 5247 4),
1265 5201 1283 5225 ι
1328 5185 1383 5233 et
1412 5194 1629 5234 rursum
1657 5196 1669 5233 :
1710 5203 1729 5225 ι
1749 5178 1877 5233 Sine
1906 5180 2070 5234 inter-

473 5265 739 5322 missione
765 5276 935 5336 orate,
990 5268 1049 5323 in
1090 5266 1349 5323 omnibus
1399 5268 1597 5338 gratias
1624 5268 1767 5343 agite
1797 5269 1855 5342 (Ι
1887 5270 2066 5327 Thess.

472 5369 529 5426 v,
553 5358 641 5425 i7,
678 5358 793 5429 is).
826 5384 844 5408 .

1073 5472 1302 5533 CAPUT
1335 5474 1461 5532 XV.

999 5564 1305 5640 Desperatio
1352 5566 1481 5623 dicit
1518 5583 1530 5622 :

540 5664 670 5737 Qua:
725 5672 779 5722 et
826 5673 1029 5741 quanta
1083 5666 1142 5721 in
1179 5668 1352 5724 Deum
1399 5676 1453 5723 et
1507 5666 1565 5722 in
1619 5666 1856 5725 animam
1912 5674 2064 5729 tuam

2230 533 2382 574 mera
2410 516 2637 585 delicta,
2670 522 2723 571 et
2755 515 2815 570 in
2846 513 3048 569 melius
3083 527 3185 568 nec
3208 510 3325 583 jam
3357 510 3531 567 vitam
3582 513 3831 582 mutasti,

2232 623 2334 663 nec
2396 604 2875 663 conversationem
2926 602 3141 660 utiliter
3187 601 3455 658 hactenus
3503 601 3827 659 correxisti.

2230 699 2373 754 Ecce
2400 697 2568 765 enim,
2617 704 2677 752 ut
2733 696 2935 763 cernis,
2998 694 3141 749 mala
3169 708 3386 764 semper
3432 691 3835 749 consuetudine

2232 786 2509 859 obligatus
2538 786 2764 842 teneris.
2796 784 3028 843 Conaris
3060 799 3352 854 exsurgere
3388 827 3404 851 ,
3443 781 3538 839 sed
3594 792 3834 854 peccato-

2230 895 2353 934 rum
2382 877 2621 950 pondere
2651 886 3021 950 praegravatus
3063 874 3344 931 relaberis.
3393 873 3540 941 Quid
3573 889 3706 945 ergo
3733 874 3832 929 tibi

2228 968 2522 1040 agendum,
2554 967 2776 1040 quando
2804 967 2871 1023 de
2901 966 3195 1039 praeteritis
3222 974 3372 1022 certa
3399 963 3694 1020 damnatio
3724 964 3833 1018 im-

2229 1058 2422 1121 minet,
2456 1056 2523 1113 de
2558 1055 2922 1131 praesentibus
2972 1054 3287 1111 emendatio
3326 1053 3482 1108 nulla
3534 1053 3830 1120 succurrit,

2227 1149 2335 1205 nisi
2363 1155 2426 1204 ut
2455 1164 2567 1204 non
2598 1149 2823 1204 omittas
2850 1147 3241 1219 temporalium
3265 1160 3448 1200 rerum
3489 1144 3831 1216 voluptates,

2227 1238 2359 1294 dum
2386 1238 2561 1295 futuri
2611 1238 2799 1295 saeculi
2847 1236 3213 1312 promissione
3263 1233 3526 1308 consequi
3578 1234 3834 1290 retarda-

2228 1329 2304 1384 ris
2325 1328 2354 1383 ’ἲ

2624 1418 2725 1475 Sed
2748 1417 2860 1489 spei
2889 1416 3084 1489 ﬁducia
3113 1414 3395 1488 respondet
3421 1432 3434 1469 :

2300 1509 2357 1564 Si
2387 1508 2455 1566 de
2484 1508 2816 1583 capitalibus
2844 1508 3062 1565 delictis
3082 1508 3295 1581 agitur:
3323 1523 3449 1564 ecce
3468 1504 3651 1563 David
3682 1504 3830 1561 adul-

2227 1599 2367 1658 terio
2397 1601 2564 1657 simul
2594 1608 2647 1657 et
2686 1600 2992 1656 homicidio
3021 1616 3164 1668 reus,
3222 1597 3290 1655 de
3340 1596 3545 1653 inferni
3579 1594 3830 1651 faucibus

2224 1690 2451 1747 Domini
2499 1690 2879 1747 misericordia
2908 1689 3242 1746 describitur
3286 1688 3553 1745 liberatus
3586 1686 3677 1753 (II
3701 1686 3826 1757 Reg.

2508 1781 2652 1839 Ecce
2684 1778 3200 1853 impudentissimus
3242 1780 3538 1846 Manasses,
3571 1782 3832 1848 peccato-

2224 1891 2347 1931 rum
2377 1874 2627 1930 omnium
2658 1873 3070 1947 impurissimus
3128 1888 3191 1929 ac
3241 1868 3672 1934 sordidissimus,
3730 1882 3827 1939 per

2223 1964 2611 2038 pmnitentiam
2649 1964 2717 2020 de
2773 1972 2951 2021 morte
3001 1964 3070 2020 ad
3101 1963 3273 2019 vitam
3321 1960 3489 2018 rediit
3521 1960 3615 2031 (II
3635 1959 3823 2015 Paret.

2222 2071 2428 2123 χχχιιι,
2458 2054 2571 2127 I2).
2602 2055 2745 2112 Ecce
2767 2054 2972 2110 mulier
3000 2054 3058 2110 in
3088 2052 3316 2110 civitate
3343 2049 3646 2125 peccatrix,
3670 2048 3825 2103 innu-

2222 2144 2388 2200 meris
2425 2152 2774 2217 peccatorum
2822 2143 3084 2202 cordibus
3134 2141 3442 2215 inquinata,
3492 2138 3564 2194 ad
3612 2137 3828 2210 pietatis

2221 2233 2429 2288 fontem
2468 2233 2635 2291 anxia
2663 2250 2910 2303 currens,
2941 2231 3277 2305 Dominique
3304 2228 3535 2301 vestigia
3567 2227 3828 2299 lacrymis

2220 2321 2421 2394 rigans,
2482 2323 2699 2396 capillis
2755 2324 3062 2396 detergens,
3121 2321 3556 2391 deosculansque
3603 2325 3658 2375 et
3715 2335 3829 2374 uu-

2218 2420 2420 2483 guento
2455 2429 2783 2486 perungens,
2835 2410 2985 2468 ablui
3016 2420 3132 2469 tota
3170 2411 3372 2467 meruit
3412 2410 3567 2481 (Luc.
3604 2426 3707 2477 vn,
3739 2408 3824 2470 37,

2217 2501 2333 2574 38).
2366 2503 2615 2576 Denique
2660 2503 2878 2560 audivit
2911 2522 2923 2560 :
2999 2528 3019 2551 ‹
3072 2502 3453 2560 Remittuntur
3478 2501 3585 2557 tibi
3618 2517 3823 2574 pecca-

2214 2596 2271 2646 ta
2302 2590 2465 2663 (Ibid.
2490 2591 2584 2664 48)
2610 2609 2623 2659 ;
2648 2616 2666 2639 ›
2702 2600 2756 2647 et
2790 2611 2804 2649 :
2855 2618 2873 2640 ι
2898 2592 3063 2649 Fides
3078 2600 3175 2647 tua
3191 2600 3245 2647 te
3276 2591 3482 2647 salvam
3512 2589 3665 2656 fecit,
3693 2589 3828 2644 vade

2214 2679 2273 2735 in
2303 2697 2431 2753 pace
2455 2683 2618 2754 (Ibid.
2647 2682 2762 2755 50).
2808 2708 2827 2733 ι
2883 2684 3025 2739 Ecce
3070 2683 3263 2738 Petrus
3309 2681 3620 2755 negationis
3666 2680 3828 2735 trina

2212 2770 2454 2827 vinculis
2527 2772 2805 2841 astrictus,
2880 2773 3243 2829 amarissimis
3306 2772 3571 2844 lacrymis
3645 2770 3825 2826 nodos

2212 2862 2578 2934 prolapsionis
2607 2880 2717 2919 suae
2748 2863 2978 2921 resolvit
3009 2863 3161 2935 (Luc.
3207 2879 3352 2931 χχιι,
3382 2861 3499 2932 62).
3561 2861 3708 2916 Ecce
3733 2875 3831 2916 se-

2211 2951 2423 3008 ditione
2461 2953 2629 3009 simul
2657 2961 2711 3009 et
2743 2952 2971 3009 fraterni
3029 2952 3296 3010 effusione
3340 2950 3635 3023 sanguinis
3684 2950 3827 3006 latro

2211 3042 2408 3098 mortis
2436 3042 2810 3099 damnationis
2867 3042 3166 3111 obnoxius,
3221 3058 3335 3098 uno
3386 3040 3658 3113 temporis
3695 3056 3829 3096 mo-

2210 3139 2418 3196 mento,
2451 3148 2669 3205 unaque
2698 3131 3065 3189 confessionis
3104 3147 3260 3201 voce,
3303 3130 3370 3187 de
3414 3146 3579 3187 cruce
3628 3129 3704 3185 ad
3738 3145 3824 3201 pa-

2209 3220 2453 3277 radisum
2483 3222 2723 3278 transiit.
2775 3222 3027 3295 Denique
3073 3221 3285 3279 dictum
3333 3229 3414 3276 est
3449 3220 3499 3276 ei
3532 3239 3546 3275 :
3592 3244 3612 3266 ι
3646 3219 3823 3276 Hodie

2208 3327 2424 3367 mecum
2451 3311 2559 3367 eris
2589 3310 2647 3366 in
2669 3310 2923 3384 paradiso
2955 3311 3108 3383 (Luc.
3149 3327 3314 3378 χχιιι,
3341 3309 3457 3382 Is3).
3488 3333 3505 3355 ι
3549 3309 3816 3365 Pulcher-

2206 3403 2410 3461 rimum
2442 3404 2691 3478 profecto
2716 3404 3035 3462 affectanda
3063 3402 3443 3460 conversionis
3467 3403 3815 3475 exemplum.

2204 3496 2338 3552 Nam
2366 3502 2480 3552 tam
2531 3495 2643 3553 cito
2691 3497 2833 3553 latro
2884 3496 2942 3553 in
2973 3495 3064 3551 via
3108 3495 3407 3564 relaxatur,
3466 3500 3530 3549 ut
3591 3493 3819 3550 uberior

2204 3595 2457 3659 appareat
2494 3586 2689 3660 gratia,
2720 3605 2884 3662 quam
2912 3588 3174 3663 precatio.
3216 3589 3357 3645 Ecce
3386 3587 3589 3644 Saulus
3613 3588 3817 3645 Eccle—

2202 3676 2340 3732 siam
2367 3677 2468 3733 Dei
2513 3694 2864 3752 persequens,
2923 3680 3130 3736 multos
3175 3695 3276 3751 pro
3323 3677 3554 3735 nomine
3602 3677 3813 3736 Christi

2201 3766 2498 3837 perimens,
2531 3775 2586 3824 et
2631 3766 2886 3824 madidus
2933 3784 3072 3840 pene
3110 3775 3260 3825 totus
3301 3775 3624 3825 sanctorum
3655 3784 3813 3823 mar-

2200 3864 2388 3929 tyrum
2424 3874 2640 3928 cruore,
2657 3859 2884 3916 Domini
2920 3860 3141 3916 tandem
3174 3877 3311 3918 voce
3337 3876 3664 3928 conversus,
3687 3876 3812 3933 apo-

2198 3947 2375 4004 stolus
2411 3947 2589 4006 factus
2620 3957 2725 4020 est,
2756 3959 2811 4007 et
2842 3965 2939 4006 vas
2970 3948 3259 4007 electionis
3285 3956 3641 4023 nuncupatus
3662 3950 3806 4019 (Act.

2198 4053 2279 4102 ιχ,
2313 4037 2427 4107 15).
2460 4037 2566 4094 Ubi
2594 4056 2722 4110 ergo
2753 4045 2835 4096 tot
2872 4046 3133 4112 tantaque
3173 4038 3425 4111 exempla
3458 4037 3806 4110 praecedunt,

2195 4142 2305 4182 non
2335 4126 2467 4183 dent
2512 4128 2698 4184 locum
2744 4128 3115 4202 desperationi
3155 4129 3299 4184 mala
3333 4127 3637 4201 colloquia,
3676 4144 3806 4184 cum

2194 4215 2377 4287 etjam
2407 4216 2678 4288 scriptum
2710 4218 2781 4275 sit
2813 4236 2826 4275 :
2892 4242 2912 4266 ι
2942 4217 3081 4275 Cum
3120 4233 3419 4275 conversus
3462 4216 3637 4272 fuerit
3665 4232 3808 4289 pec-

2191 4312 2346 4360 cator
2392 4305 2459 4362 ab
2516 4306 2814 4381 iniquitate
2868 4324 2989 4377 sua,
3042 4315 3095 4364 et
3151 4306 3341 4364 fecerit
3397 4304 3683 4378 judicium
3751 4312 3805 4363 et

488 4392 594 4429 tua,
627 4392 762 4418 ιιιιυι
801 4392 1110 4420 ουυυιυιιᾶδ
1153 4392 1373 4422 assumus
1401 4392 1508 4420 tun
1534 4392 1547 4437 ι
1571 4392 1750 4424 uenus.
1781 4392 1904 4437 χιχ,
1938 4392 2027 4438 1U)
2064 4392 2077 4424 ζ

2215 4394 2484 4464 ustitiam,
2516 4394 2574 4451 in
2609 4396 2743 4469 ipsis
2775 4396 2890 4468 ipse
2920 4398 3073 4453 vivet
3104 4396 3320 4469 (Ezech.
3353 4412 3569 4464 χχχιιι,
3612 4395 3734 4466 11).
3772 4420 3792 4442 ι

482 4456 559 4541 ι-ιιΔ
588 4459 773 4541 monte
821 4469 952 4509 vero
988 4456 1281 4511 securitate
1319 4462 1561 4527 torpens,
1607 4456 1912 4514 inebriatus
1953 4474 2079 4513 cum
2112 4530 2155 4541 _
2185 4456 2265 4538 'Et
2291 4482 2349 4537 in
2383 4456 2493 4540 aug)
2523 4456 2650 4541 1000‘
2680 4502 2691 4539 ε

480 4538 703 4597 ﬁliabus
740 4542 986 4613 peccavit
1017 4544 1181 4615 (Ibid.
1233 4544 1439 4617 32-35).
1492 4544 1608 4600 Hoc
1640 4546 1942 4618 vagationis
1971 4554 2081 4603 ιω-
2112 4530 2161 4590 D

2744 4509 2763 4533 ι
2805 4484 3070 4558 Nunquid
3110 4485 3397 4541 voluntate
3424 4484 3599 4540 velim
3639 4501 3805 4541 mor-

2192 4578 2301 4628 tem
2336 4572 2542 4645 iniqui,
2570 4573 2711 4631 dicit
2756 4574 2994 4642 Adonei,
3022 4583 3291 4647 quantum
3332 4582 3394 4630 ut
3437 4582 3804 4633 convertatur

2190 4663 2284 4721 ille
2307 4682 2338 4721 a
2368 4666 2459 4722 via
2487 4683 2586 4721 sua
2629 4667 2796 4735 mala,
2838 4674 2893 4722 et
2926 4666 3079 4723 vivat
3111 4668 3328 4739 (Ezech.
3368 4683 3534 4736 xvm,
3577 4666 3674 4739 23)
3708 4668 3739 4724 7
3769 4693 3791 4716 ι

2187 4755 2267 4811 De
2292 4756 2711 4812 conversatione
2754 4772 2886 4813 vero
2919 4756 2981 4812 in
3023 4756 3223 4814 melius
3268 4771 3616 4829 nequaquam
3660 4773 3801 4812 mu-

2187 4849 2299 4899 tata
2328 4844 2463 4916 quid
2482 4844 2637 4901 aliud
2668 4844 3051 4918 respondeam,
3072 4845 3182 4902 nisi
3220 4854 3281 4901 ut
3310 4844 3459 4918 quod
3488 4844 3615 4900 heri
3645 4847 3797 4918 quis-

2186 4948 2291 5006 que
2322 4950 2436 4990 non
2470 4934 2604 5007 egit,
2633 4934 2798 4991 hodie
2818 4936 2988 5007 agat?
3019 4934 3132 4991 Nec
3173 4933 3595 4992 conversionem
3636 4935 3798 4992 diﬂ‘e'

2184 5032 2268 5081 rat
2305 5025 2373 5082 de
2404 5025 2493 5082 die
2530 5026 2589 5081 in
2615 5026 2784 5095 diem,
2828 5025 2961 5082 dum
2990 5026 3167 5083 nescit
3195 5025 3243 5083 si
3276 5026 3362 5081 vel
3393 5041 3562 5081 unam
3593 5042 3797 5083 corre—

2186 5115 2389 5172 ctionis
2438 5115 2636 5172 habeat
2690 5115 2873 5173 diem:
2934 5132 3255 5190 semperque
3309 5132 3409 5187 pro
3459 5115 3795 5173 muneribus

2184 5207 2420 5279 desuper
2481 5206 2737 5279 acceptis,
2805 5224 2986 5280 prava;
3052 5205 3442 5264 consuetudini
3498 5207 3790 5275 resistens,

2179 5296 2329 5353 dicat
2361 5312 2520 5353 mane
2549 5296 2761 5370 vesperi
2796 5316 2808 5353 :
2856 5323 2874 5345 ε
2914 5299 3057 5355 Ecce
3085 5312 3235 5354 nunc
3263 5297 3425 5370 coepi,
3472 5295 3594 5353 haec
3622 5314 3795 5354 com-

2178 5387 2412 5446 mutatio
2435 5387 2680 5446 dexterre
2708 5387 2929 5444 Excelsi
2955 5388 3128 5460 (Psal.
3161 5403 3355 5455 LXXVI,
3384 5386 3500 5458 11).
3546 5412 3565 5434 ι

2786 5487 3014 5547 CAPUT
3050 5487 3183 5544 XVI

2741 5579 3021 5651 Cupiditas
3064 5578 3194 5633 dicit
3214 5592 3233 5633 :

2247 5671 2406 5733 Certe
2432 5671 2551 5730 sine
2578 5670 2742 5745 culpa
2768 5687 2826 5730 es
2873 5670 3022 5746 quod
3046 5672 3295 5746 quaedam
3338 5669 3591 5729 habenda
3631 5685 3785 5729 con-
