4086 6208
239 347 364 404 1161

234 470 466 542 cupiscis
509 469 637 540 quia
685 484 794 522 non
837 467 1207 537 multiplicare
1254 468 1482 538 appetis,
1531 467 1623 521 sed
1674 482 1827 536 egere
1862 469 1907 526 Α

233 559 573 634 pertimescis
601 577 612 614 :
643 566 695 613 et
725 558 871 630 quod
902 559 1044 614 male
1073 558 1214 613 alius
1241 558 1460 625 retinet,
1494 557 1610 630 ipse
1639 556 1838 611 melius

233 666 298 704 ex
306 648 519 720 pendis.

532 737 631 792 Sed
657 737 840 791 mundi
865 744 1182 809 contemptus
1213 738 1486 808 respondet
1515 754 1532 792 :

302 829 410 883 Ista
445 828 566 881 lteta
599 827 770 899 hujus
795 829 982 884 szeculi
1015 846 1045 883 a
1073 829 1292 884 nemine
1321 830 1438 883 sine
1478 826 1722 899 periculo
1749 827 1834 881 vel

231 917 533 972 offensione
585 898 949 988 procurantur
983 937 993 972 :
1032 919 1162 990 quia
1204 926 1407 990 quanto
1448 917 1677 989 quisque
1714 917 1836 986 plus

231 1007 416 1073 habet,
453 1014 603 1061 tanto
651 1007 888 1078 amplius
935 1007 1134 1063 habere
1158 1007 1498 1078 concupiscit
1533 1025 1544 1060 :
1579 1007 1746 1078 fitque
1778 1013 1838 1060 ut

228 1097 462 1151 modum
496 1097 732 1152 habendi
783 1098 1032 1153 invenire
1078 1106 1329 1169 nequeat,
1363 1096 1492 1151 dum
1532 1095 1838 1150 innumeris

230 1184 399 1256 hujus
447 1186 630 1240 saeculi
677 1186 826 1241 curis
873 1185 1148 1242 deservire
1189 1187 1430 1241 festinat.
1466 1187 1534 1240 Ut
1583 1186 1728 1239 enim
1761 1185 1836 1239 ait

231 1274 516 1346 Scriptura
550 1295 560 1332 :
595 1275 842 1346 Diligens
889 1283 1173 1345 argentum
1226 1291 1334 1329 non
1376 1274 1695 1344 implebitur
1739 1291 1837 1328 ar-

229 1375 398 1435 gento
426 1367 622 1436 (Eeele.
658 1384 709 1432 v,
743 1368 821 1435 9).
853 1367 979 1420 Haec
1004 1365 1270 1419 nimirum
1299 1363 1534 1418 habendi
1566 1365 1840 1435 cupiditas

228 1471 448 1525 semper
477 1456 690 1524 bibens,
738 1463 791 1510 et
834 1472 1046 1526 semper
1093 1453 1309 1520 sitiens,
1352 1471 1636 1525 nunquam
1687 1454 1841 1510 desi—

226 1545 446 1601 derium
487 1564 647 1600 suum
697 1547 951 1616 implens,
985 1563 1147 1617 quam
1195 1547 1266 1601 sit
1309 1545 1645 1612 detestanda,
1691 1548 1842 1600 Pau—

229 1637 318 1691 lus
373 1637 651 1707 apostolus
702 1636 929 1704 indicat,
983 1635 1220 1693 dicens:
1265 1660 1281 1680 ε
1312 1637 1383 1691 Et
1428 1635 1678 1703 avaritia,
1721 1653 1840 1706 quae

228 1735 312 1782 est
359 1727 784 1782 simulacrorum
833 1727 1069 1781 servitus
1112 1728 1342 1796 (Coloss.
1390 1743 1483 1791 -ιιι,
1534 1727 1616 1796 Ei).
1649 1750 1666 1771 ι
1712 1726 1841 1792 Quae

1157 344 1251 398 DE
1295 342 1644 399 VITIORUM
1684 342 2645 422 VIRTUTUMQUE_CQNFLICTU.

3398 349 3540 404 1162

1947 476 2210 539 tegantur,
2246 467 2332 521 his
2375 469 2617 523 contenti
2653 468 2824 522 simus
2872 469 2928 540 (Ι
2971 472 3102 526 Tim.
3150 491 3225 540 v1,
3258 474 3338 543 8).
3373 500 3389 521 ι
3435 478 3541 533 Sed

1950 557 2090 612 forte
2127 557 2277 612 dices
2309 576 2318 611 :
2354 558 2480 612 Ideo
2532 558 2597 612 iis
2646 558 2737 629 qui
2786 559 2840 612 in
2872 569 3068 615 sortem
3104 563 3326 618 Domini
3364 567 3543 622 vocati

1951 654 2097 712 sunt,
2152 646 2309 716 plura
2361 645 2560 700 habere
2601 646 2892 715 contingit,
2950 654 3010 700 ut
3063 649 3258 704 melius
3307 652 3372 704 ab
3413 654 3544 724 ipsis

1951 750 2109 806 quam
2161 752 2190 789 a
2240 734 2614 805 popularibus,
2647 743 2899 806 erogetur
2943 735 3145 792 Christi
3195 741 3542 810 pauperilms.

1949 825 2019 878 Et
2055 824 2121 879 iis
2153 842 2248 895 ego
2280 824 2585 891 consentio,
2628 826 2718 880 sed
2751 824 3008 895 praelatis,
3054 844 3162 881 non
3194 837 3372 883 autem
3407 831 3547 884 sub-

1944 913 2124 985 jectis,
2159 933 2295 987 quos
2344 917 2582 970 maxime
2623 916 2760 971 illud
2813 918 3057 972 mulieris
3105 919 3201 974 Lot
3232 922 3543 992 exemplum

1949 1004 2158 1071 docuit,
2193 1023 2311 1077 qum
2361 1005 2489 1060 dum
2543 1013 2662 1075 post
2715 1014 2928 1077 tergum
2982 1025 3011 1062 a
3068 1008 3321 1062 Sodomis
3357 1010 3546 1065 exiens

1949 1092 2211 1163 respexit,
2259 1094 2314 1147 in
2351 1102 2584 1150 statuam
2631 1097 2759 1150 salis
2790 1113 3072 1163 conversa,
3104 1097 3357 1167 spiritum
3388 1097 3548 1152 eilia-

1950 1183 2031 1237 vit
2074 1184 2227 1252 (Gen.
2282 1188 2422 1254 xxx).
2479 1185 2629 1240 Unde
2661 1193 2712 1240 et
2744 1185 2996 1241 Christus
3031 1188 3136 1241 tale
3168 1187 3299 1259 quid
3337 1205 3548 1258 praeca-

1951 1275 2188 1329 vendum
2213 1276 2731 1344 denuntiat,dieens
2767 1297 2777 1334 :
2827 1303 2842 1323 ι
2876 1279 3044 1333 Nemo
3078 1279 3299 1334 mittens
3325 1295 3545 1334 manum

1952 1382 2103 1420 suam
2153 1365 2219 1419 ad
2266 1376 2529 1435 aratrum,
2581 1376 2632 1423 et
2680 1366 2976 1439 respiciens
3025 1378 3188 1436 retro,
3250 1377 3408 1440 aptus
3466 1379 3546 1424 est

1955 1473 2120 1527 regno
2149 1458 2245 1512 Dei
2279 1459 2429 1529 (Luc.
2478 1477 2554 1526 IX,
2597 1460 2710 1530 62).
2751 1486 2768 1506 ι
2816 1461 2953 1516 llinc
2993 1461 3184 1514 l’etrus
3208 1460 3283 1515 ait
3319 1478 3327 1514 :
3382 1485 3397 1506 ιι
3427 1460 3549 1513 Me-

1956 1547 2061 1600 lius
2088 1557 2201 1602 erat
2244 1549 2356 1604 illis
2399 1567 2506 1605 non
2560 1569 2880 1622 cognoscere
2921 1552 3062 1606 viam
3091 1550 3341 1620 justitiie,
3385 1568 3548 1623 quam

1956 1644 2075 1706 post
2128 1637 2463 1708 agnitionem
2522 1650 2819 1695 retrorsum
2878 1641 3126 1697 converti
3183 1641 3249 1695 ab
3295 1657 3358 1695 eo
3402 1639 3549 1712 quod

1955 1725 2218 1780 traditum
2254 1737 2332 1782 est
2364 1728 2476 1783 illis
2506 1737 2695 1783 sancto
2727 1730 2982 1784 mandato
3017 1731 3102 1800 (II
3129 1732 3271 1784 Petr.
3304 1747 3366 1796 ιι,
3396 1729 3536 1799 21).»

228 1834 394 1890 quam
451 1818 522 1872 sit
561 1816 759 1871 animae
808 1817 995 1883 noxia,
1043 1816 1321 1886 salutique
1369 1814 1664 1883 contraria,
1699 1815 1842 1869 idem
1880 1831 1924 1888 Β
1975 1840 1991 1861 ε
2016 1816 2465 1887 Contingitenim
2489 1817 2567 1872 eis
2593 1818 2728 1872 illud
2745 1819 2855 1872 veri
2875 1818 3168 1889 proverbii:
3197 1818 3548 1874 Canisrever—

230 1905 534 1979 Apostolus
569 1922 851 1978 exponens
879 1906 956 1959 ait
990 1922 1000 1960 :
1045 1928 1062 1951 ‹
1094 1905 1201 1970 Qui
1232 1905 1428 1958 volunt
1463 1904 1669 1959 divites
1699 1903 1838 1970 ﬁeri,

228 1996 496 2051 incidunt
543 1995 599 2048 in
651 1995 1012 2050 tentationem
1061 2000 1113 2048 et
1162 1994 1439 2064 laqueum,
1485 2000 1537 2046 et
1576 1991 1845 2046 desideria

227 2086 411 2139 multa
461 2085 680 2139 inutilia
729 2091 780 2138 et
824 2099 1018 2149 nocua,
1055 2098 1173 2154 quas
1221 2081 1546 2153 demergunt
1592 2081 1844 2135 homines

228 2174 288 2228 in
321 2173 560 2229 exitium
593 2181 645 2228 et
694 2173 978 2228 interitum
1015 2173 1071 2244 (Ι
1117 2173 1249 2227 Tim.
1284 2190 1357 2239 v1,
1391 2172 1470 2240 9).
1503 2195 1521 2217 ι
1568 2171 1741 2237 Quam
1775 2170 1846 2224 sit

227 2282 367 2321 vero
400 2264 756 2320 detestandus
777 2281 998 2332 avarus,
1021 2264 1136 2336 ipse
1157 2264 1382 2335 Sapiens
1405 2264 1696 2318 denuntiat
1719 2279 1841 2316 cum

228 2355 372 2411 dicit
407 2373 418 2410 :
473 2380 491 2401 ι
521 2356 702 2409 Avaro
725 2354 947 2426 quidem
971 2353 1112 2407 nihil
1146 2354 1394 2426 iniquius
1425 2354 1616 2425 (Eecli.
1652 2355 1829 2423 x,9)..

227 2448 411 2514 Quam
454 2447 527 2501 sit
561 2447 691 2501 item
725 2446 893 2500 noxia
924 2444 1242 2499 divitiarum
1281 2443 1666 2510 accumulatio,
1701 2460 1844 2499 acer-

231 2537 525 2607 vatioque,
553 2543 774 2590 sanctus
823 2534 1056 2590 Jacobus
1103 2534 1298 2606 aperit,
1345 2534 1533 2589 dicens
1571 2552 1582 2588 :
1626 2557 1644 2578 ι
1685 2533 1845 2603 Agite

235 2643 414 2693 nunc,
451 2625 671 2691 divites,
710 2625 938 2696 plorate,
972 2625 1244 2678 ululantes
1278 2623 1336 2678 in
1386 2622 1620 2678 miseriis
1651 2621 1847 2677 vestris

235 2735 360 2792 qua:
379 2717 682 2771 advenient
705 2716 882 2771 vobis.
906 2715 1127 2770 Divitize
1148 2724 1341 2770 vestra»
1358 2714 1672 2786 putrefactze
1696 2722 1844 2782 sunt,

233 2817 288 2864 et
326 2805 663 2862 vestimenta
702 2815 882 2861 vestra
919 2825 949 2862 a
989 2807 1152 2862 tineis
1181 2815 1419 2862 comesta
1452 2815 1598 2862 sunt.
1634 2807 1844 2861 Aurum

229 2908 284 2956 et
335 2907 635 2969 argentum
681 2907 926 2953 vestrum
977 2897 1272 2968 aeruginem
1316 2899 1506 2965 traxit,
1557 2904 1610 2951 et
1665 2913 1846 2966 mrngo

225 3009 428 3047 eorum
486 2992 540 3045 in
589 2992 967 3048 testimonium
1017 2991 1174 3045 vobis
1217 2991 1340 3058 erit,
1392 2998 1444 3044 et
1493 2988 1846 3044 manducabit

223 3099 433 3138 carnes
473 3089 680 3136 vestras
719 3081 861 3136 sicut
906 3079 1047 3149 ignis
1099 3081 1235 3152 (Jac.
1284 3099 1338 3147 v,
1375 3081 1508 3148 1-3).
1543 3106 1561 3127 ι
1609 3079 1712 3133 Sed
1747 3095 1846 3133 nec

219 3173 575 3241 Redemptor
617 3181 801 3226 noster
849 3170 1124 3241 praeterire
1177 3169 1399 3225 silentio
1449 3169 1627 3224 voluit
1677 3169 1844 3240 hujus
1877 3189 1917 3247 ρ

219 3259 596 3317 exsecrabilis
627 3260 949 3331 cupiditatis
982 3261 1207 3327 malum,
1243 3258 1389 3331 quod
1421 3276 1581 3331 quam
1622 3258 1692 3312 sit
1723 3258 1840 3312 exi-

219 3351 378 3418 tiale,
413 3351 663 3420 explicat
691 3350 823 3404 dum
856 3349 932 3403 ait
967 3368 977 3404 :
1025 3373 1041 3394 ι
1074 3350 1248 3415 Quam
1276 3349 1504 3405 diﬂieile
1537 3348 1628 3419 qui
1660 3365 1836 3418 pecu-

215 3442 342 3496 nias
393 3441 630 3508 habent,
683 3439 740 3494 in
791 3456 1016 3509 regnum
1060 3439 1158 3494 Dei
1207 3439 1518 3494 introibunt
1551 3441 1746 3507 (Μαι-ο.
1779 3455 1836 3505 x,

215 3532 348 3602 23)!
383 3559 401 3579 n
460 3531 527 3584 Et
573 3530 706 3585 alibi
742 3548 752 3584 :
801 3556 818 3578 ι
850 3529 1088 3585 Facilius
1120 3539 1200 3585 est
1237 3531 1505 3585 camelum
1546 3545 1640 3598 per
1685 3528 1839 3581 fora-

214 3638 349 3676 men
381 3636 522 3676 acus
553 3619 809 3683 transire,
833 3636 993 3690 quam
1025 3619 1256 3674 divitem
1289 3619 1493 3673 intrare
1519 3618 1576 3672 in
1609 3633 1836 3688 regnum

215 3712 502 3768 cmlorum
543 3711 753 3780 (Matth.
789 3727 910 3776 Xix,
955 3710 1069 3779 24).
1115 3735 1133 3757 ι
1196 3709 1252 3764 Si
1293 3709 1462 3780 igitur
1491 3708 1834 3762 szecularium

216 3815 417 3854 rerum
463 3798 734 3870 cupiditas
785 3799 918 3855 adeo
949 3799 1253 3871 periculosa
1284 3798 1610 3870 proponitur
1645 3795 1836 3852 omni-

212 3889 348 3954 bus,
403 3896 609 3957 quanto
661 3881 830 3959 magis
878 3888 989 3944 illis
1037 3889 1129 3960 qui
1160 3889 1225 3943 de
1257 3895 1402 3943 sorte
1433 3887 1652 3942 Domini
1684 3894 1831 3952 sunt,

212 3978 315 4048 qui
370 3977 577 4030 saeculo
616 3977 1026 4042 renuntiarunt,
1063 3978 1156 4047 qui
1209 3976 1404 4030 habitu
1440 3985 1492 4029 et
1533 3991 1834 4029 conversa-
1877 3973 1879 3975 ’

210 4069 376 4124 tione
405 4064 523 4135 jam
576 4069 862 4121 saeculares
905 4084 1018 4122 esse
1067 4066 1367 4131 desierunt,
1402 4065 1644 4118 exitialis
1677 4065 1830 4120 erit?

207 4162 343 4216 Huc
406 4157 718 4226 specialiter
774 4157 1154 4227 Redemptoris
1223 4157 1460 4212 tendunt
1518 4156 1701 4221 verba,
1771 4162 1830 4207 ut

204 4245 571 4323 perniciosus
597 4246 909 4303 destruatur
937 4245 1180 4300 avaritiae
1205 4245 1447 4311 morbus,
1481 4245 1681 4317 quibus
1709 4245 1785 4297 ait
1816 4261 1826 4297 :

219 4376 237 4396 ι
268 4345 470 4404 Nolite
512 4343 741 4399 solliciti
779 4358 894 4397 esse
941 4341 1139 4396 animae
1181 4351 1372 4396 vestrae
1423 4340 1554 4413 quid
1590 4339 1831 4394 mandu-

200 4437 374 4504 cetis,
434 4451 612 4506 neque
661 4433 876 4504 corpori
929 4431 1061 4503 quid
1109 4429 1440 4486 induamini.
1500 4431 1625 4484 llzec
1681 4431 1825 4483 enim

199 4528 408 4585 omnia
457 4533 643 4595 gentes
689 4523 880 4578 mundi
931 4531 1184 4595 quaerunt
1219 4523 1368 4588 (Luc.
1405 4538 1505 4586 xu,
1549 4520 1676 4588 2‘2);
1715 4545 1731 4566 ι
1777 4525 1827 4573 et
1860 4554 1906 4611 D

195 4617 347 4674 alibi
403 4612 730 4682 subjungit:
780 4636 798 4658 ιι
827 4612 1065 4678 Quaerite
1107 4620 1288 4666 autem
1319 4609 1557 4681 primum
1595 4625 1823 4678 regnum

193 4706 328 4772 Dei,
387 4709 448 4756 et
488 4700 760 4771 justitiam
810 4698 967 4770 ejus:
1003 4708 1056 4755 ct
1104 4700 1219 4754 hau:
1262 4697 1448 4754 omnia
1495 4697 1825 4768 adjicientur

193 4795 372 4853 vobis
409 4791 627 4862 (Matth.
662 4808 741 4858 γι,
787 4789 900 4859 33).
937 4814 954 4836 ι
999 4789 1043 4843 Ο
1075 4805 1236 4860 quam
1276 4788 1454 4854 beata,
1487 4805 1518 4841 o
1551 4803 1711 4859 quam
1745 4803 1823 4841 se-

191 4901 362 4950 cura,
417 4898 455 4934 o
501 4897 664 4951 quam
697 4879 1074 4951 amplectenda
1103 4877 1404 4933 sententia!
1439 4877 1635 4931 Nullus
1674 4877 1821 4930 enim

189 4977 254 5031 in
291 4975 409 5029 hac
440 4969 556 5024 vita
605 4971 678 5026 ita
708 4987 933 5026 securus
980 4977 1080 5036 est,
1113 4977 1173 5023 ut
1207 4969 1298 5022 ille
1329 4969 1423 5040 qui
1455 4967 1596 5022 nihil
1628 4975 1822 5038 praeter

161 5063 503 5124 'Christum
536 5069 815 5132 appetens,
851 5060 1026 5130 ipsum
1053 5058 1312 5129 possidet.
1347 5058 1555 5114 Clmcta
1586 5076 1820 5130 namque

187 5175 322 5230 quae
380 5151 602 5206 homini
653 5150 958 5206 necessaria
1000 5149 1360 5215 aestimantur,
1410 5150 1512 5204 sub
1553 5148 1655 5203 hac
1686 5165 1820 5219 pos—

187 5245 462 5304 sessione
511 5239 624 5310 ipse
671 5239 933 5310 probatur
975 5238 1195 5305 habere,
1229 5239 1371 5293 sicut
1413 5239 1612 5293 Paulus
1647 5238 1818 5292 ditis-

181 5339 379 5394 simus
436 5345 643 5401 pauper
688 5327 904 5384 dicebat
939 5347 949 5384 :
999 5354 1015 5376 ε
1046 5329 1325 5401 Tanquam
1359 5329 1500 5383 nihil
1531 5327 1814 5395 habentes,

179 5436 238 5482 et
296 5419 506 5480 omnia
555 5417 892 5490 possidentes
946 5419 1033 5488 (II
1076 5419 1201 5474 Cor.
1252 5437 1328 5484 γι,
1367 5419 1477 5489 10).
1521 5444 1536 5464 ι
1591 5419 1811 5486 Omnia,

179 5517 412 5591 inquit,
450 5513 556 5568 hoc
599 5520 680 5568 est
721 5527 830 5566 non
871 5510 1146 5582 superflua
1177 5509 1387 5581 utique,
1419 5509 1512 5565 sed
1544 5510 1670 5564 vitae
1699 5509 1813 5563 hu—

179 5622 377 5664 manas
429 5601 758 5669 necessaria,
812 5601 929 5671 ipso
981 5599 1340 5655 conﬁrmante
1388 5617 1450 5654 ac
1501 5599 1810 5671 explicante

175 5697 350 5764 alibi,
389 5693 528 5749 dum
577 5692 714 5748 dicit
750 5708 760 5746 :
809 5714 825 5735 ι
875 5691 1147 5747 [labentes
1188 5690 1472 5758 alimenta,
1513 5697 1567 5746 et
1610 5689 1809 5762 quibus

490 5791 728 5846 Parnon.
770 5790 945 5847 XVII.

1952 1923 2044 1959 sus
2076 1906 2141 1960 ad
2175 1908 2444 1962 vomitum
2482 1926 2666 1976 suum,
2699 1918 2752 1963 et
2781 1927 2871 1964 sus
2903 1910 3011 1964 lota
3041 1909 3095 1962 in
3131 1907 3418 1963 volutabro
3452 1910 3550 1963 luti

1956 1996 2116 2065 (Ibid.
2147 1997 2261 2065 2‘2).
2291 2024 2308 2043 ι
2347 1997 2448 2062 Qui
2470 1999 2734 2052 nimirum
2757 1999 3000 2052 avaritize
3025 1998 3246 2052 morbus
3270 2015 3551 2070 nunquam

1955 2084 2150 2138 melius
2179 2087 2565 2156 compescitur,
2591 2087 2694 2140 nisi
2727 2104 2851 2142 cum
2876 2086 2992 2141 dies
3023 2087 3214 2142 mortis
3243 2086 3360 2141 sine
3387 2087 3552 2142 inter-

1957 2174 2215 2229 missione
2268 2176 2584 2243 meditatur,
2612 2193 2735 2231 cum
2781 2175 2956 2247 qualis
3007 2185 3123 2246 post
3166 2176 3443 2231 modicum
3494 2178 3551 2232 in

1955 2266 2206 2334 sepulcro
2248 2265 2469 2320 futurus
2509 2266 2579 2321 sit
2633 2266 2799 2320 homo
2853 2264 3183 2320 considerat.
3239 2267 3350 2322 lioc
3404 2275 3549 2322 certe

1955 2352 2127 2407 ﬁxum
2167 2356 2419 2410 manebat
2453 2356 2507 2408 in
2539 2356 2690 2409 illius
2724 2356 2985 2410 memoria
3016 2355 3109 2427 qui
3141 2355 3354 2411 dicebat
3391 2374 3401 2410 :
3438 2357 3551 2411 1-10-

1957 2462 2045 2498 mo
2075 2445 2325 2516 putredo,
2360 2455 2411 2500 et
2470 2446 2616 2500 ﬁlius
2648 2446 2890 2500 hominis
2925 2447 3125 2501 vermis
3159 2447 3276 2516 (Job
3310 2465 3446 2515 xxv,
3467 2448 3546 2520 6).

1957 2536 2080 2590 llzec
2113 2535 2180 2590 ab
2215 2537 2361 2589 illius
2406 2536 2568 2590 corde
2616 2553 2723 2589 non
2757 2536 3100 2601 recedebant,
3135 2536 3228 2606 qui
3274 2536 3500 2591 docebat
3535 2555 3546 2591 :

1970 2651 1984 2669 α
2018 2626 2078 2678 111
2107 2626 2366 2679 omnibus
2400 2625 2744 2678 sermonibus
2779 2625 2884 2678 tuis
2919 2639 3218 2677 menmrare
3249 2624 3549 2679 novissima

1955 2724 2067 2780 tua,
2095 2724 2146 2770 et
2193 2716 2248 2768 in
2288 2717 2546 2780 sreculum
2583 2731 2689 2767 non
2738 2714 2985 2784 peccabis
3017 2715 3205 2783 (Ereti.
3239 2732 3335 2782 vn,
3369 2714 3482 2784 40).
3518 2743 3534 2762 ι

1955 2805 2096 2870 Quid
2124 2813 2272 2871 tunc,
2298 2821 2445 2874 rogo,
2467 2803 2600 2875 quid
2625 2811 2754 2858 tunc
2781 2803 2990 2858 divitize
3009 2813 3338 2858 coacervata:
3363 2804 3551 2875 prode-

1958 2902 2084 2947 runt
2133 2893 2291 2962 (Ibid.
2343 2911 2396 2960 v,
2428 2894 2493 2946 10
2521 2911 2531 2956 ;
2566 2895 2737 2947 Ercle.
2772 2911 2825 2959 v,
2858 2894 2944 2963 10)
2973 2894 2992 2947 ?
3025 2893 3168 2947 Audi
3203 2893 3332 2966 quid
3365 2896 3419 2950 S.
3450 2895 3550 2949 Joh

1955 2983 2020 3037 de
2053 2983 2118 3037 iis
2147 2982 2292 3036 dicat
2327 3001 2337 3037 :
2387 3007 2402 3028 ε
2431 2982 2620 3038 Nudus
2658 3000 2900 3052 egressus
2932 3001 3048 3037 sum
3082 2983 3148 3037 de
3176 2992 3328 3038 utero
3362 2985 3550 3040 matris

1955 3090 2106 3138 111929.,
2157 3073 2335 3127 nudus
2392 3082 2444 3128 et
2493 3081 2736 3127 revertar
2785 3075 2917 3128 illnc
2949 3074 3066 3145 (Job
3126 3091 3161 3141 1,
3194 3074 3306 3140 21).
3341 3101 3355 3118 ι
3403 3075 3551 3131 Audi

1952 3163 2086 3234 quid
2113 3172 2164 3217 et
2197 3164 2490 3233 Apostrdus
2521 3181 2530 3218 :
2584 3190 2598 3208 -
2624 3164 2773 3216 Nihil
2811 3162 3103 3217 intulimus
3139 3166 3193 3218 in
3224 3163 3369 3219 hunc
3393 3182 3547 3220 mun-

1951 3253 2204 3320 dum,sed
2232 3270 2328 3309 nec
2355 3253 2566 3308 auferre
2596 3253 2726 3324 quid
2752 3271 3040 3323 possumus
3073 3255 3130 3324 (Ι
3159 3255 3290 3310 Tim.
3327 3273 3401 3323 τι,
3430 3256 3532 3325 7).-

2520 3379 2746 3436 CAPUT
2798 3379 2972 3436 XVII.

2474 3481 2643 3532 Amor
2699 3479 2782 3531 sui
2834 3479 2964 3532 dicit
3009 3497 3026 3533 .'

2021 3585 2074 3640 Si
2108 3602 2166 3639 ea
2200 3602 2318 3657 quae
2350 3586 2594 3656 possides
2643 3585 3018 3655 indigentibus
3062 3586 3275 3655 tribuis,
3321 3587 3463 3642 unde
3495 3598 3544 3644 te

1947 3674 2158 3746 tibique
2188 3674 2460 3745 subjectos
2491 3675 2692 3748 absque
2723 3676 2951 3748 penuria
2981 3678 3065 3732 vel
3114 3693 3238 3732 cum
3278 3677 3542 3749 dignitate

1946 3765 2089 3820 alere
2120 3764 2369 3820 valebis?

2363 3871 2460 3925 Sed
2489 3889 2642 3924 anror
2673 3872 2769 3924 Dei
2800 3873 3109 3941 respondet:

2019 3978 2074 4031 Si
2104 3979 2334 4049 apostoli
2378 3978 2601 4032 modum
2634 3978 2689 4032 in
2721 3978 2821 4034 hac
2852 3987 3001 4050 parte
3035 3979 3296 4046 tenueris,
3329 3988 3536 4035 utrum-

1945 4084 2048 4140 que
2081 4068 2336 4138 perticere
2370 4067 2593 4122 valebis.
2641 4068 2782 4123 Ilinc
2820 4070 2966 4124 enim
3000 4069 3142 4122 idem
3175 4069 3288 4139 ipse
3316 4069 3384 4123 ad
3423 4070 3538 4124 (lo-

1944 4156 2184 4212 rinthios
2213 4157 2288 4212 ait
2321 4177 2331 4214 :
2383 4183 2398 4203 ι
2429 4158 2484 4212 Si
2527 4159 2783 4214 voluntas
2823 4167 3073 4230 prompta
3103 4168 3202 4225 est,
3234 4159 3533 4214 secundum

1942 4245 1997 4301 id
2029 4247 2174 4319 quod
2222 4246 2405 4314 habet,
2437 4257 2655 4318 accepta
2693 4258 2794 4315 est,
2830 4265 2938 4302 non
2967 4248 3269 4302 secundum
3303 4248 3356 4302 id
3389 4249 3535 4320 quod

1941 4351 2051 4390 non
2096 4335 2278 4390 habet.
2328 4335 2448 4389 Non
2499 4336 2648 4390 enim
2693 4345 2750 4391 ut
2792 4336 2916 4389 aliis
2963 4337 3032 4390 sit
3078 4335 3347 4402 remissio,
3376 4335 3534 4390 vobis

1939 4434 2120 4481 autem
2175 4425 2478 4481 tribulatio.
2522 4426 2614 4481 sed
2663 4443 2731 4482 ex
2778 4426 3104 4497 aequalitate.
3157 4429 3216 4481 In
3277 4429 3529 4498 prmsenti

1939 4524 2182 4586 tempore
2207 4526 2384 4572 vestra
2405 4517 2977 4571 abundantiaillorum
2997 4518 3234 4588 inopiam
3259 4521 3528 4590 suppleat,

1937 4615 1996 4661 ut
2027 4616 2078 4660 et
2111 4607 2332 4661 illorum
2363 4607 2700 4661 abundantia
2731 4618 2922 4664 vestra)
2952 4608 3151 4678 inopia:
3199 4609 3270 4664 sit
3301 4611 3530 4680 supplc~

1938 4705 2202 4764 mentum,
2249 4705 2305 4751 ut
2353 4697 2445 4752 ﬁat
2493 4697 2810 4769 aequalitas;
2871 4698 3011 4753 sicut
3072 4699 3335 4770 scriptum
3390 4709 3470 4754 est
3513 4719 3522 4754 :

1933 4789 2036 4854 Qui
2089 4790 2346 4855 multum,
2379 4805 2486 4842 non
2519 4789 2838 4854 abundavit,
2874 4797 2924 4842 et
2955 4788 3049 4859 qui
3085 4789 3378 4856 modicum,
3415 4807 3524 4845 non

1934 4878 2230 4931 minoravit
2290 4879 2372 4947 (Il
2435 4881 2557 4933 Cor.
2610 4895 2730 4944 Vlli,
2780 4879 2889 4944 15).
2954 4899 2980 4929 )›
3035 4879 3173 4933 llinc
3221 4888 3274 4934 et
3330 4879 3526 4933 Tobias

1925 4963 2108 5035 justus
2136 4967 2342 5036 prolem
2373 4967 2628 5022 dilectam
2663 4969 2940 5034 admonet,
2983 4967 3170 5022 dicens
3205 4986 3214 5022 :
3265 4993 3281 5013 ι
3313 4970 3523 5034 Quem-

1929 5055 2225 5110 admodum
2257 5055 2358 5111 tibi
2402 5057 2588 5125 fuerit,
2621 5058 2925 5112 secundum
2978 5057 3388 5112 nmltitudinem
3437 5055 3520 5110 fac

1928 5163 1996 5200 ex
2029 5147 2106 5200 eis
2135 5147 2539 5218 eleemosynam
2576 5167 2586 5203 :
2621 5149 2665 5202 si
2714 5166 2947 5218 paucam
2989 5149 3088 5203 tibi
3135 5147 3318 5208 fuerit,
3358 5144 3520 5212 juxta

1927 5254 2161 5308 paucum
2214 5255 2279 5291 ne
2335 5239 2527 5291 timeas
2569 5238 2742 5292 facere
2789 5240 3190 5309 eleemosynam
3248 5235 3514 5303 (Tob.1v,

1924 5327 1979 5393 8,
2011 5327 2090 5397 9).
2127 5352 2140 5372 δ
2188 5327 2329 5382 Ilinc
2359 5344 2574 5398 quoque
2601 5327 2883 5382 incarnata
2906 5327 3104 5380 veritas
3129 5323 3285 5376 docet
3320 5339 3329 5374 :
3374 5346 3391 5365 ι
3414 5321 3516 5376 Ve-

1924 5424 2234 5473 rumtamen
2285 5418 2431 5488 quod
2481 5427 2744 5488 superest,
2799 5418 2920 5471 date
2982 5415 3402 5481 eleernosynam,
3463 5419 3515 5465 et

1921 5525 2043 5564 ecce
2074 5509 2258 5563 omnia
2287 5509 2490 5563 munda
2515 5519 2641 5564 sunt
2673 5509 2829 5564 vobis
2862 5509 3010 5574 (Luc.
3046 5522 3122 5570 xi,
3159 5503 3271 5566 41).
3306 5528 3322 5549 ι
3367 5501 3515 5556 Audi

1920 5613 2136 5669 quoque
2175 5599 2323 5670 quod
2353 5601 2616 5671 scriptum
2658 5609 2777 5654 est:
2829 5622 2844 5642 ι
2875 5593 3150 5650 iudicium
3183 5592 3300 5646 sine
3341 5591 3512 5645 mise—

1919 5689 2155 5745 ricordia
2187 5690 2270 5744 illi
2303 5691 2394 5762 qui
2427 5708 2532 5746 non
2568 5689 2752 5744 fecerit
2803 5683 3231 5740 misericordiam
3267 5683 3402 5748 (Jac.
3450 5697 3510 5750 ιι,

3158 5781 3224 5836 37
