4086 6208
565 311 702 368 1163

1599 308 1694 364 AD
1737 309 1987 365 OPERA
2029 308 2086 365 S.
2128 305 2461 364 AMBROSII
2499 300 2878 366 APPENDIX.

3733 303 3868 367 1164
4022 103 4031 330 Ι

565 437 679 508 13).
735 461 752 483 ’
815 437 935 503 Quo
987 443 1177 492 contra
1236 433 1502 506 propheta
1557 433 1837 503 admonet,
1895 435 2082 491 dicens
2144 453 2154 490 :
2189 443 2240 500 Α
2271 434 2516 491 dicitur:
2555 437 2621 490 Et
2649 435 2913 490 omnibus
2949 432 3304 489 mendacibus
3342 449 3464 506 pars
3503 435 3731 490 illorum
3766 439 3872 493 erit

575 551 592 574 ι
625 527 833 598 Frange
880 523 1141 580 esurienti
1193 539 1386 595 panem
1440 533 1619 592 tuum,
1652 532 1705 580 et
1751 540 2011 596 pauperes
2040 526 2156 581 sine

561 623 707 670 tecto
732 615 899 670 induc
919 613 976 668 in
1002 613 1228 669 domum
1245 619 1395 665 tuam
1421 629 1431 666 :
1457 612 1502 666 si
1525 611 1729 667 videris
1749 612 1981 680 nudum,
2005 613 2156 685 operi

561 720 705 770 eum,
755 711 808 758 et
863 720 892 757 a
933 702 1251 757 domesticis
1293 702 1519 758 seminis
1569 702 1650 757 tui
1715 718 1783 756 ne
1844 701 2155 773 despexeris

562 791 697 858 (Isa.
742 808 897 858 LVIII,
949 791 1027 860 7).
1078 815 1094 836 ι
1154 791 1428 846 Memento
1471 790 1602 862 quid
1644 796 1942 861 purpurato
1991 791 2152 845 diviti

559 879 851 951 contigerit
885 897 895 934 ;
938 878 1031 951 qui
1061 895 1171 934 non
1214 879 1340 934 ideo
1377 879 1667 934 damnatus
1695 889 1776 935 est
1803 878 1946 951 quod
1977 880 2154 934 aliena

559 972 771 1040 tulerit,
803 973 896 1028 sed
925 972 1069 1045 quod
1101 973 1278 1044 egenti
1311 973 1534 1044 pauperi
1578 990 1676 1028 sua
1705 990 1816 1027 non
1847 973 2103 1028 tribuerit
2136 991 2148 1028 :

559 1069 612 1116 et
641 1061 698 1115 in
732 1062 950 1116 interno
981 1062 1194 1133 positus
1222 1063 1287 1117 ad
1321 1063 1548 1133 petenda
1572 1061 1799 1117 minima
1821 1065 2151 1134 pervenerit,

557 1150 651 1222 qui
684 1150 775 1206 hic
804 1167 969 1221 parva
1000 1151 1218 1222 negavit
1250 1152 1400 1222 (Luc.
1430 1169 1549 1219 xvr,
1571 1152 1778 1222 22-31).
1814 1153 1956 1219 Quid
1985 1155 2150 1211 etiam

557 1239 625 1294 ad
649 1239 925 1295 sinistram
951 1241 1143 1311 positis
1159 1240 1331 1310 judex
1349 1241 1470 1298 coeli
1494 1243 1742 1298 dicturus
1781 1244 1874 1310 sit,
1895 1244 2146 1300 attende:

568 1351 585 1372 ε
636 1325 733 1394 Ite,
780 1329 983 1400 inquit,
1033 1329 1331 1397 maledicti,
1383 1331 1438 1384 in
1489 1331 1671 1401 ignem
1720 1341 2006 1401 aeternum,
2056 1336 2150 1408 qui

554 1423 777 1486 paratus
808 1427 887 1472 est.
919 1417 1138 1474 diabolo
1187 1427 1240 1474 et
1285 1419 1491 1491 angelis
1531 1420 1663 1492 ejus.
1713 1423 1936 1478 Esurivi
1978 1425 2146 1491 enim,

553 1514 607 1560 et
655 1522 765 1561 non
807 1506 1036 1564 dedistis
1084 1508 1222 1564 mihi
1269 1509 1596 1566 manducare
1646 1513 1857 1578 (Matth.
1891 1529 2027 1581 xxv,
2059 1513 2146 1582 41,

553 1592 668 1665 42),
723 1623 741 1643 ι
812 1608 866 1655 et
915 1608 1129 1669 caetera,
1196 1619 1316 1673 quae
1393 1599 1470 1656 ibi
1529 1602 1850 1658 terribiliter
1913 1620 2150 1660 enume-

551 1695 762 1743 rantur.

1099 1769 1326 1825 CAPUT
1370 1771 1570 1827 XVIII.

550 1854 775 1910 Furtum
797 1863 843 1911 et
855 1857 1039 1925 fraus,
1054 1875 1358 1928 quanquam
1380 1860 1645 1914 diversum
1672 1861 1897 1932 gradum
1924 1865 2149 1922 habeant

624 1946 918 2012 locutionis,
971 1964 1133 2001 unum
1163 1954 1236 2002 est
1277 1954 1447 2004 tamen
1477 1951 1618 2020 quod
1671 1951 1868 2010 dicunt.
1923 1957 2146 2012 Furtum

616 2033 752 2087 enim
781 2034 906 2089 dicit
938 2053 950 2090 :

617 2121 674 2178 Si
702 2123 880 2179 aliena
909 2143 1022 2182 non
1051 2126 1220 2196 tollis,
1249 2144 1320 2184 ex
1348 2130 1574 2202 proprio
1603 2131 1690 2187 vel
1718 2130 1874 2190 dives
1903 2134 1990 2190 vel
2021 2135 2148 2191 suf—

543 2210 736 2273 ﬁciens
765 2206 878 2270 esse
908 2233 1018 2272 non
1051 2218 1218 2273 vales.

1078 2305 1255 2360 Fraus
1284 2324 1404 2361 vero
1434 2307 1564 2362 dicit
1594 2326 1610 2363 :

614 2392 669 2449 Si
694 2402 893 2450 cuncta
917 2411 1037 2466 quae
1077 2394 1180 2450 tibi
1205 2404 1333 2450 sunt
1367 2398 1681 2464 commissa,
1706 2397 1919 2456 illibata
1952 2401 2144 2457 consi-

545 2498 696 2554 gnes,
747 2490 800 2538 et
848 2500 951 2540 nec
1000 2483 1278 2540 modicum
1327 2486 1550 2557 quidem
1602 2487 1704 2542 tibi
1753 2490 2141 2547 reservandum

546 2571 850 2642 existimes,
884 2574 1030 2629 unde
1076 2574 1160 2629 vel
1211 2575 1452 2646 propriis
1498 2575 1835 2633 utilitatibus
1869 2582 2139 2649 consules,

547 2662 634 2716 vel
669 2660 862 2720 amicis
891 2672 944 2719 et
973 2663 1293 2720 domesticis
1323 2665 1563 2736 placebis
1584 2667 1612 2721 ?

756 2756 854 2811 Sed
885 2755 1198 2826 simplicitas
1217 2759 1287 2811 ad
1310 2763 1591 2827 utrumque
1619 2761 1926 2830 respondet:

611 2842 809 2900 Melius
838 2855 918 2900 est
949 2863 1238 2918 pauperem
1273 2863 1387 2900 esse
1411 2854 1465 2902 et
1494 2847 1760 2919 indigere,
1794 2850 2043 2922 nullique
2071 2868 2140 2907 ex

541 2931 670 2988 dato
703 2935 932 3006 placere,
966 2951 1126 3006 quam
1157 2935 1395 3006 aliquem
1431 2935 1578 2990 furto
1601 2937 1796 2992 laedere
1816 2939 1902 2994 vel
1926 2939 2136 2996 fraude.

540 3020 644 3088 Qui
675 3023 823 3077 enim
854 3023 1032 3078 aliena
1049 3023 1296 3095 quolibet
1314 3023 1478 3079 modo
1505 3023 1706 3095 injuste
1725 3028 1989 3099 praeripit,
2025 3030 2139 3100 ipse

541 3109 645 3166 sibi
696 3113 847 3182 regni
897 3113 1132 3168 caelestis
1187 3113 1398 3168 aditum
1449 3114 1676 3170 claudit.
1733 3117 1884 3173 Unde
1936 3119 2138 3176 Paulus

541 3200 868 3272 praedicator
917 3202 1165 3272 egregius
1212 3203 1475 3274 quosdam
1527 3204 1825 3277 redarguit,
1881 3205 2070 3262 dicens
2126 3225 2136 3262 :

554 3313 573 3335 ι
603 3289 709 3346 Sed
741 3306 838 3345 vos
881 3289 1140 3361 injuriam
1175 3291 1355 3347 facitis
1382 3301 1436 3348 et
1474 3293 1740 3349 fraudatis
1775 3312 1784 3349 :
1819 3303 1872 3350 et
1902 3294 2008 3350 hoc
2037 3294 2141 3349 fra-

541 3378 737 3434 tribus.
783 3381 869 3434 An
916 3380 1141 3435 nescitis
1195 3380 1323 3453 quia
1372 3380 1551 3454 iniqui
1606 3399 1831 3454 regnum
1883 3385 1980 3438 Dei
2032 3400 2139 3438 non

540 3468 899 3540 possidebunt
949 3471 1005 3540 (I
1034 3470 1160 3526 Cor.
1192 3488 1266 3538 vr,
1297 3472 1407 3542 8)?
1448 3497 1464 3518 »
1529 3473 1708 3546 Atque
1756 3473 1900 3529 inter
1947 3482 2144 3530 czetera

540 3557 826 3628 subjungit
878 3576 888 3612 :
963 3584 979 3604 ι
1034 3560 1218 3630 Neque
1271 3560 1440 3628 fures,
1498 3578 1673 3632 neque
1737 3564 1910 3630 avari,
1967 3580 2141 3635 neque

542 3645 768 3711 ebriosi,
801 3661 976 3716 neque
1017 3646 1291 3712 maledici,
1328 3663 1503 3718 neque
1538 3665 1756 3719 rapaces
1786 3667 2010 3722 regnum
2042 3653 2141 3708 Dei

542 3732 902 3804 possidebunt
936 3734 1098 3804 (Ibid.
1148 3733 1260 3805 10).
1313 3761 1329 3782 ι
1365 3737 1594 3791 Furtum
1646 3738 1813 3811 igitur
1843 3749 1896 3794 et
1935 3741 2084 3795 fraus
2112 3759 2142 3797 a

542 3821 644 3876 Dei
677 3837 843 3892 regno
873 3820 1156 3878 hominem
1175 3823 1500 3894 excludunt,
1531 3825 1738 3884 idcirco
1768 3827 1991 3883 vitanda
2013 3838 2142 3886 sunt

544 3928 786 3984 prorsus.

1130 3981 1357 4042 CAPUT
1396 3987 1550 4043 XIX.

545 4074 788 4130 Fallacia
818 4080 972 4146 atque
1002 4075 1331 4130 mendacium
1359 4082 1408 4131 et
1429 4077 1546 4148 ipsa
1574 4093 1740 4132 unum
1771 4077 1972 4134 dicunt.
2002 4080 2142 4135 Nam

614 4163 840 4234 fallacia
896 4165 956 4235 ﬁt
1006 4165 1231 4236 ingenio,
1287 4166 1617 4222 mendacium
1681 4174 1856 4223 autem
1915 4168 2144 4238 simplici

613 4257 790 4311 verbo.
822 4257 1065 4311 Fallacia
1097 4275 1219 4328 ergo
1249 4257 1376 4312 dicit
1408 4274 1425 4312 :

616 4344 688 4398 Ut
716 4362 784 4399 ex
833 4345 1022 4400 multis
1069 4362 1242 4400 unum
1274 4345 1614 4418 proferamus
1643 4347 1980 4418 exemplum,
2013 4361 2140 4403 cum

544 4429 604 4487 in
646 4449 755 4488 non
803 4434 984 4489 dando
1032 4435 1270 4506 aliquem
1301 4435 1532 4491 illudere
1568 4437 1786 4508 quaeris,
1818 4437 1876 4492 in
1907 4437 2140 4509 petendo

2270 525 2327 579 in
2356 531 2546 595 stagno
2575 523 2720 596 ignis
2748 523 2992 580 ardentis
3013 531 3066 579 et
3092 522 3396 596 sulphuris,
3429 522 3578 598 quod
3606 533 3690 581 est
3720 541 3870 583 mors

2268 615 2510 671 secunda
2538 614 2727 685 (Apoc.
2761 612 2908 684 xxx).

2869 743 3098 801 CAPUT
3139 743 3266 798 XX.

2717 832 2921 890 Ventris
2946 831 3205 902 ingluvies
3238 831 3364 885 dicit
3395 848 3413 885 :

2339 940 2424 996 Ad
2455 957 2605 996 esum
2629 942 2774 996 Deus
2806 939 3012 995 munda
3040 939 3227 995 omnia
3254 938 3526 1008 condidit,
3557 947 3612 994 et
3647 939 3744 1012 qui
3775 956 3868 995 sa-

2265 1031 2437 1086 turari
2487 1030 2610 1085 cibo
2659 1030 2887 1102 respuit,
2922 1029 3057 1104 quid
3104 1029 3261 1086 aliud
3289 1045 3453 1103 quam
3487 1031 3708 1086 muneri
3744 1047 3867 1085 con.

2263 1141 2415 1181 cesso
2443 1124 2819 1181 contradicit?

2266 1215 2365 1271 Sed
2391 1231 2535 1285 pura
2561 1213 2835 1284 fragilitas
2864 1218 2911 1268 et
2937 1211 3162 1284 simplex
3181 1210 3519 1284 parcimonia
3545 1215 3827 1284 respondet
3851 1237 3863 1274 ;

2334 1304 2513 1360 Unum
2566 1303 2763 1358 horum
2825 1320 2945 1376 quae
2999 1301 3160 1370 dicis,
3213 1317 3405 1356 verum
3452 1310 3558 1361 est.
3609 1302 3747 1358 Nam
3803 1321 3866 1360 ne

2264 1393 2430 1449 homo
2475 1393 2617 1448 fame
2667 1392 2889 1465 periret,
2921 1394 3110 1449 omnia
3146 1393 3293 1448 Deus
3340 1391 3407 1446 ad
3454 1408 3609 1447 esum
3663 1394 3867 1450 munda

2262 1483 2470 1540 creavit
2502 1501 2512 1538 :
2547 1483 2639 1538 sed
2685 1498 2755 1539 ne
2808 1481 3134 1539 comedendi
3183 1497 3497 1536 mensuram
3551 1481 3862 1551 excederet,

2261 1571 2648 1628 abstinentiam
2680 1571 2974 1644 imperavit
3007 1573 3162 1640 (Gen.
3198 1588 3259 1638 ιι,
3296 1569 3382 1637 16,
3414 1571 3526 1637 17).
3562 1571 3700 1627 Nam
3725 1573 3866 1628 inter

2261 1669 2457 1717 czetera
2493 1677 2591 1716 sua
2621 1661 2763 1716 mala
2806 1660 3096 1718 saturitate
3129 1659 3368 1715 Sodoma
3397 1659 3584 1730 periit,
3625 1660 3864 1716 Domino

2260 1757 2573 1819 attestante,
2595 1751 2688 1822 qui
2721 1750 2787 1805 de
2807 1751 3108 1805 Jerusalem
3131 1764 3228 1820 per
3247 1747 3571 1820 prophetam
3591 1749 3861 1821 loquitur,

2261 1839 2450 1896 dicens
2485 1859 2496 1895 :
2544 1864 2562 1887 α
2611 1840 2738 1896 Hec
2777 1839 3042 1912 iniquitas
3081 1837 3445 1894 Sodomorum
3486 1838 3687 1894 sororis
3728 1846 3860 1908 tuae,

2260 1929 2516 2001 superbia
2564 1929 2620 1985 in
2669 1930 2954 1985 saturitate
3001 1944 3204 2001 panum
3256 1928 3474 1997 (Ezech.
3528 1945 3648 1996 xvi,
3679 1927 3795 1999 ω).
3833 1958 3851 1978 .

2257 2017 2602 2092 Quapropter
2628 2019 2772 2076 sicut
2801 2035 2941 2091 (eger
2966 2019 3032 2074 ad
3063 2017 3416 2086 medicinam,
3435 2017 3515 2073 sic
3543 2017 3616 2073 ad
3643 2035 3862 2074 sumen-

2257 2107 2354 2163 das
2397 2108 2560 2180 dapes
2596 2108 2828 2180 quisque
2861 2107 3022 2164 debet
3051 2107 3330 2176 accedere,
3371 2123 3482 2162 non
3513 2109 3860 2180 voluptatem

2257 2197 2313 2251 in
2333 2197 2445 2252 illis
2460 2197 2836 2270 appetens,sed
2860 2196 3173 2254 necessitati
3194 2197 3706 2254 satisfaciensliinc
3723 2201 3870 2277 veri-g

2255 2296 2335 2343 tas
2355 2289 2823 2362 perEvangelium
2847 2288 3064 2345 monuit
3087 2306 3099 2344 :
3139 2313 3156 2334 ε
3177 2287 3863 2362 Attendite,inquit,vobis

2257 2393 2326 2432 ne
2359 2378 2498 2434 forte
2529 2387 2830 2451 graventur
2857 2378 3024 2436 corda
3055 2387 3234 2434 vestra
3261 2378 3318 2432 in
3349 2377 3576 2450 crapula
3601 2386 3655 2433 et
3685 2378 3865 2434 ebrie-

2254 2474 2362 2522 tate
2409 2469 2558 2540 (Luc.
2592 2485 2712 2536 xxr,
2745 2468 2860 2540 34).
2908 2492 2926 2515 ι
2972 2468 3216 2525 Econtra
3259 2481 3391 2522 vero
3433 2466 3504 2523 de
3546 2466 3858 2524 insatiabili

2253 2557 2565 2629 aliquorum
2594 2558 2896 2614 voracitate
2923 2556 3220 2628 Apostolus
3244 2555 3382 2612 dicit
3413 2573 3425 2611 :
3467 2578 3486 2602 ι
3521 2555 3687 2610 Multi
3711 2557 3862 2612 enim

2252 2646 2560 2712 ambulant,
2592 2662 2729 2719 quos
2770 2662 2911 2718 saepe
2957 2645 3204 2703 dicebam
3249 2643 3430 2709 vobis,
3464 2660 3618 2700 nunc
3647 2661 3789 2702 vero
3815 2656 3866 2701 et

2253 2733 2387 2789 ﬂens
2437 2734 2584 2804 dico,
2632 2735 2889 2792 inimicos
2933 2733 3111 2792 crucis
3164 2733 3393 2801 Christi,
3437 2750 3676 2806 quorum
3733 2736 3867 2792 ﬁnis

2252 2823 2530 2892 interitus,
2558 2841 2793 2898 quorum
2837 2825 2982 2880 Deus
3012 2833 3205 2880 venter
3235 2831 3335 2890 est,
3368 2831 3422 2880 et
3453 2823 3628 2895 gloria
3654 2825 3716 2880 in
3751 2843 3868 2899 pn—

2250 2914 2444 2970 dendis
2471 2915 2711 2986 ipsorum
2746 2913 2840 2986 qui
2872 2921 3087 2969 terrena
3115 2914 3337 2984 sapiunt
3360 2914 3626 2986 (Philipp.
3648 2932 3741 2984 in,
3775 2919 3862 2986 18,

2252 3005 2362 3074 19).
2416 3029 2432 3052 ι
2491 3006 2561 3060 Ει
2606 3005 2785 3061 alibi:
2835 3031 2853 3054 ε
2901 3005 3038 3061 Esca
3072 3005 3274 3073 ventri,
3307 3013 3361 3060 et
3408 3015 3605 3061 venter
3645 3007 3798 3064 escis
3849 3027 3861 3063 :

2248 3095 2393 3150 Deus
2412 3103 2594 3150 autem
2623 3105 2678 3152 et
2706 3095 2855 3152 hunc
2882 3102 2937 3152 et
2963 3095 3060 3151 has
3090 3095 3333 3151 destruet
3361 3096 3420 3165 (Ι
3437 3095 3563 3151 Cor.
3590 3113 3670 3164 vr,
3703 3097 3848 3168 13).-

2177 3165 2220 3225 C
2253 3182 2499 3255 Denique
2530 3183 2670 3239 hanc
2695 3184 2870 3239 labem
2893 3185 3213 3256 ventrisque
3244 3183 3547 3256 ingluviem
3572 3185 3670 3241 ille
3696 3165 3862 3258 plene

2251 3271 2446 3340 eludit,
2478 3273 2573 3345 qui
2620 3273 2677 3328 in
2722 3274 3005 3330 sumendis
3033 3273 3266 3345 dapibus
3306 3291 3418 3330 non
3461 3275 3645 3330 solum
3683 3276 3865 3348 parci-

2253 3361 2492 3416 moniam
2525 3363 2787 3431 custodit,
2819 3363 2923 3419 hoc
2953 3369 3052 3431 est,
3094 3363 3448 3420 refectionem
3488 3379 3712 3437 semper
3743 3382 3867 3420 esu~

2253 3451 2400 3506 riens
2428 3460 2796 3520 consummat,
2828 3469 3019 3508 verum
3067 3453 3236 3508 etiam
3276 3453 3645 3510 accuratiores
3690 3455 3863 3511 simul

2251 3549 2304 3595 et
2350 3540 2631 3596 suaviores
2667 3543 2878 3613 epulas,
2911 3551 3138 3614 excepta
3164 3543 3412 3616 corporis
3439 3543 3780 3602 necessitate
3815 3555 3865 3600 et

2252 3628 2533 3701 hospitum
2563 3631 2934 3704 susceptione,
2964 3634 3292 3691 contemnit.

2838 3756 3066 3814 CAPUT
3108 3757 3262 3815 XXI.

2729 3857 2914 3929 Inepta
2956 3856 3139 3912 latitia
3175 3857 3307 3912 dicit
3345 3874 3365 3914 :

2321 3961 2392 4017 Ut
2437 3961 2572 4035 quid
2615 3961 2788 4018 animi
2820 3963 3086 4036 gaudium
3118 3965 3271 4021 intus
3313 3964 3657 4026 abscondis?
3696 3972 3863 4045 Egre-

2250 4051 2376 4107 dere
2425 4051 2484 4106 in
2527 4051 2811 4122 publicum
2858 4053 3016 4110 laetus
3061 4072 3073 4110 :
3125 4054 3217 4112 dic
3262 4055 3475 4129 aliquid
3525 4058 3666 4116 foris
3719 4062 3866 4118 unde

2251 4142 2338 4196 vel
2377 4150 2438 4197 tu
2483 4142 2571 4196 vel
2617 4142 2860 4214 proximi
2911 4142 3128 4199 rideant
3189 4160 3201 4199 :
3257 4143 3345 4201 fac
3401 4161 3498 4202 eos
3552 4147 3718 4206 laetos
3773 4160 3864 4206 tua

2253 4230 2468 4286 laetitia.

2253 4329 2351 4385 Sed
2370 4330 2579 4401 sapiens
2596 4330 2870 4402 gaudium,
2891 4331 3292 4403 moderatuqu
3316 4350 3515 4389 maeror
3529 4338 3821 4408 respondet
3841 4355 3855 4392 :

2320 4427 2476 4484 Unde
2513 4429 2616 4484 tibi
2655 4436 2807 4485 tanta
2852 4431 3124 4504 contingit
3162 4431 3354 4489 laetitia
3377 4433 3406 4488 ?
3432 4433 3859 4507 Numquidnam

546 4538 726 4578 moras
756 4524 1023 4589 inuectus,
1053 4523 1167 4595 jam
1199 4524 1372 4580 habeo
1405 4525 1662 4598 inquiens
1691 4525 1836 4598 quod
1885 4527 1986 4582 tibi
2032 4528 2142 4582 tri—
2170 4529 2218 4588 D
2249 4515 2530 4575 diabOIHm
2563 4520 2746 4576 ViCisti
2767 4521 2795 4577 7
2828 4522 3238 4594 Numquidnam
3272 4540 3458 4596 pcenas
3483 4525 3700 4582 inferni
3735 4545 3856 4584 eva-

544 4613 712 4670 buere
744 4631 962 4686 possum
1003 4633 1014 4670 :
1048 4616 1232 4672 celans
1262 4618 1451 4689 utique
1493 4617 1550 4672 in
1589 4619 1751 4674 corde
1777 4617 1923 4690 quod
1955 4617 2142 4686 habes,

545 4703 632 4757 vel
666 4712 726 4758 ut
753 4703 856 4760 tibi
885 4721 1192 4774 conserves,
1225 4707 1312 4762 vel
1343 4714 1404 4762 ut
1452 4705 1570 4775 alii,
1600 4707 1647 4762 si
1683 4707 1950 4771 voluntas.
1978 4707 2141 4775 inest,

545 4791 775 4849 tribuas.

1068 4868 1400 4924 Mendacium
1441 4869 1571 4923 dicit
1601 4885 1617 4922 :

615 4954 856 5012 Omnino
885 4957 1031 5030 quod
1061 4962 1305 5031 postulas
1337 4977 1446 5016 non
1483 4960 1658 5016 habeo
1693 4960 1848 5032 (licet
1879 4959 2018 5016 illud
2047 4959 2139 5014 ha~

539 5043 710 5117 beat).
744 5047 865 5102 Non
917 5063 1044 5120 ergo
1091 5050 1390 5106 artiﬁcioso
1446 5050 1666 5122 ingenio
1713 5049 1856 5105 sicut
1902 5049 2137 5117 fallacia,

539 5136 630 5192 sed
661 5137 900 5209 simplici
933 5141 1239 5212 negationis
1266 5142 1432 5198 verbo
1455 5141 1800 5199 mendacium
1823 5147 2136 5212 poscentem

537 5225 857 5285 frustratur.

797 5320 899 5375 Sed
928 5319 1120 5374 veritas
1148 5319 1221 5373 ad
1250 5325 1529 5391 utrumque
1558 5321 1832 5393 respondet
1863 5338 1874 5376 :

603 5409 715 5466 Nec
740 5409 1040 5465 artiﬁcioso
1060 5409 1304 5482 ingenio,
1333 5426 1434 5466 nec
1457 5411 1698 5484 simplici
1728 5411 1895 5468 verbo
1921 5416 2138 5482 oportet

531 5497 782 5569 decipere
803 5514 1158 5572 quemquam,
1189 5499 1318 5573 quia
1349 5501 1597 5573 quolibet
1624 5502 1757 5557 artis
1787 5502 1953 5558 modo
1989 5517 2136 5556 men-

529 5587 701 5643 tiatur
729 5591 872 5660 quis,
915 5599 1138 5660 peccat;
1188 5592 1459 5664 scriptum
1492 5600 1575 5648 est
1603 5592 1750 5648 enim
1786 5610 1796 5648 :
1847 5619 1864 5640 ι
1885 5593 1959 5649 Os
1989 5591 2137 5664 quod

528 5675 816 5744 mentitur,
865 5677 1069 5735 occidit
1115 5679 1354 5736 animam
1407 5683 1561 5754 (Sap.
1609 5682 1848 5754 ι,11).»
1905 5684 2137 5756 Insuper

2255 4607 2424 4666 sisti?
2451 4610 2859 4684 Numquidnam
2907 4613 2975 4668 de
3021 4614 3218 4670 exsilio
3265 4615 3333 4671 ad
3375 4617 3612 4688 patriam
3654 4633 3860 4688 perve-

2253 4698 2429 4754 nisti?
2468 4700 2877 4772 Numquidnam
2925 4701 2993 4757 de
3036 4711 3129 4759 tua
3181 4703 3450 4760 electione
3493 4707 3852 4764 securitatem

2250 4788 2488 4862 aliquam
2533 4790 2840 4862 accepisti?
2894 4793 2981 4847 An
3028 4791 3168 4849 forte
3223 4793 3280 4848 in
3338 4793 3692 4852 oblivionem
3754 4797 3850 4851 tibi

2251 4879 2404 4934 venit
2424 4878 2572 4950 quod
2600 4880 2870 4936 Dominus
2899 4879 3037 4937 dicit
3068 4898 3080 4937 :
3126 4907 3144 4929 ι
3172 4881 3410 4938 Mundus
3439 4883 3726 4955 gaudebit,
3759 4900 3854 4938 vos

2249 4985 2380 5024 vero
2409 4969 2996 5036 contristabimini,sed
3034 4971 3261 5028 tristitia
3297 4980 3480 5028 vestra
3512 4985 3770 5031 vertetur
3794 4974 3850 5029 iu

2248 5057 2506 5128 gaudium
2535 5059 2716 5126 (Joan.
2758 5076 2878 5128 xvr,
2905 5060 2997 5132 20)
3023 5061 3050 5117 ?
3079 5086 3096 5109 ι
3139 5066 3222 5118 An
3265 5062 3407 5119 forte
3435 5065 3621 5120 amico
3651 5065 3850 5121 excidit

2246 5146 2393 5218 quod
2422 5146 2566 5202 idem
2595 5148 2728 5204 alibi
2763 5149 2900 5206 dicit
2935 5167 2946 5205 :
2999 5176 3017 5199 ι
3038 5151 3134 5208 νᾶ)
3155 5152 3315 5209 vobis
3339 5153 3433 5226 qui
3466 5152 3667 5210 ridetis
3689 5170 3850 5219 nunc,

2247 5235 2376 5309 quia
2422 5237 2680 5309 lugebitis
2728 5245 2782 5292 et
2827 5238 3036 5296 ﬂebitis
3069 5241 3222 5313 (Luc.
3257 5243 3461 5313 vr,.25)
3490 5242 3519 5299 ?
3545 5268 3563 5292 ο
3611 5244 3684 5300 Et
3711 5242 3851 5317 quod

2247 5341 2342 5396 per
2379 5335 2630 5382 sanctum
2678 5327 3030 5385 Salomonem
3079 5329 3336 5389 dicitur:
3400 5358 3419 5381 ε
3460 5333 3628 5391 Risus
3670 5333 3854 5390 dolone

2247 5413 2588 5484 miscebitur,
2607 5423 2852 5472 extrema
2874 5426 3057 5474 autem
3094 5420 3284 5492 gaudii
3309 5421 3368 5476 in
3402 5423 3618 5479 luctum
3649 5425 3856 5480 vadunt

2249 5503 2436 5575 (Prov.
2469 5521 2586 5573 xxv,
2623 5505 2712 5579 13)
2730 5507 2759 5564 ?
2781 5533 2798 5555 ι
2845 5508 2916 5563 Et
2935 5516 3162 5566 econtra
3191 5511 3340 5585 quod
3358 5528 3458 5584 per
3483 5514 3854 5586 Evangelium

2243 5593 2474 5651 docetur
2507 5613 2518 5650 :
2578 5620 2596 5642 ι
2628 5597 2779 5654 Beati
2830 5599 2925 5671 qui
2979 5599 3188 5672 lugent,
3223 5601 3482 5675 quoniam
3528 5603 3634 5676 ipsi
3663 5620 3853 5660 conso-

2243 5683 2504 5742 labuntur
2537 5687 2749 5756 (Matth.
2775 5704 2830 5756 ν,
2861 5687 2918 5758 5)
2947 5689 3009 5744 ἳι
3033 5690 3388 5765 Rursumque
3418 5691 3564 5765 quod
3590 5709 3688 5766 per
3705 5691 3857 5748 Salo-
