4086 6208
243 322 388 392 1165

1160 322 1255 389 ΒΕ
1292 320 1637 391 VITIOBUM
1676 320 2186 400 VIRTUTUMQUE
2229 324 2640 390 CONFLICTU.

3419 330 3556 395 1166

244 474 469 516 monem
502 456 752 516 dicitur:
808 482 827 505 ι
876 456 1149 525 Quoniam
1189 456 1326 529 justi
1373 465 1428 514 et
1462 458 1759 530 sapientes,
1793 464 1847 513 et
1878 461 1925 519 Α
1957 463 2038 512 est
2076 473 2088 511 :
2119 457 2215 529 qui
2243 466 2424 513 autem
2456 457 2782 525 fornicatur,
2824 458 2881 514 in
2926 475 3123 531 corpus
3160 475 3321 516 suum
3372 471 3560 533 peccat

247 563 410 619 opera
437 561 627 603 eorum
668 546 727 602 in
757 562 923 602 manu
952 546 1091 614 Dei;
1141 554 1197 603 et
1237 546 1413 603 nescit
1454 545 1622 602 homo
1662 554 1847 603 utrum

247 650 431 690 amore
460 636 545 691 vel
576 635 704 693 odio
734 634 933 708 dignus
961 635 1052 704 sit,
1099 634 1197 691 sed
1245 636 1433 692 omnia
1478 635 1537 691 in
1593 634 1847 691 futurum

247 733 598 781 reservantur
626 725 836 782 incerta
868 726 1063 796 (Eccte.
1098 743 1177 794 rx,
1210 726 1287 798 1).
1318 751 1335 775 ι
1379 725 1694 798 Comprime
1722 741 1850 799 ergo

247 814 468 870 inanem
520 815 795 885 latitiam,
851 814 981 889 quia
1031 815 1268 872 necdum
1309 814 1531 872 evasisti
1578 815 1848 887 pceualem

246 917 573 959 aerumnam.
603 902 800 959 Nonne
846 901 991 975 apud
1032 902 1289 959 homines
1330 903 1557 959 insanus
1600 903 1649 959 is
1694 902 1852 959 aesti—

247 998 453 1060 matur,
506 991 603 1065 qui
659 992 1028 1051 carceralibus
1080 992 1326 1049 tenebris
1357 993 1590 1066 gaudere
1621 999 1853 1050 conatur

245 1082 499 1138 reclusus
520 1081 549 1138 ?

821 1186 1051 1245 CAPUT
1092 1187 1272 1245 XXII.

761 1278 1162 1350 Multiloquium
1190 1277 1359 1333 dicit:

321 1386 441 1443 Non
474 1384 568 1442 ille
599 1400 729 1441 reus
754 1383 1051 1441 habebitur
1093 1383 1366 1453 criminis,
1399 1383 1493 1458 qui
1526 1385 1685 1457 plura
1720 1382 1855 1457 qui—

247 1475 396 1543 dem,
430 1475 524 1532 sed
553 1475 702 1531 bona
731 1473 982 1547 loquitur
1013 1493 1025 1531 :
1067 1474 1163 1531 sed
1192 1474 1287 1530 ille
1317 1475 1435 1547 qui,
1483 1473 1613 1532 licet
1659 1490 1853 1547 pauca,

248 1565 395 1621 mala
421 1572 606 1620 tamen
635 1562 819 1620 dicere
850 1563 1132 1635 probatur.

506 1659 613 1717 Cui
640 1660 887 1733 prudens
914 1660 1255 1716 taciturnitas
1283 1660 1559 1733 respondet
1588 1677 1600 1716 :

317 1757 528 1817 Verum
555 1767 639 1815 est
667 1760 814 1834 quod
846 1758 1019 1828 dicis;
1052 1758 1147 1816 sed
1180 1758 1311 1815 dum
1343 1761 1518 1816 multa
1544 1759 1690 1815 bona
1718 1775 1858 1831 pro—

245 1848 384 1906 ferri
430 1849 719 1920 videntur,
758 1867 900 1924 saepe
927 1849 1221 1922 contingit,
1251 1857 1315 1907 ut
1342 1866 1373 1905 a
1402 1850 1563 1906 bonis
1593 1849 1849 1906 inchoata

244 1941 463 2001 locutio
499 1939 569 1996 ad
613 1938 839 2014 aliquod
884 1955 1116 2012 pravum
1164 1937 1465 2007 derivetur,
1506 1938 1613 1994 hoc
1666 1937 1845 2010 ipsum

243 2040 442 2091 sancta
468 2029 750 2104 Scriptura
796 2028 1189 2103 pronuntiante
1220 2046 1232 2085 :
1277 2052 1295 2077 ι
1323 2027 1464 2096 Quia
1490 2044 1559 2084 ex
1590 2027 1848 2083 multilo-

242 2121 385 2197 quio
425 2136 537 2177 non
579 2118 757 2193 fugies
812 2126 1092 2191 peccatum
1125 2135 1138 2174 :
1192 2133 1418 2191 parcens
1464 2124 1644 2173 autem
1686 2115 1848 2173 labiis

240 2210 570 2285 intelligens
613 2210 721 2267 eris
768 2209 958 2283 (Prov.
987 2225 1046 2278 x,
1080 2208 1195 2281 19).
1250 2232 1268 2256 ι
1311 2208 1383 2263 Et
1428 2209 1474 2264 si
1523 2207 1662 2263 forte
1707 2206 1851 2262 inter

241 2301 429 2359 multa
456 2300 622 2357 verba
646 2298 997 2357 declinantur
1028 2297 1283 2367 crimina,
1313 2297 1407 2355 sed
1447 2295 1718 2370 numquid
1744 2295 1852 2352 de-

242 2388 449 2448 clinari
477 2396 707 2463 possunt
736 2387 960 2444 inutilia
988 2395 1150 2460 atque
1180 2387 1377 2455 otiosa,
1407 2387 1474 2443 de
1503 2385 1703 2460 quibus
1730 2384 1853 2441 uti-

248 2494 359 2553 que
387 2478 530 2535 ratio
562 2478 618 2533 in
652 2477 841 2534 futuro
872 2477 977 2533 erit
1006 2475 1283 2532 reddenda
1322 2477 1536 2548 (Matth.
1579 2492 1681 2543 xu,
1712 2474 1804 2543 36)
1824 2474 1853 2531 τ

247 2566 545 2624 Tenendus
569 2574 651 2622 est
679 2581 809 2639 ergo
845 2564 1044 2622 modus
1093 2564 1150 2620 in
1196 2564 1471 2638 loquendo
1516 2565 1655 2635 (Ivo,
1709 2570 1869 2637 part.-

252 2674 337 2728 xI,
374 2673 498 2730 cap.
528 2656 648 2730 55),
685 2665 739 2713 et
768 2655 904 2728 ipsis
952 2672 1350 2730 nonnunquam
1401 2655 1635 2712 utilibus
1673 2653 1856 2711 verbis

246 2745 613 2822 parcendum,
646 2747 790 2803 sicut
815 2746 1103 2804 Psalmista
1140 2755 1362 2804 sanctus
1398 2745 1600 2819 legitur
1642 2744 1853 2802 fecisse.

246 2835 402 2893 Dicit
430 2834 579 2891 enim
606 2852 619 2891 :
668 2858 686 2881 ι
716 2834 1003 2905 Obmutui,
1036 2844 1089 2892 et
1114 2835 1442 2894 humiliatus
1473 2852 1617 2905 sum,
1650 2843 1705 2892 et
1726 2833 1857 2891 silui

256 2941 287 2982 a
307 2923 481 2982 bonis
509 2924 685 2996 (Psal.
713 2938 956 2994 xxxvm,
984 2923 1063 2995 3).
1098 2949 1116 2973 ι

831 3052 1061 3110 CAPUT
1091 3052 1295 3109 XXIII.

835 3151 1085 3207 Luxuria
1120 3150 1285 3208 dicit:

318 3259 385 3316 In
422 3258 707 3331 voluptate
732 3273 833 3314 cur
859 3264 913 3313 te
954 3258 1119 3316 modo
1148 3274 1260 3315 non
1290 3257 1510 3327 dilatas,
1549 3274 1674 3313 cum
1723 3256 1856 3329 quid

244 3356 301 3407 te
334 3354 604 3421 sequetur
637 3346 855 3420 ignores
875 3347 904 3404 ?
931 3352 1235 3420 Acceptum
1266 3356 1484 3420 tempus
1526 3346 1585 3402 in
1627 3347 1737 3403 tuis
1767 3346 1856 3402 de-

244 3436 477 3496 sideriis
542 3436 769 3509 perdere
835 3453 948 3493 non
1012 3437 1196 3504 debes,
1266 3436 1395 3511 quia
1461 3453 1625 3510 quam
1692 3435 1859 3492 citius

244 3534 595 3601 pertranseat
624 3526 822 3582 nescis.
854 3526 911 3582 Si
941 3526 1088 3582 enim
1120 3528 1265 3583 Deus
1294 3528 1351 3582 in
1367 3527 1650 3599 voluptate
1677 3525 1859 3583 carnis

246 3617 542 3674 hominem
571 3615 791 3673 misceri
821 3615 1110 3686 noluisset,
1141 3617 1201 3673 in
1230 3616 1350 3689 ipso
1387 3616 1617 3672 humani
1645 3614 1857 3688 generis

245 3704 488 3763 exordio
518 3706 825 3763 masculum
855 3712 911 3762 et
940 3705 1203 3762 feminam
1231 3706 1484 3779 profecto
1524 3722 1636 3762 non
1682 3705 1856 3763 fecis—

249 3802 356 3853 εει.

594 3887 692 3943 Sed
724 3887 937 3945 illibata
974 3889 1189 3945 castitas
1216 3888 1521 3961 respondet:

325 3979 469 4036 Nolo
498 3980 749 4052 ignorare
775 3991 830 4039 te
859 3984 994 4055 quid
1027 3993 1152 4056 post
1196 3985 1340 4042 hanc
1385 3985 1557 4040 vitam
1605 3984 1857 4059 recipies,

252 4066 550 4141 praemium
580 4069 727 4124 enim
758 4070 846 4125 vel
893 4087 1053 4143 paena
1100 4081 1152 4128 te
1206 4080 1450 4129 manent.
1500 4072 1635 4128 Nam
1678 4073 1722 4128 si
1772 4073 1860 4145 pie

249 4163 514 4228 casteque
547 4155 777 4225 vixeris,
818 4158 938 4214 sine
968 4159 1077 4216 ﬁne
1112 4159 1172 4215 in
1205 4160 1315 4216 alia
1343 4160 1605 4233 gaudebis
1630 4162 1778 4217 vita:
1812 4161 1859 4218 si

250 4261 392 4303 vero
422 4243 650 4317 impiam
678 4261 742 4303 ac
767 4245 1109 4305 luxuriosam
1131 4248 1304 4320 egeris
1326 4250 1499 4305 vitam
1523 4248 1684 4318 hanc,
1709 4257 1860 4306 aeter-

250 4338 346 4395 nis
382 4335 659 4394 incendiis
683 4338 1137 4413 contorqueberis
1174 4341 1234 4396 in
1276 4340 1403 4397 alia.
1450 4340 1583 4397 Inde
1624 4358 1751 4412 ergo
1796 4358 1862 4398 eo

246 4426 464 4487 castius
490 4443 553 4485 ac
580 4426 773 4501 purius
803 4428 993 4484 vivere
1045 4427 1229 4497 debes,
1278 4444 1388 4501 quo
1434 4428 1599 4486 citius
1643 4439 1860 4502 tempus

1960 546 2019 617 (Ι
2046 545 2171 601 Cor.
2228 562 2307 613 vr,
2356 545 2469 615 18).
2522 569 2539 591 ι
2599 544 2755 612 Quod
2804 544 2853 602 si
2900 545 3005 602 hoc
3048 548 3558 620 parvipendendum

1958 634 2262 701 existimas,
2304 634 2433 691 audi
2476 636 2619 692 unde
2649 645 2834 707 postea
2862 635 2919 691 in
2951 637 3344 707 sempiternum
3376 640 3560 711 deplo-

1959 740 2045 779 res
2073 731 2126 780 et
2149 740 2349 797 gemas.
2402 750 2421 772 ι
2450 727 2634 799 Neque
2666 725 2948 781 fornicarii
2990 726 3198 798 (inquit
3230 726 3371 782 idem
3404 730 3563 801 Apo-

1960 814 2183 882 stolus),
2217 830 2395 887 neque
2419 815 2676 884 adulteri,
2710 832 2885 889 neque
2915 816 3127 883 molles,
3152 832 3327 887 neque
3355 833 3564 873 mascu-

1963 903 2141 959 lorum
2169 903 2577 973 concubitores,
2606 920 2833 977 regnum
2861 904 2960 960 Dei
2992 903 3351 976 possidebunt
3389 905 3558 977 (Ibid.

1962 992 2019 1062 9,
2050 992 2163 1065 10).
2199 1019 2218 1041 ι
2261 992 2306 1049 O
2336 1010 2499 1066 quam
2529 1002 2911 1050 momentanea
2939 1000 3020 1049 est
3046 993 3229 1049 carnis
3249 993 3561 1063 delectatio,

1962 1098 2126 1156 quam
2186 1082 2372 1139 labilis
2416 1083 2745 1140 concubitus
2792 1084 2948 1151 hora,
2999 1099 3104 1155 qua
3154 1083 3402 1155 perditur
3449 1083 3564 1139 vita

1961 1178 2182 1227 aeterna.
2217 1170 2396 1239 Quod,
2445 1189 2597 1245 rogo,
2647 1173 3081 1228 emolumentum
3124 1171 3282 1228 affert
3323 1172 3564 1243 corpori,

1963 1260 2179 1333 quodve
2210 1259 2410 1317 tribuit
2438 1262 2677 1330 lucrum,
2723 1260 2780 1317 id
2825 1260 2971 1334 quod
3014 1267 3125 1317 tam
3169 1261 3279 1319 cito
3324 1261 3565 1317 animam

1962 1348 2119 1406 ducit
2145 1348 2213 1405 ad
2242 1357 2507 1406 tartarum
2530 1351 2560 1407 Ἰ

2531 1443 2761 1546 CAPU'I‘
2794 1486 3003 1545 XXIV.

2378 1590 2653 1663 Spiritalis
2679 1588 2967 1660 fornicatio
2992 1588 3118 1644 dicit
3141 1607 3159 1644 :

2034 1707 2320 1783 Numquid
2349 1706 2723 1764 damnandum
2753 1706 2967 1779 aliquid
2987 1708 3099 1779 agit
3128 1707 3175 1762 is
3196 1707 3290 1780 qui
3317 1707 3376 1763 in
3404 1706 3568 1766 corde

1883 1819 1930 1879 Β
1963 1797 2187 1859 libidini
2238 1796 2534 1860 consentit,
2586 1802 2641 1851 et
2683 1795 2751 1851 ad
2786 1812 2924 1867 opus
2968 1796 3273 1868 concupita:
3317 1795 3571 1852 libidinis

1960 1904 2074 1944 non
2102 1885 2447 1959 pertransit?
2478 1884 2639 1942 Certe
2669 1900 2780 1939 non
2815 1900 2828 1939 :
2870 1884 3000 1956 quia
3027 1891 3332 1955 peccatum,
3359 1893 3420 1940 ut
3437 1885 3569 1940 scri-

1958 1977 2046 2034 bit
2076 1976 2398 2049 Apostolus,
2429 1975 2578 2048 quod
2625 1980 3067 2031 consummatum
3115 1972 3303 2043 fuerit,
3352 1981 3570 2045 generat

1957 2077 2195 2126 mortem
2224 2067 2365 2140 (Jac.
2401 2083 2438 2133 ι,
2475 2065 2588 2133 15).

2278 2180 2379 2237 Sed
2416 2178 2685 2234 munditia
2722 2178 2897 2233 cordis
2932 2180 3239 2249 respondet:

2032 2291 2275 2350 Omnino
2303 2287 2601 2362 delinquit,
2634 2286 2728 2359 qui
2754 2284 2937 2342 cordis
2962 2286 3258 2358 puritatem
3288 2286 3571 2362 animique

1961 2380 2349 2442 castimoniam
2383 2395 2495 2435 non
2530 2376 2793 2434 custodit.
2843 2375 3056 2432 Idcirco
3087 2382 3142 2431 et
3169 2376 3351 2431 omnis
3380 2385 3573 2434 auctor

1902 2503 1917 2515 -
1963 2471 2254 2529 munditiae
2286 2471 2344 2526 in
2372 2466 2676 2541 Evangelia
2704 2467 2877 2524 dicit:
2926 2493 2944 2515 ι
2991 2466 3096 2535 Qui
3129 2466 3331 2524 viderit
3362 2468 3572 2524 mulie-

1966 2579 2079 2619 rem
2108 2561 2174 2617 ad
2205 2557 2708 2632 concupiscendum
2724 2574 2865 2624 eam,
2887 2555 3000 2627 jam
3030 2556 3332 2612 mcechatus
3352 2567 3431 2613 est
3452 2574 3570 2613 eam

1965 2651 2020 2706 in
2062 2649 2225 2707 corde
2269 2666 2371 2705 suo
2409 2648 2632 2717 (Matth.
2664 2663 2718 2713 v,
2751 2645 2868 2715 28).
2898 2669 2916 2691 ι
2957 2644 3112 2700 Unde
3142 2652 3320 2717 etper
3350 2645 3570 2701 beatum

1964 2740 2066 2797 Job
2096 2740 2338 2796 dicitur:
2385 2762 2402 2785 ι
2434 2737 2633 2793 Foedus
2663 2735 2816 2809 posui
2840 2749 2965 2791 cum
2993 2734 3168 2791 oculis
3198 2735 3353 2803 meis,
3376 2745 3439 2791 ut
3459 2751 3570 2791 non

1967 2829 2270 2900 intelligam
2302 2843 2463 2899 super
2494 2824 2764 2897 virginem
2798 2824 2917 2896 (Job
2948 2840 3104 2891 χχχι,
3141 2824 3216 2895 1).
3282 2849 3298 2871 ι
3337 2825 3408 2879 Et
3437 2823 3572 2896 quid

1966 2918 2165 2974 divisit
2194 2920 2340 2974 Deus
2383 2915 2634 2987 desuper,
2682 2921 2736 2969 et
2786 2913 3078 2969 baereditas
3127 2913 3453 2969 sufﬁcientis
3503 2930 3572 2967 ex

1969 3007 2298 3064 altissimis?
2328 3006 2442 3062 Nisi
2473 3005 2620 3060 enim
2652 3005 2766 3059 Deo
2795 3003 3006 3059 auctori
3040 3009 3227 3058 nostro
3257 3019 3437 3074 pravae
3468 3018 3572 3057 co-

1968 3094 2252 3169 gitationis
2303 3111 2601 3152 consensus
2663 3092 2996 3165 displiceret,
3066 3108 3407 3165 nequaquam
3478 3106 3574 3163 per

1889 3180 1932 3239 C
1968 3188 2163 3244 Isaiam
2204 3187 2518 3243 diceretur:
2565 3207 2584 3231 σ
2614 3184 2841 3239 Auferte
2883 3183 3157 3257 nequitias
3186 3181 3253 3238 ab
3280 3181 3570 3238 animabus

1967 3277 2166 3333 vestris
2195 3293 2379 3334 coram
2410 3275 2585 3331 oculis
2618 3274 2753 3329 meis
2783 3273 2923 3343 (Isa.
2958 3290 2996 3340 ι,
3031 3273 3144 3342 16),
3173 3297 3190 3319 ι
3224 3280 3280 3327 et
3309 3272 3366 3327 in
3392 3274 3570 3327 Evan-

1968 3366 2109 3439 gelio
2139 3365 2233 3420 adt
2247 3381 2399 3420 ersus
2424 3363 2726 3419 Pharisaaos
2757 3377 2869 3416 non
2898 3360 3173 3415 diceretur
3202 3377 3213 3415 :
3255 3383 3273 3406 ε
3318 3359 3385 3415 Ut
3427 3358 3563 3431 quid

1967 3455 2220 3527 cogitatis
2252 3455 2393 3511 mala
2421 3454 2478 3508 in
2508 3451 2769 3509 cordibus
2798 3451 2997 3506 vestris
3029 3450 3246 3521 (Matth.
3286 3466 3363 3516 rx,
3390 3447 3547 3520 ili)?»

1967 3549 2072 3605 Sed
2111 3564 2212 3604 nec
2250 3548 2452 3604 Paulus
2481 3548 2766 3620 apostolus
2804 3545 3063 3603 Romanis
3098 3545 3395 3601 scriberet:
3445 3568 3463 3590 ‹
3500 3545 3570 3600 Et

1967 3640 2113 3695 inter
2158 3653 2216 3694 se
2265 3636 2694 3710 cogitationibus
2741 3635 2978 3691 invicem
3023 3634 3429 3699 accusantibus,
3477 3640 3573 3689 aut

1967 3727 2135 3783 etiam
2170 3724 2616 3793 defendentibus,
2667 3725 2726 3779 in
2756 3723 2846 3780 die
2871 3739 2977 3796 qua
2997 3721 3270 3795 judicabit
3296 3725 3440 3779 Deus
3468 3740 3570 3778 oc—

1966 3818 2117 3877 culta
2146 3815 2458 3885 hominum,
2492 3813 2793 3871 secundum
2841 3811 3205 3885 Evangelium
3250 3828 3435 3867 meum
3477 3827 3572 3883 per

1966 3907 2150 3963 Jesum
2181 3904 2464 3963 Christum
2498 3905 2674 3977 (Rom.
2710 3920 2772 3971 ιι,
2806 3901 2920 3973 15).
2952 3928 2971 3950 ι

2558 4036 2786 4094 CAPUT
2808 4036 2987 4094 XXV.

2488 4133 2658 4190 Amor
2684 4134 2862 4190 δαισαιί
2890 4133 3019 4189 dicit
3042 4151 3059 4188 :

2040 4247 2187 4316 Quid
2217 4247 2526 4320 pulchrius,
2559 4250 2694 4323 quid
2722 4249 3026 4317 honestius,
3079 4247 3212 4321 quid
3260 4248 3566 4316 venustius,

1970 4338 2175 4411 quidve
2204 4344 2383 4410 potest
2409 4354 2525 4394 esse
2554 4338 2962 4407 delectabilius,
2995 4353 3158 4410 quam
3180 4337 3328 4411 quod
3358 4337 3415 4392 in
3440 4353 3568 4408 prai-

1969 4428 2112 4486 senti
2162 4428 2277 4484 vita
2329 4428 2575 4501 quotidie
2620 4428 2949 4484 cernimus?
2997 4427 3041 4482 Ο
3089 4443 3252 4499 quam
3300 4426 3570 4482 mirabilis

245 4524 542 4589 acceptum
572 4524 933 4590 pertranseat,
974 4518 1225 4590 ignorare
1253 4526 1306 4575 te
1336 4518 1496 4576 dicis.
1541 4518 1700 4585 Quod
1731 4534 1861 4575 vero
1891 4538 1938 4596 D
1968 4516 2091 4575 coeli
2122 4533 2335 4573 camera
2381 4518 2439 4572 in
2480 4533 2601 4573 aere
2639 4516 2909 4587 jucundo,
2963 4515 3021 4570 in
3070 4515 3279 4570 lumine
3320 4514 3470 4582 solis,
3512 4513 3569 4570 in

249 4606 312 4663 in
343 4606 579 4663 exordio
616 4606 829 4679 generis
867 4607 1094 4663 humani
1122 4607 1189 4664 ad
1220 4607 1325 4664 hoc
1353 4608 1656 4663 masculum
1688 4614 1741 4663 et
1769 4608 1860 4664 fe—

252 4696 476 4752 minam
505 4695 679 4750 Deum
710 4710 1022 4767 procreasse
1047 4695 1323 4769 proﬁteris
1374 4696 1530 4769 (Gen.
1566 4713 1605 4765 ι,
1642 4696 1759 4768 27),
1799 4704 1861 4751 ut

150 4792 153 4795 ’
251 4782 474 4845 mutuis
501 4798 558 4839 se
588 4783 938 4856 amplexibus
963 4784 1181 4842 misceri
1212 4784 1463 4853 debeant,
1496 4784 1724 4841 omnino
1754 4802 1861 4842 ve-

248 4890 380 4931 rum
426 4870 565 4928 dicis
607 4872 666 4927 in
708 4873 1029 4946 aliquibus:
1077 4873 1171 4930 sed
1216 4882 1503 4947 postquam
1555 4874 1857 4931 humanum

248 4976 432 5036 genus
461 4967 573 5016 tam
604 4960 762 5034 longe
808 4962 1022 5036 lateque
1068 4971 1422 5035 propagatum
1468 4970 1570 5032 est,
1613 4963 1859 5020 nubendi

247 5049 487 5109 licentia
515 5044 843 5122 quibuSdam
875 5052 1229 5125 relinquitur,
1277 5052 1383 5110 hoc
1428 5060 1529 5123 est,
1555 5054 1649 5126 qui
1678 5054 1861 5125 virgi-

247 5141 493 5198 nitatem
526 5142 614 5196 vel
636 5142 1020 5199 castimoniam
1055 5142 1331 5199 vidualem
1365 5159 1708 5217 nequaquam
1739 5160 1858 5215 pro-

244 5229 387 5288 fessi
421 5236 584 5283 sunt:
616 5229 945 5301 quibusdam
976 5246 1108 5288 vero
1140 5232 1512 5300 interdicitur,
1546 5233 1604 5289 id
1634 5239 1733 5300 est,
1764 5231 1860 5305 qui

246 5317 505 5391 virgines
535 5317 622 5372 vel
668 5319 1016 5377 continentes
1060 5338 1175 5379 esse
1222 5323 1604 5380 decreverunt.
1654 5321 1862 5377 Forni—

245 5409 401 5468 catio
443 5420 575 5461 vero
622 5406 765 5462 nulli
792 5407 1018 5481 impune
1064 5412 1405 5469 conceditur.
1458 5411 1579 5468 Non
1622 5410 1861 5467 attendis

248 5498 420 5565 forte,
488 5503 583 5551 aut
641 5499 1107 5555 contemnendum
1167 5510 1326 5573 putas
1370 5498 1517 5575 quod
1564 5500 1861 5573 Apostolus

246 5585 490 5645 lubricis
515 5585 688 5643 dicit:
738 5612 756 5635 ι
787 5587 979 5659 Fugite
1008 5588 1447 5647 fornicationem.
1491 5591 1666 5649 Omne
1710 5591 1858 5646 enim

248 5681 543 5752 peccatum
580 5674 949 5749 quodcunque
978 5675 1170 5734 fecerit
1201 5677 1388 5750 homo,
1437 5687 1592 5739 extra
1637 5695 1855 5752 corpus,

1968 4613 2261 4678 augmento
2294 4605 2437 4660 lunai
2466 4613 2631 4678 atque
2678 4604 2916 4671 defectu,
2969 4603 3025 4657 in
3071 4603 3333 4657 varietate
3375 4601 3570 4657 stella-

1967 4713 2088 4753 rum
2121 4705 2175 4753 et
2219 4714 2427 4753 cursu:
2478 4713 2641 4769 quam
2688 4694 3032 4752 oblectabilis
3076 4703 3219 4750 terra
3264 4695 3322 4750 in
3370 4711 3571 4750 nemo-

1968 4802 2089 4841 rum
2113 4785 2361 4854 ﬂoribus,
2394 4785 2453 4840 in
2483 4785 2761 4841 fructuum
2784 4783 3172 4851 suavitatibus,
3205 4784 3261 4838 in
3290 4793 3569 4856 pratorum

1968 4879 2388 4953 rivulorumque
2418 4879 2852 4946 amoenitatibus,
2883 4878 2938 4932 in
2969 4886 3211 4951 segetum
3245 4878 3443 4933 culmis
3476 4878 3572 4932 lu-

1966 4967 2343 5036 xuriantibus,
2380 4968 2437 5022 in
2469 4968 2760 5022 vinearum
2806 4965 2957 5021 foliis
2986 4976 3041 5023 et
3067 4966 3414 5022 hotrionibus
3444 4967 3569 5037 ple-

1967 5056 2056 5112 nis
2085 5056 2425 5129 palmitibus,
2459 5055 2518 5110 in
2548 5055 2811 5110 silvarum
2845 5055 3057 5111 umbris
3088 5064 3142 5111 et
3172 5054 3366 5126 palmis
3388 5052 3566 5106 viren-

1967 5144 2134 5213 tibus,
2183 5142 2238 5199 in
2271 5160 2538 5216 equorum
2577 5150 2631 5199 et
2654 5160 2852 5199 canum
2884 5143 3158 5213 cursibus,
3192 5144 3247 5197 in
3277 5156 3566 5197 cervorum

1967 5241 2022 5289 et
2057 5249 2375 5305 caprearum
2406 5232 2661 5299 saltibus,
2694 5232 2749 5287 in
2782 5231 3110 5304 accipitrum
3160 5228 3455 5294 volatibus,
3509 5226 3567 5282 in

1942 5339 2265 5395 pavonum,
2299 5322 2702 5387 columbarum,
2739 5331 3129 5393 turturumque
3153 5317 3349 5389 pennis
3373 5325 3428 5372 et
3457 5318 3568 5372 col-

1966 5413 2055 5479 lis,
2088 5412 2144 5467 in
2174 5411 2461 5468 domorum
2512 5412 2811 5485 parietibus
2841 5410 2999 5483 pictis
3028 5416 3085 5467 et
3108 5406 3474 5479 laquearibus,
3508 5407 3567 5461 in

1967 5519 2294 5575 organorum
2321 5504 2680 5576 omniumque
2710 5503 3042 5558 musicorum
3069 5499 3347 5571 tympanis
3367 5506 3421 5554 et
3441 5514 3565 5554 can-

1967 5592 2135 5662 tibus,
2167 5601 2220 5649 et
2250 5592 2307 5647 in
2345 5591 2642 5648 mulierum
2678 5588 2926 5647 venustis
2963 5586 3290 5659 aspectibus,
3339 5602 3568 5641 earum~

1968 5696 2073 5753 que
2120 5681 2432 5754 superciliis
2461 5688 2516 5737 et
2548 5679 2815 5746 crinibus,
2837 5676 3012 5733 oculis
3038 5684 3092 5731 et
3130 5673 3306 5747 genis,
3336 5681 3555 5747 gutture
