4086 6208
502 293 644 352 1167
1571 297 1667 352 ΑΙ)

1730 295 1962 353 OPEBA
2001 297 2056 352 S.
2097 295 2429 355 AMBROSII
2457 296 2834 354 APPENDIX.

3670 297 3815 360 H68

501 401 684 492 labiis,
730 429 785 478 et
809 420 1084 488 manibus,
1107 429 1270 493 atque
1297 421 1422 478 aliis
1447 421 1791 479 extrinsecus
1841 422 2110 478 adhibitis
2133 424 2183 483 A
2215 441 2363 491 LXIV,
2389 423 2458 490 4;
2495 425 2528 479 Ι
2551 424 2676 479 Cor.
2707 441 2764 490 ir,
2796 423 2878 494 9).
2924 422 3012 478 Ad
3057 423 3200 479 hanc
3247 423 3570 480 felicitatem
3619 427 3816 482 multis

503 511 864 580 ornamentis,
883 511 1147 567 nimirum
1177 527 1310 566 auro
1343 519 1398 566 et
1426 511 1654 583 gemmis
1679 511 1955 568 distinctis
1985 528 2096 568 mo-

503 603 732 672 nilibus,
756 609 812 658 et
831 601 1041 659 caeteris
1058 600 1399 674 hujusmodi,
1422 617 1542 674 quae
1563 601 1885 674 singillatim
1907 619 2098 660 sensus

503 691 669 748 modo
699 692 940 748 recolere
970 707 1082 747 non
1109 698 1306 764 potest.

753 781 854 837 Sed
882 779 1097 836 caelestis
1135 798 1288 836 amor
1319 781 1515 852 patrire
1537 783 1850 852 respondet:

573 869 630 927 Si
660 878 714 926 te
741 871 843 927 ista
873 885 994 942 quae
1034 870 1135 927 sub
1175 873 1314 928 cmlo
1357 879 1505 938 sunt,
1538 871 1673 928 adeo
1717 873 1953 943 placent,
2001 889 2100 928 cur

502 975 616 1016 nou
643 959 817 1032 magis
859 977 921 1016 ea
951 976 1070 1032 quas
1118 961 1176 1015 in
1219 961 1358 1018 cmlo
1387 969 1536 1028 sunt,
1583 969 1636 1016 te
1675 960 1999 1016 oblectant?
2042 961 2097 1014 Si

499 1065 685 1106 carcer
713 1066 745 1105 a
768 1057 822 1105 te
851 1049 992 1105 tanti
1021 1051 1343 1118 mstimatur,
1368 1051 1563 1122 patria,
1588 1051 1801 1117 civitas,
1824 1059 1877 1105 et
1897 1057 2098 1122 quanta

500 1146 582 1196 est
603 1139 631 1196 7
659 1138 717 1196 Si
745 1139 877 1195 talia
904 1148 1034 1196 sunt
1063 1157 1182 1212 quae
1209 1141 1401 1196 colunt
1428 1139 1723 1212 peregrini,
1759 1139 1942 1210 qualia
1971 1147 2099 1194 sunt

500 1245 563 1286 ea
581 1245 702 1301 quae
732 1228 1012 1301 possident
1040 1229 1143 1284 ﬁlii
1164 1229 1192 1285 (ἲ
1217 1229 1271 1285 Si
1309 1229 1566 1284 mortales
1596 1236 1648 1284 et
1679 1228 1866 1284 miseri
1899 1228 1955 1282 in
1983 1227 2100 1282 vita

501 1319 604 1376 hac
632 1319 817 1375 taliter
843 1329 974 1376 sunt
1001 1321 1158 1376 dilati
1183 1339 1194 1374 :
1241 1321 1580 1376 immortales
1610 1329 1662 1376 et
1687 1320 1832 1376 beati
1865 1321 2100 1392 qualiter

501 1417 630 1466 sunt
657 1412 716 1467 in
745 1409 853 1466 alia
879 1411 1316 1467 remunerandi?
1363 1411 1706 1482 Quapropter
1751 1427 1906 1465 amor
1952 1427 2100 1482 prae-

501 1501 672 1558 sentis
699 1499 906 1569 saeculi,
933 1499 992 1555 in
1021 1517 1130 1572 quo
1158 1501 1346 1557 nullus
1375 1501 1450 1557 ita
1480 1501 1726 1556 nascitur
1756 1509 1815 1556 ut
1843 1517 1954 1554 non
1988 1515 2098 1554 mo-

501 1588 696 1658 riatur,
741 1590 994 1662 protinus
1033 1589 1260 1658 recedit,
1287 1599 1349 1646 ut
1377 1607 1530 1646 amor
1564 1589 1758 1656 futuri,
1793 1589 1852 1643 in
1883 1604 1990 1660 quo
2021 1587 2099 1644 sic

501 1697 690 1738 omnes
719 1681 1098 1750 viviﬁcantur,
1120 1690 1181 1738 ut
1202 1683 1460 1753 deinceps
1479 1697 1587 1736 non
1613 1681 1938 1746 moriantur,
1963 1698 2098 1737 suc-

2113 711 2118 714 ·
2208 692 2358 747 volui
2390 708 2552 764 super
2580 700 2780 747 terram
2826 693 3006 761 (Psal.
3047 707 3223 758 Lxxn,
3267 691 3382 762 25).
3438 716 3457 740 ›

2211 513 2396 568 seculi
2451 512 2666 568 divitiis
2712 512 3052 584 constipatus
3092 511 3270 568 David
3318 509 3633 582 anhelabat,
3683 532 3815 572 cum

2206 603 2412 658 diceret
2441 619 2453 658 ε
2499 626 2518 649 ι
2548 602 2690 670 Quid
2721 602 2869 658 enim
2891 601 3030 658 mihi
3057 609 3138 657 est
3162 602 3218 657 in
3241 602 3381 658 coelo
3406 621 3417 658 :
3450 612 3506 660 et
3534 619 3566 658 a
3595 612 3649 659 te
3678 603 3816 676 quid

3517 692 3712 747 Multis
3759 700 3816 748 et

2209 783 2502 853 regalibus,
2535 782 2764 854 dapibus
2793 789 2850 837 et
2878 781 3255 854 voluptatibus
3301 782 3428 837 aliis
3469 782 3811 850 abundabat,

2209 879 2262 926 et.
2290 871 2657 926 nihilominus
2687 871 2956 928 clamabat
2981 889 2992 926 :
3041 896 3060 918 ι
3089 871 3339 926 Satiabor
3374 887 3502 928 cum
3533 888 3816 944 apparue-

2209 961 2281 1015 rit
2312 961 2446 1016 mihi
2485 962 2658 1034 gloria
2700 967 2791 1016 tua
2819 960 2993 1033 (Psal.
3027 977 3144 1027 xvr,
3189 961 3304 1030 15),
3357 987 3376 1010 ι
3435 969 3491 1016 et
3539 977 3763 1016 rursum
3797 981 3810 1016 :

2221 1074 2238 1096 ‹
2261 1051 2449 1105 Sitivit
2477 1051 2661 1104 anima
2690 1067 2808 1105 mea
2836 1049 2904 1104 ad
2929 1051 3104 1106 Deum
3126 1049 3321 1106 fortem
3346 1049 3565 1118 vivum,
3587 1049 3812 1122 quando

2208 1141 2424 1196 veniam
2457 1149 2510 1196 et
2538 1139 2806 1217 apparebo
2835 1147 2963 1195 ante
2991 1139 3189 1194 faciem
3209 1139 3308 1196 Dei
3328 1141 3509 1210 (Psal.
3542 1157 3666 1204 xu,
3688 1140 3799 1211 3)?-

2209 1246 2578 1303 rursumque:
2627 1255 2645 1276 ι
2675 1229 2773 1284 Hei
2803 1229 2942 1284 mihi
2984 1229 3114 1302 quia
3161 1228 3432 1286 incolatus
3479 1245 3643 1285 meus
3693 1247 3814 1302 pro-

2209 1321 2460 1392 longatus
2491 1327 2571 1375 est
2601 1319 2774 1390 (Psal.
2809 1337 2962 1385 0x13,
2999 1320 3081 1392 5).
3119 1344 3136 1366 ι
3183 1321 3325 1376 Hinc
3355 1328 3407 1374 et
3436 1318 3644 1376 Paulus
3673 1338 3815 1394 apo-

2209 1411 2382 1465 stolus
2419 1428 2429 1464 :
2501 1435 2518 1456 ι
2563 1409 2931 1478 Desiderium,
2980 1409 3183 1482 inquit,
3235 1408 3410 1466 habeo
3457 1409 3718 1478 dissolvi,
3763 1421 3815 1468 et

2209 1515 2333 1554 cum
2365 1497 2585 1554 Christo
2631 1515 2746 1554 esse
2791 1500 2968 1554 multo
3015 1499 3214 1554 melius
3259 1499 3520 1572 (Philipp.
3554 1517 3596 1566 ι,
3626 1500 3747 1570 23).
3783 1527 3800 1549 -

2208 1587 2306 1642 His
2321 1587 2504 1660 itaque
2519 1587 2784 1656 decursis,
2806 1603 3118 1660 quanquam
3141 1588 3314 1643 multa
3333 1589 3807 1660 praetermiserim,

2207 1685 2408 1744 tamen,
2440 1686 2501 1733 ut
2529 1677 2668 1732 mihi
2699 1675 2941 1746 videtur,
2982 1678 3157 1734 hostis
3205 1677 3380 1735 nostri
3409 1677 3580 1733 fortia
3609 1687 3808 1748 castra,

501 1767 674 1826 cedit:
709 1769 808 1826 ubi
835 1771 989 1826 nulla
1021 1771 1320 1827 adversitas
1354 1771 1560 1840 turbat,
1609 1769 1765 1824 nulla
1808 1769 2098 1825 necessitas
2131 1787 2176 1846 Β
2207 1767 2408 1840 quibus
2437 1767 2524 1839 pie
2553 1767 2802 1823 viventes
2840 1767 2898 1822 in
2935 1765 3156 1823 Christo
3203 1783 3314 1822 non
3357 1767 3566 1824 desinit
3614 1767 3810 1840 impu-

500 1865 770 1929 augustat,
801 1859 955 1914 nulla
980 1860 1232 1916 molestia
1259 1859 1548 1932 inquietat,
1581 1857 1676 1914 sed
1707 1858 1965 1930 perennis
1992 1859 2096 1914 lae-

500 1946 624 2004 titia
652 1956 860 2021 regnat.
892 1949 996 2006 Sed
1025 1967 1234 2023 quaeres
1269 1949 1404 2023 quid
1437 1949 1516 2005 ibi
1569 1948 1660 2018 sit,
1710 1949 1805 2006 ubi
1844 1956 1999 2004 tanta
2043 1957 2098 2004 et

500 2036 628 2092 talis
655 2036 940 2096 beatitudo
967 2041 1228 2112 persistit.
1278 2041 1458 2095 Aliter
1499 2039 1682 2095 dicere
1708 2056 1868 2094 neruo
1897 2045 2098 2111 potest,

500 2124 608 2182 nisi
638 2126 768 2200 quia
795 2128 1066 2202 quidquid
1112 2128 1245 2186 boui
1292 2137 1391 2199 est,
1441 2129 1518 2186 ibi
1559 2137 1682 2186 est:
1735 2137 1788 2184 et
1829 2126 2098 2200 quidquid

499 2217 771 2287 maliest,
820 2235 1090 2292 nusquam
1133 2219 1210 2274 ibi
1263 2227 1363 2274 est.
1405 2219 1584 2286 Quod,
1634 2218 1840 2290 inquis,
1891 2218 2094 2270 bonum

499 2305 641 2360 illud
671 2315 753 2361 est
773 2307 801 2361 ?
829 2305 972 2372 Quid
1001 2322 1089 2361 me
1115 2305 1458 2376 interrogas?
1487 2308 1536 2359 A
1567 2304 1829 2376 prOpheta
1860 2311 1913 2358 et
1939 2307 2098 2374 Apo—

499 2393 642 2446 stolo
671 2392 1005 2464 explicatum
1027 2403 1109 2450 est
1133 2413 1144 2450 :
1181 2417 1201 2441 ι
1221 2395 1448 2462 Oculus,
1473 2394 1760 2465 inquiunt,
1791 2410 1904 2448 non
1933 2393 2096 2462 vidit,

497 2495 600 2536 nec
629 2479 778 2536 auris
803 2481 1040 2552 audivit,
1081 2499 1185 2540 nec
1223 2483 1280 2538 in
1324 2500 1420 2540 cor
1447 2481 1692 2538 hominis
1733 2482 2097 2538 ascenderunt

499 2585 620 2642 quae
646 2571 976 2644 praeparavit
1006 2572 1152 2629 Deus
1198 2571 1268 2629 iis
1315 2572 1412 2646 qui
1455 2572 1696 2644 diligunt
1743 2572 1901 2628 illum
1957 2572 2091 2644 (Isa.

2206 1873 2391 1927 gnaro,
2448 1873 2614 1928 quam
2668 1857 2909 1914 breviter
2965 1855 3358 1913 demonstravi.
3421 1857 3591 1924 Ecce,
3639 1857 3812 1912 frater

2207 1945 2548 2014 charissime,
2593 1945 2734 2001 inter
2773 1953 2995 2002 caeteras
3036 1962 3182 2001 meas
3222 1945 3614 2018 occupationes
3661 1945 3811 2003 hunc

2205 2035 2308 2091 tibi
2341 2053 2648 2092 sermonem
2677 2037 2962 2108 nocturnis
2991 2035 3148 2092 horis
3189 2034 3398 2092 inculta
3447 2035 3578 2093 licet
3626 2053 3812 2092 venu-

2207 2133 2369 2193 state,
2415 2125 2622 2181 dictavi
2666 2134 2828 2199 atque
2855 2125 3156 2198 conscripsi
3191 2145 3202 2181 :
3238 2142 3400 2200 quem
3435 2131 3572 2199 quia
3611 2125 3808 2198 episto-

2206 2215 2381 2270 larum
2413 2215 2676 2272 excedere
2707 2215 2931 2271 modum
2960 2203 3220 2288 cognovi,
3251 2215 3501 2271 libellum
3529 2217 3719 2288 potius
3743 2215 3808 2272 de

2207 2304 2470 2360 vitiorum
2503 2306 2880 2378 virtutumque
2923 2305 3185 2362 conﬂictu
3224 2322 3544 2379 nuncupare
3594 2306 3800 2363 malui:

2205 2393 2262 2448 in
2308 2411 2416 2466 quo
2462 2395 2509 2450 si
2552 2395 2932 2452 zediﬁcationis
2979 2393 3191 2469 aliquid
3237 2395 3526 2470 repereris,
3579 2404 3632 2452 et
3683 2394 3810 2450 aliis

2206 2481 2388 2554 ipsum
2417 2483 2707 2557 legendum
2739 2485 2953 2542 tradere
2981 2484 3220 2544 curabis.

913 2734 978 2736 ἡ-
1297 2734 3792 2746 ——_—w_______._________

1877 2896 2143 2964 LIBRI
2207 2898 2396 2967 DUO

1025 3049 1240 3196 DE
1356 3048 2308 3199 VOCATIONE
2426 3053 3258 3204 GENTIUM.

609 3262 888 3337 (Exstant,
913 3278 1052 3320 nova
1081 3269 1129 3320 et
1153 3265 1484 3322 accuratiore
1511 3265 1734 3322 editione
1760 3267 1964 3336 donati,
1992 3267 2130 3322 inter
2157 3285 2318 3339 opera
2347 3269 2600 3340 Prosperi
2626 3267 2904 3340 Aquitani.
2947 3269 3069 3330 Vide
3101 3276 3228 3326 tom.
3273 3270 3366 3339 LI,
3393 3269 3494 3327 col.
3537 3269 3695 3340 639.)

993 3581 1222 3690 .DE
1320 3581 2092 3716 MOBIBUSxB

2215 3584 3218 3676 ACHMANORUM.

567 3877 803 3935 Habetur
827 3877 912 3936 hic
930 3882 1188 3936 tractatus
1210 3897 1310 3937 ms.
1341 3879 1399 3936 in
1429 3881 1598 3936 tribus
1623 3881 1972 3937 celeberrimis
2005 3883 2181 3940 Ιιαῑίω
2211 3885 2546 3953 bibliothecis,
2587 3888 2860 3957 Vaticana,
2891 3889 3297 3960 Mediolanensi,
3327 3899 3374 3949 et
3401 3891 3656 3952 Mediam
3697 3891 3788 3948 sub

493 3967 703 4054 nomine
733 3967 795 4025 B.
843 3969 1116 4026 Ambrosii
1143 3969 1563 4030 Mediolanensis
1587 3969 1816 4042 episcopi
1845 3989 1862 4026 :
1912 3973 2066 4041 cujus
2114 3979 2284 4028 tamen
2319 3990 2425 4028 non
2466 3992 2590 4041 esse,
2642 3983 2751 4032 tum
2791 3996 2857 4033 ea:
2883 3980 3009 4036 aliis
3053 3981 3293 4036 dubitari
3332 3988 3518 4054 potest,
3575 3989 3687 4036 tum
3734 3999 3795 4036 ex

492 4053 794 4125 differentia
821 4056 966 4128 styli,
995 4055 1087 4127 qui
1112 4075 1148 4112 a
1174 4056 1434 4127 gravitate
1459 4056 1750 4126 Ambrosii,
1783 4058 1848 4112 ab
1877 4059 2134 4128 elegantia
2163 4067 2211 4114 et
2238 4063 2478 4118 acumine
2517 4065 2796 4121 verborum
2840 4085 2957 4124 cum
3002 4076 3267 4126 venustate
3312 4053 3594 4142 conjuncta
3644 4071 3797 4141 longe

492 4142 692 4200 distare
715 4145 943 4203 videtur.
977 4145 1078 4202 Sed
1101 4163 1217 4200 cum
1236 4146 1294 4201 in
1324 4147 1536 4201 vetustis
1569 4147 1718 4202 libris
1745 4164 1932 4202 nomen
1960 4147 2144 4218 ipsius,
2179 4151 2346 4204 nescio
2377 4167 2482 4220 qua
2518 4155 2802 4224 occasione,
2844 4157 3061 4212 sortitus
3090 4157 3207 4227 jam
3247 4160 3334 4226 sit,
3364 4177 3398 4214 a
3430 4158 3584 4214 nobis
3611 4159 3670 4212 in
3705 4159 3798 4212 hac

493 4233 716 4290 editione
742 4235 958 4291 additus
976 4241 1050 4290 est
1075 4238 1214 4290 inter
1239 4235 1353 4292 alia
1381 4238 1636 4308 opuscula
1654 4237 1874 4307 incerta,
1906 4253 2022 4308 qua:
2048 4238 2166 4292 huic
2195 4245 2372 4294 sancto
2402 4241 2605 4296 doctori
2637 4245 2916 4302 tribuenda
2953 4249 3078 4317 sint,
3124 4265 3296 4316 necne,
3339 4249 3530 4304 sinceri
3582 4249 3795 4304 lectoris

483 4319 692 4411 judicia
711 4323 1078 4394 relinquimus.
1113 4325 1256 4396 Opus
1283 4331 1414 4381 certe
1443 4326 1615 4397 ipsum
1654 4343 1760 4382 non
1801 4327 2083 4382 admodum
2131 4329 2416 4400 expolitum
2458 4329 2709 4400 fatemur.
2751 4336 2837 4394 Vel
2877 4333 3104 4406 fortasse
3151 4337 3464 4394 Ambrosius
3516 4337 3592 4408 (si
3644 4338 3799 4411 illius

491 4409 740 4466 dicendus
765 4418 840 4466 est
863 4413 1071 4486 auctor)
1102 4414 1353 4470 Palladio
1387 4415 1565 4469 Grceco
1593 4417 1792 4470 homini
1820 4416 2064 4481 scribens,
2095 4417 2286 4488 lingua:
2315 4420 2518 4475 Latinae
2540 4439 2736 4494 parum
2776 4426 3003 4495 erudito,
3033 4433 3083 4482 et
3107 4429 3278 4484 adhuc
3297 4428 3485 4498 juveni
3539 4427 3615 4498 (is
3661 4409 3798 4482 enim

491 4504 583 4569 est,
625 4505 685 4554 ut
709 4500 1010 4570 conjicitur,
1039 4503 1132 4573 qui
1153 4511 1336 4574 postea
1362 4504 1719 4561 Hibernorum
1745 4507 2013 4579 episcopus
2041 4507 2148 4578 fuit
2175 4510 2500 4583 ordinatus),
2533 4518 2593 4567 ut
2622 4512 2734 4584 eius
2762 4517 3044 4587 capacitati
3074 4533 3126 4572 se
3153 4517 3594 4586 accommodaret,
3625 4517 3798 4589 mgis

490 4599 674 4666 aperto
704 4599 754 4648 et
779 4595 1134 4652 communiore
1162 4613 1396 4652 sermone
1424 4614 1549 4652 usus
1577 4604 1668 4654 est.

561 4763 908 4854 Desiderium
945 4765 1146 4822 mentis
1191 4773 1320 4835 tuae,
1367 4767 1599 4838 Palladi,
1647 4785 1767 4843 qua:
1813 4769 2081 4828 immenso
2111 4779 2153 4838 C.
2187 4776 2470 4848 graphite).
2505 4775 2767 4834 Habitant
2807 4787 2988 4836 autem
3024 4777 3186 4852 juxta
3238 4779 3504 4854 Gangem,
3557 4779 3798 4839 ﬂuvium

491 4852 772 4926 sapientiae
799 4870 985 4910 amore
1015 4855 1258 4927 incensa,
1286 4874 1432 4913 nova
1455 4877 1668 4933 seraper
1689 4861 1896 4919 discere
1917 4873 2088 4936 optat,

489 4957 695 5000 novum
738 4943 902 5000 etiam
933 4944 1275 5020 arduumque
1313 4964 1450 5020 opus
1491 4950 1702 5006 eﬂicere
1731 4967 1830 5006 nos
1849 4955 2089 5024 compel-

489 5032 576 5102 lit,
606 5033 666 5090 id
691 5050 823 5090 vero
849 5042 931 5091 est
960 5035 1428 5094 Brachmanorum
1459 5041 1692 5111 patriam
1724 5042 2092 5097 consuetudi—

489 5143 639 5194 nem,
665 5127 949 5202 vitamque
989 5143 1288 5188 recensere.
1337 5132 1452 5204 Ego
1497 5134 1699 5206 quippe
1746 5151 1871 5190 cum
1914 5151 2090 5206 neque

490 5216 657 5290 ipsos,
689 5233 868 5290 neque
897 5217 1146 5288 ipsorum
1175 5219 1412 5276 viderim
1442 5220 1561 5278 loca
1595 5223 1783 5294 (longo
1809 5222 1957 5278 enim
1985 5230 2090 5278 ter-

489 5317 676 5365 rarum
726 5307 904 5380 spatio
951 5325 984 5365 a
1030 5315 1218 5364 nostra
1257 5310 1482 5382 Europa
1532 5318 1661 5366 sunt
1707 5310 1988 5383 sejuncti),
2029 5329 2092 5367 ea

489 5395 594 5454 tibi
625 5396 918 5454 dumtaxat
943 5414 1064 5472 quae
1093 5397 1162 5454 ab
1186 5397 1310 5455 aliis
1328 5399 1540 5468 audivi,
1572 5407 1626 5456 et
1655 5417 1775 5473 quae
1803 5420 1834 5458 a
1863 5401 2089 5473 scripto-

488 5487 644 5545 ribus
697 5489 1000 5564 desumpsi,
1057 5508 1309 5549 enarrare
1363 5493 1608 5550 tentabo.
1682 5493 2011 5550 Brachmani
2058 5511 2090 5550 a

489 5580 778 5636 nonnullis
806 5582 1292 5654 gymnosophista,
1340 5599 1373 5638 a
1413 5581 1742 5655 quibusdam
1770 5583 2086 5656 philosophi

489 5683 586 5725 seu
605 5670 880 5743 sapientes
905 5673 1168 5730 Indorum
1191 5675 1536 5746 appellantur
1557 5673 1795 5747 (Strabo.
1813 5675 1852 5732 l.
1871 5693 1949 5735 xv
1964 5678 2084 5734 Geo-

2199 4867 2368 4922 totius
2399 4867 2566 4923 Indiae
2605 4869 2910 4924 maximum
2955 4869 3044 4940 (Q.
3085 4870 3326 4939 Curtius,
3368 4871 3458 4927 lib.
3495 4873 3650 4944 vin).
3699 4875 3799 4931 Hic

2199 4970 2328 5010 vero
2359 4956 2569 5029 Ganges
2595 4957 2690 5014 ille
2719 4967 2799 5016 est
2829 4976 2990 5032 quem
3023 4960 3318 5033 Scripturze
3355 4971 3560 5018 sanctas
3589 4963 3796 5019 Phison

2197 5045 2496 5116 appellant,
2525 5054 2579 5102 et
2606 5063 2750 5104 unus
2797 5048 2864 5104 de
2905 5057 3140 5122 quatuor
3171 5050 3266 5123 qui
3297 5067 3325 5106 e
3355 5050 3614 5122 paradiso
3645 5051 3799 5107 exire

2197 5133 2559 5204 perhibentur
2590 5136 2746 5207 (Gen.
2782 5138 2869 5210 η).
2901 5139 3149 5194 Primum
3189 5139 3359 5212 igitur
3405 5140 3644 5196 Musaeus
3693 5141 3796 5196 fra-

2197 5231 2282 5280 ter
2310 5233 2495 5280 noster
2521 5226 2860 5282 Dolenorum
2887 5230 3195 5302 episcopus,
3230 5229 3368 5286 mihi
3400 5233 3616 5298 retulit,
3649 5230 3795 5305 quod

2198 5313 2312 5386 ipse
2339 5314 2548 5386 aliquot
2575 5325 2700 5372 ante
2729 5333 2902 5374 annos
2943 5319 3012 5374 ad
3061 5319 3266 5386 Indias,
3303 5319 3679 5376 Brachmauos
3707 5321 3794 5376 vi-

2198 5401 2353 5457 sendi
2393 5401 2576 5458 studio
2615 5405 2980 5476 profecturus,
3026 5407 3264 5464 Sericam
3315 5407 3428 5464 fere
3472 5410 3795 5464 universam

2197 5491 2476 5564 regionem
2531 5495 2876 5567 peragravit;
2934 5496 2990 5552 in
3050 5513 3158 5570 qua
3206 5496 3371 5554 refert
3411 5497 3638 5556 arbores
3678 5515 3798 5556 esse

2197 5601 2318 5658 quae
2348 5601 2460 5640 non
2487 5585 2666 5642 solum
2701 5585 2855 5655 folia,
2889 5585 2980 5642 sed
3011 5587 3189 5642 lanam
3240 5604 3456 5662 quoque
3504 5589 3798 5663 proferunt

2195 5677 2600 5748 tenuissimam,
2631 5695 2698 5736 ex
2728 5694 2836 5752 qua
2863 5679 3193 5737 vestimenta
3231 5678 3626 5749 conﬁciuntur,
3671 5697 3794 5754 qum
