4086 6208
256 385 390 442 1169

1359 384 1453 440 DE
1490 382 1798 440 MORIBUS
1854 383 2463 442 BRACHMANORUM.

3426 400 3566 459 1170

255 520 429 578 serica
460 521 876 587 nuncupantur,
906 521 960 569 et
986 512 1062 568 ibi
1096 510 1367 584 insignem
1402 511 1694 584 quamdam
1726 528 1852 568 con-
1887 517 1935 573 A
1964 513 2178 567 fructus
2216 512 2408 584 gignit,
2457 514 2639 569 caeteri
2690 524 2930 573 maturos
2981 520 3278 579 ostendunt
3328 523 3563 585 fructus.

251 609 387 682 spici
435 606 707 680 lapideam
759 605 1075 660 columnam
1124 600 1429 657 Alexandri
1470 601 1696 655 nomine
1746 601 1851 658 hoc

253 700 415 757 titulo
445 699 717 769 sculptam
752 714 764 752 :
829 696 944 767 Ego
1000 693 1314 749 Alexander
1344 692 1455 747 huc
1502 693 1763 763 perveni;
1799 701 1852 748 et

249 790 396 863 quod
429 787 683 860 plurimis
704 786 1034 859 populorum
1065 782 1385 838 nationibus
1427 781 1850 853 regionibusque

247 877 615 951 perlustratis,
639 875 699 931 in
727 874 986 930 Arianam
1018 872 1238 929 tandem
1262 871 1484 926 devenit
1508 872 1848 944 provinciam

250 985 422 1042 prope
451 967 649 1023 Indum
686 981 903 1021 amnem
936 981 947 1019 :
1000 981 1161 1036 quam
1194 963 1424 1018 desertis
1453 963 1846 1018 circumdatam

247 1078 501 1127 cernens,
560 1058 979 1130 fervoribusque
1032 1057 1363 1123 ambustam,
1428 1072 1490 1111 eo
1557 1056 1702 1127 quod
1768 1056 1848 1110 sol

245 1153 440 1208 omnia
494 1148 810 1208 incenderet
839 1148 1012 1219 (unde
1040 1147 1286 1203 maxima
1317 1163 1468 1218 aquae
1500 1145 1851 1201 laborabatur

245 1242 502 1314 penuria,
538 1249 591 1297 et
618 1240 664 1296 si
696 1240 793 1295 illa
839 1238 1062 1294 aliunde
1107 1236 1501 1303 advehebatur,
1536 1238 1683 1307 quod
1714 1255 1847 1293 con-

246 1329 431 1386 festim
480 1330 541 1384 in
594 1328 710 1384 suis
751 1327 915 1384 etiam
946 1326 1092 1381 vasis
1139 1326 1351 1380 fervere
1399 1326 1763 1394 cerneretur),
1794 1334 1850 1381 et

244 1437 372 1477 cum
422 1422 554 1477 solis
601 1430 818 1487 aastum,
851 1421 1210 1490 locorumque
1259 1416 1575 1471 incendium
1624 1417 1849 1472 sufferre

246 1510 524 1582 nequiret,
560 1509 810 1580 protinus
840 1507 1161 1563 inchoatum
1211 1506 1315 1560 iter
1355 1507 1622 1572 deserere,
1654 1506 1846 1575 pedem

243 1599 456 1667 efferre,
489 1606 542 1655 et
565 1599 621 1654 in
649 1600 929 1670 Europam
960 1612 1201 1653 remeare
1226 1602 1447 1651 coactus
1477 1605 1557 1651 est
1589 1596 1846 1667 (Plinius,

246 1687 346 1744 lib.
379 1704 438 1742 vr
486 1689 611 1744 Nat.
653 1686 791 1742 Hist.
848 1702 966 1757 cap.
1027 1686 1143 1755 23).
1192 1684 1455 1751 Quaedam
1509 1701 1636 1756 ergo
1683 1701 1845 1751 nova,

245 1794 359 1835 non
408 1784 594 1834 autem
642 1776 1016 1832 Brachmanos
1044 1792 1098 1831 se
1130 1775 1335 1831 vidisse
1372 1775 1626 1830 afﬁrmat.
1662 1776 1848 1831 Refert

1960 602 2191 672 Insuper
2224 600 2387 657 habet
2408 601 2590 657 insula
2618 603 2734 660 haec
2754 605 3028 679 dactylos,
3058 626 3224 667 nuces
3252 629 3387 685 quas
3416 614 3565 672 Indi-

1959 710 2052 749 cas
2081 692 2341 762 dicimus,
2376 694 2607 765 grandes
2637 703 2692 752 et
2723 696 2985 767 minutas,
3014 700 3318 758 odoriferas
3357 712 3563 776 tamen,

1961 782 2093 836 item
2123 790 2175 836 et
2208 798 2372 838 nuces
2405 800 2539 856 quas
2565 786 2784 857 corylos
2812 787 3072 845 dicimus.
3124 791 3386 849 Homines
3412 795 3564 853 illius

1965 879 2121 926 terrae
2175 872 2402 927 aluntur
2459 891 2774 945 pomorum,
2826 894 3029 949 oryzae,
3089 886 3143 934 et
3197 880 3355 936 lactis
3403 883 3560 952 cibo;

1959 963 2174 1019 nobiles
2206 972 2509 1019 vescuntur
2557 966 2721 1022 certis
2768 968 3098 1040 quibusdam
3141 970 3356 1040 diebus,
3397 974 3563 1031 etiam

1960 1053 2318 1122 solemnibus,
2376 1056 2589 1123 ovium,
2647 1072 3042 1131 caprarumque
3090 1061 3368 1117 carnibus.
3429 1063 3563 1120 Sues

1958 1158 1989 1196 a
2046 1137 2322 1198 Thebaide
2374 1160 2549 1215 usque
2605 1144 2674 1199 ad
2733 1145 2905 1202 India
2960 1148 3371 1222 zEthiopizeque
3426 1150 3563 1209 fines

1959 1230 2115 1286 aiunt
2143 1248 2254 1286 non
2282 1232 2527 1288 inveniri
2558 1234 2627 1288 ob
2650 1235 2923 1290 maximos
2946 1244 3128 1292 aestus.
3164 1239 3408 1295 Induunt
3436 1256 3561 1312 gen-

1958 1328 2039 1375 tes
2086 1321 2283 1376 insula:
2316 1323 2505 1377 ovium
2553 1324 2742 1395 pelles,
2789 1340 2900 1379 non
2932 1327 3239 1398 spernenda
3289 1328 3560 1386 laboratas

1958 1418 2092 1477 arte,
2143 1427 2274 1465 oves
2322 1412 2454 1466 item
2494 1429 2605 1467 non
2656 1415 2812 1483 lanae,
2871 1414 2966 1471 sed
3010 1424 3251 1472 setarum
3298 1424 3562 1489 teguntur

1960 1500 2182 1567 vellere,
2218 1516 2316 1555 nec
2349 1502 2504 1569 lanae,
2539 1519 2638 1558 nec
2666 1504 2767 1558 lini
2795 1504 3026 1560 habetur
3053 1505 3131 1561 ibi
3157 1522 3307 1573 usus,
3340 1515 3402 1563 ut
3432 1523 3559 1562 nar-

1960 1595 2111 1650 rabat
2140 1595 2516 1664 scholasticus,
2567 1606 2620 1653 et
2651 1598 2797 1670 quod
2828 1599 2895 1654 de
2934 1599 3235 1672 [Ethiopiae
3265 1610 3320 1658 et
3360 1603 3559 1660 Persia

1961 1683 2185 1751 finibus,
2203 1693 2257 1740 et
2284 1686 2688 1741 Assumitarum
2712 1688 2847 1743 locis
2867 1687 2942 1744 ibi
2966 1698 3295 1746 mercatores
3315 1692 3555 1763 emendi,

1959 1773 2255 1840 vendendi,
2311 1775 2773 1846 permutandique
2829 1776 2907 1830 rei
2950 1777 3122 1848 gratia
3167 1783 3554 1839 conveniunt:

248 1866 625 1924 nihilominus
679 1865 749 1920 de
801 1865 1161 1920 Brachmanis
1212 1865 1397 1936 aliqua
1448 1880 1505 1919 se
1543 1864 1761 1920 audisse
1815 1881 1845 1922 a
1873 1883 1918 1943 Β
1960 1868 2013 1915 et
2042 1862 2189 1933 quod
2220 1862 2373 1934 piper
2412 1863 2492 1919 ibi
2534 1864 2799 1932 nascitur,
2839 1865 2899 1919 in
2930 1882 3233 1942 magnaque
3278 1870 3560 1943 colligitur

243 1956 582 2015 scholastico
628 1955 865 2027 quodam
897 1954 1151 2021 Thebaao,
1194 1955 1310 2026 qui,
1346 1963 1406 2011 ut
1435 1955 1534 2021 ait,
1564 1954 1634 2010 ob
1664 1955 1719 2009 id
1750 1956 1845 2027 ip-

242 2065 386 2116 sum,
429 2063 626 2118 nempe
664 2052 726 2100 ut
757 2046 905 2117 ipsos
937 2042 1312 2099 Brachmanos
1349 2052 1402 2100 et
1432 2043 1643 2099 videret
1672 2054 1727 2100 et
1754 2046 1845 2099 al—

241 2138 583 2209 loqueretur,
608 2135 666 2190 in
696 2134 880 2190 Indias
909 2132 1247 2206 peregrinari
1273 2133 1576 2203 proposuit,
1616 2140 1669 2187 et
1699 2133 1845 2205 quod

240 2224 470 2280 tandem
513 2223 682 2278 miser
722 2223 781 2278 in
824 2222 1202 2293 captivitatem
1234 2220 1489 2275 incurrit.
1546 2220 1649 2277 Hic
1692 2237 1841 2290 ergo,

239 2322 302 2371 ut
321 2311 466 2370 mihi
495 2311 782 2385 episcopus
811 2311 1021 2378 retulit,
1050 2326 1177 2367 cum
1209 2310 1437 2364 lenioris
1466 2319 1605 2365 esset
1636 2308 1841 2381 ingenii

238 2404 298 2460 in
326 2403 566 2460 forensis
607 2401 987 2458 advocationis
1012 2400 1194 2456 oﬂicio
1224 2400 1541 2471 incongrure
1575 2400 1681 2456 sibi
1710 2402 1845 2457 artis

238 2496 410 2552 taedio
466 2494 745 2565 fatigatus,
802 2489 1018 2547 Indiam
1046 2490 1258 2556 videre,
1287 2498 1342 2545 et
1372 2489 1841 2545 Brachmanorum

237 2586 478 2658 patriam
508 2601 572 2641 ac
602 2599 779 2639 mores
834 2596 1158 2652 cognoscere
1196 2579 1541 2635 deliberavit.
1576 2579 1845 2646 Quocirca

235 2695 364 2735 cum
431 2677 762 2751 quibusdam
806 2660 1211 2730 mercatoribus
1266 2672 1325 2726 in
1374 2671 1660 2744 Erythraeo
1727 2673 1841 2727 sive

236 2766 432 2826 Rubro
476 2769 637 2835 mari,
689 2767 876 2823 navim
925 2766 1319 2834 conscendens,
1351 2766 1632 2837 navigavit
1664 2766 1843 2837 primo

235 2864 430 2918 sinum
464 2860 786 2927 Adulicum,
842 2866 897 2914 et
952 2859 1305 2914 Adulitarum
1364 2859 1627 2930 oppidum
1678 2857 1839 2923 vidit,

233 2967 367 3008 mox
392 2953 661 3006 Aromata
681 2948 1143 3021 promontorium,
1173 2958 1227 3004 et
1246 2948 1707 3021 Troglodytarum
1732 2964 1840 3002 em-

233 3041 465 3114 porium
505 3039 832 3111 penetravit,
865 3038 997 3094 hinc
1031 3048 1085 3095 et
1133 3040 1539 3095 Assumitarum
1593 3040 1707 3095 loca
1751 3046 1841 3093 at—

232 3132 379 3203 tigit,
418 3130 564 3187 unde
594 3132 813 3187 solvens
852 3130 1127 3203 prosperis
1170 3130 1431 3185 ﬂantibus
1481 3130 1681 3197 ventis,
1716 3128 1842 3185 licet

230 3223 486 3295 plurium
543 3222 896 3294 navigatione
948 3221 1187 3288 dierum,
1237 3220 1489 3276 Muzirim
1522 3220 1691 3275 totius
1739 3222 1841 3275 In—

227 3312 333 3369 diae
361 3311 512 3369 citra
541 3312 780 3384 Gangem
809 3310 1116 3382 emporium
1166 3310 1384 3366 tandem
1418 3311 1667 3382 pervenit
1692 3328 1703 3366 :
1740 3311 1835 3366 ubi

229 3401 535 3476 quemdam
582 3404 849 3458 Indorum
906 3402 1155 3474 regulum
1211 3402 1486 3457 dominari
1543 3401 1833 3457 asserebat.

230 3495 566 3550 lmmoratus
620 3492 793 3563 igitur
823 3491 902 3547 ibi
934 3491 1282 3564 aliquandiu,
1316 3491 1709 3565 observataque
1741 3492 1837 3547 di—

231 3581 475 3654 ligenter
512 3580 652 3635 aeris
704 3591 757 3635 et
786 3580 893 3635 loci
941 3581 1225 3652 qualitate,
1266 3597 1329 3636 ac
1375 3580 1665 3636 heminam
1698 3596 1833 3636 con-

231 3669 551 3737 suetudine,
598 3685 693 3742 per
744 3670 927 3742 plures
955 3670 1093 3737 dies,
1148 3670 1302 3726 venit
1331 3670 1380 3725 ei
1410 3670 1468 3725 in
1500 3680 1736 3726 mentem
1768 3668 1832 3725 ad

233 3764 477 3819 insulam
526 3779 647 3836 quae
690 3763 1008 3835 Taprobane
1048 3773 1277 3819 vocatur
1318 3764 1670 3819 transfretare
1722 3780 1733 3817 :
1777 3762 1833 3816 in

233 3869 345 3925 qua
375 3853 482 3923 illi,
544 3853 749 3927 quibus
775 3855 1059 3910 beatorum
1092 3870 1295 3910 nomen
1323 3862 1425 3922 est,
1456 3853 1832 3924 longissimam

224 3949 451 4013 aetatem
500 3942 690 3998 vivere
742 3952 1061 3999 asseruntur
1106 3945 1259 4015 (nam
1307 3944 1477 3998 vitam
1543 3944 1832 3998 hominum

230 4034 458 4084 centum
489 4031 649 4084 annis
696 4031 969 4086 modicam
1005 4034 1220 4102 putant)
1265 4040 1485 4102 pr0pter
1528 4032 1721 4086 miram
1751 4047 1835 4085 ae-

232 4118 310 4173 ris
341 4118 687 4189 temperiem,
745 4127 798 4173 et
858 4119 1474 4190 incomprehensibilem
1514 4120 1693 4175 divini
1727 4122 1831 4175 dis-

229 4204 566 4279 positionem
610 4205 810 4277 judicii
846 4206 1103 4274 (Plinius,
1133 4206 1230 4261 lib.
1265 4223 1343 4274 vr,
1385 4225 1503 4280 cap.
1534 4209 1648 4279 2:2).
1693 4210 1834 4265 Huic

228 4303 471 4369 quatuor
500 4296 858 4352 moderantur
886 4311 1035 4368 reges
1069 4312 1165 4351 seu
1220 4305 1468 4369 satrapae,
1502 4300 1646 4353 inter
1697 4315 1833 4370 quos

227 4403 377 4444 unus
405 4394 488 4443 est
518 4385 816 4454 maximus,
862 4386 954 4443 cui
1001 4387 1184 4443 casteri
1222 4387 1505 4459 subjacent
1544 4389 1829 4445 obediunt-

227 4492 358 4551 que,
403 4486 465 4534 ut
507 4477 603 4533 ille
650 4477 971 4534 scolasticus
1016 4477 1285 4533 referebat
1321 4480 1693 4550 (Ptolemaeus,
1728 4479 1826 4537 lib.

227 4569 705 4660 γιιρεοῃναριιίφ,
740 4568 926 4660 0.11):
950 4569 1482 4660 Narrabatgquoque,
1526 4570 1584 4660 si
1608 4570 1827 4626 credere
1863 4603 1908 4660 Β

223 4657 391 4714 facile
435 4665 535 4723 est,
583 4658 738 4714 mille
783 4658 993 4714 insulas
1019 4658 1243 4715 Arabici
1294 4665 1347 4713 et
1388 4658 1591 4715 Persici
1637 4660 1823 4726 maris,

224 4756 281 4803 et
310 4762 446 4819 quas
488 4747 811 4803 Mammolas
858 4756 1077 4816 vocant,
1119 4748 1202 4803 illi
1234 4748 1628 4821 obtemperare.
1691 4750 1832 4804 lluic

223 4835 349 4905 ille,
383 4851 544 4907 quem
574 4844 880 4908 magnetem
912 4838 1210 4908 appellant,
1256 4838 1526 4909 reperitur
1548 4838 1702 4909 lapis,
1735 4838 1829 4911 qui

223 4925 362 4983 ferri
394 4933 648 4981 naturam
673 4925 742 4982 ad
769 4941 824 4981 se
847 4925 904 4981 vi
934 4943 1031 4982 sua
1060 4927 1276 4983 trahere
1294 4928 1518 4984 dicitur.
1540 4929 1677 4986 Cum
1702 4946 1829 5002 ergo

222 5015 389 5071 navis
415 5015 598 5089 aliqua
625 5017 814 5072 clavos
842 5015 1048 5071 habens
1091 5017 1297 5073 ferreos
1325 5018 1442 5074 illic
1479 5020 1827 5090 applieuerit,

221 5106 381 5162 illico
434 5106 726 5175 retinetur,
784 5122 886 5162 nec
934 5123 1209 5179 quoquam
1251 5107 1331 5164 ire
1371 5111 1729 5181 permittitur,
1771 5112 1826 5165 vi

221 5192 417 5252 nescio
469 5194 704 5265 quadam
754 5194 954 5267 lapidis
1002 5198 1223 5252 occulta
1263 5198 1617 5270 impediente,
1669 5200 1738 5257 ob
1770 5202 1826 5257 id

219 5299 395 5341 naves
424 5282 502 5337 ibi
526 5284 720 5355 ligneis
744 5286 919 5342 clavis
947 5288 1193 5342 construi
1217 5287 1452 5344 dicebat.
1479 5290 1828 5357 Quodinsula

221 5373 474 5446 quinque
504 5372 668 5429 habet
696 5373 945 5444 ﬂumina,
994 5383 1048 5431 et
1079 5376 1299 5449 quidem
1334 5379 1595 5449 maxima,
1627 5381 1827 5453 quibus

224 5472 345 5519 tota
403 5462 684 5535 irrigatur,
745 5464 1090 5538 fertiliorque
1133 5468 1404 5525 redditur.
1467 5470 1619 5527 Unde
1664 5480 1717 5526 et
1756 5470 1826 5526 ob

222 5553 527 5611 maximam
583 5555 706 5611 coeli
768 5557 1129 5615 clementiam
1178 5577 1342 5633 poma
1372 5563 1543 5617 .nullo
1582 5580 1825 5636 unquam

222 5650 474 5714 tempore
528 5645 818 5702 arboribus
869 5648 1111 5704 desunt:
1170 5652 1283 5705 imo
1334 5650 1525 5707 eodem
1582 5661 1825 5727 tempore

222 5735 470 5808 ejusdem
527 5739 740 5797 arboris
786 5740 917 5797 dum
971 5757 1156 5799 ramus
1192 5744 1331 5801 alter
1370 5743 1631 5814 florescit,
1689 5745 1827 5802 alter

1953 1953 2131 2023 copia.
2176 1954 2296 2025 Ipsa
2339 1964 2525 2010 autem
2574 1955 2873 2011 admodum
2921 1973 3090 2029 parva
3132 1966 3295 2032 atque
3339 1962 3559 2019 inutilis

1955 2062 2083 2116 gens
2111 2054 2214 2113 est,
2262 2063 2383 2118 quae
2416 2048 2566 2102 intra
2614 2049 2903 2119 Speluncas
2948 2067 3139 2107 saxeas
3182 2053 3348 2121 vivit,
3380 2062 3434 2111 et
3463 2070 3560 2127 per

1955 2135 2258 2207 praecipitia
2288 2151 2481 2205 magna
2525 2135 2834 2191 discurrere
2884 2146 3077 2193 natura
3130 2141 3321 2211 patrias
3366 2142 3561 2200 edocta

1953 2224 2259 2281 consuevit.
2309 2226 2472 2296 Piper
2499 2232 2683 2281 autem
2727 2242 2855 2281 cum
2885 2228 3214 2285 ramusculis
3245 2229 3363 2285 suis
3386 2230 3559 2287 colli-

1955 2316 2135 2387 gitur;
2186 2316 2331 2387 ipsas
2361 2323 2544 2370 autem
2577 2317 2800 2372 arbores
2830 2317 2986 2389 quasi
3020 2317 3285 2390 quasdam
3315 2319 3556 2378 humiles

1953 2421 2015 2459 ac
2049 2406 2305 2474 parvulas
2344 2404 2542 2475 stirpes
2568 2420 2685 2460 esse
2713 2405 2950 2462 dicebat.
2999 2407 3136 2463 Nam
3166 2416 3220 2463 et
3249 2408 3396 2480 ipsos
3424 2409 3557 2464 exi-

1954 2510 2089 2564 guos
2133 2492 2501 2549 homunculos
2548 2510 2684 2562 esse,
2721 2502 2776 2549 et
2824 2494 3050 2567 grandia
3096 2497 3345 2569 quaedam
3376 2498 3557 2570 capita

1953 2586 2147 2641 asserit
2179 2585 2379 2641 habere
2408 2603 2535 2642 cum
2568 2585 2781 2642 levibus
2810 2594 2864 2642 et
2892 2585 3137 2642 detonsis
3164 2588 3398 2658 capillis.
3440 2590 3555 2646 Ile-

1954 2678 2170 2750 liquum
2203 2694 2332 2731 vero
2383 2676 2714 2748 [Ethiopum
2762 2686 2924 2749 atque
2968 2678 3229 2733 Indorum
3261 2694 3428 2750 genus
3457 2695 3552 2736 co-

1955 2770 2058 2822 mis
2089 2767 2412 2823 naturaliter
2458 2766 2712 2853 crispatis
2761 2766 2968 2822 horret.
3019 2768 3080 2821 In
3128 2783 3236 2839 quo
3268 2768 3389 2824 loco
3422 2767 3553 2839 (ad—

1948 2856 2107 2926 jecit)
2147 2856 2214 2911 ab
2247 2873 2310 2911 eo
2340 2857 2434 2928 qui
2468 2856 2583 2911 illic
2622 2855 2929 2926 plurimum
2974 2863 3205 2928 poterat,
3254 2873 3351 2929 ego
3398 2857 3552 2915 illico

1951 2948 2211 3017 abreptus
2258 2956 2421 3018 atque
2466 2945 2726 3001 detentus
2757 2962 2900 3014 sum,
2943 2944 3036 3018 qui
3080 2946 3265 3002 statim
3314 2955 3551 3021 coeperat

1952 3036 2091 3091 mihi
2123 3037 2288 3092 etiam
2333 3036 2525 3093 acerbe
2570 3037 2895 3105 conviciari,
2947 3053 3011 3093 eo
3041 3036 3188 3110 quod
3225 3054 3415 3095 eorum
3446 3054 3551 3110 pa-

1952 3127 2113 3182 triam
2162 3126 2450 3199 solumque
2497 3128 3025 3200 contingere'ausus
3076 3128 3295 3184 fuerim.
3351 3130 3422 3184 Et
3465 3128 3549 3184 illi

1872 3243 1914 3303 ρ
1952 3236 2127 3291 neque
2156 3219 2594 3287 excusationem,
2637 3236 2738 3275 nec
2766 3219 3141 3275 defensionem
3174 3235 3349 3276 meam
3381 3220 3553 3293 aequis

1947 3309 2149 3364 animis
2178 3308 2475 3364 audiebant
2502 3327 2515 3373 ;
2563 3325 2676 3364 non
2706 3310 2854 3365 enim
2889 3319 3144 3382 poterant
3175 3312 3378 3383 linguae
3417 3326 3553 3368 mea;

1949 3398 2253 3469 intelligere
2309 3414 2640 3465 sermonem,
2700 3413 2801 3453 nec
2857 3414 2955 3469 ego
3007 3398 3260 3456 criminis
3306 3416 3546 3468 causam,

1947 3488 2093 3560 quod
2148 3486 2290 3542 mihi
2347 3486 2735 3558 objiciebatur,
2797 3485 3068 3556 sciebam,
3139 3489 3269 3560 quia
3326 3488 3549 3545 illorum

1947 3577 2116 3651 verba
2151 3593 2262 3632 non
2310 3593 2594 3644 noveram,
2647 3592 2715 3631 ex
2749 3576 2882 3631 solis
2915 3585 3128 3633 tantum
3176 3576 3404 3635 nutibus
3452 3595 3551 3635 nos

1948 3673 2168 3721 mutuos
2231 3666 2541 3736 intelligere
2613 3664 2958 3721 videbamur.
3029 3666 3145 3737 Ego
3200 3665 3424 3738 quidem
3479 3684 3550 3724 ex

1944 3766 2167 3827 aspectu
2198 3765 2357 3813 torvo
2388 3755 2664 3823 uminum,
2684 3762 2738 3810 et
2766 3771 2837 3810 ex
2863 3771 3010 3810 saevo
3034 3754 3284 3811 dentium
3315 3755 3549 3813 stridore

1948 3855 2191 3917 poteram
2256 3844 2551 3899 verborum
2610 3844 2919 3915 significata
2970 3861 3229 3911 noscere;
3289 3843 3376 3901 illi
3417 3862 3549 3902 vero

1944 3957 2015 3995 ex
2049 3940 2256 4010 pallore
2288 3954 2410 3993 meo
2434 3946 2623 4009 atque
2653 3953 2855 4008 pavore
2901 3953 3095 3994 sensus
3143 3954 3292 3994 meos
3322 3937 3551 3994 miseri-

1943 4029 2131 4084 cordia
2163 4029 2333 4099 magis
2361 4027 2559 4097 dignos
2586 4026 3027 4098 suspicabantur.
3052 4026 3142 4083 Sic
3168 4028 3351 4099 itaque
3377 4026 3444 4082 ab
3469 4026 3548 4082 eis

1942 4117 2246 4185 detentum,
2296 4132 2390 4189 per
2437 4115 2765 4172 sexennium
2812 4132 2898 4171 me
2943 4114 3003 4170 in
3056 4115 3354 4187 pristinum
3408 4132 3547 4188 opus

1943 4209 2120 4264 facere
2164 4208 2470 4278 jusserunt,
2523 4222 2763 4279 expensa
2812 4214 2995 4262 autem
3035 4221 3104 4263 ex
3154 4205 3357 4278 palatio
3402 4205 3546 4279 regis

1944 4302 2188 4373 ipsorum
2212 4300 2379 4355 unius
2402 4306 2614 4355 tantum
2640 4297 2814 4354 modii
2834 4297 3101 4352 frumenti
3114 4297 3541 4370 quolibetanno.

1942 4392 2071 4447 Post
2082 4408 2179 4447 sex
2191 4407 2322 4447 vero
2334 4406 2528 4457 annos,
2544 4389 2675 4445 dum
2691 4388 2898 4461 paulim
2912 4387 3208 4445 ediscerem
3223 4388 3542 4446 earumdem

1943 4481 2238 4553 loquelam,
2262 4480 2419 4552 potui
2438 4479 2611 4535 multa
2631 4479 2698 4534 de
2712 4477 2919 4534 vicinis
2937 4477 3279 4548 nationibus,
3299 4478 3543 4553 locisque

1941 4587 2291 4641 cognoscere.
2351 4570 2593 4625 Tandem
2647 4571 2761 4625 Deo
2815 4568 3056 4641 propitio
3109 4568 3176 4625 de
3223 4569 3542 4641 captivitate

1941 4659 2045 4715 hoc
2074 4658 2238 4714 modo
2265 4664 2515 4729 ereptum
2546 4673 2666 4713 sum
2703 4674 2715 4713 :
2748 4658 2867 4714 Rex
2895 4656 3037 4713 alius
3069 4656 3382 4730 supradicto
3408 4656 3542 4715 huic

1940 4748 2052 4819 regi
2088 4747 2428 4815 inimicatus,
2477 4762 2603 4802 eum
2634 4747 2777 4820 apud
2808 4746 3070 4820 majorem
3115 4747 3267 4804 illius
3296 4746 3539 4820 regionis

1940 4837 2328 4908 imperatorem
2376 4836 2674 4903 accusavit,
2721 4835 2869 4909 quod
2915 4835 3157 4893 nobilem
3197 4836 3403 4904 virum,
3447 4834 3539 4893 ci-

1942 4941 2176 4997 vemque
2199 4927 2509 4983 Romanum
2530 4924 2588 4981 in
2610 4925 2949 4981 teterrimam
2978 4927 3350 4999 captivitatem
3373 4933 3537 4998 atque

1937 5025 2248 5073 extremum
2311 5016 2601 5072 servitium
2669 5016 2982 5089 redegisset.
3054 5016 3174 5084 Quo
3240 5018 3537 5088 imperator

1937 5109 2147 5179 audito,
2197 5110 2485 5167 confestim
2519 5109 2655 5167 illuc
2683 5109 3020 5182 cognitorem
3051 5126 3226 5167 causa:
3265 5107 3536 5164 transmi-

1935 5200 2027 5269 sit,
2077 5216 2139 5256 ac
2180 5199 2460 5272 deinceps,
2514 5201 2594 5256 rei
2653 5201 2883 5257 veritate
2940 5208 3238 5272 perspecta,
3267 5195 3533 5268 .protinus

1936 5307 2060 5347 eum
2092 5291 2188 5363 qui
2218 5291 2508 5349 convictus
2540 5292 2596 5347 in
2628 5301 2930 5348 memorato
2957 5289 3189 5346 crimine
3220 5285 3528 5354 videbatur,

1936 5384 2066 5438 exui
2092 5390 2211 5439 tota
2238 5382 2354 5438 suis
2381 5383 2628 5455 corporis
2655 5384 2797 5456 pelle
2834 5380 3113 5455 praecepit,
3143 5393 3208 5433 eo
3242 5375 3390 5451 quod
3418 5376 3531 5434 civi

1938 5476 2183 5530 Romano
2230 5476 2447 5531 fecisset
2494 5474 2754 5547 injuriam
2805 5472 3064 5545 (Plinius,
3112 5487 3191 5538 vr,
3241 5486 3361 5542 cap.
3410 5468 3527 5538 22).

1937 5566 2207 5621 Dicuntur
2236 5574 2417 5621 autem
2448 5582 2559 5621 non
2590 5568 2766 5622 solum
2798 5561 3101 5635 impensius
3130 5559 3400 5616 honorare
3427 5559 3532 5616 Bo-

1936 5672 2225 5711 manorum
2276 5657 2680 5730 imperatorem,
2734 5654 2830 5712 sed
2868 5652 3269 5710 incredibiliter
3309 5652 3525 5720 timere,

1933 5754 2195 5819 tanquam
2245 5749 2340 5821 qui
2380 5748 2642 5821 praeclaro
2677 5745 2878 5820 polleat
2929 5744 3171 5817 ingenio,
3216 5759 3281 5803 ac
3320 5743 3528 5803 virtute
